2254 3770
291 273 375 317 366
769 272 814 315 Ρ.
847 271 1099 316 CORNELII
1127 272 1298 316 TACITI
1326 271 1594 317 ANNALIUM

293 379 461 437 stringi,
493 393 579 423 non
611 378 723 430 telis,
757 392 839 422 non
870 378 1119 423 vulneribus
1150 392 1365 423 cessuros.
1404 379 1486 435 (35)
1514 378 1797 437 obstupefecit
1816 394 1867 424 ea
1887 379 2083 425 alacritas

292 454 448 498 ducem
484 456 740 506 Romanum3
782 453 908 497 simul
944 453 1139 499 obiectus
1181 454 1336 505 amnis,
1379 454 1568 497 additum
1607 454 1782 508 vallum,
1823 455 2083 500 imminentia

291 530 409 587 iuga,
453 529 554 573 nihil
593 529 674 572 nisi
714 536 835 572 atrox
874 535 916 573 et
955 528 1347 587 propugnatoribus
1377 528 1578 587 frequens
1607 531 1806 575 terrebat.
1851 531 1927 575 sed
1959 531 2083 576 miles

291 605 504 663 proelium
533 619 735 663 poscere,
769 611 923 649 cuncta
952 605 1106 649 virtute
1137 604 1435 663 expugnabilia
1467 604 1704 659 clamitare;
1734 607 2026 666 praefectique
2045 613 2084 651 et

258 681 446 724 btribuni
487 681 608 738 paria
645 680 908 724 disserentes
948 680 1148 724 ardorem
1179 680 1393 724 exercitus
1425 679 1709 724 intendebant.
1751 689 1839 725 tum
1870 682 2080 734 Ostorius,

291 756 613 813 circumspectis
636 769 748 813 quae
769 755 1096 814 inpenetrabilia
1117 769 1317 814 quaeque
1337 755 1502 814 pervia,
1525 755 1643 800 ducit
1663 756 1860 809 infensos,
1893 771 2082 801 amnem-

290 845 376 889 que
413 830 526 874 haud
559 830 787 875 difficulter
823 831 977 875 evadit.
1018 831 1091 875 ubi
1131 838 1301 875 ventum
1345 831 1398 874 ad
1441 845 1660 890 aggerem,
1707 833 1808 876 dum
1847 831 2082 876 missilibus

289 906 543 958 certabatur,
575 906 672 964 plus
701 906 924 950 vulnerum
958 907 998 950 in
1027 921 1106 951 nos
1137 913 1179 950 et
1208 906 1443 965 pleraeque
1475 907 1632 952 caedes
1663 908 2083 966 oriebanturgpost-

290 996 417 1040 quam
449 982 557 1026 facta
586 982 798 1026 testudine
829 982 960 1026 rudes
982 990 1024 1027 et
1055 982 1255 1026 informes
1278 996 1478 1026 saxorum
1499 997 1714 1042 conpages
1735 983 1962 1027 distractae
1983 996 2083 1041 par-

240 1067 276 1097 40
289 1072 376 1116 que
406 1058 643 1102 comminus
674 1058 807 1110 acies,
840 1058 1055 1102 decedere
1086 1058 1256 1102 barbari
1289 1058 1330 1101 in
1350 1058 1448 1116 iuga
1471 1059 1689 1102 montium.
1732 1058 1809 1103 sed
1832 1072 1884 1103 eo
1906 1072 2081 1117 quoque

290 1134 485 1191 irrupere
525 1133 778 1177 ferentarius
815 1134 1044 1191 gravisque
1084 1133 1227 1185 miles,
1268 1133 1324 1176 illi
1367 1133 1462 1177 telis
1491 1134 1775 1186 adsultantes,
1813 1133 1855 1177 hi
1892 1130 2081 1178 conferto

290 1209 445 1267 gradu,
476 1209 658 1253 turbatis
688 1215 834 1253 contra
865 1209 1159 1252 Britannorum
1181 1209 1421 1261 ordinibus,
1455 1209 1567 1267 apud
1589 1223 1699 1267 quos
1720 1208 1835 1253 nulla
1856 1204 2083 1253 loricarum

291 1284 564 1343 galearumve
594 1285 803 1342 tegmina3
835 1291 877 1328 et
907 1285 941 1327 si
964 1284 1241 1328 auxiliaribus
1262 1284 1529 1336 resisterent,
1561 1284 1712 1342 gladiis
1743 1299 1794 1329 ac
1822 1284 1919 1343 pilis
1949 1284 2083 1340 legio-

290 1361 528 1412 nariorum,
568 1360 603 1404 si
642 1360 727 1404 huc
764 1366 996 1411 verterent,
1038 1359 1199 1418 spathis
1231 1367 1272 1404 et
1307 1360 1438 1403 hastis
1469 1359 1736 1404 auxiliarium
1767 1360 2080 1404 sternebantur.

241 1447 277 1478 45
290 1436 405 1481 clara
435 1450 487 1480 ea
516 1435 692 1479 victoria
723 1435 818 1486 fuit,
852 1442 1063 1494 captaque
1094 1449 1202 1479 uxor
1231 1442 1273 1479 et
1301 1435 1387 1478 filia
1419 1436 1631 1487 Carataci,
1664 1436 1903 1494 fratresque
1935 1436 1975 1478 in
2005 1435 2082 1480 de-

289 1512 494 1556 ditionem
531 1511 711 1569 accepti.
756 1511 838 1567 (36)
877 1511 988 1568 ipse,
1025 1517 1072 1554 ut
1107 1511 1239 1555 ferme
1276 1511 1410 1554 intuta
1446 1518 1544 1555 sunt
1583 1511 1783 1563 adversa,
1824 1525 1919 1555 cum
1952 1510 2080 1555 fidem

290 1587 638 1639 Cartimanduae,
678 1587 851 1643 reginae
881 1586 1145 1644 Brigantum,
1187 1586 1425 1644 petivisset,
1456 1586 1623 1630 vinctus
1653 1600 1704 1630 ac
1733 1587 1967 1631 victoribus
1996 1592 2081 1630 tra-

289 1663 403 1707 ditus
434 1670 518 1716 est,
551 1676 663 1706 nono
694 1668 791 1720 post
820 1676 931 1705 anno
953 1675 1084 1720 quam
1111 1661 1273 1706 bellum
1296 1662 1338 1705 in
1358 1662 1573 1706 Britannia
1593 1669 1804 1720 coeptum.
1838 1661 1951 1706 unde
1971 1661 2079 1706 fama

289 1739 382 1783 eius
414 1745 562 1783 evecta
593 1737 752 1782 insulas
774 1745 816 1782 et
845 1738 1061 1796 proximas
1091 1738 1333 1796 provincias
1364 1744 1595 1796 pervagata
1624 1752 1703 1795 per
1723 1737 1882 1782 Italiam
1904 1751 2080 1797 quoque

353 1898 386 1932 3.
410 1898 511 1931 nichil
532 1898 566 1932 M
590 1914 626 1921 —
652 1896 685 1930 4.
706 1897 852 1944 prelium
874 1897 908 1931 M
934 1914 969 1920 —
991 1900 1141 1938 posceret
1161 1905 1216 1939 pr.
1241 1897 1276 1931 M
1300 1915 1337 1921 -
1362 1897 1482 1930 virtuti
1504 1896 1667 1930 Pichena.
1689 1915 1725 1921 —
1751 1897 1968 1940 empuqnabili
1988 1898 2022 1931 M
2041 1914 2077 1921 —

285 1955 510 1997 praefectique
532 1957 563 1987 et
585 1953 709 1987 tribuni
731 1951 1018 1995 Bezzenberger:
1037 1953 1263 1995 praefectique
1286 1952 1411 1986 tribuni
1424 1949 1486 1993 ‘M3
1506 1954 1734 1996 praefectique
1757 1962 1798 1986 ac
1820 1953 1947 1987 tribuni
1959 1951 2078 1995 vulgo.

291 2030 327 2036 —
353 2012 386 2045 5.
410 2009 621 2044 intendebant
642 2011 693 2044 M:
719 2009 934 2043 incendebant
955 2010 1103 2052 Lipsius.
1131 2028 1166 2033 —
1192 2010 1224 2043 8.
1250 2010 1341 2042 cedes
1362 2010 1395 2043 M
1422 2027 1457 2033 —
1484 2009 1516 2043 9.
1539 2010 1634 2052 facta
1655 2010 1708 2043 M:
1737 2012 1817 2043 acta
1839 2010 2012 2043 Heinsius.
2040 2026 2077 2033 —

288 2069 451 2102 distracta
472 2068 505 2101 M
531 2084 567 2090 —
599 2067 652 2099 40.
677 2067 829 2099 recedere
851 2064 1038 2099 Acidalius.
1066 2083 1102 2089 —
1135 2067 1188 2100 42.
1213 2065 1462 2099 brittannorum
1483 2066 1517 2100 M
1542 2084 1578 2090 —
1609 2065 1663 2100 44.
1688 2067 1769 2099 astis
1789 2066 1823 2100 M
1848 2084 1884 2090 —
1911 2067 1964 2099 45.
1988 2073 2081 2098 uxor

287 2120 574 2165 Bezzenberger:
598 2131 706 2156 uoeore
728 2123 762 2157 M
782 2140 818 2146 —
844 2124 1012 2156 carattaci
1033 2122 1070 2156 h.
1087 2121 1110 2155 l.
1128 2123 1180 2163 M;
1206 2122 1287 2155 vide
1311 2122 1354 2155 ad
1372 2131 1403 2156 c.
1422 2122 1476 2156 33.
1498 2140 1533 2146 -
1557 2122 1746 2164 fratresque
1768 2123 1822 2157 M:
1847 2123 1971 2165 fratres
1993 2130 2079 2163 quo—

287 2190 350 2223 que
371 2179 489 2222 vulgo.
515 2197 552 2203 —
579 2179 633 2212 47.
658 2179 918 2212 Cartimanduae
941 2177 1171 2212 Puteolanus:
1196 2179 1426 2212 cartimandus
1447 2179 1501 2219 M;
1527 2178 1805 2213 Cartismanduae
1826 2179 1963 2222 Lipsius
1987 2176 2076 2220 (coll.

287 2239 375 2272 Hist.
400 2238 433 2279 3,
458 2236 525 2279 45).
551 2236 604 2270 Cf.
622 2245 653 2270 c.
670 2235 725 2270 40.
753 2254 790 2260 —
816 2237 869 2270 48.
895 2236 1082 2270 brittannia
1102 2239 1233 2278 ceptum
1255 2237 1301 2271 M.

1207 2370 1326 2409 erant,
1351 2367 1454 2402 Gallis
1478 2369 1563 2402 item
1578 2372 1704 2409 tortue‚
1730 2367 1834 2402 nobis
1850 2366 2076 2407 Schutzdach3

1206 2419 1306 2460 alibi,
1331 2420 1370 2452 ut
1392 2420 1428 2452 in
1453 2418 1540 2452 locis
1563 2420 1750 2462 poetarum
1774 2428 1795 2452 a
1817 2418 1921 2452 nobis
1943 2426 2079 2451 memo-

1206 2471 1308 2510 ratis,
1335 2471 1390 2503 est
1412 2467 1702 2513 συνασπισμός,
1727 2469 1936 2502 Schilddaeh.
1965 2486 2001 2492 -—-
2026 2468 2078 2511 fe-

289 2371 409 2413 Cogita
439 2370 559 2403 autem
589 2369 635 2403 de
668 2368 884 2412 singularum
912 2370 1071 2412 gentium
1105 2369 1158 2403 dis

287 2420 517 2468 ἐπιχωρίοις.

331 2471 385 2504 35.
407 2470 570 2512 praefecti
591 2473 622 2502 et
645 2469 780 2512 tribuni]
805 2470 976 2504 Praefecti
992 2471 1075 2503 sunt
1091 2469 1158 2502 du—

288 2531 349 2556 ces
373 2522 572 2555 cohortium
595 2519 814 2554 auxiliarium
838 2522 882 2562 (v.
908 2522 962 2562 42,
987 2521 1028 2554 47
1050 2522 1087 2554 et
1102 2521 1155 2553 39.

288 2572 426 2612 nist-2,
445 2572 486 2604 45
503 2571 539 2604 et
553 2570 607 2603 92.
633 2570 666 2610 3,
685 2570 738 2604 35.
757 2570 789 2610 4,
808 2571 843 2604 34
866 2572 902 2604 et
917 2571 971 2604 32.
988 2572 1070 2612 Agr.
1089 2570 1155 2612 37),

287 2623 401 2664 iisque
442 2621 478 2653 in
519 2619 718 2662 legionibus
752 2620 884 2653 tribuni
916 2620 1154 2663 respondent3

288 2672 420 2706 etenim
443 2679 505 2704 sex
522 2671 649 2712 cuique
673 2669 799 2712 legioni
823 2672 1013 2712 praeerant
1026 2670 1158 2703 tribuni

287 2721 418 2756 subditi
441 2720 556 2762 legato
579 2719 745 2762 legionis:
771 2719 895 2761 Polyb.
921 2721 954 2761 6,
975 2720 1035 2760 493
1060 2720 1156 2753 idem

287 2772 333 2805 de
357 2770 546 2814 praefectis
569 2771 747 2803 sociorum
771 2769 802 2810 6,
828 2770 882 2802 26.
909 2769 960 2803 Cf.
987 2771 1020 2810 6,
1046 2770 1100 2810 37,
1122 2770 1154 2803 8.

278 2823 371 2855 >Bina
402 2821 493 2853 haec
522 2819 654 2852 ducum
684 2828 816 2861 genera
845 2821 1108 2862 componuntur
1136 2828 1156 2852 a

286 2871 404 2904 Tacito
424 2871 531 2903 etiam
546 2868 579 2910 4,
597 2869 651 2902 73.
678 2870 764 2902 Hist.
782 2870 814 2909 4,
833 2869 875 2902 39
891 2871 926 2902 et
941 2870 996 2903 78.
1020 2869 1155 2903 errun.

290 2940 325 2946 —
350 2919 577 2961 intendebant]
613 2919 808 2961 augebant,
844 2921 884 2952 ut
914 2921 1002 2953 Hist.
1027 2920 1066 2961 2,
1091 2920 1153 2953 53:

284 2970 475 3005 intendebat
493 2969 720 3012 formidinem,
750 2978 792 3002 ac
814 2978 989 3012 persaepe
1013 2969 1057 3002 de
1081 2968 1156 3002 aliis

287 3029 429 3064 quoque
463 3020 571 3053 animi
600 3018 787 3052 affectibus
810 3020 961 3052 Tacitus.
992 3037 1036 3043 —
1064 3019 1157 3061 facta

287 3070 456 3111 testudine]
474 3069 619 3112 Saepius
636 3068 782 3110 quidem
797 3070 854 3110 aqi
873 3069 1014 3102 testudo
1030 3069 1157 3102 dicitur

288 3122 402 3163 (Caes.
426 3122 465 3154 B.
491 3121 530 3153 G.
555 3121 588 3160 5,
613 3118 667 3153 43.
693 3117 831 3151 Sallust.
856 3120 928 3161 lug.
947 3118 1000 3152 94.
1025 3118 1154 3160 Vergil.

286 3173 374 3204 Aen.
395 3171 428 3212 2,
446 3169 522 3204 444.
539 3170 573 3211 9,
590 3170 666 3203 505.
685 3167 742 3202 Sil.
761 3169 792 3209 4,
811 3168 898 3210 365),
924 3169 989 3202 sed
1005 3168 1155 3202 alterum

286 3230 357 3254 non
390 3221 508 3254 minus
540 3221 692 3253 rectum.
737 3218 869 3252 Caesar
900 3219 938 3251 B.
965 3220 1003 3251 G.
1028 3220 1066 3259 5,
1091 3219 1152 3253 42:

286 3270 650 3311 testudines--facere
678 3271 867 3310 coeperunt.
903 3268 976 3300 Liv.
1000 3268 1060 3308 34,
1091 3269 1151 3302 39:

287 3321 448 3353 testudine
478 3320 574 3362 facta
605 3318 769 3353 subibant.
804 3317 845 3350 H.
871 3316 894 3350 l.
925 3316 1076 3359 intellige
1108 3318 1153 3351 de

286 3371 381 3403 tecto
404 3378 424 3402 e
448 3370 544 3402 corio
566 3368 623 3402 vel
646 3377 691 3402 ex
712 3367 778 3401 alia
795 3366 943 3400 materia
957 3366 1060 3407 facto,
1086 3367 1152 3400 sub

287 3427 359 3461 quo
392 3417 520 3452 milites
556 3417 812 3461 impedimenta
845 3414 1053 3451 emolientes
1089 3417 1154 3450 tuti

1205 2520 1386 2563 rentarius]
1412 2520 1463 2553 Cf.
1490 2519 1628 2553 Sallust.
1655 2518 1755 2553 Catil.
1782 2520 1836 2553 60.
1861 2520 2003 2553 Festus:
2027 2518 2079 2561 fe-

1204 2571 1347 2603 rentarii
1375 2571 1457 2603 levis
1478 2573 1676 2603 armaturae
1702 2573 1916 2612 puqnatores.
1951 2569 2076 2610 Veget.

1207 2621 1237 2660 4,
1263 2620 1323 2652 20:
1360 2620 1470 2653 Erant
1499 2621 1586 2653 inter
1611 2618 1755 2661 pedites,
1791 2619 1849 2661 qui
1882 2617 2079 2651 dicebantur

1205 2669 1284 2702 levis
1306 2673 1520 2710 armaturae,
1543 2670 1728 2711 funditores
1749 2672 1780 2702 et
1800 2668 1993 2710 ferentarii,
2019 2666 2077 2708 qui

1203 2720 1383 2760 praecipue
1404 2720 1440 2752 in
1462 2719 1616 2752 cornibus
1641 2718 1839 2751 locabantur
1859 2720 1891 2750 et
1912 2726 1936 2750 a
1958 2716 2077 2758 quibus

1201 2770 1378 2811 pugnandi
1400 2770 1592 2802 sumebatur
1613 2769 1792 2802 exordium
1799 2776 1811 2807 ,·
1835 2767 1890 2800 sed
1910 2767 1945 2799 hi
1965 2770 1997 2800 et
2016 2775 2075 2800 ve-

1204 2819 1358 2852 locissimi
1396 2823 1427 2853 et
1458 2819 1725 2853 exercitatissimi
1759 2817 1962 2860 leqebantur.
2004 2816 2074 2850 Sed

1204 2869 1328 2911 equites
1343 2878 1485 2911 quoque
1504 2869 1703 2912 ferentarios
1718 2867 1825 2901 fuisse
1842 2867 1947 2900 docet
1962 2867 2074 2899 Varro

1205 2920 1242 2951 L.
1268 2920 1304 2952 L.
1330 2919 1350 2951 7
1381 2919 1403 2961 5
1426 2920 1479 2953 57.
1507 2937 1542 2943 —
1581 2919 1728 2960 conferto
1748 2916 1875 2960 yradu]
1906 2916 2000 2950 idem
2031 2925 2074 2949 ac

1206 2969 1368 3002 Caesaris
1402 2969 1440 3001 B.
1478 2970 1516 3002 G.
1549 2969 1586 3009 4,
1616 2967 1676 3001 24:
1714 2967 1955 3009 confertissima
1988 2967 2071 2999 acie.

1204 3018 1278 3050 Liv.
1292 3018 1324 3058 9,
1339 3019 1399 3051 27:
1417 3019 1630 3061 confertiores
1643 3020 1812 3051 steterant.
1838 3017 1893 3058 22,
1909 3017 1971 3050 28:
1996 3025 2074 3049 con-

1202 3067 1288 3109 ferto
1310 3069 1454 3110 agmine.
1484 3086 1517 3093 -
1545 3067 1681 3110 spathis]
1706 3076 1794 3110 quas
1815 3067 1947 3110 gladios
1966 3066 2073 3099 maio-

1202 3126 1257 3151 res
1278 3118 1530 3162 interpretatur
1551 3119 1717 3160 vegetius
1739 3118 1779 3159 2,
1805 3117 1860 3150 ⁴5.

1247 3218 1301 3251 36.
1325 3227 1412 3251 nono
1432 3221 1508 3260 post
1529 3217 1635 3260 anno]
1668 3218 1732 3251 Dio
1756 3218 1810 3257 60,
1835 3216 1876 3249 49
1898 3213 1980 3249 belli
2002 3214 2071 3248 ini·

1202 3268 1290 3300 tium
1314 3276 1446 3301 annum
1469 3267 1511 3301 43
1522 3263 1615 3310 '(796)
1633 3268 1748 3310 ponit,
1773 3268 1812 3299 ut
1833 3264 1879 3299 ab
1902 3264 1959 3298 illo
1981 3267 2071 3298 tem-

1202 3326 1289 3359 pore
1313 3319 1452 3360 septem
1475 3318 1612 3351 tautum
1635 3317 1717 3350 anni
1740 3315 1949 3350 effluxerint.
1980 3315 2070 3348 Hinc

1203 3367 1354 3401 credidit
1375 3367 1526 3409 Ryckius
1541 3368 1699 3401 Tacitum
1722 3365 1977 3408 supputationis
1999 3365 2068 3398 lni-

1202 3417 1290 3451 tium
1313 3417 1454 3452 duxisse
1470 3425 1491 3451 a
1506 3415 1601 3451 hello
1615 3415 1780 3450 intestino
1791 3440 1800 3458 ,
1825 3414 1922 3458 quod
1936 3416 2067 3450 Roma-
