2254 3770
315 305 399 350 446
800 310 846 352 P.
877 308 1128 353 CORNELII
1156 309 1327 354 TAcm
1357 289 1623 356 ANNALIUM

429 416 510 474 (34)
541 417 709 459 Nerone
740 414 911 458 tertium
941 415 1117 460 consule
1148 415 1273 459 simul
1301 416 1393 460 iniit
1412 417 1678 461 consulatum
1697 417 1888 462 Valerius
1908 418 2100 471 Messala,

316 492 438 537 cuius
468 505 694 550 proavum,
726 497 941 534 oratorem
971 491 1219 543 Corvinum,
1251 491 1351 536 divo
1382 494 1590 549 Augusto,
1622 492 1758 537 abavo
1782 494 1982 546 Neronis,
2015 494 2103 539 col-

314 568 455 626 legam
484 568 526 610 in
556 580 608 610 eo
638 566 886 623 magistratu
916 566 1048 610 fuisse
1078 567 1204 625 pauci
1235 567 1318 610 iam
1348 581 1501 611 senum
1531 568 1822 613 meminerant.
1866 569 1943 613 sed
1972 569 2102 613 nobili

313 642 495 687 familiae
533 642 669 685 honor
708 648 858 685 auctus
888 648 954 685 est
982 641 1136 685 oblatis
1167 643 1209 684 in
1238 643 1430 700 singulos
1460 657 1595 687 annos
1624 644 1851 701 quingenis
1881 645 2099 696 sestertiis,

282 719 471 778 equibus
502 716 681 760 Messala
718 723 1015 775 paupertatem
1044 717 1258 761 innoxiam
1289 725 1558 762 sustentaret.
1598 718 1769 763 Aurelio
1798 733 1974 778 quoque
2004 720 2102 764 Cot-

314 803 381 839 tae
411 801 454 839 et
482 793 656 837 Haterio
687 793 895 836 Antonino
925 806 1108 836 annuam
1139 793 1367 851 pecuniam
1397 794 1542 843 statuit
1560 794 1779 852 princeps,
1810 795 2006 854 quamvis
2025 809 2103 853 per

311 870 459 914 luxum
487 869 621 912 avitas
651 881 758 926 opes
788 867 1083 926 dissipassent.

427 945 528 989 Eius
567 944 665 988 anni
702 944 913 1001 principio
946 944 1143 1007 mollibus
1173 944 1314 989 adhuc
1344 945 1472 988 initiis
1502 945 1756 1003 prolatatum
1787 946 1897 989 inter
1925 946 2103 990 Parthos

314 1023 616 1078 Romanosque
646 1019 701 1063 de
732 1018 963 1064 obtinenda
984 1020 1181 1064 Armenia
1213 1019 1368 1064 bellum
1391 1021 1546 1064 acriter
1566 1022 1763 1073 sumitur,
1795 1021 1896 1080 quia
1919 1035 2000 1066 nec
2022 1023 2103 1066 Vo-

266 1098 485 1155 1ologeses
515 1095 682 1139 sinebat
711 1094 882 1138 fratrem
913 1094 1127 1138 Tiridaten
1157 1095 1241 1139 dati
1273 1109 1299 1138 a
1329 1109 1376 1139 se
1405 1096 1525 1154 regni
1547 1102 1766 1154 expertem
1786 1110 1884 1140 esse
1909 1103 1981 1140 aut
2000 1096 2104 1142 alie-

314 1188 395 1218 nae
425 1172 468 1216 id
498 1171 713 1230 potentiae
744 1169 906 1213 donum
935 1169 1116 1221 habere,
1149 1177 1192 1214 et
1221 1170 1406 1215 Corbulo
1436 1171 1609 1229 dignum
1641 1171 1927 1229 magnitudine
1957 1171 2101 1230 populi

315 1252 359 1294 R.
400 1247 575 1292 rebatur
613 1253 733 1305 parta
769 1245 868 1288 olim
900 1259 924 1288 a
953 1245 1129 1289 Lucullo
1159 1246 1453 1304 Pompeioque
1482 1246 1690 1304 recipere.
1722 1247 1776 1290 ad
1806 1247 1888 1292 hoc
1917 1248 2101 1292 Armenii

314 1324 512 1382 ambigua
540 1321 626 1366 fide
656 1328 839 1378 utraque
869 1334 986 1364 arma
1018 1321 1270 1373 invitabant,
1313 1323 1396 1365 situ
1435 1327 1666 1373 terrarum,
1707 1322 1982 1367 similitudine
2010 1337 2103 1367 mo-

313 1415 407 1444 rum
447 1398 612 1443 Parthis
648 1396 875 1455 propiores
913 1395 1198 1454 conubiisque
1237 1397 1453 1455 permixti,
1501 1411 1551 1441 ac
1587 1396 1781 1442 libertate
1819 1398 1962 1455 ignota
1998 1398 2101 1442 illud

262 1485 299 1515 45
313 1475 448 1533 magis
478 1474 532 1518 ad
563 1472 785 1517 servitium
813 1470 1077 1515 inclinantes.
1126 1472 1206 1528 (35)
1238 1472 1316 1516 sed
1348 1472 1578 1516 Corbuloni
1615 1471 1710 1530 plus
1739 1472 1863 1517 molis
1893 1473 2101 1518 adversus

312 1550 524 1609 ignaviam
563 1547 743 1592 militum
771 1560 901 1605 quam
942 1553 1090 1590 contra
1125 1546 1350 1604 perfidiam
1391 1546 1576 1591 hostium
1617 1555 1721 1591 erat.
1779 1549 1940 1607 quippe
1977 1550 2103 1608 Syria

312 1632 570 1671 transmotae
615 1623 826 1681 legiones,
871 1635 981 1680 pace
1025 1621 1151 1680 longa
1188 1636 1363 1681 segnes,
1407 1623 1551 1666 munia
1589 1628 1826 1667 castrorum
1864 1625 2102 1682 aegerrime

313 1701 562 1747 tolerabant.
599 1699 702 1743 satis
732 1698 918 1743 constitit
948 1698 1079 1741 fuisse
1110 1698 1152 1740 in
1181 1711 1235 1742 eo
1266 1698 1455 1742 exercitu
1476 1704 1720 1750 veteranos,
1753 1699 1826 1757 qui
1851 1713 1936 1744 non
1956 1700 2101 1744 statio-

312 1792 429 1830 nem,
461 1791 547 1821 non
576 1774 742 1834 vigilias
772 1774 965 1824 inissent,
996 1772 1153 1817 vallum
1173 1772 1418 1832 fossamque
1439 1774 1563 1832 quasi
1583 1787 1694 1817 nova
1714 1780 1756 1818 et
1774 1775 1880 1818 mira
1900 1775 2098 1826 viserent,

261 1862 299 1894 20
312 1854 405 1898 sine
434 1852 588 1912 galeis,
621 1852 715 1895 sine
745 1850 907 1900 loricis,
940 1849 1060 1892 nitidi
1091 1854 1134 1892 et
1163 1849 1434 1907 quaestuosi,
1467 1846 1611 1893 militia
1642 1863 1720 1907 per
1740 1849 1900 1908 oppida
1919 1849 2099 1908 expleta.

311 1930 439 1988 igitur
467 1927 655 1972 dimissis
685 1925 843 1986 quibus
874 1931 1073 1968 senectus
1103 1930 1176 1967 aut
1192 1923 1378 1968 valitudo
1409 1918 1589 1968 adversa
1617 1931 1725 1977 erat,
1757 1925 2100 1984 supplementum

310 2005 472 2064 petivit.
520 2010 563 2048 et
590 2002 722 2046 habiti
753 2015 830 2059 per
860 1999 1064 2044 Galatiam
1097 1999 1499 2058 Cappadociamque
1530 1999 1732 2052 dilectus,
1764 2000 2018 2060 adiectaque
2046 2014 2099 2045 ex

376 2147 408 2179 4.
432 2144 508 2178 iniit
529 2142 587 2177 ed.
613 2141 805 2185 Spirensis:
831 2140 897 2173 init
918 2140 952 2173 M
978 2157 1013 2162 —
1040 2140 1073 2173 2.
1097 2139 1223 2182 colleqa
1245 2140 1279 2173 M
1305 2157 1341 2164 -
1367 2139 1398 2173 4.
1422 2140 1550 2181 familie
1571 2140 1605 2174 M
1632 2158 1668 2164 —
1693 2141 1725 2173 ὅ.
1744 2144 1827 2173 cotie
1850 2141 1883 2175 M
1909 2158 1943 2164 —
1970 2141 2004 2174 6.
2026 2141 2099 2174 Ha·

307 2202 389 2236 torio
412 2202 566 2244 Lipsius:
591 2197 720 2232 ather-io
735 2198 769 2231 M
789 2216 823 2221 —-
849 2197 881 2230 7.
899 2198 1011 2248 avij—as
1025 2197 1179 2239 Lipsius:
1204 2196 1335 2230 habitas
1349 2198 1382 2230 M
1400 2214 1437 2221 —
1455 2197 1487 2230 9.
1504 2198 1685 2230 remanetur
1702 2198 1874 2232 Heinsius.
1896 2215 1931 2222 -
1952 2199 2006 2232 40.
2021 2199 2099 2231 tiri—

307 2256 386 2293 dat&
410 2259 443 2292 M
469 2277 504 2283 —
531 2259 717 2298 eaeepertom
739 2254 773 2287 M
797 2270 833 2277 —
861 2253 915 2286 44.
940 2253 1002 2286 PR.
1028 2253 1062 2286 M
1088 2270 1124 2277 -
1151 2253 1204 2286 42.
1228 2256 1372 2286 renatur
1393 2253 1427 2286 M
1454 2271 1490 2277 -—
1515 2254 1624 2286 laculo
1646 2255 1681 2287 M
1706 2271 1742 2277 -
1766 2254 1826 2286 hoc
1848 2255 1900 2287 M:
1925 2255 2006 2288 haec
2027 2253 2096 2288 alii.

309 2333 347 2341 —
374 2315 428 2349 44.
451 2314 536 2347 illud
558 2313 714 2355 Lipsius:
739 2311 819 2343 illuc
841 2311 876 2344 M
902 2328 937 2333 —
964 2310 1017 2343 47.
1043 2313 1200 2343 trasmote
1223 2311 1255 2344 M
1280 2327 1316 2334 —-
1349 2314 1539 2343 castrorum
1560 2311 1778 2344 Boetticher:
1803 2320 2022 2345 romanorum
2043 2312 2095 2351 Μ,

306 2380 482 2405 armorum
502 2368 782 2406 Freinshemius3
807 2369 1021 2399 armatorum
1042 2366 1214 2403 Ritterus;
1240 2370 1429 2399 castrorum
1450 2367 1677 2399 Romanorum
1698 2367 1915 2410 Nipperdey.
1941 2386 1976 2392 --
2000 2375 2099 2410 09⁰⁹·-

306 2429 390 2461 rime
412 2425 610 2460 tollar-abant
631 2425 665 2458 M
691 2442 726 2448 —
760 2423 812 2456 48.
838 2423 984 2456 exercito
1007 2422 1041 2456 M
1067 2439 1103 2447 -
1137 2423 1192 2456 20.
1218 2422 1396 2463 quaestion·
1418 2431 1471 2465 pr.
1497 2423 1530 2456 M
1560 2440 1595 2445 —-
1627 2423 1682 2456 24.
1706 2427 1812 2456 sectas
1833 2424 1867 2457 M
1893 2441 1928 2448 -
1953 2423 2007 2457 22.
2031 2431 2097 2466 qa-

306 2485 417 2519 litiam
437 2482 731 2526 cappodiciamque
751 2481 786 2515 M
812 2498 846 2505 —
874 2480 1010 2513 dilectas
1031 2480 1083 2513 M:
1111 2480 1251 2513 delectus
1272 2478 1340 2512 alii.

349 2609 403 2644 34.
431 2609 582 2642 Valerius
603 2606 758 2649 Messala]
790 2606 880 2639 filius
903 2604 1058 2639 consulis
1081 2613 1114 2638 a.
1139 2614 1174 2638 u,
1229 2605 1300 2636 dati
1322 2613 1345 2636 α
1366 2613 1400 2637 se
1420 2605 1534 2647 reqm']
1569 2604 1620 2638 Cf.
1647 2605 1707 2645 42,
1732 2605 1786 2638 60.
1816 2623 1850 2629 -
1882 2604 1983 2648 duaa]
2013 2605 2035 2638 i.
2060 2613 2094 2639 e.

305 2661 382 2701 773,
414 2663 527 2702 nepos
550 2657 704 2692 consulis
728 2666 760 2689 a.
786 2657 862 2696 754,
888 2664 1067 2698 pronepos
1091 2664 1177 2688 con-

305 2709 390 2744 sulis
413 2719 445 2743 a.
471 2708 547 2742 723.
574 2725 611 2731 -
641 2706 819 2749 oratorem]
853 2708 889 2738 et
910 2705 1057 2747 quidem
1080 2705 1176 2738 cele-

304 2760 549 2794 bratissimum
579 2761 685 2800 atque
715 2756 877 2789 ultimum
899 2755 975 2789 fere
998 2757 1080 2789 ante
1103 2756 1177 2788 Au-

305 2811 397 2852 gusti
419 2809 561 2853 plenam
584 2807 882 2845 dominationem
907 2805 1004 2838 idem
1026 2814 1176 2847 magnus

304 2859 428 2894 Tibulli
451 2859 573 2893 fautor.
598 2859 766 2891 Ceterum
788 2857 879 2889 haec
901 2856 1018 2888 omnia
1041 2864 1177 2888 memo-

304 2919 403 2944 rasse
435 2909 576 2943 videtur
608 2917 679 2940 non
713 2909 785 2940 tam
819 2915 940 2939 merae
964 2906 1176 2939 curiositatis

306 2969 430 3000 causa,
462 2967 571 3001 quam
602 2959 642 2990 ut
664 2958 821 2990 aetatum
843 2955 926 2989 inde
949 2955 995 2988 ab
1018 2956 1175 2997 Augusto

305 3019 418 3052 usque
449 3009 494 3042 ad
524 3010 703 3042 Neronem
727 3015 799 3039 cos.
825 3006 880 3038 111.
906 3005 1175 3038 successionem

305 3060 406 3093 brevi
434 3058 659 3101 significaret.
691 3055 743 3090 Cf.
769 3056 822 3095 44,
848 3056 880 3088 6
916 3073 951 3078 —-
977 3055 1086 3087 abavo
1106 3055 1175 3088 Ne-

303 3109 405 3152 ronis]
428 3109 516 3142 Vide
540 3106 586 3140 ad
602 3106 661 3146 44,
679 3105 733 3138 53.
753 3122 788 3127 -
815 3105 988 3146 quingenis
1009 3104 1174 3147 sestertiis]

305 3160 406 3193 Hunc
429 3167 514 3200 ergo
537 3155 725 3190 Suetonius
749 3153 908 3195 intelligit
930 3155 1011 3187 Ner.
1031 3154 1093 3186 40.
1118 3155 1174 3187 Se-

304 3212 462 3242 natorum
477 3206 675 3241 nobilissimo
691 3203 825 3244 cuique,
848 3204 904 3235 sod
918 3212 941 3235 a
954 3212 991 3236 re
1008 3189 1174 3245 familiari

288 3259 471 3299 aestuate,
496 3265 614 3290 annua
630 3254 782 3294 salaria,
805 3255 837 3286 et
858 3252 1054 3294 quibusdam
1074 3254 1173 3294 qain-

304 3318 391 3351 qena
411 3308 590 3341 constituit.
611 3323 647 3329 —
664 3303 798 3338 Aurelio
820 3312 852 3344 q.
870 3302 993 3344 cottae]
1019 3302 1172 3336 consulis

281 3352 337 3391 ’8.
363 3366 398 3390 ιι.
424 3358 487 3391 773
512 3357 562 3399 (3,
587 3356 626 3397 2)
650 3353 732 3387 filio.
760 3369 797 3376 —
825 3352 963 3385 Haterio
996 3351 1171 3394 Antonino]

286 3406 441 3440 ·consuli
465 3415 497 3439 a.
521 3406 597 3439 806.
631 3404 682 3438 Cf.
708 3403 769 3443 42,
794 3402 849 3435 58.
878 3418 914 3425 -
946 3401 1165 3443 prolatatum]

306 3453 450 3489 dilatum
473 3463 516 3488 ac
538 3454 693 3497 segniter
714 3452 866 3495 gentum.
892 3449 943 3483 Cf.
966 3457 997 3482 c.
1015 3449 1112 3482 6—9.
1134 3468 1169 3475 -

1228 2654 1450 2688 Parthorum.

1270 2754 1323 2787 35.
1349 2754 1454 2794 Syria
1475 2756 1678 2787 transmotae
1700 2754 1852 2797 temones]
1876 2754 1927 2788 Cf.
1952 2763 1984 2787 c.
2002 2756 2035 2788 8.
2055 2772 2092 2780 —-

1226 2805 1345 2837 munia
1365 2804 1572 2846 castrorum]
1595 2804 1789 2846 opponitur
1811 2805 1845 2837 in
1863 2803 2095 2846 sequentibus

1224 2855 1348 2887 militia
1366 2862 1429 2895 per
1449 2854 1571 2895 oppida
1592 2854 1738 2894 expleta.
1758 2871 1795 2878 -—
1820 2863 1886 2887 non
1908 2855 2094 2895 stationem,

1224 2913 1291 2936 non
1312 2903 1456 2946 vigilias]
1481 2903 1568 2936 Vide
1585 2902 1631 2936 ad
1648 2905 1680 2943 4,
1697 2904 1751 2938 28.
1773 2921 1808 2927 -
1834 2905 1931 2937 nitidi
1945 2908 1976 2938 οι
1990 2913 2095 2946 quae·

1224 2953 1338 2993 ειαοεί]
1363 2953 1496 2995 compti
1519 2954 1555 2986 et
1573 2953 1685 2985 ornati
1702 2961 1802 2986 more
1817 2953 2037 2987 urbanorum
2051 2962 2095 2987 ac

1225 3002 1442 3043 molliorum;
1469 3002 1549 3036 dein
1574 3003 1811 3044 negotiatores
1829 3005 1865 3037 in
1881 3004 2030 3046 oppidis,
2048 3003 2093 3038 de

1225 3061 1324 3086 more
1348 3054 1603 3092 Romanorum,
1630 3053 1690 3095 qui
1712 3053 1747 3086 in
1763 3054 1944 3095 provincia
1959 3055 2090 3088 essent.

1224 3103 1305 3136 Ean.
1332 3102 1383 3135 Cf.
1410 3111 1441 3136 c.
1459 3103 1514 3135 54.
1535 3119 1571 3126 -
1595 3111 1641 3135 eae
1663 3102 1847 3136 Germania
1866 3102 1961 3145 kaie]
1985 3111 2092 3145 quam

1224 3153 1383 3194 legionem
1415 3152 1481 3185 1111
1509 3151 1698 3192 Scythicam
1735 3152 1842 3186 fuisse
1878 3154 2014 3195 putant.
2053 3171 2089 3178 -

1224 3203 1345 3236 alariis
1368 3205 1398 3236 ot
1416 3203 1567 3243 peditatu
1586 3202 1781 3246 cohortium]
1812 3203 2005 3245 Utrumque
2027 3211 2092 3236 co-

1223 3253 1363 3295 piarum
1386 3260 1497 3294 genus
1513 3251 1639 3284 auxilia
1655 3253 1757 3285 erant
1771 3253 1959 3285 sociorum.
1986 3252 2037 3286 Cf.
2055 3252 2088 3293 4,

1223 3301 1278 3335 73.
1305 3319 1341 3325 -
1368 3301 1427 3334 sub
1444 3301 1598 3343 pellibus]
1633 3300 1701 3334 sub
1730 3301 1888 3334 tentoriis
1918 3300 2087 3343 hibernis.

1223 3359 1315 3393 quae
1345 3350 1497 3393 pellibus
1531 3352 1692 3384 contecta
1721 3351 1831 3383 erant.
1859 3367 1895 3374 -
1928 3350 2087 3393 aonbusu]

1223 3401 1279 3433 Sic
1307 3401 1417 3443 friqus
1437 3401 1580 3434 adurere
1601 3400 1729 3434 dicitur
1752 3399 1876 3441 Vergil.
1901 3401 1963 3433 Ge.
1989 3402 2021 3442 4,
2045 3400 2088 3434 93

1224 3451 1259 3482 et
1287 3451 1381 3484 nives
1408 3458 1506 3484 mre
1528 3451 1657 3483 Lucan.
1682 3448 1722 3490 4,
1746 3449 1799 3483 ⁶2.
1834 3448 1936 3484 Silius
1960 3449 2000 3492 4,
2024 3449 2082 3484 68:
