2254 3770
268 293 322 336 94

746 291 790 334 P.
824 290 1074 335 CORNELII
1103 291 1274 336 TAClTI
1302 292 1571 337 ANNALIUM

270 398 421 442 simam
452 396 712 455 voluptatem
753 395 1030 446 adhibuerat,
1068 397 1207 455 epulis
1244 398 1512 443 excruciatus
1541 412 1698 443 vocare
1735 411 2051 458 percussorem,

267 486 473 531 prensare
511 486 734 516 servorum
771 470 965 520 dextras.
1009 472 1215 517 inserere,
1239 472 1438 531 gladium.
1489 480 1617 532 atque
1647 474 1745 527 illis,
1786 476 1887 519 dum
1923 474 2054 532 trepi-

268 548 387 599 dant,
421 548 523 591 dum
554 547 785 604 refugiunt,
819 547 1108 591 evertentibus
1138 547 1381 606 adpositum
1409 549 1452 592 in
1481 563 1629 594 mensa
1658 549 1818 601 lumen,
1851 549 2053 594 feralibus

267 623 352 667 iam
381 623 461 667 sibi
494 622 680 667 tenebris
711 622 820 666 duos
851 623 959 666 ictus
989 623 1031 665 in
1060 623 1227 668 viscera
1256 622 1432 668 derexit.
1473 624 1527 668 ad
1558 625 1760 683 gemitum
1789 625 2052 670 conlabentis

233 699 498 744 aadcurrere
536 698 696 750 liberti;
739 704 782 741 et
820 697 954 742 caede
995 698 1086 741 visa
1125 697 1248 742 miles
1287 699 1456 743 abstitit.
1515 701 1731 745 accusatio
1767 708 1909 745 tamen
1950 707 2054 759 aput

265 782 408 833 patres
444 773 770 818 adseveratione
807 773 961 817 eadem
1001 781 1190 832 peracta,
1235 774 1476 833 iuravitque
1507 776 1700 820 Tiberius
1739 777 1969 835 petiturum
2003 790 2052 821 se

265 851 394 894 vitam
414 849 608 908 quamvis
630 849 816 900 nocenti,
848 849 928 892 nisi
949 849 1230 893 voluntariam
1252 857 1432 894 mortem
1454 852 1783 909 properavisset.
1836 852 1916 909 (32)
1939 852 2051 896 bona

265 926 374 969 inter
403 931 676 969 accusatores
706 923 970 975 dividuntur,
1011 932 1054 968 et
1088 933 1316 982 praeturae
1354 932 1471 970 extra
1507 927 1701 971 ordinem
1731 927 1856 971 datae
1896 927 1948 972 iis
1977 927 2052 985 qui

264 1001 465 1045 senatorii
497 999 658 1044 ordinis
688 1006 822 1044 erant.
873 1006 973 1044 tunc
1003 999 1124 1043 Cotta
1153 1000 1423 1052 Messalinus,
1462 1015 1516 1045 ne
1556 1004 1695 1060 imago
1723 1003 1898 1046 Libonis
1928 1016 2052 1047 exse-

215 1094 252 1123 40
265 1078 387 1135 quias
417 1082 690 1134 posterorum
714 1075 1008 1127 comitaretur,
1041 1076 1224 1127 censuit,
1259 1075 1332 1120 Cn.
1354 1076 1575 1128 Lentulus,
1608 1091 1661 1121 ne
1682 1078 1779 1136 quis
1802 1077 2050 1122 Scribonius

265 1157 594 1210 cognomentum
629 1150 757 1194 Drusi
801 1150 1058 1194 adsumeret.
1117 1150 1475 1208 supplicationum
1515 1151 1608 1195 dies
1646 1153 1868 1211 Pomponii
1907 1152 2046 1197 Flacci

307 1266 339 1299 3.
356 1267 392 1298 iu
408 1264 616 1299 Groslotius:
641 1274 717 1298 cum
731 1265 858 1303 Ritter;
879 1273 950 1297 om.
968 1264 1002 1298 M
1017 1281 1052 1287 -
1072 1264 1104 1298 4.
1123 1264 1254 1298 derexit
1267 1265 1319 1297 M:
1338 1266 1464 1298 diremit
1478 1264 1593 1307 vulgo.
1611 1266 1699 1299 Vide
1714 1274 1789 1299 var.
1807 1266 1887 1300 lect.
1901 1274 1934 1300 c.
1947 1267 2046 1301 tue-

263 1324 296 1356 5.
310 1324 385 1355 cede
397 1324 430 1356 M
444 1341 481 1346 —-
495 1322 620 1354 abstitit
631 1321 784 1364 Lipsius:
804 1321 930 1353 adstitit
946 1322 978 1354 M
987 1338 1023 1344 —
1039 1321 1071 1353 8.
1086 1324 1310 1353 accussatores
1325 1330 1379 1363 pr.
1388 1322 1460 1354 M—
1472 1325 1632 1362 praetura
1644 1323 1717 1356 M—
1734 1324 1775 1355 iis
1787 1323 1983 1356 Bekkerus:
1999 1323 2050 1355 his

262 1380 296 1414 M
319 1397 354 1403 —
374 1379 427 1412 40.
453 1379 488 1412 C.
506 1379 548 1411 N.
567 1379 599 1412 M
614 1395 651 1401 —
671 1378 720 1410 44.
740 1377 1017 1418 supplicationum
1038 1375 1116 1418 dies]
1142 1376 1309 1409 «Videtur
1323 1386 1494 1410 numerus
1510 1377 1649 1411 dierum
1665 1378 1921 1411 intercidisse.»
1938 1379 2046 1413 HAim.

259 1496 336 1520 cum
364 1486 586 1528 languescere.
619 1484 774 1517 Ibidem:
808 1487 845 1516 ut
870 1483 1026 1524 praeberi
1053 1492 1128 1516 ora.

261 1538 374 1570 Etiam
398 1543 605 1578 praegresso
630 1534 839 1576 pronomine
855 1533 1012 1566 relativo.
1040 1534 1125 1567 Hist.

261 1587 293 1627 3,
319 1587 379 1619 63:
410 1585 527 1627 quibus
546 1586 647 1627 fidere
672 1584 826 1616 Vitellius.
862 1583 963 1616 Adde
988 1583 1041 1623 43,
1067 1584 1126 1615 57:

262 1637 554 1670 donec—-iacere.
587 1634 641 1675 44,
666 1636 704 1666 5:
730 1643 805 1666 cum
820 1651 839 1658 -
851 1652 870 1658 -
884 1643 982 1666 ruere
996 1636 1126 1666 tectum.

264 1706 301 1713 -
325 1685 600 1728 ipsis--epulisJ
630 1685 652 1717 i.
683 1693 715 1717 e.
748 1685 824 1726 ipso
858 1684 1128 1716 novissimarum

261 1737 448 1780 epularum
491 1738 664 1777 tempore.
704 1753 748 1759 —
784 1733 1006 1775 excruciatus]
1053 1732 1127 1766 scil.

261 1789 407 1830 aspectu
431 1788 536 1828 atque
554 1786 701 1827 strepitu
718 1784 867 1831 militum
882 1785 918 1816 in
933 1784 1127 1826 perniciem

260 1847 363 1872 suam
396 1838 600 1870 missorum.
631 1852 668 1858 -
695 1833 935 1876 percussorem]
969 1841 1126 1874 servum,

261 1889 321 1931 qui
346 1896 429 1921 eum
452 1887 610 1919 necaret.
638 1902 674 1908 -
705 1884 864 1927 feralibus
892 1884 963 1916 iam
989 1883 1051 1916 sibi
1078 1887 1129 1916 te-

259 1938 379 1980 nebris]
409 1946 500 1979 quae
526 1935 695 1969 tenebrae
725 1936 791 1977 ipsi
822 1935 893 1966 iam
915 1943 981 1976 pro
1005 1934 1128 1967 mortis

259 1987 418 2021 tenebris
442 1988 554 2019 erant.
575 2003 611 2009 -
636 1984 892 2026 adseveratione]
917 1991 1001 2016 cura
1022 1985 1127 2025 atque

261 2038 378 2071 studio
393 2037 575 2080 pertinaci.
595 2053 632 2059 —
649 2035 830 2076 petiturum
843 2035 887 2075 se}
904 2033 978 2067 scil.
996 2033 1124 2072 fuisse3

260 2088 305 2121 cf.
329 2089 367 2128 2,
393 2087 446 2120 73.
472 2086 504 2126 3,
529 2087 583 2119 22.
609 2085 641 2126 li,
668 2085 721 2118 48.
741 2101 777 2107 -
801 2087 941 2117 mortem
959 2092 1128 2125 propera—

258 2137 379 2179 visset]
405 2137 456 2170 Ct'.
482 2137 536 2176 44,
562 2136 622 2168 37:
647 2137 683 2167 ni
705 2135 838 2168 caedem
860 2134 931 2167 eius
950 2134 1128 2167 Narcissus

254 2187 511 2230 properavisset.
552 2187 709 2227 Propert.
735 2186 774 2225 2,
799 2185 858 2225 28,
884 2185 945 2217 25:
983 2185 1077 2226 Quod
1098 2185 1127 2216 si

255 2239 342 2281 forte
364 2237 422 2271 tibi
440 2237 660 2278 properarint
680 2235 754 2277 sata
776 2236 928 2278 quietem.

301 2338 354 2371 32.
379 2337 466 2370 bona
487 2337 573 2369 inter
595 2338 804 2368 accusatores
825 2334 1021 2367 dividuntur
1042 2332 1124 2375 cet.]

256 2389 322 2422 Dio
346 2389 401 2429 57,
427 2388 488 2421 ⁴5:
517 2382 647 2429 ἐπειδή
670 2382 868 2428 ἀναβολῆς
890 2381 993 2425 τινὸς
1013 2393 1124 2428 γενο-

255 2439 376 2482 μένης
397 2434 537 2471 ἑαυτὸν
560 2434 885 2483 προαπεχρήσατο
908 2435 1032 2476 (Libo),
1056 2435 1122 2468 καὶ

254 2485 536 2531 τελευτήσαντα
551 2484 688 2522 εῗίθυνε
705 2486 887 2528 (Tiberius)
909 2483 958 2518 τά
973 2494 1014 2518 τε
1031 2482 1123 2532 χρή-

254 2549 360 2583 ματα
403 2534 530 2571 αὐτοῦ.
562 2539 644 2578 τοῖς
682 2534 913 2583 κατηγόροις
948 2532 1122 2568 ἐδεδώκει

255 2589 321 2622 καὶ
343 2588 484 2629 θυσίας
506 2587 561 2621 ἐπ’
591 2584 695 2631 αὐτῷ
727 2582 801 2626 οὐχ
831 2583 970 2620 ἑαυτοῦ
998 2582 1122 2628 μόνον

256 2634 387 2679 ἕνεκα,
417 2634 514 2671 ἀλλὰ
540 2638 607 2670 καὶ
635 2632 704 2670 τοῦ
728 2632 953 2680 Αὐγούστου
982 2633 1051 2669 τοῦ
1080 2644 1122 2669 τε

256 2685 400 2736 πατρὸς
414 2684 534 2722 αὐτοῦ
550 2686 619 2720 τοῦ
632 2682 792 2720 Ἰουλίου
802 2711 811 2728 ,
835 2683 1012 2734 καθάπερ
1028 2684 1122 2718 ποτὲ

255 2738 452 2779 ἐδέδοκτο,
474 2735 732 2781 ψηφισθῆναι
754 2736 948 2780 ἐποίησεν.
970 2753 1005 2759 -
1021 2744 1122 2777 prae-

255 2795 353 2824 turae
373 2793 472 2822 extra
494 2787 654 2830 ordinem]
684 2796 791 2829 supra
818 2794 1007 2820 numerum
1030 2785 1122 2818 ordi-

255 2841 395 2873 narium
419 2839 455 2872 et
477 2839 573 2871 extra
597 2838 821 2870 comitiorum
844 2836 1017 2869 ordinem.
1054 2835 1122 2868 Ob-

255 2890 444 2923 strinxerat
479 2887 625 2929 quidem
663 2887 822 2920 Tiberius
860 2888 935 2919 iure
972 2885 1121 2919 iurando

255 2940 305 2982 (A.
325 2941 356 2979 4,
383 2938 436 2980 ili)
460 2946 499 2971 se
522 2946 711 2970 numerum
727 2937 797 2969 Xll.
823 2938 1028 2979 praetorum
1050 2944 1120 2969 non

255 2998 335 3023 esse
359 2995 601 3022 excessurum.
638 2987 702 3019 Dio
725 2988 845 3019 tamen
867 2987 921 3026 58,
946 2987 988 3020 20
1016 2985 1121 3018 tradit

255 3039 383 3072 deinde
419 3037 516 3071 illum
544 3036 651 3070 modo
674 3036 746 3076 XV,
779 3036 887 3069 modo
914 3036 990 3068 XVI
1013 3044 1120 3078 prae-

254 3090 350 3122 tores
374 3095 529 3121 creasse.
569 3085 707 3119 Scilicet
735 3086 909 3128 praeturis
939 3087 1035 3118 extra
1058 3094 1119 3118 or-

255 3138 374 3171 dinem
392 3138 482 3170 datis
504 3137 559 3169 ius
575 3134 763 3168 iurandum
779 3133 862 3167 illud
878 3143 950 3167 non
964 3133 1116 3175 violavit,

255 3188 336 3229 quia
372 3187 570 3220 ordinarius
603 3192 774 3218 numerus
808 3185 879 3217 XII.
915 3186 1119 3226 praetorum

254 3237 393 3271 mansit.
433 3235 535 3278 Apud
566 3236 708 3268 sueton.
733 3232 842 3275 Calig.
869 3233 921 3266 48.
947 3234 1054 3266 etiam
1078 3234 1115 3267 C.

256 3288 388 3320 Caesar
412 3288 615 3329 praetorem
637 3286 737 3318 extra
759 3283 922 3316 ordinem
945 3283 1116 3324 designat.

254 3337 398 3370 WALru.
443 3337 537 3369 Unus
573 3333 680 3367 modo
716 3334 859 3376 praetor
894 3331 1049 3372 obierat3
1089 3334 1117 3366 si

255 3393 443 3419 numerum
457 3384 650 3426 legitimum
661 3383 731 3416 XII.
743 3384 947 3426 praetorum
958 3382 1117 3416 Tiberius

256 3444 327 3470 non
341 3435 437 3469 auxit
458 3434 565 3476 (quod
584 3442 624 3467 se
640 3441 711 3467 non
725 3432 900 3467 facturum
914 3432 1115 3475 iuraverat),

1181 1482 1338 1524 reliquae
1376 1485 1563 1526 praeturae
1601 1484 1636 1516 in
1674 1485 1876 1527 proximum
1914 1492 2048 1518 aunum

1181 1533 1375 1566 destinatae
1400 1535 1510 1566 erant.
1535 1535 1662 1567 Dimum.
1689 1551 1726 1558 —
1750 1535 1958 1576 Messalinus]
1981 1535 2050 1568 de-

1180 1592 1290 1624 gener
1313 1583 1483 1617 Messalae
1507 1585 1654 1618 oratoris
1678 1584 1780 1618 filius.
1827 1584 1912 1619 Plin.
1937 1587 1978 1618 N.
2003 1586 2045 1619 H.

1180 1635 1240 1674 40,
1273 1633 1370 1675 552.
1417 1635 1557 1667 Persius
1580 1636 1618 1674 2,
1653 1635 1712 1667 72:
1750 1636 1865 1678 magni
1886 1635 2050 1669 Messalae

1178 1683 1271 1725 lippa
1294 1693 1458 1726 propago.
1498 1684 1552 1717 Ad
1575 1693 1682 1727 quem
1711 1684 1829 1718 locum
1852 1685 2046 1719 Scholiasta

1178 1734 1268 1767 haec
1296 1735 1491 1767 adnotavit:
1528 1735 1679 1768 «Cottam
1705 1736 1920 1769 Messalinum
1948 1735 2046 1777 dicit,

1178 1784 1239 1825 qui
1262 1786 1334 1817 tam
1350 1785 1494 1818 vitiosos
1510 1784 1632 1818 oculos
1654 1786 1690 1818 in
1709 1788 1894 1819 senectute
1909 1785 2044 1827 habuit,

1178 1835 1217 1867 ut
1252 1834 1444 1877 palpebrae
1481 1835 1557 1868 eius
1591 1836 1626 1868 in
1662 1837 1874 1869 exteriorem
1908 1837 2047 1878 partem

1176 1886 1410 1918 verterentur.
1455 1885 1520 1918 Hic
1542 1885 1587 1918 ab
1610 1885 1751 1919 Aurelio
1775 1887 1875 1920 Cotta
1898 1886 2047 1929 adopta·

1178 1935 1235 1968 tus
1256 1936 1411 1968 Aurelius
1431 1936 1606 1969 Maoeimus
1635 1935 1837 1977 dicebatur,
1873 1937 2046 1978 originem

1178 1985 1323 2018 trahens
1346 1995 1366 2018 a
1390 1985 1527 2018 Valerio
1550 1985 1719 2027 Messala,
1744 1987 1805 2028 qui
1828 1986 1960 2028 septies
1982 1986 2046 2020 fuit

1177 2034 1334 2068 consul«
1381 2035 1432 2068 Cf.
1457 2034 1497 2075 4,
1521 2036 1575 2068 20.
1611 2037 1650 2077 5,
1676 2036 1708 2069 3.
1746 2037 1782 2077 6,
1806 2037 1839 2069 5.
1875 2036 1975 2069 ovid.
2001 2044 2045 2069 ex

1176 2086 1285 2118 Ponto
1308 2086 1342 2126 2,
1366 2085 1399 2118 8.
1430 2085 1463 2126 3,
1487 2086 1519 2118 2.
1545 2086 1578 2118 5.
1607 2085 1641 2126 4,
1666 2086 1720 2126 46,
1745 2085 1886 2119 lli-44.
1919 2085 2041 2119 Vellei.

1176 2135 1214 2175 2,
1247 2135 1323 2168 442.
1347 2153 1391 2159 -—
1417 2145 1459 2168 ne
1490 2136 1604 2178 imago
1632 2136 1763 2169 Libonis
1796 2136 1878 2178 cet.]
1913 2135 2044 2170 Plinius

1176 2186 1216 2217 N.
1242 2185 1284 2218 H.
1309 2185 1371 2226 35,
1403 2185 1426 2227 S*
1448 2186 1486 2218 6:
1523 2185 1620 2227 Apud
1644 2187 1788 2219 maiores
1817 2187 1853 2218 in
1883 2187 2045 2219 atriis--

1175 2235 1323 2276 expressi
1358 2244 1438 2268 cera
1473 2235 1581 2268 voltus
1616 2236 1753 2278 singulis
1788 2236 2046 2278 disponebantur

1175 2285 1354 2326 armariis,
1380 2289 1418 2318 ut
1439 2289 1541 2318 essent
1562 2286 1725 2328 imagines
1741 2295 1827 2327 quae
1847 2288 2046 2320 comitaren-

1175 2338 1232 2367 tur
1253 2336 1423 2378 gentilicia
1443 2336 1585 2377 funera,
1609 2345 1800 2378 semperque
1815 2337 1968 2379 defuncto
1981 2337 2044 2370 ali-

1174 2394 1239 2428 quo
1267 2389 1354 2418 totus
1382 2387 1500 2419 aderat
1527 2386 1679 2428 familiae
1705 2387 1776 2420 eius
1797 2388 1856 2428 qui
1881 2396 2045 2430 mquam»

1171 2436 1285 2477 fuerat
1303 2436 1456 2477 populus.
1500 2437 1551 2469 Ci.
1577 2438 1617 2477 3,
1650 2437 1704 2470 76.
1732 2454 1768 2460 -
1793 2440 2044 2479 cognomentum

1172 2486 1287 2528 Drusi]
1322 2486 1378 2519 Sic
1409 2485 1491 2519 alibi
1523 2486 1765 2528 praenominis
1799 2487 1946 2520 mutatio
1976 2487 2043 2520 de·-

1173 2536 1340 2569 cernitur.
1381 2535 1434 2569 Cf.
1459 2536 1498 2576 3,
1531 2537 1586 2569 47.
1624 2537 1698 2569 Liv.
1723 2536 1762 2577 6,
1794 2537 1848 2571 20.
1895 2537 2039 2570 Sueten.

1172 2585 1247 2619 Tib.
1265 2587 1338 2618 4.-
1358 2585 1416 2619 Cn.
1429 2586 1596 2626 Lentulus]
1613 2586 1701 2619 Vide
1718 2585 1764 2618 ad
1778 2585 1813 2626 4,
1829 2586 1883 2620 u.
1895 2603 1932 2611 —
1948 2588 2043 2621 Pon·-

1168 2635 1263 2676 pom'i
1284 2635 1407 2677 Flacci]
1443 2634 1596 2669 consulis
1627 2635 1811 2677 designati.
1849 2636 1900 2669 Cf.
1926 2645 1958 2670 c.
1982 2635 2038 2670 44.

1171 2684 1227 2718 66.
1252 2685 1284 2724 6,
1309 2685 1363 2717 27.
1391 2702 1427 2708 -
1453 2685 1520 2718 dies
1539 2685 1651 2727 festus]
1678 2684 1925 2719 Kalendarium
1946 2686 2042 2719 Ami-

1171 2735 1349 2768 terninum
1372 2735 1513 2777 (Inscrr.
1533 2736 1622 2767 Latt.
1640 2733 1715 2767 Vol.
1733 2735 1778 2773 II,
1804 2743 1840 2777 p.
1859 2735 1935 2768 398.
1956 2736 1982 2768 I.
1996 2736 2037 2769 R.

1171 2785 1281 2827 Neap.
1306 2794 1341 2818 n.
1367 2785 1483 2826 5750):
1509 2785 1637 2817 EIDus.
1661 2785 1817 2824 Nefastus
1838 2785 1945 2818 Mor.
1969 2785 2040 2818 FE-

1171 2834 1253 2868 Riae
1275 2835 1335 2867 EX
1351 2834 1388 2867 S.
1406 2834 1441 2868 G.
1468 2835 1563 2875 Quod
1583 2835 1634 2867 Eo
1654 2835 1720 2867 Die
1741 2835 1924 2879 NEF'ARJA
1939 2835 2040 2868 CON—

1170 2884 1278 2917 SILIA
1302 2884 1414 2926 QVAE
1435 2884 1498 2917 DE
1520 2884 1681 2917 SALVTE
1710 2883 1759 2917 TI.
1784 2884 1901 2917 CAES.
1924 2885 2039 2917 LIBE-

1170 2934 1357 2975 RORVMQ.
1387 2934 1487 2967 EIVS
1514 2934 1572 2966 ET
1596 2934 1787 2967 ALIORVM
1811 2934 2040 2968 PRINCIPVH

1170 2984 1371 3018 GWITATIS
1392 2984 1496 3024 ΠΕΟ.
1514 2984 1551 3016 R.
1568 2983 1720 3016 PJNITA
1743 2983 1799 3017 AB
1813 2984 1862 3017 Μ.
1877 2983 2038 3016 LIBONE'

1169 3034 1313 3068 ERANT
1341 3034 1392 3067 IN
1410 3033 1580 3066 SENATV
1606 3033 1812 3066 CONVICTA
1847 3033 1970 3066 SVNT.
1996 3050 2034 3057 —

1171 3085 1287 3118 Gallus
1304 3084 1446 3126 Asinius]
1472 3082 1522 3116 Cf.
1549 3084 1582 3123 4,
1608 3084 1661 3116 42.
1682 3100 1718 3107 -
1742 3083 1867 3124 Papius
1886 3083 2035 3126 Mutilus]

1170 3133 1292 3168 consul
1315 3133 1484 3168 suffectus
1508 3141 1539 3166 a.
1558 3133 1633 3166 762.
1665 3133 1704 3166 In
1719 3132 1816 3166 fastis
1832 3131 2035 3175 Capitolinis

1170 3185 1316 3217 vocatur
1336 3185 1383 3218 Μ.
1401 3182 1523 3224 Papius
1542 3183 1590 3216 M.
1613 3183 1639 3224 f.
1662 3183 1709 3216 Μ.
1727 3192 1761 3216 n.
1778 3183 1933 3223 Rutilia,
1957 3183 2033 3217 eius

1170 3233 1302 3276 collega
1337 3234 1374 3275 Q.
1398 3234 1568 3274 Poppaeus
1602 3233 1640 3274 Q.
1663 3233 1689 3274 f.
1723 3233 1761 3274 Q.
1785 3242 1820 3266 n.
1851 3232 2029 3266 secundm.

1170 3284 1220 3317 Ex
1241 3285 1392 3325 utroque
1416 3291 1546 3316 nomen
1565 3281 1663 3315 duxit
1677 3281 1732 3315 lex
1747 3281 1852 3323 Papia
1865 3282 2030 3323 Poppaea.

1171 3333 1221 3367 Cf.
1246 3334 1311 3366 Dio
1333 3333 1396 3373 56,
1420 3332 1475 3365 40.
1499 3350 1544 3357 --
1571 3332 1609 3366 L.
1631 3331 1810 3373 Apronius]
1839 3331 1891 3365 ct.
1916 3332 1950 3372 4,
1973 3332 2028 3365 56.

1168 3400 1212 3407 —
1244 3382 1461 3415 auctoritates
1501 3381 1788 3422 adulationesque]
1836 3382 2030 3414 sententias

1168 3431 1377 3467 adulationis
1398 3430 1532 3475 plenas.
1561 3449 1596 3457 -
1618 3431 1713 3474 sacta
1733 3433 1766 3466 et
1785 3431 1825 3465 do
1843 3431 2030 3465 minm-
