2254 3770
744 664 801 714 P.
846 662 1272 715 CORNELII
1318 662 1627 715 TACITI

621 795 1757 856 ANNALIIJM

831 933 897 972 AB
923 932 1162 974 EXCESSU
1186 932 1290 974 DIVI
1314 931 1534 973 AUGUSTI

766 1046 951 1091 LIBER
986 1046 1265 1100 QUARTUS
1303 1046 1601 1119 DECIMUS.

852 1301 1278 1345 BREVIARIUM
1312 1304 1506 1345 LIBRI.

282 1392 357 1428 Cap·
379 1391 405 1420 i.
435 1390 522 1420 Nero
541 1389 654 1429 matris
674 1390 811 1420 caedem
833 1391 946 1430 agitat,
967 1392 1122 1422 incitante
1141 1392 1302 1430 Poppaea.
1335 1394 1364 1422 2.
1384 1393 1557 1430 Agrippina
1571 1393 1734 1423 incestum
1752 1396 1903 1432 temptat3
1931 1401 1972 1424 an
1991 1393 2077 1424 Nero

317 1440 452 1479 potius?
490 1442 519 1471 3.
545 1439 592 1470 De
621 1441 726 1471 caede
752 1441 863 1471 matris
893 1442 1055 1472 deliberat
1080 1442 1175 1473 Nero.
1215 1443 1340 1473 Aniceti
1362 1444 1545 1473 consilium.
1585 1442 1614 1473 4.
1635 1443 1830 1481 Agrippinae
1851 1451 1927 1474 cum
1946 1443 2078 1474 Nerone

317 1492 429 1522 scelus
449 1492 577 1522 celante
596 1491 793 1521 convivium.
824 1491 852 1522 5.
874 1492 954 1521 Mari
966 1494 1146 1529 mergenda
1161 1500 1260 1531 aegre
1274 1494 1390 1523 evadit.
1412 1494 1587 1523 Acerronia
1602 1494 1703 1523 remis
1717 1494 1898 1524 conficitur.
1919 1494 1947 1525 6.
1962 1495 2078 1532 Agrip-

315 1543 392 1580 pina
412 1542 604 1572 dissimulat.
644 1542 673 1572 7.
694 1542 722 1572 8.
743 1541 830 1572 Nero
851 1543 1006 1580 trepidat,
1029 1550 1105 1572 cum
1124 1543 1226 1573 Burro
1247 1547 1279 1573 et
1299 1543 1424 1574 Seneca
1445 1544 1613 1573 deliberat.
1641 1544 1796 1575 Anicetus
1810 1545 1948 1575 caedem
1960 1545 2078 1582 Agrip-

315 1595 413 1630 pinae
434 1593 574 1629 suscipit
593 1595 627 1622 et
646 1595 821 1630 perpetrat.
855 1591 884 1621 9.
904 1593 1100 1631 Agrippinae
1118 1594 1202 1624 viles
1223 1595 1414 1631 exsequiae.
1450 1594 1496 1625 io.
1518 1593 1604 1624 Nero
1625 1595 1828 1625 conscientia
1841 1602 1978 1626 vaecors
1991 1596 2078 1626 adu-

314 1643 436 1673 latione
463 1644 606 1680 erigitur.
649 1643 696 1672 ii.
724 1642 851 1673 Litteris
870 1643 922 1678 [ad
952 1646 1103 1674 senatum
1136 1647 1274 1675 matrem
1305 1645 1402 1675 etiam
1430 1648 1505 1682 post
1528 1646 1591 1675 fata
1618 1646 1817 1676 criminatur.
1859 1646 1907 1677 ⁴2.
1937 1645 2078 1677 Senatus

315 1694 451 1731 turpiter
469 1694 628 1724 adulatur.
670 1693 813 1723 Thrasea
831 1694 950 1724 Paetus
969 1695 1077 1725 virum
1097 1703 1134 1726 se
1155 1698 1308 1733 praestat.
1347 1695 1434 1725 Nero
1453 1696 1532 1726 mite
1552 1696 1718 1733 ingenium
1738 1697 1878 1726 affectat.

353 1744 399 1774 43.
421 1744 543 1774 Urbem
562 1745 658 1774 intrat
677 1745 812 1783 anxius;
833 1745 1007 1776 blanditias
1028 1750 1184 1784 expertus
1204 1747 1237 1776 in
1251 1754 1366 1776 omnes
1385 1747 1539 1777 libidines
1559 1755 1596 1776 se
1611 1748 1757 1777 effundit.
1787 1746 1836 1777 ⁴4.
1850 1747 2075 1786 citharoedus,

315 1796 438 1833 auriga,
460 1796 589 1825 nobiles
609 1795 650 1825 ad
670 1796 760 1832 paria
779 1796 899 1833 flagitia
918 1797 1027 1833 adigit.
1060 1798 1106 1828 ⁴5.
1128 1798 1304 1828 Iuvenalia.
1331 1797 1418 1827 Nero
1438 1799 1471 1827 in
1490 1805 1620 1829 scaena.
1649 1798 1867 1835 Augustianos
1886 1798 2074 1828 conscribit.

313 1844 359 1874 ⁴6.
382 1844 528 1875 Carmina
547 1846 667 1883 pangit.
709 1845 925 1883 Philosophos
945 1847 1039 1878 ridet.
1080 1848 1128 1879 47.
1150 1848 1273 1879 Caedes
1300 1849 1385 1878 inter
1403 1848 1586 1878 Nucerinos
1607 1851 1639 1878 et
1658 1849 1874 1885 Pompeianos
1895 1848 2071 1878 occasione

313 1895 493 1932 gladiatorii
508 1896 698 1933 spectaculi.
721 1897 769 1927 48.
783 1897 920 1927 Blaesus
935 1899 1116 1929 damnatur.
1137 1898 1251 1929 Strabo
1265 1900 1454 1930 absolvitur.
1478 1899 1524 1929 ⁴9.
1540 1899 1626 1929 Mors
1639 1898 1769 1928 Domitii
1781 1898 1857 1937 Afri,
1878 1898 1920 1928 M.
1936 1897 2073 1928 Servilii.

314 1946 362 1977 20.
393 1946 641 1983 Quinquennale
667 1947 831 1977 ludicrum
857 1948 990 1978 Romae.
1030 1949 1125 1979 Varia
1151 1950 1193 1979 de
1221 1950 1307 1980 ludis
1334 1951 1441 1988 sama;
1471 1957 1586 1979 eorum
1614 1948 1786 1986 vituperia.
1826 1949 1874 1980 2⁴.
1894 1947 2023 1978 Laudes
2042 1949 2077 1977 et

313 1997 494 2027 excusatio.
520 1996 607 2027 Nero
622 1999 831 2034 eloquentiae
843 1999 957 2029 victor.
988 1999 1035 2031 22.
1050 2000 1211 2030 Por-tentis
1225 2003 1410 2030 commotus
1423 2001 1610 2030 Rubellium
1623 2000 1772 2030 Plautum
1785 1999 1819 2028 in
1833 1997 1984 2029 exsilium
1997 1997 2073 2034 agit.

350 2047 397 2078 23.
420 2046 560 2077 Corbulo
580 2048 765 2078 Mardorum
784 2049 953 2079 latrocinia
973 2051 1074 2087 punit.
1108 2050 1155 2082 24.
1177 2051 1412 2081 Percussorem
1431 2051 1520 2091 vitat,
1543 2050 1769 2088 Tigranocerta
1788 2049 1885 2086 capit.
1917 2048 1964 2080 25.
1986 2047 2074 2086 Hyr-

313 2104 412 2128 canos
431 2099 464 2127 in
485 2099 679 2128 societatem
698 2099 824 2136 recipit.
854 2099 901 2130 26.
925 2100 1087 2131 Tiridaten
1109 2104 1199 2131 arcet
1217 2102 1258 2131 ab
1272 2101 1441 2139 Armenia,
1464 2108 1560 2138 quam
1583 2101 1677 2130 tradit
1690 2100 1827 2137 Tigrani.
1850 2098 1962 2136 Syriae
1974 2105 2074 2135 prae-

312 2149 430 2179 ficitur.
470 2147 517 2178 27.
539 2148 681 2187 Puteoli,
705 2148 896 2188 Tarentum,
916 2151 1045 2181 Antium
1065 2152 1224 2182 coloniae.
1264 2150 1310 2182 28.
1334 2151 1468 2181 Comitia
1486 2152 1660 2187 praetoria.
1693 2151 1806 2180 Vibius
1826 2149 2008 2179 damnatus.

348 2200 397 2231 29.
422 2199 537 2229 Clades
561 2199 756 2229 Britannica.
799 2200 974 2231 Suetonius
1002 2202 1131 2231 Monam
1160 2202 1291 2232 invadit.
1330 2201 1377 2232 30.
1406 2201 1531 2231 Incolas
1558 2202 1678 2231 domat.
1717 2201 1765 2231 31.
1795 2199 1884 2229 Iceni
1909 2199 2074 2230 Boudicca

312 2250 399 2279 duce
429 2252 462 2280 et
481 2249 705 2279 Trinobantes
734 2251 905 2280 rebellant.
944 2251 992 2283 32.
1014 2252 1274 2283 Camulodunum
1303 2254 1505 2290 expugnant,
1536 2251 1685 2281 Petilium
1711 2251 1869 2281 Cerialem
1891 2257 1968 2280 cum
1987 2257 2074 2280 nona

310 2300 441 2336 legione
461 2301 610 2330 fundunt.
650 2300 697 2331 33.
718 2300 744 2329 A
764 2300 920 2331 Suetonio
942 2302 1112 2332 desertum
1132 2303 1326 2333 Londinium
1346 2305 1379 2332 et
1392 2303 1614 2332 Verulamium
1634 2301 1789 2339 spoliant,
1811 2301 1903 2331 cives
1915 2303 1948 2330 et
1963 2300 2074 2330 socios

312 2349 533 2379 Romanorum
552 2350 725 2380 trucidant.
765 2350 1105 2383 34—37.·Boudiccam
1125 2354 1339 2383 ferocientem
1358 2355 1493 2389 superat
1511 2353 1698 2382 Suetonius.
1735 2351 1808 2388 Ipsa
1826 2358 1956 2381 veneno
1975 2350 2075 2381 vitam

311 2400 390 2431 finit.
431 2400 571 2430 Poenius
601 2400 776 2430 Postumus
804 2401 912 2437 gladio
943 2409 980 2432 se
1011 2404 1167 2441 transigit.
1206 2403 1253 2433 38.
1276 2403 1492 2432 classicianus
1530 2402 1684 2432 Suetonio
1714 2402 1841 2432 discors
1870 2408 1926 2430 res
1955 2401 2072 2431 turbat.

311 2449 358 2480 39.
379 2451 498 2480 Missus
518 2451 693 2488 Polyclitus
713 2452 864 2482 hostibus
885 2455 936 2482 est
955 2453 1076 2485 irrisui.
1111 2453 1267 2484 Suetonio
1288 2454 1461 2483 Petronius
1482 2453 1689 2490 Turpilianus
1709 2458 1886 2482 successor
1904 2451 2010 2482 datus.

349 2499 396 2531 40.
417 2499 466 2531 4⁴.
495 2501 543 2530 Ob
563 2502 681 2531 salsum
700 2504 931 2532 testamentum
952 2503 1107 2534 damnati.
1139 2502 1186 2534 42.
1208 2503 1372 2533 Pedanius
1393 2504 1577 2541 Secundus,
1599 2502 1690 2532 urbis
1711 2502 1909 2541 praefectus,
1930 2509 1950 2532 a
1969 2501 2075 2532 servis

313 2557 442 2581 caesus.
483 2551 624 2582 43-45.
651 2552 687 2582 ln
707 2560 766 2583 eos
784 2553 858 2590 lege
879 2554 930 2590 agi
949 2555 1019 2584 vult
1039 2554 1072 2584 C.
1088 2554 1217 2584 Cassius
1238 2557 1272 2583 et
1292 2557 1405 2583 contra
1425 2554 1564 2584 aliorum
1584 2553 1779 2583 sententiam
1799 2553 1933 2582 obtinet.
1963 2551 2075 2588 Popu-

309 2602 379 2632 lum
400 2602 563 2639 supplicio
582 2603 776 2633 renitentem
795 2602 881 2633 Nero
902 2604 1061 2641 increpat.
1100 2603 1147 2634 46.
1171 2604 1354 2640 Tarquitius
1373 2604 1504 2634 Priscus
1525 2604 1708 2634 damnatus.
1740 2602 1865 2632 Census
1880 2609 1940 2639 per
1953 2601 2074 2631 Gallias

313 2656 418 2684 actus.
458 2653 506 2684 47.
527 2652 613 2682 Mors
638 2656 671 2683 et
695 2653 769 2683 laus
794 2654 937 2684 Memmii
964 2654 1088 2692 Reguli.
1128 2654 1175 2684 48.
1197 2655 1351 2684 Antistius
1370 2655 1548 2685 maiestatis
1568 2654 1712 2692 delatus,
1743 2652 1792 2683 49.
1813 2659 1832 2683 a
1851 2652 1993 2682 Thrasea
2011 2652 2074 2682 de-

311 2705 436 2734 fensus.
475 2704 524 2734 50.
544 2703 711 2733 Fabricius
730 2703 865 2734 Veiento
885 2705 1071 2735 calumniae
1090 2712 1169 2735 reus
1190 2705 1277 2734 ltalia
1297 2704 1437 2742 pellitur.

348 2754 397 2785 5⁴.
423 2754 515 2784 Burri
543 2761 649 2793 morS,
670 2756 768 2793 ilaus,
803 2762 1018 2785 successores
1046 2755 1146 2785 Rufus
1175 2758 1208 2785 et
1236 2755 1414 2792 Tigillinus.
1465 2755 1543 2787 52-
1558 2754 1606 2785 56.
1633 2755 1879 2786 criminationes
1906 2755 2072 2785 discutere

312 2808 404 2843 parat
432 2805 558 2835 Seneca
584 2806 671 2843 apud
698 2806 870 2836 Caesarem
895 2809 929 2837 et
958 2808 1176 2836 commeatum
1195 2806 1296 2843 petit:
1328 2806 1384 2842 qui
1404 2806 1544 2836 subdole
1562 2807 1749 2843 respondet.
1787 2805 1931 2836 57-59,
1954 2804 2072 2835 Rufum

312 2856 475 2886 imminuit
494 2855 678 2895 Tigillinus‚
700 2857 811 2887 Plauto
831 2860 864 2887 et
884 2857 992 2886 Sullae
1013 2857 1198 2893 periculum
1218 2855 1330 2885 struit:
1352 2863 1411 2885 eos
1431 2856 1592 2893 opprimit.
1745 2854 1748 2858 '

350 2906 397 2936 60.
417 2905 504 2936 Nero
524 2906 622 2935 ducta
641 2906 791 2944 Poppaea
813 2907 979 2937 Octaviam
999 2907 1160 2936 amolitur.
1201 2906 1283 2935 Tum
1301 2907 1387 2935 hanc
1405 2908 1559 2945 revocat,
1587 2906 1634 2936 61.
1655 2907 1795 2936 laetante
1817 2906 1950 2944 populo.
1984 2905 2071 2942 Pop-

312 2963 416 2992 paeae
445 2962 522 2985 mox
550 2957 656 2986 honos
687 2958 860 2994 repositus.
900 2958 979 2987 Eius
1007 2957 1084 2987 doli.
1125 2955 1266 2988 62—64.
1295 2956 1419 2986 Aniceti
1449 2956 1578 2986 scelere
1598 2956 1730 2986 Octavia
1750 2957 1783 2986 in
1803 2957 1955 2987 exsilium
1975 2955 2071 2993 pulsa

313 3009 450 3036 necatur
468 3006 502 3035 in
521 3005 722 3036 Pandateria.
765 3007 963 3044 Temporum
982 3007 1166 3037 infelicitas.
1205 3006 1252 3036 65.
1275 3005 1421 3037 Libertos
1441 3007 1671 3043 Doryphorum
1690 3008 1724 3036 et
1743 3006 1923 3037 Pallantem
1940 3013 2070 3037 veneno

312 3056 394 3086 tollit
410 3056 507 3087 Nero.
538 3055 664 3085 Seneca
683 3055 860 3084 incusatur.
894 3054 967 3084 Piso
987 3054 1109 3089 Neroni
1130 3054 1311 3083 insidiatur.

353 3107 449 3137 Gesta
468 3108 551 3136 haec
569 3104 661 3135 annis
682 3104 811 3133 circiter
831 3107 999 3142 quattuor,
1025 3105 1056 3134 C.
1077 3104 1231 3141 Vipstano
1258 3103 1292 3134 C.
1313 3104 1447 3135 Fonteio
1469 3104 1639 3142 Capitone,
1661 3104 1738 3141 imp.
1761 3103 1892 3134 Nerone
1911 3102 1950 3133 IV
1969 3101 2068 3132 Cosso

313 3157 459 3188 Cornelio
477 3155 624 3194 Lentulo,
645 3154 678 3185 C.
695 3153 851 3184 Caesonio
872 3154 968 3184 Paeto
988 3154 1019 3186 C.
1039 3154 1191 3185 Petronio
1205 3154 1399 3194 Turpiliano,
1418 3154 1453 3186 P.
1467 3154 1567 3185 Mario
1582 3154 1675 3185 Celso
1694 3153 1727 3184 L.
1740 3154 1850 3185 Asinio
1871 3153 1961 3184 Gallo
1980 3158 2067 3182 coss.
