2254 3770
666 295 821 340 LIBER
849 295 914 339 IV.
961 293 1062 351 Cap.
1092 293 1159 336 47.
1189 293 1257 336 48.
1287 292 1354 335 49.
1385 293 1452 335 50.
1884 290 1958 335 244

183 411 303 464 perta
335 403 421 447 duo
452 401 619 460 agmina
647 406 814 459 parant,
854 414 1038 459 quorum
1068 398 1200 442 altero
1231 399 1505 457 populatores
1534 397 1852 448 invaderentur,
1897 397 1966 441 alii

183 486 322 525 castra
365 480 552 523 Romana
597 477 906 535 adpugnarent,
952 489 1035 519 non
1075 489 1151 533 spe
1183 474 1395 533 capiendi,
1443 473 1521 519 sed
1551 480 1597 517 ut
1626 473 1829 525 clamore,
1871 472 1967 517 telis

183 569 262 600 suo
301 554 486 613 quisque
526 551 718 611 periculo
756 551 940 595 intentus
981 564 1183 594 sonorem
1220 549 1392 594 alterius
1430 549 1580 609 proelii
1621 563 1705 593 non
1741 549 1967 606 acciperet.

181 630 385 675 tenebrae
429 629 606 686 insuper
650 627 842 671 delectae
886 625 1126 683 augendam
1167 625 1220 669 ad
1260 625 1540 669 formidinem.
1593 624 1672 669 sed
1709 625 1782 683 qui
1812 623 1970 679 vallum

180 706 398 764 legionum
417 703 695 761 temptabant,
721 702 841 746 facile
862 701 1093 759 pelluntur3
1121 701 1357 745 Thraecum
1378 701 1532 745 auxilia
1552 700 1774 759 repentino
1797 700 2001 744 incursus

184 781 346 831 territa,
380 794 478 824 cum
506 792 607 837 pars
635 777 941 821 munitionibus
972 777 1232 828 adiacerent,
1264 776 1410 835 plures
1432 784 1549 822 extra
1567 777 1822 835 palarentur,
1854 782 1969 819 tanto

183 855 388 900 infensius
435 855 568 904 caesi,
615 859 772 912 quanto
826 852 1030 910 perfugae
1073 859 1116 896 et
1159 852 1415 910 proditoresv
1440 853 1550 897 ferre
1589 867 1707 898 arma
1745 853 1799 897 ad
1846 866 1972 896 suum

183 932 432 990 patriaeque
458 929 693 979 ‚servitium
729 928 1046 973 incusabantur.
1102 928 1181 984 (49)
1221 934 1394 985 postera
1425 928 1494 973 die
1525 929 1707 974 Sabinus
1739 929 1972 973 exercitum

185 1020 326 1065 aequo
356 1005 451 1050 loco
474 1004 671 1055 ostendit,
704 1004 739 1048 si
760 1003 932 1048 barbari
952 1017 1158 1048 successu
1179 1005 1315 1048 noctis
1336 1003 1501 1049 alacres
1520 1005 1733 1063 proelium
1752 1005 1970 1049 auderent.

187 1090 229 1128 et
257 1088 483 1140 postquam
511 1079 685 1125 castello
706 1086 777 1123 aut
798 1079 1034 1124 coniunctis
1056 1079 1227 1123 tumulis
1248 1094 1333 1124 non
1354 1079 1725 1138 degrediebantur,
1758 1081 2022 1126 obsidiumio

187 1158 328 1216 coepit
362 1171 441 1216 per
477 1155 711 1214 praesidia,
757 1169 867 1213 quae
898 1161 1137 1212 opportune
1167 1156 1251 1198 iam
1281 1156 1519 1210 muniebat3
1558 1156 1658 1201 dein
1687 1157 1846 1201 fossam
1874 1157 1975 1200 lori-

187 1247 369 1291 camque
411 1240 641 1277 contexens
678 1237 877 1289 quattuor
905 1229 1020 1274 milia
1059 1244 1264 1288 passuum
1294 1231 1455 1275 ambitu
1489 1232 1710 1290 amplexus
1748 1239 1839 1290 est;
1884 1239 1975 1276 tum

185 1308 406 1368 paulatim,
452 1314 499 1351 ut
538 1321 694 1366 aquam
732 1302 1023 1364 pabulumque
1053 1307 1257 1369 eriperet,
1301 1308 1552 1352 contrahere
1584 1308 1768 1352 claustra
1797 1315 1973 1367 artaque

187 1383 474 1436 circumdare;
520 1389 563 1427 et
602 1382 844 1427 struebatur
884 1396 1029 1439 agger,
1077 1382 1192 1426 unde
1222 1397 1324 1427 saxa
1353 1383 1500 1428 hastae
1536 1385 1657 1443 ignes
1685 1385 1976 1443 propinquum

187 1461 273 1504 iam
301 1460 344 1503 in
374 1459 539 1503 bostem
571 1459 823 1502 iacerentur.
855 1457 931 1501 sed
963 1457 1066 1501 nihil
1097 1471 1235 1516 aeque
1257 1473 1386 1517 quam
1415 1460 1505 1504 sitis
1535 1460 1754 1518 fatigabat,
1786 1475 1882 1505 cum
1912 1461 2025 1503 iri-⁴5

190 1550 295 1594 gens
324 1533 549 1578 multitudo
587 1533 842 1578 bellatorum
870 1532 1090 1577 inbellium
1118 1547 1204 1577 uno
1233 1534 1400 1593 reliquo
1430 1535 1544 1580 fonte
1572 1542 1805 1580 uterentur.
1851 1535 1976 1580 simul

188 1611 289 1669 equi
320 1616 531 1661 armenta,
562 1616 608 1653 ut
636 1623 728 1653 mos
760 1609 965 1659 barbaris,
999 1609 1113 1653 iuxta
1141 1609 1295 1660 clausa,
1328 1617 1517 1668 egestate
1546 1611 1692 1669 pabuli
1722 1612 1975 1664 exanimari3

189 1686 386 1731 adiacere
417 1697 597 1743 corpora
626 1684 861 1735 hominum,
904 1698 1014 1743 quos
1045 1685 1238 1737 vulnera,
1280 1700 1389 1744 quos
1421 1688 1512 1731 sitis
1543 1695 1805 1746 peremerat;
1845 1687 1976 1746 pollui

191 1768 342 1806 cuncta
371 1762 506 1809 sanie,
541 1760 687 1812 odore,
721 1766 930 1805 contactu.
978 1761 1199 1819 rebusque
1228 1761 1406 1806 turbatis
1435 1763 1593 1807 malum
1624 1771 1862 1809 extremum
1891 1764 1979 1807 dis-

190 1838 336 1881 cordia
374 1836 576 1887 accessit,
620 1836 683 1880 his
725 1836 1007 1888 deditionem,
1050 1836 1142 1880 aliis
1172 1843 1351 1881 mortem
1382 1845 1424 1882 et
1453 1836 1623 1884 mutuos
1653 1840 1764 1884 inter
1793 1854 1840 1884 se
1869 1840 1978 1884 ictus
1990 1848 2028 1879 20

190 1912 448 1970 parantibus.
509 1918 551 1956 et
592 1919 712 1956 erant
750 1912 823 1970 qui
865 1926 950 1956 non
984 1911 1163 1956 inultum
1193 1913 1367 1958 exitium
1404 1915 1482 1959 sed
1521 1916 1789 1974 eruptionem
1824 1914 1980 1959 suade-

190 1988 312 2047 rent[‚
344 2002 486 2046 neque
514 1987 737 2045 ignobiles,
769 1988 964 2045 quamvis
994 1987 1152 2032 diversi
1182 1990 1449 2048 sententiis].·
1476 1992 1556 2048 (50)
1578 2005 1729 2035 verum
1751 2005 1775 2035 e
1796 1991 1979 2035 ducibus

255 2129 287 2162 2.
313 2129 454 2161 clamori
474 2128 637 2162 Ritterus.
666 2145 701 2152 -
728 2127 759 2161 4.
786 2128 929 2161 detectae
949 2136 1003 2171 pr.
1029 2129 1063 2162 M
1089 2146 1124 2153 —
1161 2129 1192 2161 5.
1221 2129 1378 2162 Threcum
1399 2130 1433 2163 M
1458 2147 1492 2153 -
1520 2130 1551 2163 6.
1574 2130 1775 2172 palarentur
1796 2131 1849 2165 M:
1871 2131 1982 2172 pabu-

191 2185 344 2217 lar-entur
365 2193 501 2226 margo.
529 2201 565 2207 —
592 2185 624 2218 8.
650 2184 775 2217 sabinus
797 2193 851 2227 pr.
875 2185 911 2218 M
936 2201 972 2208 —
999 2185 1052 2217 40.
1078 2184 1353 2227 ἀερνοάἰοὸαηιαν
1374 2186 1545 2220 Pichena:
1578 2186 1830 2229 degrediebatur
1851 2187 1903 2227 M;
1929 2187 1983 2220 da·-

191 2240 426 2283 9rediebantur
439 2240 645 2275 Beroaldus.
664 2258 700 2265 -
720 2242 773 2274 44.
792 2244 976 2282 opportune
990 2242 1206 2275 immuniebat
1220 2243 1492 2285 Freinshemius,
1511 2242 1590 2277 coll.
1610 2244 1663 2284 44,
1682 2244 1738 2278 49.
1757 2261 1791 2269 -
1819 2243 1874 2277 43.
1891 2247 1984 2277 arte-

193 2306 256 2339 que
278 2292 452 2331 Heinsius.
485 2317 519 2322 —
545 2298 597 2331 46.
623 2297 721 2330 simul
743 2298 818 2339 equi
840 2298 996 2340 Lipsius:
1028 2299 1208 2340 simuleque
1231 2300 1282 2339 M;
1314 2300 1412 2332 simul
1434 2309 1538 2341 equae
1559 2298 1780 2339 Waltherus;
1804 2300 1903 2333 simul
1925 2309 1984 2333 ae—

194 2362 257 2395 que
277 2352 489 2394 Beroaldus3
521 2354 682 2396 simulque
705 2355 862 2389 Ursinus.
886 2373 930 2379 —
957 2355 1012 2388 24.
1037 2357 1224 2389 suaderent.
1248 2357 1362 2397 Neque
1383 2352 1562 2399 ignobiles,
1591 2357 1745 2397 quamvis
1766 2358 1888 2391 diversi
1909 2366 1984 2390 sen-

194 2409 320 2451 tentiis,
343 2419 461 2443 verum
482 2411 608 2444 Haase.
633 2411 752 2453 (neque
765 2428 816 2435 --
830 2411 996 2444 sententiis
1018 2413 1138 2454 spuria
1162 2420 1241 2445 esse
1264 2412 1352 2446 vidit
1373 2412 1554 2454 Ritterus.)

196 2534 247 2568 Cf.
271 2534 399 2577 Vergil.
424 2535 511 2569 Aen.
536 2536 568 2576 9,
594 2536 675 2569 49οῑ
708 2546 821 2569 somno
842 2538 987 2578 vinoque
1007 2546 1062 2570 so-
1113 2537 1354 2578 accusativus,
1383 2536 1592 2571 referendus
1621 2537 1667 2570 ad
1693 2537 1807 2571 subst.
1835 2537 1985 2570 claustra

194 2584 256 2616 luti
269 2584 484 2619 Procubuere.
505 2602 540 2609 —
561 2588 686 2627 quanto
703 2586 957 2628 incusabantur]
974 2587 1061 2620 Vide
1114 2586 1375 2630 (munimenta),
1402 2595 1493 2629 quae
1515 2587 1644 2620 artIora
1660 2596 1804 2629 semper
1820 2586 1982 2620 faciebat.

195 2633 239 2666 ad
264 2634 295 2674 3,
321 2635 353 2667 ὃ.
855 2656 876 2666 -
1117 2654 1153 2660 -
1188 2646 1294 2678 neque
1326 2636 1485 2679 ignobiles
1499 2655 1517 2661 -
1538 2654 1557 2661 -
1572 2637 1695 2669 diversi
1727 2636 1911 2679 sententiis]
1944 2637 1986 2671 Ut

237 2683 291 2718 49.
316 2685 475 2729 lonicum]
503 2687 668 2728 exiguum
695 2685 827 2721 vallum
854 2689 890 2720 et
916 2696 1062 2730 saepem
1114 2688 1206 2720 haec
1233 2686 1344 2720 verba
1376 2686 1557 2728 leguntur,
1588 2687 1623 2719 in
1654 2687 1756 2719 tertia
1780 2685 1892 2720 classe
1917 2685 1985 2719 ob-

195 2742 239 2766 ex
269 2734 424 2769 cratibus
452 2737 512 2768 aut
541 2737 658 2778 saepis
688 2737 799 2770 instar
829 2739 990 2779 (viminea
1012 2738 1064 2770 lo-
1115 2744 1297 2769 sessorum
1327 2736 1512 2769 diversitas
1543 2736 1798 2769 sententiarum
1822 2735 1983 2774 obtinuit,

193 2784 305 2817 ricula
334 2785 435 2818 Caes.
467 2786 505 2818 B.
538 2787 576 2819 G.
602 2786 645 2827 8,
673 2787 725 2828 9);
757 2788 964 2828 Bruscwehr,
996 2796 1064 2828 pa-

194 2837 303 2875 rapet.
329 2834 380 2867 Cf.
398 2835 484 2868 Hist.
503 2835 541 2875 4,
560 2835 621 2868 37:
646 2836 787 2870 loricam
800 2838 992 2878 vallumque
1001 2846 1066 2878 per

194 2884 276 2926 fines
296 2892 372 2916 suos
395 2884 527 2917 Treveri
549 2888 714 2918 stravere.
742 2887 837 2919 Curt.
859 2887 891 2927 9,
911 2888 969 2920 ⁴8:
994 2886 1065 2919 An-

196 2936 296 2975 gusta
321 2934 414 2966 muri
442 2944 567 2968 corona
597 2939 692 2968 erat:
722 2945 789 2969 non
807 2937 951 2978 pinnae,
982 2937 1067 2969 sicut

198 2982 296 3023 alibi,
319 2983 492 3025 fastigium
513 2986 584 3017 eius
606 2986 849 3027 distinxerant,
873 2987 927 3019 sed
943 2994 1066 3027 perpe-

199 3035 259 3064 tua
273 3033 379 3065 lorica
394 3032 535 3066 obducta
550 3036 730 3068 transitum
744 3039 922 3077 saepserat.
941 3036 1064 3077 Veget.

198 3081 232 3123 4,
248 3083 312 3115 28:
339 3082 523 3116 obsidentes
543 3084 636 3117 ultra
651 3086 776 3118 tactum
797 3086 852 3118 teli
872 3086 997 3127 fossam
1009 3085 1066 3126 sa-

198 3133 292 3164 ciunt
323 3141 462 3172 eamque
493 3141 561 3165 nen
593 3135 699 3166 solwm
731 3135 830 3167 vallis
859 3138 890 3167 et
919 3134 1065 3174 sudibus,

199 3181 255 3213 sed
281 3182 382 3214 etiam
411 3182 583 3215 turriculis
611 3184 799 3224 instruunt,
831 3187 870 3216 ut
890 3193 1068 3225 erwnpen-

200 3230 286 3262 tibus
306 3239 351 3263 ex
372 3231 505 3264 civitate
521 3232 652 3273 possint
672 3232 825 3266 obsistere
833 3241 845 3272 ,·
878 3234 965 3274 quod
988 3241 1068 3274 opus

202 3278 376 3313 loriculam
389 3284 518 3314 vocant.
541 3300 577 3305 —
595 3282 782 3324 contexens]
806 3283 881 3315 Hoc
901 3282 1065 3323 verbum,

203 3329 298 3369 quod
317 3331 459 3373 proprie
475 3331 521 3364 ad
536 3332 676 3364 loricam
690 3332 854 3374 pertinet,
879 3341 945 3375 per
960 3341 1068 3374 zeug-

203 3384 262 3410 ma
284 3379 390 3412 etiam
412 3380 459 3413 ad
478 3381 602 3423 fossam
623 3381 774 3414 refertur
795 3390 860 3424 pro
877 3382 1007 3415 ducens.
1028 3399 1064 3405 -

204 3427 360 3471 armeus]
384 3437 456 3462 non
479 3431 540 3470 est
556 3429 728 3470 ablativus
753 3430 828 3465 scil.
853 3431 977 3472 lorica,
1002 3430 1068 3464 sed

275 3487 414 3525 'rscirus
434 3491 462 3526 1.

1114 2788 1152 2819 ut
1175 2787 1294 2819 cetera
1310 2786 1418 2819 Taciti
1433 2786 1602 2826 narratio,
1628 2787 1663 2818 in
1680 2786 1808 2819 eadem
1825 2785 1985 2827 egregius

1115 2844 1311 2869 consensus
1341 2836 1414 2868 fuit.
1461 2836 1649 2869 Praeterea
1673 2845 1744 2869 non
1766 2835 1909 2878 paulum
1933 2834 1986 2866 la-

1115 2886 1218 2919 borat
1233 2885 1474 2927 oppositorum
1493 2886 1599 2918 ratio:
1626 2886 1755 2928 quippe
1772 2886 1986 2927 significatur

1115 2935 1325 2978 plerumque
1357 2931 1529 2976 ignobiles
1563 2943 1642 2968 esse
1673 2936 1734 2977 qui
1765 2935 1893 2967 diversi
1917 2934 1987 2967 sint

1116 2985 1310 3019 sententiis.
1346 2984 1447 3023 Quod
1471 2993 1553 3018 eum
1576 2985 1720 3019 minime
1737 2994 1865 3018 verum
1888 2985 1933 3017 sit
1950 2985 1986 3016 et

1115 3036 1230 3068 totum
1252 3033 1533 3068 additamentum
1550 3035 1678 3068 ceteris
1701 3035 1891 3077 repugnet,
1916 3033 1987 3066 hoc

1118 3093 1138 3116 a
1168 3084 1286 3117 Tacito
1318 3091 1397 3117 esse
1428 3085 1561 3125 nequit.
1596 3084 1796 3117 Profectum
1826 3082 1910 3115 illud
1933 3084 1987 3117 est

1118 3133 1163 3166 ab
1188 3142 1231 3166 eo
1254 3133 1315 3175 qui
1337 3132 1531 3167 admonere
1555 3133 1679 3174 voluit,
1706 3133 1857 3166 Thraces
1881 3133 1985 3166 tertio

1118 3183 1196 3216 loco
1230 3185 1447 3217 memoratos
1482 3193 1553 3217 non
1586 3185 1701 3216 minus
1732 3182 1839 3216 nobili
1869 3184 1986 3217 animo

1118 3233 1225 3267 fuisse
1259 3242 1366 3275 quam
1401 3233 1446 3266 de
1485 3233 1613 3276 quibus
1652 3233 1753 3265 antea
1788 3234 1987 3274 expositum

1119 3283 1210 3324 erat,
1235 3283 1398 3324 quamvis
1421 3282 1523 3315 aliam
1543 3281 1670 3323 agendi
1685 3282 1778 3314 viam
1795 3280 1984 3324 elegerint;

1119 3332 1184 3365 sed
1203 3333 1295 3366 hanc
1317 3333 1530 3367 sententiam
1554 3332 1677 3364 auctor
1699 3332 1774 3364 eius
1790 3332 1888 3366 iustis
1903 3341 1986 3367 ver-

1118 3381 1174 3416 bis
1197 3381 1314 3426 eloqui
1336 3392 1407 3416 non
1427 3382 1558 3425 potuit:
1585 3389 1667 3414 nam
1683 3380 1769 3415 illud
1783 3382 1902 3416 diversi
1916 3392 1987 3417 sen-

1119 3433 1228 3467 tentiis
1256 3434 1395 3466 nonnisi
1419 3432 1463 3466 de
1491 3432 1568 3475 ipsa
1590 3432 1692 3465 tertia
1716 3431 1828 3467 classe
1852 3433 1985 3467 dictum

1644 3490 1699 3536 46
