2254 3770
624 319 778 374 LIBER
804 329 888 373 xv.
933 329 1034 387 cap.
1063 328 1132 375 32.
1162 329 1230 373 33.
1260 329 1328 374 34.
1357 330 1425 375 35.

1842 327 1927 372 509

149 451 342 496 gnesque
370 443 414 481 et
441 436 672 496 antiquitus
701 450 846 481 sacras
875 449 1056 481 coronas
1086 434 1268 493 adeptus
1297 439 1458 481 maiore
1483 436 1592 480 fama
1611 434 1752 479 studia
1771 435 1927 478 civium

150 513 335 558 eliceret.
368 526 482 570 ergo
513 518 773 556 contractum
803 511 1115 571 oppidanorum
1142 512 1314 571 volgus,
1356 519 1398 556 et
1426 525 1536 571 quos
1566 525 1591 556 e
1619 510 1825 569 proximis
1855 523 1928 554 co-

150 589 274 633 loniis
303 594 346 632 et
374 588 615 645 municipiis
645 587 830 631 eiusrei
857 588 967 631 sama
988 588 1163 638 civerat,
1195 588 1357 646 quique
1378 588 1605 632 Caesarem
1625 600 1705 644 per
1725 585 1929 629 honorem

151 670 225 708 aut
250 664 393 707 varios
422 677 528 707 usus
559 670 792 715 sectantur,
825 663 951 706 etiam
980 662 1158 706 militum
1185 662 1408 721 manipuli,
1448 663 1660 707 theatrum
1688 660 1930 719 Neapolita-

149 752 303 783 norum
336 738 560 796 complent.

609 738 690 795 (34)
730 738 834 788 illic,
874 737 1070 796 plerique
1105 744 1151 781 ut
1187 738 1518 790 arbitrabantur,
1557 737 1695 789 triste,
1739 742 1786 780 ut
1820 736 1960 793 ipse,⁵

148 814 375 872 providum
404 814 546 872 potius
576 820 619 858 et
647 813 848 857 secundis
877 812 1121 856 numinibus
1150 814 1310 857 evenit:
1343 827 1441 857 nam
1468 826 1661 870 egresso,
1693 813 1767 870 qui
1796 810 1931 855 affue-

147 896 230 941 rat,
261 889 421 948 populo
450 903 633 933 vacuum
662 896 706 933 et
733 891 825 933 sine
854 888 980 932 ullius
1001 902 1110 932 noxa
1130 888 1339 933 theatrum
1360 888 1592 946 collapsum
1615 894 1692 932 est.
1723 900 1827 945 ergo
1851 900 1930 944 per

149 965 393 1023 conpositos
429 971 578 1008 cantus
615 971 756 1022 grates
786 964 852 1008 dis
882 971 1010 1022 atque
1042 964 1178 1022 ipsam
1208 964 1391 1008 recentis
1421 977 1548 1008 casus
1577 964 1787 1007 fortunam
1817 961 1931 1006 cele-

147 1040 275 1084 brans
313 1040 609 1098 petiturusque
646 1039 775 1083 maris
814 1039 998 1083 Hadriae
1042 1040 1243 1083 traiectus
1281 1039 1395 1097 apud
1436 1040 1726 1083 Beneventum
1762 1038 1930 1082 interim

148 1115 360 1166 consedit,
406 1115 480 1159 ubi
518 1114 812 1172 gladiatorium
843 1129 998 1158 munus
1027 1129 1052 1158 a
1082 1115 1245 1159 Vatinio
1274 1114 1447 1158 celebre
1479 1115 1697 1159 edebatur.
1741 1114 1979 1161 Vatiniusio

147 1192 257 1235 inter
284 1190 528 1234 foedissima
557 1191 650 1234 eius
680 1189 802 1234 aulae
832 1197 997 1234 ostenta
1025 1190 1116 1242 fuit,
1147 1190 1335 1234 sutrinae
1365 1190 1567 1234 tabernae
1592 1189 1803 1241 alumnus,
1836 1203 1931 1233 cor-

146 1279 253 1324 pore
273 1266 458 1317 detorto,
490 1265 652 1310 facetiis
673 1264 934 1317 scurrilibus,
961 1266 1099 1323 primo
1123 1267 1164 1308 in
1184 1265 1460 1310 contumelias
1481 1272 1745 1324 assumptus;
1776 1264 1930 1309 dehinc

148 1342 294 1399 optimi
324 1341 534 1399 cuiusque
564 1340 857 1385 criminatione
887 1354 940 1384 eo
970 1354 1110 1399 usque
1132 1340 1272 1392 valuit,
1303 1348 1350 1384 ut
1374 1341 1526 1398 gratia,
1558 1341 1752 1398 pecunia,
1782 1341 1930 1384 vino-

148 1416 272 1461 cendi
303 1417 430 1461 etiam
459 1416 594 1460 malos
623 1417 920 1474 praemineret.
966 1416 1048 1473 (35)
1080 1417 1174 1460 eius
1202 1430 1358 1460 munus
1387 1416 1671 1474 frequentanti
1689 1416 1846 1460 Neroni
1875 1429 1930 1460 ne

211 1570 243 1603 3.
267 1569 396 1602 ciuerat
417 1570 468 1603 M:
493 1569 663 1602 acciverat
684 1564 752 1602 alii.
773 1586 810 1593 —
834 1570 867 1602 5.
892 1568 1147 1602 arbitrabantur
1167 1569 1373 1603 Rhenanus:
1400 1569 1611 1603 arbitrantur
1632 1570 1667 1603 M
1689 1587 1725 1593 —
1751 1570 1806 1602 44.
1828 1569 1930 1616 fedis-

145 1626 231 1659 sima
252 1627 287 1660 M
311 1644 347 1649 -
374 1626 427 1659 ⁴2.
451 1626 626 1660 scae-ilibus
647 1627 681 1660 M
706 1644 742 1650 —
770 1626 824 1659 43.
847 1635 952 1669 usque
972 1626 1098 1660 evaluit
1118 1626 1305 1660 Acidalius.

144 1776 227 1802 nam
249 1768 529 1802 descendebant.
566 1770 710 1802 Sueton.
733 1769 863 1802 Domit.
888 1768 926 1802 4:
958 1778 1014 1802 ve·

143 1819 294 1862 nationes
314 1819 582 1860 gladiatoresque
604 1822 635 1852 et
655 1818 802 1851 noctibus
816 1819 861 1851 ad
874 1819 1013 1859 lychnu-

143 1868 219 1901 chos
243 1867 394 1910 (edidit),
418 1877 477 1901 nec
498 1869 652 1901 vii-omnm
671 1869 768 1901 modo
778 1877 932 1911 puynas,
957 1868 1014 1901 sed

144 1921 175 1950 et
194 1918 406 1960 feminarum.
430 1919 515 1952 Stat.
535 1917 616 1951 Silv.
636 1919 667 1959 4,
686 1919 718 1958 6,
734 1919 794 1952 53:
822 1919 896 1951 Stat
913 1926 1014 1951 semus

143 1969 238 2002 rudis
264 1969 450 2010 insciusque
476 1969 580 2011 ferri,
610 1970 654 2001 Et
674 1978 810 2011 puynas
833 1970 922 2010 capit
942 1970 1011 2001 im-

138 2017 266 2059 probus
292 2019 416 2052 viriles.
452 2019 577 2052 Credas
605 2019 651 2051 ad
674 2019 814 2052 Tanaim
841 2019 1014 2060 ferumque

143 2067 275 2100 Phasim
291 2068 600 2102 Ihmodontiacas
620 2069 730 2102 calere
745 2074 886 2101 tunnas.
909 2070 938 2101 A
953 2069 1013 2101 Se-

143 2127 231 2151 vero
259 2118 407 2151 demum
429 2119 479 2160 (a.
503 2128 539 2152 u.
567 2119 648 2159 953)
672 2116 847 2161 ἐκωλύθη
875 2118 1013 2161 μηκέτι

143 2167 333 2212 μηδεμίαν
343 2172 506 2213 γυναῖκα
517 2167 747 2213 μηδαμόθεν
757 2171 1010 2213 μονομαχεῖν,

143 2219 256 2252 Dione
278 2220 368 2252 teste
391 2220 444 2260 75,
471 2220 525 2253 46.
552 2237 588 2243 -
609 2219 735 2262 plures]
760 2229 867 2262 quam
889 2220 1013 2262 priori-

142 2268 211 2301 bus
233 2269 347 2303 annis.
369 2287 406 2292 —
426 2278 490 2311 per
511 2271 661 2313 arenam]
684 2271 720 2302 in
736 2266 849 2312 'quam
865 2270 1013 2303 descen-

144 2317 271 2350 derant
292 2317 350 2351 alii
372 2327 435 2351 sua
458 2327 568 2361 prava
591 2318 751 2359 libidine,
777 2318 834 2351 alii
857 2320 968 2352 coacti
991 2328 1012 2352 a

144 2368 296 2400 Nerone.
333 2367 384 2400 Cf.
411 2367 464 2408 ⁴4,
490 2368 543 2413 44.
568 2370 710 2401 Sueton.
735 2370 817 2401 Ner.
843 2369 895 2402 ⁴2.

189 2417 243 2450 33.
270 2418 305 2451 C.
321 2418 486 2451 Laecanio
500 2420 547 2452 M.
565 2419 703 2461 Licinio]
718 2420 866 2452 Nomina
881 2420 1011 2452 horum

145 2466 332 2500 consulum
354 2467 459 2510 plene
476 2468 619 2501 exhibet
640 2467 760 2502 titulus
775 2470 903 2502 Inscrr.
921 2471 1010 2502 Latt.

142 2526 180 2550 n.
205 2517 307 2550 6858:
340 2526 375 2551 a.
401 2519 433 2550 d.
456 2518 556 2551 XVII.
580 2518 622 2551 K.
652 2518 756 2551 Iulias
782 2518 817 2552 C'.
846 2519 1012 2552 Laecanio

141 2567 247 2599 Basso
269 2567 315 2600 M.
338 2568 467 2600 Licinio
483 2567 601 2601 Crasso
622 2568 727 2610 Frugi
749 2576 814 2601 cos.
847 2569 898 2602 De
922 2570 1011 2602 Lae-

143 2618 244 2650 canio
267 2617 310 2650 cf.
335 2616 421 2651 Plin.
438 2619 478 2651 N.
498 2618 539 2651 H.
557 2618 600 2652 26
624 2618 644 2660 5
667 2619 705 2651 5;
727 2619 898 2659 peculiare
918 2620 1012 2652 Nar-

143 2666 292 2700 bonensis
300 2668 496 2708 provinciae
509 2668 635 2700 malum
651 2667 922 2709 (carbunculus),
947 2678 1011 2710 quo

143 2716 209 2749 duo
237 2717 426 2750 consulares
457 2716 567 2750 obiere
591 2717 801 2750 condentibus
821 2718 901 2750 haec
920 2718 1013 2751 nobis

143 2767 254 2800 eodem
275 2776 382 2808 anno,
404 2768 519 2800 Iunius
534 2768 636 2809 Rufus
658 2771 689 2801 et
705 2769 743 2809 Q.
762 2768 923 2801 Lecanius
938 2769 1012 2810 (im-

144 2824 204 2849 mo
228 2817 263 2850 C.
287 2817 481 2859 Laecanius)
504 2818 645 2858 Bassus,
669 2818 724 2851 ille
744 2818 947 2851 medicorum
962 2818 1013 2851 in»

143 2867 239 2899 scitia
265 2871 386 2908 sectus,
420 2868 474 2901 hic
507 2877 586 2901 vero
613 2868 729 2910 pollici
757 2869 872 2902 laevae
892 2877 1012 2902 manus

143 2917 255 2950 evulso
287 2926 353 2950 acu
384 2918 426 2950 ab
455 2920 623 2960 semetipso
651 2922 721 2951 tam
742 2928 853 2960 parvo
880 2922 918 2952 ut
949 2921 1012 2952 vim

143 2967 235 3001 cerni
251 2971 370 3008 posset.
394 2968 439 3001 M.
458 2969 608 3015 Licinius
632 2970 687 3002 est
707 2967 799 3002 filius
822 2970 867 3003 M.
890 2969 1011 3002 Licinii

144 3017 262 3050 Crassi
277 3015 429 3050 consulis
447 3026 480 3050 a.
497 3026 532 3050 u.
552 3018 615 3051 780
632 3017 674 3059 (4,
693 3018 763 3059 62),
788 3018 898 3052 frater
911 3019 1012 3052 Piso-

143 3067 198 3100 nis
220 3067 404 3106 Liciniani,
436 3068 581 3110 Pompei
610 3068 744 3109 Magni,
777 3069 893 3102 Crassi
917 3069 1011 3101 Scri-

143 3115 302 3156 boniani,
328 3124 348 3148 a
370 3116 509 3150 Nerone
532 3117 736 3150 interfectus
760 3118 858 3158 (Hist.
884 3119 916 3158 4,
941 3117 1007 3160 48).

147 3183 183 3191 —
194 3168 407 3209 promiscuas
420 3166 568 3208 scaenas]
594 3175 685 3209 quae
707 3169 830 3209 patent
846 3167 1011 3201 omnibus

144 3216 190 3249 ad
212 3215 459 3259 spectandum.
487 3233 523 3238 —
556 3215 764 3249 Iuvenalibus
785 3217 887 3259 ludis]
921 3217 1009 3250 Vide

146 3265 199 3307 ⁴4,
222 3267 275 3299 45.
296 3283 331 3289 -
358 3269 471 3298 tantae
492 3265 578 3308 voci]
601 3266 735 3299 Ironice
753 3266 925 3307 significat
938 3267 1012 3299 Ne-

145 3316 239 3349 ronis
261 3315 307 3349 de
327 3325 390 3349 sua
406 3323 494 3348 voce
511 3315 729 3357 opinionem,
756 3315 801 3348 de
818 3324 887 3357 qua
902 3317 1011 3349 ceteri

146 3372 291 3406 prorsus
313 3364 453 3399 diversa
471 3364 680 3398 sentiebant.
714 3365 900 3398 Suetonius
916 3365 1011 3398 enim

147 3421 179 3446 c.
196 3414 239 3446 20
262 3422 345 3447 eum
367 3415 510 3457 eoeiyuae
529 3415 620 3447 vocis
641 3417 672 3447 et
690 3413 804 3456 flucae
826 3413 920 3455 dicit,
945 3415 1010 3447 Dio

147 3463 201 3504 64,
224 3463 267 3497 20
288 3464 354 3498 καὶ
374 3461 500 3512 βραχὺ
523 3465 588 3498 καὶ
606 3462 739 3507 μέλαν,
763 3459 816 3506 ὥς
830 3473 873 3509 ys
888 3472 1009 3512 παρα-

1060 1767 1227 1809 δέδοται,
1255 1766 1426 1812 φώνημα
1452 1765 1606 1809 ἔχοντα.
1632 1787 1668 1793 -
1701 1770 1798 1811 quasi
1820 1769 1930 1803 Grae-

1061 1828 1136 1852 cam
1158 1818 1288 1860 urbem]
1318 1828 1409 1861 quae
1433 1828 1453 1851 a
1478 1819 1770 1853 Chalcidensibus
1793 1829 1837 1853 ex
1858 1820 1930 1853 Eu-

1061 1868 1154 1902 boea
1169 1869 1308 1902 condita
1321 1868 1488 1902 servabat
1498 1870 1714 1903 Graecorum
1725 1878 1929 1903 sermonem

1062 1928 1104 1952 ac
1119 1928 1254 1959 mores,
1280 1921 1414 1953 Graeca
1431 1920 1626 1961 gymnasia,
1651 1920 1802 1961 theatra,
1826 1917 1930 1964 ἀγῶ-

1060 1980 1142 2011 νας.
1168 1969 1220 2003 Cf.
1242 1968 1364 2003 Vellei.
1382 1970 1415 2010 4,
1432 1969 1465 2003 4.
1489 1970 1563 2003 Liv.
1580 1970 1614 2010 8,
1631 1970 1687 2003 22.
1710 1969 1795 2003 Plin.
1819 1970 1860 2004 N.
1886 1971 1928 2004 H.

1061 2021 1081 2054 3
1105 2021 1124 2063 ἓ
1148 2021 1201 2054 62.
1228 2038 1264 2044 ——
1297 2024 1508 2054 contractum
1536 2021 1778 2062 oppidanorum
1799 2021 1928 2065 volgus]

1060 2069 1369 2112 Neapolitanorum
1396 2070 1521 2113 vulgus
1550 2071 1699 2104 Neronis
1722 2072 1820 2105 iussu
1843 2080 1931 2105 con-

1060 2122 1256 2163 gregatum.

1104 2170 1157 2204 34.
1180 2170 1370 2213 providum}
1394 2170 1638 2213 providentiae
1662 2171 1800 2205 divinae
1822 2171 1931 2205 docu-

1061 2221 1235 2253 mentum.
1263 2238 1299 2243 —
1333 2220 1500 2253 theatrum
1521 2221 1703 2262 collapsum
1725 2222 1790 2264 est]
1821 2223 1930 2255 Prae-

1061 2271 1220 2303 cesserat
1231 2269 1395 2303 videlicet
1405 2272 1522 2304 terrae
1535 2273 1664 2305 motus.
1689 2273 1832 2306 Sueton.
1845 2273 1927 2305 Ner.

1060 2320 1123 2354 20:
1151 2321 1195 2353 Et
1217 2321 1334 2362 prodit
1359 2321 1500 2363 Neapoli
1524 2322 1691 2363 primum,
1725 2332 1767 2356 ac
1787 2331 1829 2356 ne
1848 2331 1931 2356 con-

1061 2379 1155 2403 cusso
1171 2371 1303 2411 quidem
1324 2374 1455 2412 repente
1476 2375 1569 2405 mota
1587 2375 1698 2406 terrae
1712 2373 1839 2406 theatro
1852 2375 1931 2406 ante

1060 2423 1198 2453 cantare
1231 2420 1372 2461 destitit,
1403 2429 1506 2462 quam
1531 2422 1723 2455 inchoatum
1750 2422 1932 2456 absolveret

1059 2478 1191 2502 nomon.
1216 2487 1252 2492 —
1278 2471 1471 2512 conpositos]
1495 2480 1537 2504 ex
1560 2472 1645 2505 artis
1666 2471 1795 2514 regulis
1817 2471 1929 2505 factos

1059 2518 1104 2552 ah
1128 2520 1224 2562 ips03
1253 2520 1400 2562 poeticis
1424 2521 1519 2554 enim
1542 2521 1667 2555 studiis
1688 2531 1816 2555 vacare
1839 2521 1930 2555 sole-

1059 2568 1132 2601 bat.
1160 2587 1196 2592 —
1227 2570 1333 2602 maris
1359 2570 1509 2603 Hadriae
1540 2571 1717 2614 traiectus]
1753 2571 1930 2614 Significat

1060 2618 1230 2660 oppidum
1262 2619 1506 2660 Brundisium3
1541 2621 1785 2654 Beneventum
1819 2621 1925 2661 enim,

1059 2669 1185 2701 Vatinii
1214 2670 1344 2711 patria,
1377 2670 1413 2703 in
1441 2671 1497 2703 via
1527 2671 1633 2705 situm
1663 2673 1754 2712 erat,
1787 2680 1879 2714 quae
1906 2679 1927 2703 a

1059 2717 1203 2761 Neapoli
1226 2727 1291 2760 per
1313 2720 1487 2753 Samnites
1511 2720 1557 2753 ad
1572 2721 1798 2755 Brundisium
1817 2721 1929 2754 duce-

1059 2767 1133 2801 bat.
1178 2770 1328 2803 Hadriae
1360 2779 1425 2813 pro
1458 2771 1647 2806 Hadriatici
1677 2773 1795 2815 posuit
1827 2780 1927 2805 more

1061 2820 1196 2852 Graeco
1214 2821 1249 2852 et
1264 2821 1415 2862 poetico.
1441 2820 1492 2854 Cf.
1507 2821 1593 2855 Hist.
1607 2822 1640 2863 3,
1653 2822 1761 2855 42.—
1778 2822 1929 2855 sutrinae

1059 2868 1216 2902 tabernae
1237 2870 1400 2912 alumnus]
1424 2870 1589 2905 Martialis
1606 2871 1659 2913 ⁴4,
1678 2872 1736 2905 96:
1768 2873 1854 2906 Vilia
1874 2881 1929 2905 su-

1059 2919 1141 2952 toris
1166 2919 1304 2952 calicem
1329 2924 1542 2954 monumenta
1574 2922 1683 2955 Vatini
1708 2922 1844 2963 Accipe,
1873 2924 1929 2956 sed

1058 2977 1161 3002 nasus
1181 2970 1313 3011 lonyior
1332 2970 1387 3003 ille
1405 2971 1492 3013 fuit;
1515 2972 1551 3005 id
1567 2973 1663 3014 quod
1680 2972 1928 3015 explicandum

1060 3027 1102 3051 ex
1131 3018 1296 3053 Iuvenale
1326 3021 1360 3061 5,
1384 3020 1445 3054 46:
1483 3022 1531 3054 Tu
1558 3023 1779 3056 Beneventani
1806 3022 1929 3055 sutoris

1059 3077 1176 3102 nomen
1214 3069 1383 3103 habentem
1421 3071 1567 3104 Siccabis
1599 3073 1734 3106 calicem
1766 3081 1927 3105 nasonem

1059 3122 1229 3158 quattuor.
1257 3136 1293 3142 —
1316 3121 1354 3154 in
1374 3122 1605 3165 contumelias]
1635 3122 1671 3155 in
1695 3123 1926 3155 convivarum

1060 3167 1332 3203 delectationem
1346 3171 1521 3213 patienter
1540 3171 1802 3214 perpetiendas,
1818 3173 1858 3205 ut
1873 3181 1928 3206 es-

1060 3219 1116 3252 set
1137 3218 1228 3251 iuter
1250 3228 1418 3262 copreas,
1443 3221 1494 3254 uti
1507 3220 1698 3255 vilissimos
1721 3229 1927 3255 scurrarum

1059 3269 1165 3301 vocat
1185 3269 1370 3303 Suetonius
1392 3269 1468 3302 Tib.
1485 3270 1539 3302 64.
1561 3287 1593 3294 -
1621 3271 1737 3311 optimi
1757 3270 1925 3313 cuiusque]

1059 3316 1124 3348 Dio
1158 3317 1216 3358 63,
1249 3319 1290 3350 45
1323 3319 1371 3352 ait
1403 3318 1493 3351 adeo
1527 3319 1668 3352 hostem
1698 3319 1926 3362 optimatibus

1061 3364 1179 3411 fuisse,
1203 3368 1243 3400 ut
1257 3375 1403 3410 semper
1420 3369 1455 3401 in
1472 3376 1534 3400 ore
1549 3367 1716 3402 haberet:
1741 3368 1851 3403 Μισῶ
1867 3379 1924 3411 σε,

1059 3414 1222 3463 Καῖσαρ,
1243 3411 1304 3450 ὅτι
1318 3414 1570 3462 συγκλητικὸς
1585 3414 1631 3451 εἶ.
1649 3435 1687 3442 -
1706 3419 1808 3452 etiam
1820 3420 1927 3453 malos

1056 3467 1294 3510 praemineret]
1322 3467 1408 3510 ipsis
1435 3466 1537 3502 malis
1561 3467 1663 3510 peior
1684 3469 1722 3502 et
1741 3470 1924 3503 nocentior
