2254 3770
305 303 426 334 XXVIII

306 406 398 439 .A.1L
414 405 453 439 C.
476 407 613 440 P.(]nn.

350 928 413 961 795
523 928 564 962 42

350 1436 415 1468 796
525 1437 566 1490 43

352 1792 415 1824 797
527 1791 568 1826 44

355 2106 418 2140 798
528 2109 570 2143 45

356 2277 419 2310 799
467 2288 471 2318 ι
532 2279 573 2312 46

357 2435 421 2468 800
532 2436 573 2470 47

364 3090 421 3122 804
471 2925 477 3068 ι
537 3089 579 3123 48

847 290 1237 337 CHRONOLOGIA
1264 289 1544 334 ANNALIUM.

718 406 831 440 COSS.

649 929 814 963 Claudius
839 929 925 962 Cae—

637 988 695 1013 sar
717 980 758 1019 11,
788 979 826 1012 C.
852 979 937 1012 Cae-

663 1029 740 1062 cina
765 1029 907 1071 Largus.

656 1436 820 1470 Claudius
837 1437 925 1468 Ger-

641 1487 800 1520 manicus
830 1487 940 1527 impe-

640 1538 736 1569 rator
751 1537 808 1576 111,
833 1536 870 1568 L.
885 1535 941 1566 Vi-

702 1585 815 1619 tellius
839 1586 879 1617 11.

644 1794 681 1826 C.
713 1791 835 1825 Vibius
870 1791 942 1824 Cri-

642 1851 728 1885 spus
747 1843 788 1882 Il,
813 1842 851 1874 T.
870 1842 943 1873 Sta-

664 1891 756 1926 tilius
779 1893 925 1925 Taurus.

644 2106 687 2139 M.
718 2104 871 2137 Vinicius
899 2104 940 2142 Il,

963 469 1020 500 tus
1043 468 1078 500 et
1100 465 1283 500 Messalina
1308 473 1396 497 uxor
1420 465 1521 506 (quae
1541 464 1655 507 neptis
1671 464 1734 498 fuit
1749 463 1932 505 Messalae,

965 526 1037 550 cos.
1055 526 1086 550 a.
1105 515 1178 558 742)
1200 515 1409 554 abutuntur;
1439 514 1543 547 buius
1567 522 1675 556 opera
1699 513 1781 547 Iulia
1807 515 1935 548 iterum

965 566 1159 609 expellitur,
1186 568 1221 598 et
1246 574 1315 598 una
1338 566 1375 598 L.
1401 566 1567 597 Annaeus
1590 565 1757 597 Seneca.-

1007 623 1045 654 In
1070 622 1255 655 Germania
1278 622 1352 654 Ser.
1379 620 1551 663 Sulpicius
1575 619 1682 653 Galba
1707 620 1872 660 Chattos,
1896 622 1934 653 Ρ.

965 671 1131 705 Gabinius
1156 672 1315 705 Chaucos
1338 671 1464 711 vincit,
1491 672 1523 703 in
1548 670 1662 703 Africa
1688 672 1727 704 C.
1750 671 1937 704 Suetonius

966 721 1128 754 Paulinus
1157 723 1296 755 Mauros
1326 720 1559 760 rebellantes,
1590 729 1742 762 quorum
1765 729 1829 753 rex
1851 719 1936 753 Iuba

967 780 1079 813 nuper
1109 781 1129 804 a
1159 772 1242 804 Gaio
1278 772 1428 805 Caesare
1464 772 1604 804 occisus
1639 772 1725 804 erat.
1764 771 1938 813 Agrippae

967 823 1039 863 regi
1057 821 1222 855 Claudius
1246 821 1413 854 Iudaeam
1438 822 1473 853 et
1495 821 1690 853 Samariam
1713 821 1877 859 restituit,
1900 822 1940 852 ut

967 872 1063 905 idem
1086 881 1252 914 regnum,
1279 871 1374 914 quod
1398 880 1484 905 avus
1508 870 1688 911 Herodes,
1714 869 1916 902 obtinuerit.

1011 929 1215 961 Mauritania
1244 937 1262 960 a
1288 928 1349 960 Cn.
1376 927 1518 960 Hosidio
1543 926 1657 968 legato
1680 927 1716 958 in
1738 925 1939 967 provinciae

969 978 1119 1011 formam
1142 977 1312 1019 redigitur
1335 978 1370 1009 et
1392 978 1427 1009 in
1448 976 1540 1009 'duas
1562 977 1682 1019 partes
1706 975 1834 1014 divisa,
1859 974 1941 1007 Tin-

968 1029 1121 1070 gitanam
1146 1029 1180 1060 et
1197 1028 1478 1067 Caesariensem,
1505 1026 1682 1068 equitibus
1703 1025 1858 1067 regenda
1874 1026 1943 1057 tra—

969 1079 1073 1111 ditur.
1099 1078 1167 1111 Sed
1191 1079 1225 1110 in
1249 1077 1339 1110 urbe
1364 1080 1427 1119 Ap.
1447 1077 1567 1109 Iunius
1591 1075 1744 1115 Silanus,
1767 1076 1822 1108 vir
1837 1074 1941 1108 nobi-

968 1128 1134 1168 lissimus,
1149 1127 1355 1162 Messalinae
1369 1127 1503 1160 artibus
1521 1127 1750 1169 pervertitur:
1769 1124 1941 1168 plurimae

969 1178 1099 1211 caedes
1123 1179 1336 1219 sequuntur,
1371 1186 1453 1210 cum
1481 1177 1674 1210 coniuratio
1697 1175 1822 1208 Anneii
1843 1174 1942 1207 Vini-

970 1228 1062 1261 ciani
1093 1229 1127 1260 et
1154 1229 1199 1261 M.
1227 1227 1361 1260 Camilli
1384 1227 1619 1267 Scriboniani,
1652 1225 1756 1268 legati
1781 1225 1942 1259 Caesaris

970 1279 1005 1310 in
1036 1277 1226 1317 Dalmatia,
1257 1277 1423 1311 fidelitate
1454 1277 1632 1319 legionum
1659 1277 1941 1310 Pannonicarum

970 1336 1141 1370 oppressa
1175 1331 1288 1361 esset:
1327 1329 1423 1361 Paeti
1457 1337 1554 1361 mors
1590 1327 1786 1361 constantia
1820 1326 1941 1359 Arriae

970 1379 1088 1411 uxoris
1113 1377 1295 1411 nobilitata
1316 1380 1380 1411 est.

1014 1436 1088 1467 Hoc
1111 1443 1202 1467 anno
1226 1435 1382 1467 Romana
1406 1443 1503 1467 arma
1531 1435 1563 1466 in
1589 1434 1803 1466 Britanniam
1825 1434 1944 1466 trans-

970 1484 1040 1518 lata
1063 1486 1163 1525 sunt,
1189 1485 1297 1517 ductu
1313 1487 1353 1518 A.
1371 1484 1493 1518 Plautii
1509 1484 1648 1518 Silvani.
1674 1485 1753 1517 Mox
1777 1483 1943 1525 princeps

972 1535 1046 1577 ipse
1071 1536 1294 1577 supervenit,
1327 1535 1471 1568 barbari
1495 1536 1539 1568 ad
1563 1536 1749 1568 Tamesam
1774 1534 1837 1575 (sic
1859 1533 1940 1565 Tac.

971 1588 1060 1618 Ann.
1088 1585 1141 1625 44,
1167 1585 1226 1626 32,
1262 1595 1332 1618 non
1357 1586 1529 1626 Tamesin)
1566 1594 1710 1618 amnem
1740 1584 1940 1622 vincuntur,

973 1634 1256 1668 Camulodunum
1293 1636 1448 1678 capitur:
1491 1638 1672 1669 strenuam
1703 1635 1737 1666 in
1772 1642 1815 1666 eo
1850 1632 1943 1666 bello

972 1694 1119 1728 operam
1141 1685 1291 1728 praebet
1313 1687 1349 1719 T.
1369 1685 1506 1719 Flavius
1530 1686 1784 1727 Vespasianus,
1808 1683 1944 1725 legatus

971 1735 1135 1778 legionis,
1162 1737 1327 1778 praetura
1352 1736 1505 1769 functus.

1017 1792 1199 1834 Claudius,
1225 1801 1357 1835 paucos
1381 1791 1626 1825 tantummodo
1649 1791 1724 1824 dies
1747 1791 1783 1823 in
1805 1791 1944 1823 Britan—

974 1844 1031 1875 nia
1055 1844 1230 1883 moratus,
1255 1842 1477 1885 triumphans
1501 1843 1649 1875 Romam
1672 1841 1775 1874 redit.
1810 1840 1944 1873 Aerarii

974 1901 1059 1926 cura
1081 1900 1206 1925 rursus
1227 1901 1244 1924 a
1267 1892 1490 1935 praetoribus
1507 1892 1552 1925 ad
1569 1893 1778 1934 quaestores
1795 1889 1945 1924 transla—

973 1946 1026 1983 ta,
1051 1945 1090 1976 ut
1107 1943 1179 1976 bini
1195 1951 1261 1985 per
1275 1944 1465 1976 triennium
1485 1944 1516 1976 ei
1531 1943 1741 1985 praeessent
1756 1950 1799 1975 ac
1815 1941 1944 1974 deinde

973 1995 1155 2036 praetores
1180 1993 1317 2026 fierent.
1342 1993 1496 2027 Iudaeae
1521 2001 1671 2034 regnum
1687 1993 1837 2035 Agrippa
1853 2000 1946 2025 mor-

972 2048 1032 2078 tuo
1057 2045 1174 2077 denuo
1198 2043 1489 2086 procuratoribus
1512 2043 1676 2076 Romanis
1699 2041 1874 2075 subditur.

1018 2109 1092 2140 Ser.
1119 2105 1292 2148 Sulpicius
1316 2104 1424 2138 Galba
1449 2114 1512 2148 pro
1536 2104 1681 2138 consule
1698 2104 1848 2137 Africam
1871 2113 1948 2137 ma-

645 2156 681 2187 Τ.
694 2153 845 2187 8ῒὸῐίἰίῠὸ
857 2154 944 2185 Tau·
975 2168 1041 2201 gna
1067 2157 1218 2191 iustitiae
1242 2155 1346 2189 laude
1370 2155 1601 2189 administrat.

666 2212 727 2236 rus
744 2204 927 2236 Corvinus.

645 2271 804 2305 Valerius
824 2272 946 2305 Asiati-

1021 2277 1223 2317 Messalina,
1250 2274 1435 2309 insatiabili
1462 2274 1606 2308 libidine
1630 2276 1667 2307 et
1689 2274 1832 2307 avaritia
1855 2275 1946 2315 acta,

646 2331 709 2355 CUS
737 2323 783 2361 Π,
820 2322 863 2355 Μ·
893 2322 947 2353 lu-
977 2329 1157 2371 principes
1179 2327 1328 2359 civitatis
1345 2325 1569 2368 pessumdat,
1594 2325 1639 2358 M.
1658 2325 1831 2357 Vinicium
1849 2326 1884 2357 et
1899 2325 1949 2357 in-

668 2374 746 2405 nius
769 2371 917 2405 Silanus.

662 2428 827 2462 Claudius
851 2431 933 2461 Ger-

646 2479 806 2511 manicus
837 2479 947 2519 impe-

646 2530 742 2561 rator
757 2528 812 2568 lV,
837 2528 874 2560 L.
890 2527 946 2559 Vi-

696 2577 810 2612 tellius
832 2578 887 2610 111.

650 3085 689 3117 A.
708 3082 883 3122 Vitellius,
908 3083 945 3114 L.

665 3134 706 3174 ἱ,
733 3134 792 3175 qui
816 3134 938 3175 postea

665 3183 868 3226 imperavit3
894 3184 932 3215 L.

661 3233 850 3275 Vipstanus
872 3233 935 3264 Po-

729 3281 866 3325 plicola.

978 2379 1150 2419 sequente
1174 2385 1266 2409 anno
1292 2375 1468 2408 Valerium
1493 2375 1698 2408 Asiaticum.

1022 2434 1153 2467 Romae
1178 2433 1250 2465 ludi
1270 2431 1449 2465 seculares
1466 2430 1703 2471 celebrantur,
1729 2430 1812 2464 soris
1835 2429 1948 2464 laetae

1983 399 2068 433 Am«.

1973 927 2094 960 Deest.

1975 1435 2094 1469 Deest.

1975 1791 2099 1825 Deest.

1977 2109 2097 2142 Deest.

1980 2277 2098 2311 Deest.

2011 2435 2056 2468 XI

978 2494 1054 2524 res,
1079 2484 1292 2517 Britanniam
1317 2482 1499 2515 obtinente
1520 2482 1657 2515 Ostorio
1680 2480 1841 2523 Scapula,
1867 2482 1950 2514 Ger·
1991 2460 2100 2519 44⁰2,

978 2535 1131 2568 maniam
1155 2534 1358 2566 inferiorem
1384 2533 1446 2565 Cn.
1465 2532 1616 2564 Domitio
1641 2530 1862 2571 Corbulone,
1888 2531 1949 2573 qui

978 2585 1094 2618 Frisiis
1123 2584 1256 2627 pacatis
1286 2582 1490 2615 ulteriorem
1514 2582 1739 2614 Germaniam
1761 2583 1949 2624 aperturus

977 2635 1118 2674 fuisset,
1145 2635 1179 2666 ni
1196 2634 1361 2676 principis
1377 2632 1500 2665 litteris
1517 2631 1714 2674 prohibitus
1730 2633 1838 2665 esset.
1865 2632 1949 2664 Fos-

977 2693 1054 2717 sam
1083 2684 1186 2725 igitur
1217 2692 1325 2725 opere
1351 2682 1489 2715 militari
1517 2684 1608 2715 inter
1630 2682 1792 2714 Rhenum
1816 2683 1852 2714 et
1873 2682 1949 2715 Mo-

977 2743 1053 2767 sam
1085 2733 1286 2766 ducendam
1316 2734 1427 2765 curat.
1464 2732 1599 2765 Eodem
1623 2733 1784 2773 tempore
1809 2730 1949 2763 Curtius

978 2784 1103 2822 Ruqu‚
1140 2784 1329 2825 superioris
1365 2783 1573 2816 Germaniae
1608 2781 1762 2823 legatus,
1798 2781 1834 2813 in
1864 2788 1948 2821 agro

978 2834 1140 2866 Mattiaco
1164 2834 1299 2873 argenti
1319 2833 1454 2865 fodinas
1471 2832 1594 2874 aperit.
1621 2831 1810 2864 Cheruscis
1825 2838 1947 2871 regem

977 2883 1086 2915 Roma
1116 2882 1320 2924 petentibus
1344 2883 1447 2915 datur
1473 2881 1630 2922 Italicus,
1663 2880 1807 2913 Arminii
1831 2879 1947 2912 fratris

979 2931 1071 2964 Flavi
1095 2931 1197 2964 filius.

1022 2983 1137 3015 Ovans
1169 2992 1211 3015 ex
1242 2983 1418 3016 Britannia
1449 2981 1601 3016 Plautius
1630 2980 1788 3014 Silvanus
1819 2979 1947 3013 urbem

982 3033 1096 3064 intrat.

1024 3082 1239 3115 Censoribus
1264 3081 1408 3115 Claudio
1432 3083 1585 3115 Caesare
1612 3082 1647 3114 et
1672 3082 1709 3113 L.
1734 3079 1870 3113 Vitellio
1893 3078 1948 3112 lu-

980 3133 1091 3164 strum
1122 3132 1291 3173 (LXXIV.)
1321 3131 1502 3171 conditur,
1540 3140 1610 3172 quo
1643 3131 1738 3163 cives
1767 3129 1947 3170 6.944,000

981 3181 1099 3219 censi;
1125 3183 1249 3222 gentes
1273 3182 1437 3223 patriciae
1462 3180 1580 3213 denuo
1603 3182 1684 3223 post
1699 3181 1890 3213 Caesarem
1913 3179 1947 3211 et

981 3233 1174 3272 Augustum
1191 3231 1409 3273 supplentur.
1435 3231 1638 3264 Aeduorum
1656 3228 1879 3263 senatoribus
1895 3228 1948 3261 ius

979 3281 1154 3313 honorum
1178 3281 1412 3322 petendorum
1436 3280 1660 3319 conceditur,
1687 3278 1822 3313 Claudii
1845 3278 1890 3311 de
1906 3286 1947 3310 ea

980 3340 1018 3363 re
1036 3332 1158 3363 oratio.
1185 3331 1253 3363 Sed
1270 3330 1355 3363 dum
1373 3329 1536 3362 Claudius
1553 3330 1671 3362 munia
1687 3329 1846 3362 censoris
1862 3327 1946 3367 obit,
1965 3329 1969 3351 ῑ

980 3375 1165 3413 Messalina
1189 3388 1230 3411 eo
1254 3379 1492 3421 impudicitiae
1516 3379 1751 3421 progreditur,
1775 3379 1814 3410 ut
1833 3375 1949 3419 palam

981 3438 1062 3463 cum
1079 3430 1116 3463 C.
1136 3428 1227 3470 Silio,
1243 3428 1387 3462 consule
1404 3428 1598 3471 designato,
1622 3429 1762 3472 nuptias
1778 3426 1946 3468 celebret,

1977 3085 2040 3120 23-
2045 3085 2101 3120 28.

2005 3142 2078 3176 XII.

1994 3191 2008 3223 4
2026 3188 2086 3223 -4,
