2254 3770
299 278 383 331 442
748 293 794 336 P.
826 291 1078 337 coRNEffl
1105 292 1278 339 mem
1306 259 1576 340 ANNALIUM

299 399 472 439 taretur.
524 402 614 441 tum
653 411 813 456 pavore
844 398 1049 443 exanimis
1079 407 1120 444 et
1149 400 1231 444 iam
1263 400 1596 461 iamquehaffore
1626 401 1844 446 obtestans
1873 401 2087 447 vindictae

242 490 247 497 κ
301 481 549 529 properam,
582 474 673 517 sive
704 473 875 518 servitia
904 483 1089 519 armaret
1113 475 1181 519 vel
1205 475 1376 519 militem
1399 475 1676 528 accenderet,
1708 477 1799 522 sive
1819 477 1873 522 ad
1893 483 2088 522 senatum

301 551 343 588 et
371 546 578 605 populum
608 548 884 606 pervaderet,
916 549 1182 607 naufragium
1213 557 1255 594 et
1283 549 1437 618 vulnus
1468 558 1510 595 et
1539 551 1783 596 interfectos
1814 553 1974 597 amicos
1995 552 2089 597 obi-

301 620 471 665 ciendo:
504 622 621 681 quod
651 630 799 668 contra
829 623 1066 668 subsidium
1097 625 1215 669 sibi?
1244 626 1326 669 nisi
1347 626 1450 684 quid
1472 627 1633 670 Burrus
1651 633 1693 671 et
1717 628 1881 672 Seneca
1912 627 2089 686 expedi-

266 703 413 749 erent3
445 712 554 756 quos
585 699 726 742 statim
755 699 984 752 acciverat,
1017 701 1227 745 incertum
1256 715 1310 744 an
1340 707 1382 744 et
1412 707 1508 745 ante
1538 702 1722 758 ignaros.
1762 703 1888 760 igitur
1915 703 2089 761 longum

298 772 523 831 utriusque
553 773 785 826 silentium,
819 789 872 819 ne
905 775 1008 819 irriti
1040 775 1359 828 dissuaderent3
1391 789 1443 819 an
1475 790 1528 820 eo
1559 776 1816 822 descensum
1843 778 2086 831 credebant,

297 854 360 901 ut,
391 848 471 892 nisi
502 851 828 907 praeveniretur
857 850 1104 909 Agrippina,
1136 852 1405 909 pereundum
1435 852 1590 895 Neroni
1623 853 1776 896 esset?
1805 861 1902 912 post
1924 855 2090 899 Seneca

297 922 503 968 hactenus
532 925 788 983 promptius,
820 933 867 970 ut
894 927 1131 985 respiceret
1150 927 1333 969 Burrum
1363 940 1413 970 ac
1444 927 1744 980 sciscitaretur,
1778 943 1831 972 an
1862 929 1981 973 militi
2011 930 2091 973 im*

297 1000 488 1057 peranda
527 1001 684 1045 caedes
715 1007 841 1046 esset.
887 1001 956 1046 iile
994 1003 1288 1060 praetorianos
1320 1002 1393 1045 toti
1425 1003 1656 1046 Caesarum
1686 1003 1830 1047 domui
1862 1004 2089 1049 obstrictos

248 1087 284 1117 io
299 1089 601 1135 memoresque
647 1070 888 1121 Germanici
932 1076 1033 1120 nihil
1078 1077 1287 1121 adversus
1325 1078 1577 1135 progeniem
1616 1078 1709 1121 eius
1747 1086 1867 1123 atrox
1906 1091 2089 1125 ausuros

297 1151 536 1208 respondit:
568 1159 836 1210 perpetraret
856 1153 1054 1196 Anicetus
1084 1153 1309 1210 promissa.
1341 1153 1414 1211 qui
1444 1152 1545 1196 nihil
1573 1160 1793 1198 cunctatus
1814 1156 1953 1213 poscit
1972 1169 2090 1199 sum—-

297 1238 410 1269 mam
439 1226 630 1270 sceleris.
662 1228 713 1271 ad
747 1241 843 1271 eam
872 1242 1022 1272 vocem
1053 1229 1164 1271 Nero
1195 1227 1266 1271 illo
1297 1228 1376 1272 sibi
1400 1228 1469 1272 die
1491 1228 1582 1272 dari
1604 1229 1826 1286 imperium
1847 1237 2088 1274 auctorem-

296 1315 382 1359 que
421 1301 524 1350 tanti
559 1303 749 1347 muneris
785 1303 984 1347 libertum
1022 1303 1267 1361 profitetur:
1313 1304 1393 1347 iret
1432 1317 1617 1361 propere
1649 1304 1914 1362 duceretque
1941 1319 2088 1364 prom-

295 1377 513 1434 ptissimos
543 1377 596 1421 ad
630 1378 757 1422 iussa.
803 1379 897 1436 ipse
929 1378 1073 1422 audito
1095 1379 1265 1422 venisse
1296 1379 1429 1422 missu
1450 1379 1706 1437 Agrippinae
1727 1381 1918 1423 nuntium
1938 1381 2088 1438 Ageri-

244 1464 280 1494 115
294 1467 415 1504 num,
455 1466 655 1497 scaenam
685 1452 795 1497 ultro
826 1454 1013 1497 criminis
1044 1461 1182 1511 parat,
1221 1453 1517 1512 gladiumque,
1557 1454 1658 1498 dum
1689 1456 1885 1499 mandata
1915 1456 2084 1514 perfert,

293 1527 422 1571 abicit
448 1528 560 1571 inter
590 1528 725 1586 pedes
756 1529 868 1580 eius,
902 1535 990 1572 tum
1020 1529 1143 1587 quasi
1175 1528 1447 1586 deprehenso
1468 1529 1606 1573 vincla
1635 1530 1734 1574 inici
1765 1530 1900 1581 iubet,
1933 1531 2087 1575 utexi-

293 1603 396 1647 tium
427 1603 631 1661 principis
661 1603 850 1647 molitam
871 1611 1050 1647 matrem
1072 1611 1114 1647 et
1134 1604 1301 1662 pudore
1324 1604 1581 1661 deprehensi
1604 1605 1780 1649 sceleris
1800 1614 1952 1664 sponte
1974 1620 2088 1650 mor-

292 1685 378 1721 tem
407 1679 644 1734 sumpsisse
675 1678 950 1737 confingeret.
996 1679 1052 1736 (8)
1078 1680 1242 1723 interim
1263 1679 1434 1736 vulgato
1455 1680 1712 1738 Agrippinae
1734 1681 1938 1739 periculo,
1961 1683 2085 1740 quasi

292 1767 395 1797 casu
435 1755 670 1805 evenisset,
718 1761 763 1798 ut
800 1754 986 1813 quisque
1028 1762 1275 1812 acceperat,
1319 1754 1551 1799 decurrere
1588 1755 1643 1799 ad
1682 1756 1792 1800 litus.
1839 1756 1880 1799 hi
1910 1757 2087 1802 molium

358 1869 387 1901 ⁴.
413 1871 443 1900 et
465 1868 552 1910 iam]
577 1869 677 1900 etiam
700 1869 731 1901 M
759 1886 794 1892 —
827 1868 860 1901 4.
891 1870 1086 1909 expedirent
1114 1869 1249 1902 amicus
1277 1869 1477 1902 Pichenae:
1509 1879 1743 1911 expergescens
1765 1871 1816 1908 M;
1852 1875 2086 1911 expromerent

291 1923 366 1963 alii3
392 1928 611 1966 exporqerent
635 1925 822 1957 Hoffmann
846 1926 1026 1967 (Zeitschr.
1045 1926 1067 1958 f.
1086 1925 1119 1957 d.
1140 1925 1382 1967 Gymnasialw.
1408 1927 1495 1966 VIII,
1520 1935 1554 1968 p.
1581 1927 1657 1968 700)
1684 1928 1719 1959 et
1740 1928 1924 1960 Wurmius
1949 1927 2081 1970 (Philol.

290 1980 507 2014 Schneidew.
534 1981 596 2021 IX,
621 1990 656 2023 p.
683 1981 724 2014 98
749 1982 811 2022 n.)‚
859 1982 1013 2022 (Seneca,
1048 1991 1128 2021 quos
1149 1983 1262 2014 statim
1285 1983 1470 2022 acciverat,
1499 1984 1662 2015 incertum
1685 1993 1730 2015 an
1753 1984 1921 2024 aperiens,
1945 1987 1977 2016 et
1998 1985 2084 2026 Nip-

289 2036 453 2079 perdey.)
471 2054 504 2060 -
531 2038 563 2069 5.
589 2046 634 2070 an
657 2041 733 2070 ante
753 2039 891 2080 ignaros
914 2039 1110 2074 Ernestius;
1137 2047 1182 2070 an
1206 2041 1235 2070 et
1258 2041 1336 2070 ante
1356 2047 1481 2079 ,qnaros
1502 2040 1711 2080 Anonymus
1735 2042 1769 2071 in
1786 2040 2002 2082 Gryphianum
2028 2041 2084 2074 in-

288 2096 416 2126 certum
437 2103 482 2126 an
504 2094 554 2126 rei
576 2097 690 2126 tantae
711 2095 850 2135 iynaros
874 2095 1006 2132 Haase;
1040 2093 1159 2126 malim
1190 2103 1236 2126 an
1259 2094 1398 2136 ignaros
1421 2093 1498 2127 coll.
1527 2095 1580 2135 ⁴5,
1605 2094 1659 2128 64.
1688 2114 1723 2119 -
1756 2095 1788 2128 7.
1812 2099 1849 2128 ut
1872 2097 1918 2128 G:
1952 2104 2024 2131 om.
2047 2097 2083 2131 M

293 2166 325 2175 —
355 2150 387 2183 8.
409 2152 615 2191 promptius,
639 2154 676 2183 ut
697 2152 872 2191 respiceret
893 2150 1121 2183 Doederlein:
1142 2152 1334 2192 promptius
1354 2152 1528 2192 respiceret
1550 2152 1602 2190 M;
1623 2152 1830 2192 promptior,
1854 2153 2016 2193 respicere
2033 2154 2080 2193 ὃς

286 2207 486 2247 promptius,
512 2216 588 2239 cum
605 2208 784 2248 respiceret
798 2209 918 2240 Ritter.
941 2224 974 2231 ·-
995 2217 1036 2240 ac
1051 2209 1276 2240 sciscitaretur
1291 2208 1370 2241 cod.
1389 2208 1579 2247 Budensis;
1606 2209 1854 2242 acsiscilaretur
1869 2210 2084 2244 coniunctim

291 2264 340 2301 M3
367 2269 408 2295 ac
430 2265 458 2295 si
480 2265 660 2297 scitaretw·
682 2266 710 2297 G
738 2283 770 2287 —-
798 2266 991 2306 imperande
1012 2266 1046 2298 M
1071 2282 1106 2287 —
1134 2266 1166 2298 9.
1192 2274 1345 2297 cesarum
1368 2267 1401 2299 M
1418 2282 1453 2288 —
1475 2266 1516 2298 40
1533 2268 1569 2298 et
1585 2266 1638 2298 Μ.
1654 2266 1754 2298 nichil
1769 2267 1802 2299 M
1827 2283 1862 2288 —
1882 2266 1935 2298 Η.
1953 2274 2084 2299 summa

290 2320 323 2353 M
349 2337 385 2343 ——
414 2321 465 2351 42.
490 2320 546 2353 iilo
569 2321 628 2352 sibi
652 2321 703 2353 die
725 2321 933 2365 Rhenanus:
959 2322 1032 2354 illos
1053 2321 1175 2354 inbidie
1198 2322 1231 2355 M
1257 2340 1292 2345 —
1319 2321 1372 2354 ⁴4.
1397 2323 1605 2363 aqerrimum
1628 2322 1660 2354 M
1686 2339 1720 2344 —
1749 2322 1802 2354 ⁴5.
1827 2330 1961 2354 scenam
1982 2323 2015 2355 M
2042 2339 2078 2346 —

292 2376 344 2408 46.
370 2374 525 2418 dephenso
550 2377 582 2410 M
608 2395 644 2400 —
669 2378 809 2410 exitium
832 2377 1062 2410 Puteolanus:
1089 2379 1216 2410 exitum
1238 2379 1271 2411 M
1297 2395 1329 2400 —
1360 2378 1410 2410 ⁴7.
1438 2375 1588 2420 deplaensi
1614 2378 1658 2411 M.

292 2488 327 2493 —
347 2471 510 2502 incertum
532 2479 577 2502 an
588 2488 607 2494 -
619 2488 636 2494 —
649 2470 797 2512 iqnaros]
815 2471 936 2512 Tangit
952 2471 1090 2504 Tacitus
1108 2471 1161 2504 his

289 2520 410 2553 verbis
434 2519 562 2553 famam
587 2519 698 2559 iliam,
725 2522 825 2553 cuius
845 2521 1007 2553 meminit
1024 2522 1086 2553 Dio
1105 2522 1159 2561 61,

291 2573 352 2604 42ε
378 2571 443 2603 καὶ
467 2567 586 2604 αὑτὸν
609 2571 673 2603 καὶ
691 2567 713 2602 ὁ
730 2571 910 2612 Σενέκας,
936 2567 988 2612 ὦς
1005 2570 1161 2611 πολλοῖς

290 2621 354 2654 καὶ
379 2618 619 2663 ἀξιοπίστοις
641 2617 824 2666 ἀνδράσιν
844 2620 1007 2668 εἴρηται,
1033 2619 1161 2667 παρώ-

291 2669 419 2714 ξυνεν,
445 2669 509 2703 ἐἴτ’
534 2665 604 2703 οὖν
626 2668 671 2703 τὸ
694 2667 867 2714 ἔγκλημα
890 2669 935 2704 τὸ
958 2672 1045 2704 καθ’
1070 2671 1160 2704 ἑαυ-

290 2720 359 2755 τοῦ
391 2718 710 2765 ἐπηλυγάσασθαι
735 2721 961 2765 βουληθείς,
998 2721 1070 2754 εἴτε
1094 2722 1160 2754 καὶ

290 2769 358 2805 τὸν
373 2771 531 2818 Νέρωνα
546 2771 584 2812 ἐς
599 2773 829 2814 μιαιφονίαν
852 2768 1014 2805 ἀνόσιον
1037 2782 1158 2818 προσ-

290 2826 446 2867 αγαγεῖν
480 2819 687 2864 ἐθελήσας,
733 2821 778 2855 ἵν’
810 2819 861 2863 ὡς
896 2821 1061 2862 τάχιστα
1094 2824 1158 2856 καὶ

291 2871 386 2921 πρὸς
408 2869 508 2905 θεῶν
531 2873 595 2904 καὶ
613 2870 709 2919 πρὸς
724 2869 937 2919 ἀνθρώπων
954 2871 1156 2916 ἀπόληται.

293 2943 329 2949 -
355 2923 461 2966 irriti]
491 2924 513 2956 i.
540 2933 571 2956 e.
598 2923 693 2955 irrita
717 2933 769 2956 re.
807 2924 857 2956 Cf.
884 2925 937 2964 45,
963 2925 1022 2957 25:
1059 2924 1160 2966 legati

290 2974 381 3007 irriti
403 2974 627 3006 remittuntur.
652 2973 782 3014 Vergil.
809 2975 895 3006 Aen.
914 2975 947 3013 5,
967 2973 1046 3007 442:
1073 2974 1159 3007 Irri-

290 3027 341 3056 tus
363 3026 470 3065 τιν-ρει.
493 3041 528 3046 -
553 3022 720 3064 hactenus]
746 3032 858 3065 usque
884 3032 946 3062 e0,
974 3023 1068 3065 quod
1086 3024 1160 3065 pri-

293 3082 371 3106 mus
403 3073 541 3106 locutus
573 3074 644 3112 est,
677 3082 749 3105 non
780 3072 882 3105 ultra.
923 3074 978 3105 Sic
1010 3074 1063 3113 46,
1097 3074 1156 3106 ⁴5:

290 3125 446 3156 hactenus
474 3132 579 3156 manu
605 3124 693 3156 servi
722 3131 818 3161 usus,
853 3126 891 3154 ut
914 3123 1075 3155 inmotum
1093 3131 1160 3163 pu—

289 3174 419 3215 yionem
442 3173 621 3205 extolleret.
643 3191 678 3196 —
703 3171 898 3213 promptius]
924 3172 996 3205 scil.
1024 3173 1102 3214 egit.
1120 3189 1155 3195 —

289 3223 465 3263 summam]
489 3223 850 3256 consummationem:
878 3221 944 3253 sibi
962 3224 1030 3254 tota
1049 3231 1105 3254 res
1122 3224 1160 3254 ut

292 3273 492 3312 mandetur,
518 3275 641 3315 poscit.
669 3272 719 3305 Cf.
740 3272 792 3311 ⁴3,
811 3270 864 3304 38.
891 3272 976 3304 Hist.
996 3272 1027 3312 4,
1046 3272 1099 3304 68.
1122 3291 1157 3296 —

290 3323 359 3363 ipse
380 3325 496 3356 audito
520 3323 601 3365 cet]
627 3323 812 3356 Suetonius
835 3323 915 3354 Ner.
937 3321 995 3354 34:
1026 3323 1063 3354 Ut
1085 3332 1159 3354 cva-

291 3372 367 3404 sisse
399 3381 472 3404 eam
504 3374 678 3414 comperit,
708 3373 745 3405 L.
769 3372 972 3414 Agerinum,
1009 3371 1160 3404 libertum

292 3422 376 3462 eius,
405 3423 534 3455 salvam
555 3427 586 3457 et
608 3423 803 3456 incolumem
828 3430 903 3454 cum
924 3422 1050 3463 qaudio
1071 3431 1160 3454 nun-

1213 2472 1368 2512 tiantem,
1393 2471 1518 2504 abiecto
1533 2471 1622 2503 clam
1644 2472 1746 2503 iuxta
1765 2472 1928 2514 pugione,
1952 2476 1990 2504 ut
2001 2480 2083 2513 per-

1212 2530 1376 2554 cussorem
1399 2521 1459 2554 sibi
1482 2522 1698 2554 subornatum
1713 2523 1823 2563 arripi
1838 2523 2083 2564 constr-inpiam

1211 2571 1305 2603 iussit
1335 2575 1542 2612 matremque
1572 2572 1692 2610 occidi,
1726 2573 1823 2612 quasi
1848 2572 2082 2613 deprehensum

1211 2623 1335 2654 crimen
1357 2622 1554 2653 voluntaria
1568 2625 1673 2654 morte
1687 2622 1830 2655 vitasset.
1851 2639 1886 2646 -—
1913 2622 2080 2664 scaenam]

1213 2671 1483 2710 confictionem,
1515 2672 1673 2713 speciem
1697 2674 1899 2712 externam,
1931 2674 1970 2704 ut
1992 2673 2021 2704 si
2045 2673 2081 2705 in

1210 2722 1349 2753 theatro
1373 2723 1538 2762 ageretur
1564 2721 1740 2762 tragoedia
1765 2721 1891 2763 aliqua.
1919 2738 1954 2744 —
1980 2721 2080 2764 uitro]

1211 2772 1246 2803 h.
1273 2771 1293 2803 Ι.
1329 2771 1501 2812 significat
1532 2772 1755 2814 repentinum
1786 2772 1977 2814 impetum,
2009 2779 2081 2813 quo

1211 2822 1310 2853 actus
1342 2821 1435 2853 hanc
1458 2829 1626 2854 scaenam
1651 2824 1875 2855 commentus
1899 2824 1953 2855 est
1973 2822 2079 2854 Nero.

1254 2921 1285 2952 8.
1317 2921 1456 2952 molium
1483 2919 1641 2962 obiectus]
1677 2921 1728 2953 De
1762 2921 1817 2953 his
1850 2920 2002 2954 molibus
2036 2921 2081 2954 ad

1211 2970 1310 3003 Baias
1343 2969 1576 3002 Cassiodorus
1606 2970 1684 3002 Var.
1711 2970 1750 3008 9,
1784 2971 1823 3003 6:
1870 2972 2009 3012 Quantis
2036 2971 2082 3004 ibi

1209 3021 1347 3053 molibus
1376 3021 1502 3052 marini
1530 3021 1662 3052 termini
1683 3021 1833 3053 decenter
1854 3022 1963 3053 invasi
1983 3023 2081 3054 sunt!

1211 3071 1344 3111 quantis
1376 3071 1493 3111 spatiis
1525 3071 1560 3102 in
1595 3070 1775 3103 visceribus
1805 3073 1961 3111 aequoris
1989 3075 2082 3104 terra

1207 3123 1363 3161 promota
1385 3122 1451 3152 est!
1481 3120 1607 3153 Strabo
1631 3122 1663 3160 5,
1689 3130 1725 3162 p.
1749 3121 1828 3154 245:
1858 3118 1883 3164 ἡ
1907 3120 1949 3154 δὲ
1971 3119 2081 3163 πόλις

1210 3168 1416 3217 ἑμπόρειον
1435 3172 1632 3214 γεγένηται
1646 3174 1840 3215 μέγιστον,
1857 3169 2080 3218 χειροποιή-

1210 3232 1301 3263 τους
1322 3216 1471 3261 ’έχουσα
1495 3217 1642 3268 ὅρμους
1663 3219 1725 3255 διὰ
1748 3219 1817 3265 τὴν
1833 3218 1996 3263 εὐφυΐαν
2009 3220 2080 3265 τῆς

1210 3267 1361 3315 ἄμμου,
1397 3271 1529 3318 διόπερ
1559 3270 1605 3319 τῇ
1640 3270 1770 3311 χάλικι
1803 3269 2080 3314 καταμίξαντες

1210 3320 1280 3365 τὴν
1303 3319 1550 3365 α’,ιιμοκονίαν
1565 3320 1829 3369 προβάλλουσι
1845 3319 2010 3364 χώματα
2025 3324 2079 3364 εἰς

1209 3369 1280 3415 τὴν
1302 3371 1518 3406 θάλασσαν.
1544 3372 1714 3414 Vergilius
1730 3375 1815 3404 Aen.
1835 3371 1867 3410 9,
1881 3372 1963 3404 74οε
1989 3373 2079 3412 Qua*

1209 3423 1249 3455 lis
1270 3423 1305 3454 in
1322 3422 1464 3455 Euboico
1478 3422 1644 3454 Baiarum
1663 3422 1760 3454 more
1777 3422 1946 3462 quondam
1960 3422 2076 3456 Sam
