2254 3770
734 292 890 339 LIBER
917 293 981 337 IV.
1025 292 1127 350 Cap.
1157 293 1227 337 67.
1257 294 1323 337 68.
1354 293 1421 337 69.
1885 290 1969 334 255

184 399 314 450 latus,
345 398 399 442 ad
429 411 560 456 quem
589 412 674 442 non
702 399 784 443 nisi
812 413 891 457 per
920 399 1122 443 Seianum
1150 399 1312 452 aditus;
1344 413 1486 457 neque
1507 398 1650 442 Seiani
1670 396 1864 441 voluntas
1888 395 1970 438 nisi

183 470 348 519 scelere
385 473 685 532 quaerebatur.
741 476 1026 533 compositum
1060 475 1170 518 inter
1206 475 1325 532 ipsos
1362 481 1407 518 ut
1445 474 1645 524 Latiaris,
1686 473 1761 531 qui
1798 471 1969 515 modico

183 563 264 594 usu
285 549 490 596 Sabinum
520 549 809 607 contingebat,
843 556 1027 593 strueret
1052 549 1218 599 dolum,
1251 551 1382 594 ceteri
1403 557 1535 594 testes
1555 549 1779 599 adessent,
1811 546 1970 591 deinde

181 625 499 669 accusationem
537 625 784 683 inciperent.
830 625 957 683 igitur
991 625 1169 669 Latiaris
1199 625 1342 669 iacere
1371 625 1565 674 fortuitos
1593 624 1778 683 primum
1807 636 1970 667 sermo-

181 713 277 751 nes,
318 714 419 744 mox
457 700 634 744 laudare
674 701 970 751 constantiam,
1009 701 1127 759 quod
1166 714 1273 750 non,
1311 707 1358 744 ut
1395 703 1543 752 ceteri,
1582 700 1774 744 florentis
1816 698 2001 742 domuss

180 776 344 820 amicus
384 775 598 820 adflictam
637 776 926 829 deseruisset3
967 775 1093 819 simul
1131 775 1295 820 honora
1328 777 1383 820 de
1414 776 1667 820 Germanico
1696 774 1970 833 Agrippinam

180 851 389 896 miserans
418 851 669 896 disserebat.
715 859 759 896 et
785 858 1014 909 postquam
1043 852 1245 903 Sabinus,
1278 858 1326 895 ut
1354 858 1453 895 sunt
1480 851 1631 895 molles
1660 851 1703 894 in
1733 850 1970 894 calamitate

179 926 421 971 mortalium
450 927 600 978 animi,
631 926 779 971 effudit
807 926 1023 977 lacrimas,
1055 927 1190 970 iunxit
1218 933 1418 985 questus,
1451 927 1678 971 audentius
1708 926 1791 969 iam
1822 930 1973 969 onerat

179 1002 401 1053 Seianum,
444 1002 665 1046 saevitiam
701 1002 947 1060 superbiam
976 1015 1077 1059 spes
1107 1001 1215 1045 eius.
1260 1016 1315 1046 ne
1343 1002 1387 1045 in
1417 1001 1633 1045 Tiberium
1662 1001 1839 1060 quidem
1869 1014 1972 1045 con-

177 1077 290 1121 vicio
326 1077 521 1121 abstinet.
575 1078 693 1136 iique
737 1090 977 1128 sermones,
1023 1083 1241 1135 tamquam
1278 1077 1409 1121 vetita
1443 1077 1735 1134 miscuissent,
1779 1076 2021 1134 speciemto

178 1159 296 1197 artae
325 1153 536 1197 amicitiae
565 1152 721 1197 secere.
765 1166 816 1197 ac
854 1153 937 1196 iam
967 1152 1078 1196 ultro
1109 1152 1294 1196 Sabinus
1324 1166 1538 1211 quaerere
1567 1153 1798 1203 Latiarem,
1835 1152 1972 1196 venti-

178 1234 270 1272 tare
299 1227 495 1279 domum,
527 1227 700 1272 dolores
729 1242 832 1272 suos
861 1228 985 1286 quasi
1016 1228 1069 1272 ad
1105 1227 1361 1272 fidissimum
1389 1227 1570 1272 deferre.
1618 1228 1701 1285 (69)
1731 1227 1972 1272 consultant

179 1317 290 1361 quos
309 1303 555 1355 memoravi,
587 1317 775 1362 quonam
798 1303 927 1347 modo
954 1317 1006 1348 ea
1029 1303 1216 1361 plurium
1235 1303 1383 1347 auditu
1403 1304 1712 1362 acciperentur.
1742 1317 1841 1348 nam
1860 1302 1968 1354 loco,

179 1379 222 1422 in
242 1393 374 1437 quem
394 1379 603 1430 coibatur,
636 1379 849 1423 servanda
874 1378 1113 1423 solitudinis
1134 1379 1284 1432 sacies3
1315 1385 1359 1423 et
1378 1379 1414 1423 si
1433 1393 1548 1438 pone
1565 1379 1679 1423 fores
1699 1379 1968 1429 adsisterent,

177 1461 318 1498 metus
353 1456 492 1504 visus,
530 1455 694 1499 sonitus
731 1461 804 1498 aut
839 1454 947 1498 forte
983 1461 1102 1498 ortae
1132 1454 1389 1512 suspicionis
1419 1461 1551 1499 erant.
1599 1461 1761 1499 tectum
1789 1455 1899 1498 inter
1927 1459 2020 1498 etis

177 1529 398 1588 laquearia
417 1537 506 1574 tres
527 1537 759 1581 senatores,
775 1529 890 1573 haud
910 1530 1050 1574 minus
1071 1530 1183 1588 turpi
1203 1529 1367 1575 latebra
1383 1545 1514 1589 quam
1534 1530 1785 1575 detestanda
1806 1528 1969 1581 fraude,

177 1619 276 1649 sese
307 1605 580 1658 abstrudunt;
612 1605 890 1649 foraminibus
919 1612 963 1649 et
991 1606 1109 1649 rimis
1139 1620 1287 1650 aurem
1317 1606 1559 1650 admovent.
1604 1607 1767 1650 interea
1789 1605 1968 1649 Latiaris

177 1688 396 1739 repertum
425 1682 467 1724 in
495 1680 669 1738 publico
700 1681 921 1732 Sabinum,
954 1680 1071 1725 velut
1099 1695 1253 1725 recens
1285 1682 1451 1739 cognita
1481 1688 1752 1733 narraturus,
1793 1681 1969 1724 domum

179 1758 292 1819 etin
324 1756 570 1801 cubiculum
599 1756 747 1811 trahit3
777 1757 1094 1815 praeteritaque
1116 1764 1158 1801 et
1180 1758 1398 1808 instantia,
1430 1771 1616 1816 quorum
1636 1752 1966 1815 adfatim'copia,

242 1904 273 1936 7.
298 1904 398 1937 moles
418 1905 453 1938 M
476 1922 512 1928 —
538 1905 571 1938 8.
596 1909 753 1947 quaestus
774 1906 808 1939 M
834 1923 867 1930 —-
898 1907 949 1938 44.
973 1906 1079 1947 fecere
1101 1907 1275 1939 Faernus:
1298 1907 1410 1948 facere
1431 1906 1476 1939 Μ.
1502 1905 1590 1938 Vide
1613 1905 1658 1938 ad
1674 1905 1713 1946 2,
1731 1905 1764 1938 2.
1785 1921 1823 1927 -—
1848 1903 1902 1938 44.
1919 1911 1971 1936 so-

177 1959 330 1993 litudines
351 1961 386 1994 M
411 1978 447 1984 —
479 1961 532 1994 45.
558 1965 662 1994 metus
684 1963 734 1994 M:
764 1965 854 1995 metu
875 1961 932 1995 vel
954 1962 1055 1995 metui
1077 1963 1270 1996 ErnestIus.
1306 1981 1342 1987 —
1375 1962 1568 2004 suspicionis
1589 1962 1646 1995 M:
1678 1961 1879 2003 suspiciones
1899 1960 1969 1993 Be-

178 2015 333 2050 roaldus.
362 2035 397 2041 -
423 2020 497 2050 erat
518 2017 718 2051 Rhenanus.

173 2134 236 2177 titii
257 2135 293 2167 in
310 2135 428 2168 Titium
443 2135 605 2169 Sabinum
627 2139 658 2169 et
678 2137 815 2169 servitia
837 2138 923 2178 eius,
947 2140 1047 2171 unius

175 2193 220 2217 ecc
240 2185 291 2217 his
313 2194 428 2218 canem
450 2195 509 2218 aec
532 2195 555 2218 a
576 2195 710 2219 carcere
725 2186 817 2228 abigi
827 2188 973 2227 potuisse
986 2198 1045 2221 nec

176 2243 200 2267 a
220 2243 360 2275 corpore
380 2236 549 2268 recessisse
571 2235 688 2268 abiecti
709 2237 744 2268 in
759 2237 919 2278 ,qr-adibus
935 2238 1046 2271 Gemi-

175 2286 272 2317 toriis
289 2288 431 2318 maestos
445 2287 590 2318 edentem
604 2286 763 2326 ululatus,
786 2281 913 2329 mayna
931 2290 1047 2330 populi

175 2336 318 2368 Romani
337 2345 482 2376 corona,
507 2345 551 2369 ex
565 2345 635 2377 qua
650 2345 726 2369 cum
742 2337 879 2377 quidam
894 2339 923 2370 ei
938 2339 1046 2371 cibum

176 2385 356 2424 obiecisset,
395 2386 440 2417 ad
473 2394 509 2418 os
541 2387 684 2427 defuncti
715 2387 837 2420 tulisse.
876 2387 1048 2420 Innatavit

175 2435 262 2467 idem
294 2435 454 2467 cadaveri
480 2436 517 2467 in
548 2435 687 2468 Tiberim
716 2436 842 2469 abiecto
865 2440 1047 2469 sustentare

176 2487 315 2516 conatus
336 2486 441 2525 effusa
462 2485 671 2518 multitudine
686 2486 731 2518 ad
745 2488 959 2526 spectandam
975 2487 1047 2519 ani-

175 2534 274 2566 malis
297 2535 407 2576 fldem.
435 2552 471 2558 —
495 2536 613 2577 yravis
640 2535 773 2577 iniquis]
799 2535 968 2570 molestus
992 2538 1047 2568 at—

177 2591 247 2625 que
270 2584 405 2618 invisus
427 2584 486 2624 iis,
511 2585 571 2626 qui
594 2583 670 2618 illos
693 2585 861 2618 odissent.
890 2603 927 2609 —
951 2586 1048 2618 Lati-

175 2633 253 2665 nius
270 2633 429 2676 Latiaris]
451 2633 502 2666 Cf.
521 2642 552 2666 c.
570 2635 625 2667 7⁴.
643 2634 676 2674 6,
693 2633 726 2668 4.
745 2651 782 2657 —
802 2635 937 2667 Porcius
953 2635 1046 2678 Cato]

180 2685 324 2716 curator
350 2692 522 2725 aquarum
550 2693 642 2717 anno
663 2684 739 2722 794,
769 2686 860 2718 teste
882 2686 1047 2718 Frontino

176 2732 222 2766 de
244 2734 403 2775 Aquaed.
435 2743 466 2767 c.
492 2734 568 2766 ⁴02.
596 2751 632 2757 —
661 2735 792 2767 Petilius
812 2735 927 2778 Rufus]
961 2737 1047 2769 Bor-

176 2782 299 2824 ghesio
324 2783 464 2816 videtur
485 2785 588 2826 pater
609 2783 719 2817 Petilii
735 2785 889 2818 Cerealis
907 2784 973 2827 (14,
993 2785 1045 2826 32)

177 2834 214 2864 et
227 2834 329 2874 pater
342 2832 399 2866 vel
414 2841 500 2866 avus
516 2834 556 2872 Q.
575 2833 685 2866 Petilii
704 2833 792 2874 Rufi,
816 2835 943 2867 iterum
966 2843 1047 2866 con-

176 2881 261 2916 sulis
285 2891 317 2917 a.
341 2892 378 2915 u.
403 2883 480 2916 836.
515 2883 603 2916 Vide
627 2884 666 2917 C.
691 2885 801 2917 Inscr.
825 2886 882 2917 Gr.
908 2894 943 2917 n.
961 2885 1046 2917 3473

175 2932 215 2965 Β.
238 2949 271 2957 -
288 2933 337 2966 Μ.
355 2933 483 2976 Opsius]
506 2933 698 2975 Borghesio
720 2934 817 2967 idem
833 2935 973 2967 videtur
987 2935 1048 2976 qui

178 2986 478 3016 commemoratur
508 2985 548 3017 C.
577 2985 686 3018 Inscr.
716 2986 773 3018 Gr.
798 2993 833 3018 n.
859 2985 962 3018 5793:
995 2984 1044 3017 M.

165 3026 308 3075 “Owcog
338 3032 508 3075 Νάουιος
535 3029 556 3066 c‘·
583 3029 795 3075 Ἄντιανός,
819 3033 1045 3082 στρατηγός,

176 3077 345 3130 ἔπαρχος
371 3084 500 3117 ostrow
526 3080 672 3125 δόσεως
694 3082 857 3128 δόγματι
879 3081 1046 3128 συγκλή-

176 3141 246 3166 του
264 3129 460 3177 Ῥωμαίων
482 3131 682 3175 (praefectus
701 3134 861 3175 frumenti
882 3134 985 3166 dandi
1003 3143 1048 3166 ex

178 3182 214 3215 S.
243 3183 313 3226 0.),
341 3180 601 3230 ἀγορανόμος,
625 3184 765 3226 ταμίας
786 3180 938 3216 Πόντου
960 3183 1047 3216 Βει-

178 3230 315 3274 ovum,-
341 3233 511 3276 (quaestor
532 3232 626 3266 Ponti
647 3235 680 3265 et
699 3232 904 3275 Bithyniae),
928 3231 1046 3272 xatu-

180 3281 328 3328 αρ(χος)
349 3281 582 3327 λεγ(εώ’νος)ἒ
601 3279 904 3325 Μακεδονικῶς),
929 3278 1048 3329 ἄρξας

182 3338 198 3363 ι
221 3327 366 3380 ἀνδρῶν
386 3329 511 3380 ἀρχὴν
534 3331 595 3366 ἐπὶ
613 3327 762 3375 Ῥώμης
784 3331 962 3374 (decemvir
981 3332 1050 3364 stli-

183 3378 267 3413 tibus
286 3382 497 3425 iudicandis).
531 3381 583 3415 Cf.
610 3389 641 3414 c.
666 3382 721 3414 74.
748 3397 786 3404 —-
811 3380 1046 3424 quaerebatur]

184 3427 331 3473 simplex
342 3440 408 3475 pro
424 3431 619 3475 composito
628 3429 877 3473 acquirebatur.
895 3429 947 3464 Ct.
960 3429 993 3472 6,
1006 3429 1044 3464 4:

1097 2137 1152 2170 Sic
1177 2137 1289 2170 Trioni
1311 2138 1427 2170 dilatio
1449 2138 1544 2171 exitii
1566 2138 1733 2179 quaesita,
1758 2138 1794 2171 id
1811 2140 1877 2177 est,
1901 2147 1968 2181 pa·-

1096 2189 1183 2220 rata.
1212 2204 1249 2210 —
1275 2187 1425 2230 questus]
1449 2196 1534 2221 suos
1558 2196 1640 2221 cum
1663 2189 1808 2221 Latiaris
1831 2188 1968 2230 questi-

1096 2236 1176 2270 bus.
1207 2255 1244 2260 —
1270 2238 1398 2279 onerat]
1422 2246 1488 2279 pro
1515 2237 1671 2280 pleniore
1694 2237 1871 2272 locutione
1894 2247 1969 2271 one-

1094 2296 1178 2319 rare
1198 2287 1382 2319 maledictis
1403 2287 1514 2320 Plaut.
1539 2287 1668 2321 Pseud.
1694 2290 1726 2329 4,
1751 2288 1784 2329 3,
1810 2289 1885 2329 422,
1911 2286 1967 2321 vel

1095 2337 1299 2369 contumeliis
1322 2338 1393 2370 Cic.
1419 2337 1507 2370 Phil.
1532 2339 1572 2378 2,
1596 2338 1650 2372 38.
1675 2339 1784 2371 Dono.
1805 2356 1841 2363 -
1866 2339 1968 2372 vetita

1094 2387 1310 2430 miscuissent]
1332 2388 1479 2421 consilia
1501 2397 1610 2430 prava
1634 2389 1871 2422 communiter
1892 2389 1968 2431 agi-

1097 2438 1231 2470 tassent
1253 2446 1295 2470 ac
1318 2439 1404 2471 socii
1427 2437 1572 2471 sceleris
1594 2438 1754 2472 fuissent.

1141 2487 1194 2520 69.
1219 2487 1341 2529 metus]
1376 2487 1519 2530 pluralis
1551 2489 1623 2529 est,
1653 2490 1692 2521 ut
1715 2498 1746 2521 c.
1772 2489 1826 2521 50.
1853 2489 1885 2528 6,
1912 2489 1964 2522 48.

1097 2536 1151 2578 44,
1176 2537 1230 2569 57.
1256 2537 1345 2570 Hist.
1370 2538 1406 2578 2,
1431 2538 1493 2577 22,
1517 2538 1607 2571 visus
1628 2540 1665 2571 et
1685 2539 1810 2571 sonitus
1824 2539 1968 2581 genitivi

1097 2588 1137 2619 ut
1166 2587 1371 2627 suspicionis.
1412 2588 1669 2622 «Metuendum
1702 2590 1795 2629 erat,
1831 2597 1877 2622 ne
1909 2587 1966 2622 vel

1097 2636 1256 2678 ipsorum
1271 2636 1482 2678 negligentia
1498 2638 1790 2680 conspicerentur
1805 2637 1967 2671 audiren-

1096 2687 1198 2719 turve
1221 2685 1278 2719 vel
1301 2686 1452 2720 Sabinus
1474 2696 1540 2730 per
1562 2688 1821 2730 providentiam
1839 2688 1965 2730 sponte

1098 2738 1218 2768 natam
1232 2737 1392 2778 proxima
1409 2735 1561 2770 cubiculi
1576 2739 1795 2770 scrutaretur
1810 2737 1856 2770 ad
1871 2745 1967 2769 amo-

1097 2785 1233 2818 vendos
1256 2785 1549 2820 auscultatores.»
1573 2787 1682 2820 Donn.
1707 2805 1751 2811 —
1775 2785 1964 2828 laquearia]

1097 2834 1258 2875 lacunar,
1283 2835 1508 2869 interstitium
1521 2836 1708 2877 -tiguorum
1730 2837 1766 2870 in
1789 2836 1887 2870 caelo
1906 2844 1967 2869 cu-

1097 2884 1204 2917 biculi
1226 2884 1283 2918 vel
1306 2885 1394 2919 alius
1416 2885 1559 2919 aedium
1581 2887 1709 2928 partis,
1735 2887 1832 2929 quod
1848 2895 1966 2919 came·

1098 2935 1215 2966 ratum
1246 2943 1317 2967 non
1347 2935 1410 2975 sit,
1447 2944 1492 2968 ex
1515 2944 1558 2968 eo
1581 2935 1734 2976 dictum,
1770 2937 1851 2978 quia
1874 2936 1966 2968 inter

1098 2985 1233 3025 tignum
1249 2986 1285 3017 et
1300 2986 1434 3026 tignum
1449 2984 1558 3018 veluti
1575 2984 1702 3019 lacuna
1718 2987 1783 3019 est.
1808 2984 1965 3018 Similem

1097 3033 1272 3066 latebram
1303 3036 1489 3068 memorat·
1511 3034 1670 3069 Valerius
1692 3036 1782 3069 Max.
1809 3036 1840 3075 6,
1866 3035 1898 3075 7,
1922 3035 1962 3068 2:

1097 3084 1286 3116 Lucretium
1307 3093 1399 3117 uxor
1421 3085 1544 3118 Thuria
1565 3085 1653 3118 inter
1674 3093 1845 3118 cameram
1866 3087 1899 3117 et
1920 3087 1967 3118 te-

1097 3136 1186 3166 ctum
1213 3133 1355 3166 cubiculi
1382 3134 1518 3168 abdidit.
1552 3135 1604 3169 Cf.
1628 3135 1775 3177 Appian.
1800 3135 1839 3167 B.
1865 3134 1903 3167 C.
1928 3133 1961 3175 4,

1098 3181 1152 3215 44.
1189 3200 1227 3207 —-
1261 3182 1437 3226 instantia]
1474 3185 1686 3226 praesentia.
1725 3184 1811 3216 Hist.
1836 3182 1874 3223 3,
1900 3183 1961 3216 36:

1094 3233 1297 3275 praeterita,
1331 3233 1513 3274 instantia,
1545 3235 1665 3276 futura
1692 3233 1776 3273 pari
1804 3232 1965 3267 oblivione

1098 3282 1278 3316 dimiserat.
1310 3283 1518 3316 Cornificius
1541 3283 1587 3315 ad
1609 3282 1763 3315 Herenn.
1795 3282 1833 3322 2,
1857 3283 1896 3324 Β,
1920 3282 1963 3316 8:

1098 3331 1258 3365 dividitur
1284 3332 1321 3365 in
1349 3335 1499 3374 tempora
1526 3332 1614 3364 Μαι
1641 3331 1877 3372 praeteritum,
1908 3332 1964 3364 in·-

1097 3384 1200 3422 stans,
1225 3390 1432 3424 consequens.
1459 3381 1583 3414 Cicero
1605 3379 1652 3413 de
1671 3380 1765 3413 Orat.
1782 3380 1816 3422 Ξ,
1841 3380 1961 3424 5⁴05:

1096 3430 1156 3464 Est
1175 3431 1284 3474 ὁρίων
1302 3439 1407 3474 uenus
1421 3431 1572 3473 primum
1585 3436 1770 3463 causam
1781 3429 1821 3464 in
1833 3429 1965 3465 iudiciis
