2254 3770
267 257 320 301 40
745 258 789 301 Ρ.
814 257 1062 303 CORNELII
1090 255 1258 300 TACITI
1286 254 1553 299 ANNALIUM

266 363 308 406 in
338 358 460 422 spem
488 362 721 408 secundam
740 369 917 421 nepotes
938 369 1303 421 pronepotesque;
1336 361 1458 404 tertio
1478 346 1614 416 gradu
1631 358 1840 416 primores
1858 356 2035 400 civitatis

266 438 511 496 scripserat,
552 438 782 496 plerosque
822 438 981 481 invisos
1021 437 1119 485 sibi,
1161 436 1236 480 sed
1269 436 1461 479 iactantia
1493 433 1711 492 gloriaque
1743 432 1794 476 ad
1826 438 2034 490 posteros.

265 512 403 571 legata
422 527 506 557 non
525 513 634 557 ultra
654 513 820 558 civilem
838 513 1031 562 modum,
1074 512 1153 555 nisi
1175 510 1290 568 quod
1313 509 1471 568 populo
1495 516 1537 552 et
1557 507 1670 566 plebi
1691 507 2038 566 quadringenties

265 588 407 632 tricies
427 588 672 647 quinquies,
694 588 1003 646 praetoriarum
1019 586 1255 631 cohortium
1274 584 1475 628 militibus
1496 581 1661 639 singula
1678 597 1895 625 nummum
1911 580 2036 630 milia,

234 662 508 720 elegionariis
537 662 570 720 -1-
599 669 670 706 aut
699 662 944 706 cohortibus
973 662 1130 706 civium
1148 662 1433 704 Romanorum
1455 666 1650 701 trecenos
1670 670 1866 700 nummos
1886 655 2039 699 viritim

266 737 394 782 dedit.
453 743 541 780 tum
569 737 850 782 consultatum
878 736 932 781 de
963 736 1214 787 honoribus3
1247 749 1299 778 ex
1329 734 1425 791 quis
1451 733 1633 775 maxime
1656 732 1842 789 insignes
1864 731 1964 775 visi:
1994 737 2041 774 ut

266 819 388 871 porta
416 812 655 870 triumphali
686 812 914 856 duceretur
938 812 1080 861 funus,
1114 810 1255 854 Gallus
1277 808 1464 858 Asinius,
1496 815 1543 850 ut
1563 807 1703 864 legum
1723 806 1902 849 latarum
1921 804 2038 855 tituli.

267 889 473 932 victarum
501 887 555 931 ab
585 901 637 931 eo
667 887 854 944 gentium
883 885 1091 930 vocabula
1121 885 1449 932 anteferrentur,
1492 883 1535 925 L.
1567 881 1788 924 Arruntius
1818 893 2040 924 censuere.

271 962 455 1006 addebat
484 961 663 1005 Messala
692 961 881 1005 Valerius
911 960 1203 1005 renovandum
1231 973 1310 1016 per
1336 971 1468 1000 annos
1490 963 1804 1000 sacramentum
1823 956 1863 998 in
1885 969 2039 1000 nomen

221 1037 446 1090 aoTiberii;
490 1037 858 1095 interrogatusque
896 1050 920 1079 a
956 1035 1122 1079 Tiberio
1161 1049 1264 1077 num
1300 1047 1347 1077 se
1385 1032 1613 1075 mandante
1657 1045 1753 1074 eam
1792 1031 2042 1074 sententiam

269 1113 564 1170 prompsisset,
597 1118 747 1169 sponte
774 1111 931 1154 dixisse
961 1109 1180 1168 respondit
1208 1122 1349 1166 neque
1378 1108 1418 1150 in
1441 1107 1490 1150 iis
1511 1121 1623 1164 quae
1645 1106 1698 1150 ad
1719 1120 1811 1149 rem
1829 1105 2043 1164 publicam

269 1187 531 1246 pertinerent
559 1186 735 1230 consilio
765 1187 844 1229 nisi
875 1200 954 1230 suo
983 1200 1179 1236 usurum,
1221 1183 1288 1227 vel
1319 1197 1415 1227 cum
1452 1182 1643 1240 periculo
1673 1180 1932 1225 offensionis.
1991 1194 2044 1224 ea

335 1358 367 1391 3.
393 1358 609 1391 CCCCXXXV
628 1358 660 1391 M
686 1375 721 1380 —
754 1355 785 1389 t.
810 1356 919 1396 milia,
955 1355 1147 1397 legionariis
1177 1357 1337 1393 trecenos,
1369 1352 1552 1385 cohortibus
1575 1361 1603 1384 c.
1630 1352 1667 1384 Β.
1693 1351 1872 1393 quingenos
1897 1359 2046 1383 nummos

270 1415 296 1448 Ι.
322 1414 376 1447 Fr.
402 1414 612 1452 Gronovius;
637 1413 749 1454 milia,
774 1412 910 1445 urbanis
925 1412 1118 1453 quingenos,
1144 1409 1334 1452 legionariis
1355 1412 1465 1441 autem
1488 1409 1553 1448 (sic
1569 1417 1632 1450 pro
1649 1411 1707 1439 aut
1721 1416 1844 1448 margo
1860 1408 1907 1448 M)
1929 1407 2047 1439 cohor-

270 1469 354 1502 tibus
376 1470 565 1511 Sauppius;
589 1470 695 1509 milia,
719 1468 856 1501 urbanis
871 1469 1064 1509 quingenos,
1091 1466 1281 1508 legionariis
1296 1475 1336 1498 ac
1356 1465 1540 1497 cohortibus
1562 1463 1782 1506 Nipperdey;
1807 1464 1919 1504 milia,
1944 1463 2048 1505 legio-

271 1526 378 1558 nariis
400 1525 582 1558 cohortibus
604 1526 770 1558 Ritterus.
789 1542 822 1547 —-
842 1525 873 1556 6.
899 1533 941 1556 ex
957 1524 1030 1563 quis
1054 1524 1109 1564 qui
1132 1522 1279 1555 maoeime
1297 1522 1439 1563 insignes
1452 1522 1532 1561 visi,
1557 1524 1594 1552 ut
1609 1519 1890 1561 Bezzenberger;
1916 1529 1960 1552 ev
1975 1519 2049 1559 quis

271 1582 418 1614 maa-ime
438 1582 580 1623 insignes
597 1582 630 1614 hi
643 1582 705 1613 visi
728 1581 848 1622 (magis
865 1579 980 1622 placet
993 1580 1055 1611 visi
1077 1579 1142 1618 hi).·
1165 1581 1202 1610 ut
1218 1579 1394 1617 Heraeus;
1419 1578 1480 1609 visi
1496 1576 1624 1609 delevit
1646 1575 1861 1618 Nipperdey.
1909 1575 1963 1607 «Si
1987 1575 2047 1607 visi

273 1637 430 1679 deesset,
457 1646 562 1672 nemo
587 1637 822 1676 desideraret;
849 1636 891 1668 cf.
917 1637 1004 1669 Ann.
1032 1636 1163 1675 t„77.»
1189 1635 1296 1667 ΗΑιΜ.
1323 1652 1359 1657 -
1386 1635 1417 1666 7.
1439 1637 1554 1674 portat
1576 1634 1607 1666 M
1633 1650 1664 1656 -
1698 1633 1730 1665 8.
1755 1632 1978 1674 anteferentur
1998 1631 2044 1664 M.

1183 1778 1286 1824 ὅπως
1308 1781 1536 1824 βουλευταῖς
1558 1782 1624 1815 καὶ
1648 1778 1844 1822 ἱππεῦσιν,
1869 1777 1967 1814 ἀλλὰ
1981 1781 2048 1815 καὶ

1181 1831 1400 1874 βασιλεῦσι,
1425 1830 1476 1876 τῷ
1499 1842 1539 1864 τε
1562 1829 1671 1876 δήμῳ
1694 1831 1818 1873 χιλίας
1839 1829 2043 1878 μυριάδας,

1182 1884 1247 1916 καὶ
1259 1887 1340 1924 τοῖς
1351 1880 1620 1939 στρατιώταις,
1640 1886 1722 1923 τοῖς
1732 1882 1804 1924 μὲν
1815 1880 2048 1929 δορυφόροις

274 1790 310 1822 et
336 1788 484 1830 Augusta
511 1787 629 1820 Tacito
658 1787 724 1829 ipsi
755 1786 938 1828 aliquoties
971 1786 1073 1826 (Ann.
1099 1784 1131 1825 4,

274 1840 326 1872 2⁴.
359 1840 394 1871 et
422 1839 476 1871 22.
510 1837 612 1880 cet.);
648 1838 681 1869 in
716 1838 844 1869 Inscrr.
876 1836 964 1868 meis
993 1837 1066 1868 Lat.
1091 1835 1132 1867 N.

275 1889 464 1922 645—647:
503 1888 590 1920 Iulia
622 1888 701 1920 Divi
735 1887 873 1929 Augusti
905 1887 942 1918 F.
973 1886 1132 1927 Augusta.

274 1940 356 1972 Post
393 1939 468 1971 eius
507 1939 657 1970 mortem
696 1936 785 1969 ultra
825 1937 929 1969 etiam
964 1936 1136 1977 processit

275 1988 425 2022 adulatio
460 1989 494 2020 in
523 1988 590 2020 hac
621 1989 726 2020 inser.
759 1987 988 2028 Pompeiana:
1028 1987 1137 2018 Divae

274 2039 440 2080 Augustae
455 2039 492 2070 L.
509 2038 653 2070 Mamius
667 2038 838 2069 Maximus
852 2037 886 2068 P.
905 2036 939 2068 S.
966 2036 1136 2067 Guarinus

274 2089 310 2121 in
342 2097 442 2121 sacra
473 2088 632 2120 nonnulla
661 2088 860 2127 Pompeiana
895 2085 1138 2118 Commentaria

276 2139 350 2171 duo.
387 2136 532 2179 Neapoli
549 2137 642 2170 4830.
668 2146 702 2178 p.
721 2137 773 2169 78.
807 2138 894 2168 ltem
914 2136 949 2168 in
966 2135 1135 2167 nummis:

276 2189 364 2222 Diva
375 2188 463 2220 Iulia
476 2187 625 2228 Augusta
640 2189 676 2219 et
692 2187 778 2219 Diva
789 2186 876 2218 Iulia
887 2185 1024 2227 Augusti
1038 2185 1136 2216 Filia.

275 2233 451 2272 Akerman
476 2238 501 2269 Ι.
533 2246 566 2278 p.
594 2236 667 2269 444.
702 2254 736 2258 —
772 2237 807 2267 in
835 2245 924 2275 spem
952 2234 1137 2276 secundam]

278 2288 481 2329 exquisitius
497 2286 628 2319 dictum
642 2294 748 2327 quam
772 2285 968 2318 «secundos
988 2284 1138 2316 heredes

277 2338 448 2379 scripsit.»
461 2354 496 2359 —
512 2340 641 2377 nepotes
649 2339 902 2376 pronepotesque
915 2334 996 2375 cet.]
1015 2335 1139 2365 Sueto-

278 2388 374 2420 nius:
414 2387 587 2424 secundos,
621 2386 769 2417 Drusum
801 2385 917 2416 Tiberii
938 2384 1062 2425 filium,
1096 2392 1139 2415 ea>

278 2438 411 2476 triente,
436 2445 479 2468 σω
490 2435 642 2476 partibus
656 2435 791 2475 reliquis
810 2434 1043 2467 Germanicum
1059 2433 1139 2465 libe-

278 2495 396 2526 rosque
407 2486 475 2518 eius
486 2489 550 2517 tres
562 2494 658 2517 sexus
669 2485 793 2523 virilis‚·
818 2485 912 2516 tertio
935 2484 1045 2525 gradu
1057 2492 1139 2523 pro-

275 2538 417 2578 pinquos
428 2536 615 2577 amicosque
627 2535 859 2574 complures.—
867 2534 991 2574 populo
1002 2537 1032 2565 et
1042 2532 1137 2574 plebi]

280 2586 461 2626 Quomodo
485 2584 768 2625 distinguendum
797 2585 842 2616 sit
864 2585 1052 2623 utrumque
1075 2591 1139 2614 vo-

280 2635 464 2674 cabulum,
500 2636 672 2667 monstrat
693 2634 877 2666 Suetonius
908 2634 1026 2666 Octav.
1058 2633 1136 2665 iot:

279 2686 415 2728 Legavit
433 2685 554 2725 populo
574 2686 720 2717 Romano
736 2685 1014 2725 quadringenties,
1039 2683 1141 2715 tribu-

281 2736 338 2767 bus
360 2735 469 2767 tricies
491 2735 660 2775 quinquies
689 2734 887 2772 sestertium,
915 2733 1142 2773 praetorianis

279 2784 435 2817 militibus
455 2784 586 2825 singula
600 2783 694 2815 milia
708 2792 935 2823 nummorum,
960 2782 1143 2814 cohortibus

280 2834 418 2867 urbanis
439 2834 635 2876 quingenos,
661 2833 850 2874 legionariis
875 2836 1018 2864 trecenos
1043 2840 1141 2863 num—

281 2894 362 2918 mos.
403 2885 509 2916 Recte
536 2882 683 2916 wolfius
707 2882 988 2915 distributionem
1020 2882 1065 2914 ita
1091 2882 1142 2914 fa-

284 2937 376 2968 ctam
394 2941 472 2966 esse
492 2934 623 2971 censet,
650 2933 698 2971 ut,
725 2932 817 2974 quod
833 2933 1008 2973 Augustus
1021 2932 1142 2972 populo

283 2985 431 3026 legarat,
457 2984 491 3015 in
515 2983 691 3015 aerarium
715 2982 830 3024 populi
852 2983 888 3014 R.
915 2982 958 3014 ad
985 2981 1142 3023 publicos

283 3043 369 3067 usus
385 3033 597 3070 deterretur,
621 3031 715 3073 quod
731 3031 877 3063 tribubus
891 3031 1033 3072 (quibus
1049 3031 1144 3073 apud

284 3084 440 3117 Tacitum
456 3080 671 3123 respondent
685 3090 739 3112 vv.
759 3084 788 3112 et
807 3081 916 3123 plebi),
942 3081 1069 3113 viritim
1088 3081 1143 3113 vel

285 3134 425 3166 vicatim
471 3132 782 3174 pernumeraretur
829 3132 954 3170 (quam
1000 3131 1143 3171 quidem

285 3182 471 3224 pecuniam
505 3181 642 3213 nonnisi
665 3188 684 3211 a
709 3179 925 3211 tenuioribus
960 3182 1142 3220 acceptam

287 3240 365 3264 esse
390 3233 666 3263 consentaneum
691 3231 769 3270 est)
812 3229 878 3268 (Cf.
896 3229 1028 3260 Becker
1044 3230 1139 3261 Rom.

286 3280 430 3314 Alterth.
448 3282 494 3319 11
520 3282 551 3313 4.
570 3290 604 3322 p.
624 3280 714 3319 437)
736 3280 799 3312 Dio
815 3279 868 3317 56,
888 3279 943 3310 32:
970 3276 1144 3321 κτήματα

286 3329 327 3363 δὲ
349 3331 414 3363 καὶ
436 3328 615 3387 χρήματα
637 3326 758 3363 πολλὰ
781 3327 952 3368 πολλοῖς,
983 3329 1047 3360 καὶ
1070 3326 1144 3360 τῶν

288 3377 559 3428 προσηκόντων
575 3381 615 3413 οἱ
635 3380 700 3414 καὶ
722 3375 795 3413 τῶν
819 3374 1045 3423 ἀλλοτρίων,
1071 3374 1143 3417 οὐχ

1183 1933 1438 1976 (praetorianis)
1461 1929 1557 1965 κατὰ
1580 1930 1816 1975 πεντήκοντα
1837 1933 1901 1965 καὶ
1917 1931 2048 1965 διακο-

1184 1985 1271 2024 σίας
1289 1981 1486 2040 δραχμάς,
1520 1986 1601 2024 τοῖς
1623 1981 1652 2015 δ’
1674 1978 1848 2023 ἀστικοῖς
1875 1982 2048 2024 (urbanis)

1183 2031 1254 2076 τὴν
1278 2029 1477 2076 ἦαίσειαν,
1510 2029 1562 2076 τῶ
1608 2031 1768 2075 „caonas
1791 2031 1843 2075 τῷ
1867 2030 2047 2076 πολιτικῷ

1186 2081 1323 2126 πλήθει
1339 2079 1559 2126 (legionariis)
1576 2083 1685 2115 πέντε
1699 2084 1763 2116 καὶ
1781 2080 2050 2125 ἑβδομήκοντα

1186 2133 1349 2176 δοθῆναι
1361 2132 1568 2166 ἐκέλευσεν.
1587 2133 1743 2167 Urbanas
1756 2134 1863 2165 cohor
1867 2134 1918 2165 tes
1931 2142 1950 2165 a
1960 2134 2048 2165 Sue-

1188 2185 1281 2217 tonio
1306 2193 1348 2216 ac
1372 2185 1480 2216 Dione
1503 2186 1716 2216 memoratas
1740 2192 1758 2214 a
1783 2183 1917 2223 Tacito,
1943 2191 2049 2215 accu-

1187 2235 1362 2267 ratissimo
1381 2234 1569 2275 scriptore,
1595 2234 1863 2275 praetermissas
1880 2241 1959 2265 esse
1974 2232 2050 2266 veri

1187 2283 1300 2317 simile
1325 2293 1395 2315 non
1421 2283 1567 2316 videtur.
1617 2284 1787 2322 Quocirca
1809 2292 1894 2316 saue
1918 2283 2049 2323 dignis—

1187 2335 1275 2366 sima
1299 2335 1353 2366 est
1373 2342 1462 2374 quae
1487 2334 1706 2365 memoretur
1721 2333 1860 2374 Sauppii
1877 2333 1946 2365 mei
1963 2341 2050 2365 con-

1188 2385 1340 2422 iectura,
1381 2391 1450 2423 qua
1486 2382 1631 2415 sublatis
1669 2382 1872 2414 cohortibus
1904 2381 2050 2416 urbanis

1187 2433 1398 2474 legionariae
1421 2432 1584 2464 cohortes
1607 2433 1734 2464 civium
1751 2433 1986 2467 Romanorum
2009 2432 2050 2466 iis

1188 2483 1427 2524 opponuntur,
1453 2491 1543 2523 quae
1568 2491 1610 2514 ex
1634 2482 1821 2523 provinciis
1844 2481 2051 2515 iamdudum

1188 2533 1354 2565 Romanis
1371 2532 1528 2564 moribus
1546 2532 1707 2571 imbutis,
1729 2541 1771 2563 ex
1789 2532 1951 2574 Hispania
1967 2533 2051 2574 puta

1190 2584 1224 2614 et
1241 2582 1373 2619 Africa,
1395 2580 1553 2613 delectae
1571 2583 1680 2613 erant.
1706 2583 1817 2615 Unum
1834 2583 1951 2614 tamen
1969 2580 2052 2615 illud

1190 2635 1300 2664 autem
1322 2631 1570 2664 Beroaldinum
1601 2641 1670 2664 non
1699 2633 1782 2664 satis
1806 2631 1938 2674 placet,
1971 2631 2051 2672 quia

1189 2682 1340 2713 otiosum
1371 2683 1425 2713 est
1454 2683 1488 2712 et
1517 2682 1658 2713 omnino
1692 2680 1736 2713 ab
1770 2681 1838 2713 hac
1871 2679 2050 2723 particula,

1190 2733 1361 2771 quantum
1390 2732 1523 2772 potest,
1560 2730 1712 2763 abstinet
1733 2731 1888 2770 Tacitus,
1923 2731 1987 2763 etsi
2011 2738 2052 2762 ea

1190 2781 1298 2813 utitur
1331 2783 1419 2813 Ann.
1453 2780 1490 2819 3,
1525 2781 1566 2813 53
1603 2782 1638 2812 et
1665 2781 1717 2812 73.
1764 2781 1859 2812 Duas
1894 2780 2053 2813 diversas
2111 2794 2117 2799 ·

1191 2840 1246 2862 vv.
1272 2830 1456 2862 cohortibus
1481 2831 1602 2862 civium
1624 2831 1848 2863 Romanorum
1879 2831 2053 2871 interpre-

1191 2881 1339 2912 tationes
1359 2880 1619 2912 Freinshemius
1642 2881 1676 2912 iu
1691 2880 1894 2920 Pamphi-asi
1909 2880 2051 2920 Argeut.

1192 2929 1287 2962 464⁴.
1320 2929 1442 2962 callide
1473 2930 1517 2961 ita
1547 2929 1751 2971 complexus
1779 2931 1849 2962 est:
1890 2929 2053 2961 «urbanis

1192 2980 1355 3011 nimirum
1380 2982 1415 3011 et
1437 2980 1465 3012 si
1488 2988 1578 3021 quae
1603 2978 1689 3011 aliae
1705 2978 1771 3026 suh
1788 2979 1892 3011 certis
1907 2977 2050 3019 legioni-

1192 3029 1259 3061 bus
1283 3038 1350 3061 non
1376 3029 1677 3061 continebantur.»
1723 3028 1792 3061 Sed
1813 3028 1976 3061 cohortes
1992 3037 2052 3060 ur-

1192 3079 1320 3119 banas,
1347 3080 1411 3112 etsi
1436 3088 1478 3111 ex
1502 3078 1635 3111 civibus
1660 3078 1867 3114 constabant
1888 3079 1992 3117 (Anu.
2018 3076 2050 3117 t.

1192 3131 1211 3162 5
1227 3132 1258 3170 ),
1284 3138 1442 3170 unquam
1464 3132 1606 3162 vocatas
1622 3137 1701 3161 esse
1718 3129 1864 3160 cohortes
1878 3128 1998 3160 civium
2013 3127 2049 3159 R.

1193 3179 1416 3220 comprobari
1446 3179 1582 3220 nequit;
1620 3186 1736 3219 neque
1765 3186 1867 3215 vern,
1902 3177 1933 3210 si
1961 3185 2051 3218 quae

1193 3229 1279 3261 aliae
1311 3238 1341 3261 v.
1368 3238 1398 3260 c.
1430 3230 1463 3260 in
1498 3228 1697 3270 praesidiis
1710 3226 1917 3276 oppidorum
1947 3228 2052 3267 atque

1194 3278 1417 3311 castellorum
1433 3280 1532 3310 eraut
1545 3277 1738 3319 legionibus
1751 3286 1819 3309 uon
1831 3277 2050 3318 aggregatae,

1194 3328 1314 3369 quales
1339 3330 1579 3360 memorantur
1609 3328 1642 3360 in
1667 3328 1773 3360 inser.
1801 3335 1846 3359 m.
1875 3327 1944 3358 Lat.
1970 3325 2049 3358 798:

1194 3377 1397 3410 COHORTIS
1425 3377 1652 3410 SECVNDAE
1681 3377 1829 3410 CIVIVM
1855 3375 2050 3409 ROMANo-
