<?xml version="1.0" encoding="UTF-8"?>
<!DOCTYPE html PUBLIC "-//W3C//DTD XHTML 1.0 Transitional//EN"
    "http://www.w3.org/TR/xhtml1/DTD/xhtml1-transitional.dtd">
<html xmlns="http://www.w3.org/1999/xhtml" xml:lang="en" lang="en">
 <head>
  <title>
</title>
<meta http-equiv="Content-Type" content="text/html;charset=utf-8" />
  <meta name='ocr-system' content='tesseract 3.04.00' />
  <meta name='ocr-capabilities' content='ocr_page ocr_carea ocr_par ocr_line ocrx_word'/>
</head>
<body>
  <div class='ocr_page' id='page_1' title='image "./pcorneliitacitio01taciuoft_0355.png"; bbox 0 0 2254 3770; ppageno 0'>
   <div class='ocr_carea' id='block_1_1' title="bbox 0 1951 63 3770">
    <p class='ocr_par' dir='ltr' id='par_1_1' title="bbox 0 1951 63 3770">
     <span class='ocr_line' id='line_1_1' title="bbox 0 1951 63 3770; baseline 0 0"><span class='ocrx_word' id='word_1_1' title='bbox 0 1951 63 3770; x_wconf 95' lang='lat' dir='ltr'> </span> 
     </span>
    </p>
   </div>
   <div class='ocr_carea' id='block_1_2' title="bbox 790 295 1391 355">
    <p class='ocr_par' dir='ltr' id='par_1_2' title="bbox 790 295 1391 355">
     <span class='ocr_line' id='line_1_2' title="bbox 790 295 1391 355; baseline -0.003 -13"><span class='ocrx_word' id='word_1_2' title='bbox 790 296 944 342; x_wconf 81' lang='lat' dir='ltr'><strong>LIBER</strong></span> <span class='ocrx_word' id='word_1_3' title='bbox 971 295 1040 341; x_wconf 88' lang='lat' dir='ltr'>x1.</span> <span class='ocrx_word' id='word_1_4' title='bbox 1083 295 1186 355; x_wconf 80' lang='lat' dir='ltr'>Cap.</span> <span class='ocrx_word' id='word_1_5' title='bbox 1213 295 1255 340; x_wconf 88' lang='lat'>7.</span> <span class='ocrx_word' id='word_1_6' title='bbox 1283 295 1324 341; x_wconf 91' lang='lat'>8.</span> <span class='ocrx_word' id='word_1_7' title='bbox 1350 297 1391 340; x_wconf 88' lang='lat'>9.</span> 
     </span>
    </p>
   </div>
   <div class='ocr_carea' id='block_1_3' title="bbox 1882 295 1968 339">
    <p class='ocr_par' dir='ltr' id='par_1_3' title="bbox 1882 295 1968 339">
     <span class='ocr_line' id='line_1_3' title="bbox 1882 295 1968 339; baseline 0.012 -1"><span class='ocrx_word' id='word_1_8' title='bbox 1882 295 1968 339; x_wconf 74' lang='lat'>3⁴7</span> 
     </span>
    </p>
   </div>
   <div class='ocr_carea' id='block_1_4' title="bbox 199 401 2031 1669">
    <p class='ocr_par' dir='ltr' id='par_1_4' title="bbox 199 401 2031 1669">
     <span class='ocr_line' id='line_1_4' title="bbox 202 401 1968 463; baseline -0.003 -12"><span class='ocrx_word' id='word_1_9' title='bbox 202 405 435 463; x_wconf 88' lang='lat' dir='ltr'>stadiorum</span> <span class='ocrx_word' id='word_1_10' title='bbox 462 402 624 448; x_wconf 89' lang='lat' dir='ltr'>invadit</span> <span class='ocrx_word' id='word_1_11' title='bbox 658 403 936 462; x_wconf 87' lang='lat' dir='ltr'>ignarumque</span> <span class='ocrx_word' id='word_1_12' title='bbox 965 409 1011 448; x_wconf 90' lang='lat' dir='ltr'>et</span> <span class='ocrx_word' id='word_1_13' title='bbox 1036 403 1282 447; x_wconf 86' lang='lat' dir='ltr'>exterritum</span> <span class='ocrx_word' id='word_1_14' title='bbox 1311 403 1518 448; x_wconf 83' lang='lat' dir='ltr'><strong>Gotarzen</strong></span> <span class='ocrx_word' id='word_1_15' title='bbox 1545 401 1785 461; x_wconf 81' lang='lat' dir='ltr'>proturbat:</span> <span class='ocrx_word' id='word_1_16' title='bbox 1823 415 1968 460; x_wconf 90' lang='lat' dir='ltr'>neque</span> 
     </span>
     <span class='ocr_line' id='line_1_5' title="bbox 202 477 1970 538; baseline -0.004 -11"><span class='ocrx_word' id='word_1_17' title='bbox 202 486 422 527; x_wconf 82' lang='lat' dir='ltr'>cunctatur</span> <span class='ocrx_word' id='word_1_18' title='bbox 449 479 551 538; x_wconf 88' lang='lat' dir='ltr'>quin</span> <span class='ocrx_word' id='word_1_19' title='bbox 583 479 797 537; x_wconf 83' lang='lat' dir='ltr'>proximas</span> <span class='ocrx_word' id='word_1_20' title='bbox 831 479 1120 537; x_wconf 82' lang='lat' dir='ltr'>praefecturas</span> <span class='ocrx_word' id='word_1_21' title='bbox 1149 478 1363 537; x_wconf 88' lang='lat' dir='ltr'>corripiat,</span> <span class='ocrx_word' id='word_1_22' title='bbox 1402 478 1504 522; x_wconf 92' lang='lat' dir='ltr'>solis</span> <span class='ocrx_word' id='word_1_23' title='bbox 1533 477 1862 523; x_wconf 85' lang='lat' dir='ltr'>Seleucensibus</span> <span class='ocrx_word' id='word_1_24' title='bbox 1891 477 1970 521; x_wconf 95' lang='lat' dir='ltr'>do-</span> 
     </span>
     <span class='ocr_line' id='line_1_6' title="bbox 200 552 1968 613; baseline -0.002 -13"><span class='ocrx_word' id='word_1_25' title='bbox 200 555 471 600; x_wconf 85' lang='lat' dir='ltr'>minationem</span> <span class='ocrx_word' id='word_1_26' title='bbox 499 554 593 598; x_wconf 88' lang='lat' dir='ltr'>eius</span> <span class='ocrx_word' id='word_1_27' title='bbox 621 554 918 598; x_wconf 87' lang='lat' dir='ltr'>abnuentibus.</span> <span class='ocrx_word' id='word_1_28' title='bbox 954 554 996 596; x_wconf 91' lang='lat' dir='ltr'>in</span> <span class='ocrx_word' id='word_1_29' title='bbox 1025 567 1153 613; x_wconf 89' lang='lat' dir='ltr'>quos,</span> <span class='ocrx_word' id='word_1_30' title='bbox 1183 559 1231 597; x_wconf 88' lang='lat' dir='ltr'>ut</span> <span class='ocrx_word' id='word_1_31' title='bbox 1257 554 1389 612; x_wconf 89' lang='lat' dir='ltr'>patris</span> <span class='ocrx_word' id='word_1_32' title='bbox 1419 554 1484 597; x_wconf 93' lang='lat' dir='ltr'>sui</span> <span class='ocrx_word' id='word_1_33' title='bbox 1513 567 1688 613; x_wconf 89' lang='lat' dir='ltr'>quoque</span> <span class='ocrx_word' id='word_1_34' title='bbox 1718 552 1968 604; x_wconf 88' lang='lat' dir='ltr'>defectores,</span> 
     </span>
     <span class='ocr_line' id='line_1_7' title="bbox 199 627 1971 688; baseline -0.003 -13"><span class='ocrx_word' id='word_1_35' title='bbox 199 631 265 676; x_wconf 89' lang='lat' dir='ltr'>ira</span> <span class='ocrx_word' id='word_1_36' title='bbox 291 630 426 688; x_wconf 83' lang='lat' dir='ltr'>magis</span> <span class='ocrx_word' id='word_1_37' title='bbox 455 643 585 688; x_wconf 88' lang='lat' dir='ltr'>quam</span> <span class='ocrx_word' id='word_1_38' title='bbox 614 643 667 673; x_wconf 85' lang='lat' dir='ltr'>ex</span> <span class='ocrx_word' id='word_1_39' title='bbox 700 643 784 673; x_wconf 91' lang='lat' dir='ltr'>usu</span> <span class='ocrx_word' id='word_1_40' title='bbox 819 630 1035 687; x_wconf 89' lang='lat' dir='ltr'>praesenti</span> <span class='ocrx_word' id='word_1_41' title='bbox 1073 642 1300 681; x_wconf 89' lang='lat' dir='ltr'>accensus,</span> <span class='ocrx_word' id='word_1_42' title='bbox 1341 628 1565 687; x_wconf 85' lang='lat' dir='ltr'>inplicatur</span> <span class='ocrx_word' id='word_1_43' title='bbox 1593 628 1819 673; x_wconf 90' lang='lat' dir='ltr'>obsidione</span> <span class='ocrx_word' id='word_1_44' title='bbox 1851 627 1971 681; x_wconf 89' lang='lat' dir='ltr'>urbis</span> 
     </span>
     <span class='ocr_line' id='line_1_8' title="bbox 199 703 2003 762; baseline -0.003 -11"><span class='ocrx_word' id='word_1_45' title='bbox 199 705 366 751; x_wconf 85' lang='lat' dir='ltr'>validae</span> <span class='ocrx_word' id='word_1_46' title='bbox 396 711 438 750; x_wconf 92' lang='lat' dir='ltr'>et</span> <span class='ocrx_word' id='word_1_47' title='bbox 463 705 735 749; x_wconf 87' lang='lat' dir='ltr'>munimentis</span> <span class='ocrx_word' id='word_1_48' title='bbox 764 703 919 749; x_wconf 89' lang='lat' dir='ltr'>obiecti</span> <span class='ocrx_word' id='word_1_49' title='bbox 957 705 1092 748; x_wconf 90' lang='lat' dir='ltr'>amnis</span> <span class='ocrx_word' id='word_1_50' title='bbox 1125 717 1335 762; x_wconf 88' lang='lat' dir='ltr'>muroque</span> <span class='ocrx_word' id='word_1_51' title='bbox 1364 710 1408 748; x_wconf 89' lang='lat' dir='ltr'>et</span> <span class='ocrx_word' id='word_1_52' title='bbox 1435 704 1741 749; x_wconf 88' lang='lat' dir='ltr'>commeatibus</span> <span class='ocrx_word' id='word_1_53' title='bbox 1769 703 2003 747; x_wconf 76' lang='lat' dir='ltr'>firmatae.5</span> 
     </span>
     <span class='ocr_line' id='line_1_9' title="bbox 199 779 1973 839; baseline -0.002 -14"><span class='ocrx_word' id='word_1_54' title='bbox 199 781 366 826; x_wconf 88' lang='lat' dir='ltr'>interim</span> <span class='ocrx_word' id='word_1_55' title='bbox 397 779 840 825; x_wconf 88' lang='lat' dir='ltr'>Gotarzes.Daharum</span> <span class='ocrx_word' id='word_1_56' title='bbox 869 780 1251 839; x_wconf 84' lang='lat' dir='ltr'>Hyrcanorumque</span> <span class='ocrx_word' id='word_1_57' title='bbox 1280 779 1434 837; x_wconf 89' lang='lat' dir='ltr'>opibus</span> <span class='ocrx_word' id='word_1_58' title='bbox 1469 786 1619 824; x_wconf 90' lang='lat' dir='ltr'>auctus</span> <span class='ocrx_word' id='word_1_59' title='bbox 1653 779 1811 824; x_wconf 91' lang='lat' dir='ltr'>bellum</span> <span class='ocrx_word' id='word_1_60' title='bbox 1828 800 1832 803; x_wconf 84' lang='lat'><em>-</em></span> <span class='ocrx_word' id='word_1_61' title='bbox 1847 791 1973 823; x_wconf 91' lang='lat' dir='ltr'>reno-</span> 
     </span>
     <span class='ocr_line' id='line_1_10' title="bbox 199 854 1974 914; baseline -0.002 -13"><span class='ocrx_word' id='word_1_62' title='bbox 199 862 290 910; x_wconf 76' lang='lat' dir='ltr'>vat3</span> <span class='ocrx_word' id='word_1_63' title='bbox 329 862 590 914; x_wconf 85' lang='lat' dir='ltr'>coactusque</span> <span class='ocrx_word' id='word_1_64' title='bbox 619 854 836 900; x_wconf 86' lang='lat' dir='ltr'>Vardanes</span> <span class='ocrx_word' id='word_1_65' title='bbox 864 855 1059 899; x_wconf 90' lang='lat' dir='ltr'>omittere</span> <span class='ocrx_word' id='word_1_66' title='bbox 1087 854 1345 904; x_wconf 88' lang='lat' dir='ltr'>Seleuciam,</span> <span class='ocrx_word' id='word_1_67' title='bbox 1380 855 1626 899; x_wconf 87' lang='lat' dir='ltr'>Bactrianos</span> <span class='ocrx_word' id='word_1_68' title='bbox 1656 854 1770 913; x_wconf 92' lang='lat' dir='ltr'>apud</span> <span class='ocrx_word' id='word_1_69' title='bbox 1799 867 1974 912; x_wconf 88' lang='lat' dir='ltr'>campos</span> 
     </span>
     <span class='ocr_line' id='line_1_11' title="bbox 203 930 1977 988; baseline -0.002 -11"><span class='ocrx_word' id='word_1_70' title='bbox 203 938 343 977; x_wconf 91' lang='lat' dir='ltr'>castra</span> <span class='ocrx_word' id='word_1_71' title='bbox 371 930 558 976; x_wconf 90' lang='lat' dir='ltr'>contulit.</span> <span class='ocrx_word' id='word_1_72' title='bbox 589 930 643 987; x_wconf 89' lang='lat'>(9)</span> <span class='ocrx_word' id='word_1_73' title='bbox 673 936 773 974; x_wconf 92' lang='lat' dir='ltr'>tunc</span> <span class='ocrx_word' id='word_1_74' title='bbox 803 930 1016 975; x_wconf 86' lang='lat' dir='ltr'>distractis</span> <span class='ocrx_word' id='word_1_75' title='bbox 1045 930 1234 976; x_wconf 89' lang='lat' dir='ltr'>Orientis</span> <span class='ocrx_word' id='word_1_76' title='bbox 1261 930 1424 974; x_wconf 88' lang='lat' dir='ltr'>viribus</span> <span class='ocrx_word' id='word_1_77' title='bbox 1444 936 1486 975; x_wconf 91' lang='lat' dir='ltr'>et</span> <span class='ocrx_word' id='word_1_78' title='bbox 1514 944 1698 988; x_wconf 91' lang='lat' dir='ltr'>quonam</span> <span class='ocrx_word' id='word_1_79' title='bbox 1728 930 1977 975; x_wconf 89' lang='lat' dir='ltr'>inclinarent</span> 
     </span>
     <span class='ocr_line' id='line_1_12' title="bbox 202 1005 1977 1064; baseline -0.002 -12"><span class='ocrx_word' id='word_1_80' title='bbox 202 1007 392 1058; x_wconf 90' lang='lat' dir='ltr'>incertis,</span> <span class='ocrx_word' id='word_1_81' title='bbox 429 1020 555 1051; x_wconf 88' lang='lat' dir='ltr'>casus</span> <span class='ocrx_word' id='word_1_82' title='bbox 583 1005 808 1050; x_wconf 83' lang='lat' dir='ltr'>Mithridati</span> <span class='ocrx_word' id='word_1_83' title='bbox 839 1005 963 1049; x_wconf 89' lang='lat' dir='ltr'>datus</span> <span class='ocrx_word' id='word_1_84' title='bbox 993 1011 1058 1050; x_wconf 90' lang='lat' dir='ltr'>est</span> <span class='ocrx_word' id='word_1_85' title='bbox 1085 1005 1325 1064; x_wconf 89' lang='lat' dir='ltr'>occupandi</span> <span class='ocrx_word' id='word_1_86' title='bbox 1354 1006 1614 1058; x_wconf 88' lang='lat' dir='ltr'>Armeniam,</span> <span class='ocrx_word' id='word_1_87' title='bbox 1651 1005 1695 1050; x_wconf 86' lang='lat' dir='ltr'>vi</span> <span class='ocrx_word' id='word_1_88' title='bbox 1722 1005 1865 1049; x_wconf 90' lang='lat' dir='ltr'>militis</span> <span class='ocrx_word' id='word_1_89' title='bbox 1892 1007 1977 1050; x_wconf 83' lang='lat' dir='ltr'>Ro-</span> 
     </span>
     <span class='ocr_line' id='line_1_13' title="bbox 202 1080 2027 1139; baseline -0.003 -12"><span class='ocrx_word' id='word_1_90' title='bbox 202 1083 316 1127; x_wconf 89' lang='lat' dir='ltr'>mani</span> <span class='ocrx_word' id='word_1_91' title='bbox 350 1082 404 1127; x_wconf 91' lang='lat' dir='ltr'>ad</span> <span class='ocrx_word' id='word_1_92' title='bbox 434 1081 701 1127; x_wconf 86' lang='lat' dir='ltr'>excindenda</span> <span class='ocrx_word' id='word_1_93' title='bbox 729 1080 1000 1126; x_wconf 90' lang='lat' dir='ltr'>castellorum</span> <span class='ocrx_word' id='word_1_94' title='bbox 1038 1080 1191 1133; x_wconf 90' lang='lat' dir='ltr'>ardua,</span> <span class='ocrx_word' id='word_1_95' title='bbox 1235 1080 1360 1125; x_wconf 90' lang='lat' dir='ltr'>simul</span> <span class='ocrx_word' id='word_1_96' title='bbox 1397 1081 1556 1125; x_wconf 90' lang='lat' dir='ltr'>Hibero</span> <span class='ocrx_word' id='word_1_97' title='bbox 1586 1081 1772 1126; x_wconf 86' lang='lat' dir='ltr'>exercitu</span> <span class='ocrx_word' id='word_1_98' title='bbox 1802 1090 2027 1139; x_wconf 72' lang='lat' dir='ltr'>camposio</span> 
     </span>
     <span class='ocr_line' id='line_1_14' title="bbox 202 1155 1976 1217; baseline -0.002 -14"><span class='ocrx_word' id='word_1_99' title='bbox 202 1157 477 1217; x_wconf 87' lang='lat' dir='ltr'>persultante.</span> <span class='ocrx_word' id='word_1_100' title='bbox 511 1170 593 1201; x_wconf 91' lang='lat' dir='ltr'>nec</span> <span class='ocrx_word' id='word_1_101' title='bbox 621 1156 735 1201; x_wconf 92' lang='lat' dir='ltr'>enim</span> <span class='ocrx_word' id='word_1_102' title='bbox 763 1156 966 1200; x_wconf 91' lang='lat' dir='ltr'>resistere</span> <span class='ocrx_word' id='word_1_103' title='bbox 994 1157 1197 1208; x_wconf 85' lang='lat' dir='ltr'>Armenii,</span> <span class='ocrx_word' id='word_1_104' title='bbox 1228 1156 1340 1208; x_wconf 87' lang='lat' dir='ltr'>fuso,</span> <span class='ocrx_word' id='word_1_105' title='bbox 1373 1156 1446 1215; x_wconf 92' lang='lat' dir='ltr'>qui</span> <span class='ocrx_word' id='word_1_106' title='bbox 1475 1155 1685 1215; x_wconf 91' lang='lat' dir='ltr'>proelium</span> <span class='ocrx_word' id='word_1_107' title='bbox 1715 1170 1845 1200; x_wconf 90' lang='lat' dir='ltr'>ausus</span> <span class='ocrx_word' id='word_1_108' title='bbox 1875 1161 1976 1208; x_wconf 90' lang='lat' dir='ltr'>erat,</span> 
     </span>
     <span class='ocr_line' id='line_1_15' title="bbox 203 1231 1978 1291; baseline -0.001 -14"><span class='ocrx_word' id='word_1_109' title='bbox 203 1235 463 1278; x_wconf 87' lang='lat' dir='ltr'>Demonacte</span> <span class='ocrx_word' id='word_1_110' title='bbox 483 1232 712 1291; x_wconf 79' lang='lat' dir='ltr'>praefecto.</span> <span class='ocrx_word' id='word_1_111' title='bbox 747 1231 966 1290; x_wconf 90' lang='lat' dir='ltr'>paululum</span> <span class='ocrx_word' id='word_1_112' title='bbox 995 1231 1274 1276; x_wconf 88' lang='lat' dir='ltr'>cunctationis</span> <span class='ocrx_word' id='word_1_113' title='bbox 1303 1231 1437 1276; x_wconf 89' lang='lat' dir='ltr'>attulit</span> <span class='ocrx_word' id='word_1_114' title='bbox 1465 1246 1542 1276; x_wconf 84' lang='lat' dir='ltr'>rex</span> <span class='ocrx_word' id='word_1_115' title='bbox 1559 1232 1737 1276; x_wconf 86' lang='lat' dir='ltr'>minoris</span> <span class='ocrx_word' id='word_1_116' title='bbox 1755 1231 1978 1276; x_wconf 86' lang='lat' dir='ltr'>Armeniae</span> 
     </span>
     <span class='ocr_line' id='line_1_16' title="bbox 206 1306 1978 1368; baseline -0.002 -15"><span class='ocrx_word' id='word_1_117' title='bbox 206 1309 350 1368; x_wconf 75' lang='lat' dir='ltr'>Cotye,</span> <span class='ocrx_word' id='word_1_118' title='bbox 378 1308 515 1353; x_wconf 90' lang='lat' dir='ltr'>versis</span> <span class='ocrx_word' id='word_1_119' title='bbox 544 1307 644 1352; x_wconf 88' lang='lat' dir='ltr'>illuc</span> <span class='ocrx_word' id='word_1_120' title='bbox 672 1306 930 1366; x_wconf 90' lang='lat' dir='ltr'>quibusdam</span> <span class='ocrx_word' id='word_1_121' title='bbox 958 1320 1209 1365; x_wconf 83' lang='lat' dir='ltr'>procerum3</span> <span class='ocrx_word' id='word_1_122' title='bbox 1239 1306 1339 1352; x_wconf 92' lang='lat' dir='ltr'>dein</span> <span class='ocrx_word' id='word_1_123' title='bbox 1367 1306 1517 1352; x_wconf 89' lang='lat' dir='ltr'>litteris</span> <span class='ocrx_word' id='word_1_124' title='bbox 1539 1307 1736 1352; x_wconf 90' lang='lat' dir='ltr'>Caesaris</span> <span class='ocrx_word' id='word_1_125' title='bbox 1755 1306 1978 1359; x_wconf 77' lang='lat' dir='ltr'>coercitus,</span> 
     </span>
     <span class='ocr_line' id='line_1_17' title="bbox 205 1381 1982 1445; baseline -0.001 -16"><span class='ocrx_word' id='word_1_126' title='bbox 205 1390 250 1429; x_wconf 91' lang='lat' dir='ltr'>et</span> <span class='ocrx_word' id='word_1_127' title='bbox 276 1390 428 1429; x_wconf 90' lang='lat' dir='ltr'>cuncta</span> <span class='ocrx_word' id='word_1_128' title='bbox 454 1383 498 1426; x_wconf 93' lang='lat' dir='ltr'>in</span> <span class='ocrx_word' id='word_1_129' title='bbox 525 1382 790 1445; x_wconf 80' lang='lat' dir='ltr'>Mithridaten</span> <span class='ocrx_word' id='word_1_130' title='bbox 819 1381 994 1434; x_wconf 86' lang='lat' dir='ltr'>fluxere,</span> <span class='ocrx_word' id='word_1_131' title='bbox 1026 1382 1280 1427; x_wconf 89' lang='lat' dir='ltr'>atrociorem</span> <span class='ocrx_word' id='word_1_132' title='bbox 1309 1396 1439 1441; x_wconf 89' lang='lat' dir='ltr'>quam</span> <span class='ocrx_word' id='word_1_133' title='bbox 1466 1396 1578 1427; x_wconf 86' lang='lat' dir='ltr'>novo</span> <span class='ocrx_word' id='word_1_134' title='bbox 1606 1396 1740 1441; x_wconf 86' lang='lat' dir='ltr'>regno</span> <span class='ocrx_word' id='word_1_135' title='bbox 1765 1381 1982 1427; x_wconf 91' lang='lat' dir='ltr'>conduce-</span> 
     </span>
     <span class='ocr_line' id='line_1_18' title="bbox 205 1457 2031 1518; baseline -0.003 -14"><span class='ocrx_word' id='word_1_136' title='bbox 205 1466 282 1504; x_wconf 87' lang='lat' dir='ltr'>ret.</span> <span class='ocrx_word' id='word_1_137' title='bbox 311 1466 356 1504; x_wconf 88' lang='lat' dir='ltr'>at</span> <span class='ocrx_word' id='word_1_138' title='bbox 380 1458 522 1504; x_wconf 88' lang='lat' dir='ltr'>Parthi</span> <span class='ocrx_word' id='word_1_139' title='bbox 551 1458 830 1516; x_wconf 89' lang='lat' dir='ltr'>imperatores</span> <span class='ocrx_word' id='word_1_140' title='bbox 860 1472 959 1502; x_wconf 94' lang='lat' dir='ltr'>cum</span> <span class='ocrx_word' id='word_1_141' title='bbox 986 1472 1172 1516; x_wconf 88' lang='lat' dir='ltr'>pugnam</span> <span class='ocrx_word' id='word_1_142' title='bbox 1200 1464 1408 1516; x_wconf 88' lang='lat' dir='ltr'>pararent.</span> <span class='ocrx_word' id='word_1_143' title='bbox 1438 1458 1590 1502; x_wconf 81' lang='lat' dir='ltr'>foedus</span> <span class='ocrx_word' id='word_1_144' title='bbox 1618 1464 1796 1518; x_wconf 89' lang='lat' dir='ltr'>repente</span> <span class='ocrx_word' id='word_1_145' title='bbox 1825 1457 1982 1502; x_wconf 85' lang='lat' dir='ltr'>faciunt</span> <span class='ocrx_word' id='word_1_146' title='bbox 1992 1467 2031 1498; x_wconf 77' lang='lat'>⁴5</span> 
     </span>
     <span class='ocr_line' id='line_1_19' title="bbox 207 1533 1981 1594; baseline -0.001 -14"><span class='ocrx_word' id='word_1_147' title='bbox 207 1535 386 1594; x_wconf 87' lang='lat' dir='ltr'>cognitis</span> <span class='ocrx_word' id='word_1_148' title='bbox 413 1533 681 1592; x_wconf 85' lang='lat' dir='ltr'>popularium</span> <span class='ocrx_word' id='word_1_149' title='bbox 709 1533 887 1585; x_wconf 89' lang='lat' dir='ltr'>insidiis,</span> <span class='ocrx_word' id='word_1_150' title='bbox 919 1547 1028 1592; x_wconf 91' lang='lat' dir='ltr'>quas</span> <span class='ocrx_word' id='word_1_151' title='bbox 1049 1533 1252 1578; x_wconf 87' lang='lat' dir='ltr'>Gotarzes</span> <span class='ocrx_word' id='word_1_152' title='bbox 1281 1534 1396 1578; x_wconf 81' lang='lat' dir='ltr'>fratri</span> <span class='ocrx_word' id='word_1_153' title='bbox 1425 1533 1645 1592; x_wconf 83' lang='lat' dir='ltr'>patefecit;</span> <span class='ocrx_word' id='word_1_154' title='bbox 1675 1534 1981 1592; x_wconf 83' lang='lat' dir='ltr'>congressique</span> 
     </span>
     <span class='ocr_line' id='line_1_20' title="bbox 206 1608 1983 1669; baseline -0.001 -14"><span class='ocrx_word' id='word_1_155' title='bbox 206 1610 345 1669; x_wconf 92' lang='lat' dir='ltr'>primo</span> <span class='ocrx_word' id='word_1_156' title='bbox 383 1615 646 1662; x_wconf 88' lang='lat' dir='ltr'>cunctanter,</span> <span class='ocrx_word' id='word_1_157' title='bbox 687 1609 788 1654; x_wconf 92' lang='lat' dir='ltr'>dein</span> <span class='ocrx_word' id='word_1_158' title='bbox 821 1608 1031 1667; x_wconf 87' lang='lat' dir='ltr'>complexi</span> <span class='ocrx_word' id='word_1_159' title='bbox 1067 1609 1238 1654; x_wconf 88' lang='lat' dir='ltr'>dextras</span> <span class='ocrx_word' id='word_1_160' title='bbox 1277 1609 1393 1668; x_wconf 91' lang='lat' dir='ltr'>apud</span> <span class='ocrx_word' id='word_1_161' title='bbox 1428 1608 1577 1654; x_wconf 84' lang='lat' dir='ltr'>altaria</span> <span class='ocrx_word' id='word_1_162' title='bbox 1611 1608 1742 1654; x_wconf 91' lang='lat' dir='ltr'>deum</span> <span class='ocrx_word' id='word_1_163' title='bbox 1778 1609 1983 1668; x_wconf 82' lang='lat' dir='ltr'>pepigere</span> 
     </span>
    </p>
   </div>
   <div class='ocr_carea' id='block_1_5' title="bbox 190 1759 1988 2143">
    <p class='ocr_par' dir='ltr' id='par_1_5' title="bbox 190 1759 1988 2143">
     <span class='ocr_line' id='line_1_21' title="bbox 224 1759 1985 1809; baseline -0.001 -13"><span class='ocrx_word' id='word_1_164' title='bbox 224 1808 234 1809; x_wconf 20' lang='grc' dir='ltr'><strong><em>ἶ</em></strong></span> <span class='ocrx_word' id='word_1_165' title='bbox 274 1764 307 1797; x_wconf 90' lang='grc'><strong>4.</strong></span> <span class='ocrx_word' id='word_1_166' title='bbox 327 1762 483 1805; x_wconf 78' lang='lat' dir='ltr'>pervadit</span> <span class='ocrx_word' id='word_1_167' title='bbox 502 1762 616 1796; x_wconf 86' lang='lat' dir='ltr'>Haase</span> <span class='ocrx_word' id='word_1_168' title='bbox 639 1763 675 1795; x_wconf 89' lang='lat' dir='ltr'>et</span> <span class='ocrx_word' id='word_1_169' title='bbox 696 1762 876 1796; x_wconf 89' lang='lat' dir='ltr'>Wurmius</span> <span class='ocrx_word' id='word_1_170' title='bbox 898 1760 1019 1795; x_wconf 91' lang='lat' dir='ltr'>Philol.</span> <span class='ocrx_word' id='word_1_171' title='bbox 1046 1761 1261 1796; x_wconf 84' lang='lat' dir='ltr'>Schneidew.</span> <span class='ocrx_word' id='word_1_172' title='bbox 1286 1762 1346 1803; x_wconf 86' lang='lat' dir='ltr'>IX,</span> <span class='ocrx_word' id='word_1_173' title='bbox 1371 1771 1407 1805; x_wconf 89' lang='lat' dir='ltr'>p.</span> <span class='ocrx_word' id='word_1_174' title='bbox 1432 1762 1485 1795; x_wconf 76' lang='lat'>92.</span> <span class='ocrx_word' id='word_1_175' title='bbox 1513 1779 1549 1785; x_wconf 97' lang='lat'><strong>—</strong></span> <span class='ocrx_word' id='word_1_176' title='bbox 1585 1762 1618 1794; x_wconf 74' lang='lat'>2.</span> <span class='ocrx_word' id='word_1_177' title='bbox 1643 1761 1897 1802; x_wconf 72' lang='lat' dir='ltr'>dominationes,</span> <span class='ocrx_word' id='word_1_178' title='bbox 1926 1759 1985 1794; x_wconf 86' lang='lat' dir='ltr'>lit-</span> 
     </span>
     <span class='ocr_line' id='line_1_22' title="bbox 190 1812 1988 1868; baseline -0.002 -15"><span class='ocrx_word' id='word_1_179' title='bbox 190 1812 294 1853; x_wconf 80' lang='lat' dir='ltr'>&#39;teris</span> <span class='ocrx_word' id='word_1_180' title='bbox 316 1828 350 1853; x_wconf 73' lang='lat' dir='ltr'>es</span> <span class='ocrx_word' id='word_1_181' title='bbox 370 1827 548 1861; x_wconf 87' lang='lat' dir='ltr'>superscr.</span> <span class='ocrx_word' id='word_1_182' title='bbox 572 1817 592 1852; x_wconf 77' lang='grc' dir='ltr'><strong>ἔ</strong></span> <span class='ocrx_word' id='word_1_183' title='bbox 603 1844 611 1860; x_wconf 93' lang='grc'><strong>,</strong></span> <span class='ocrx_word' id='word_1_184' title='bbox 635 1819 727 1868; x_wconf 34' lang='grc' dir='ltr'>Μα-</span> <span class='ocrx_word' id='word_1_185' title='bbox 752 1818 785 1852; x_wconf 89' lang='grc'>3.</span> <span class='ocrx_word' id='word_1_186' title='bbox 802 1820 916 1860; x_wconf 79' lang='lat' dir='ltr'>patris</span> <span class='ocrx_word' id='word_1_187' title='bbox 935 1819 1050 1860; x_wconf 84' lang='lat' dir='ltr'>suique</span> <span class='ocrx_word' id='word_1_188' title='bbox 1071 1819 1248 1861; x_wconf 75' lang='lat' dir='ltr'>defectores</span> <span class='ocrx_word' id='word_1_189' title='bbox 1268 1819 1461 1853; x_wconf 85' lang='lat' dir='ltr'>Wurmius.</span> <span class='ocrx_word' id='word_1_190' title='bbox 1481 1836 1518 1842; x_wconf 93' lang='lat'>—-</span> <span class='ocrx_word' id='word_1_191' title='bbox 1542 1818 1574 1852; x_wconf 88' lang='grc'>6.</span> <span class='ocrx_word' id='word_1_192' title='bbox 1593 1818 1754 1851; x_wconf 75' lang='lat' dir='ltr'>deltarum</span> <span class='ocrx_word' id='word_1_193' title='bbox 1774 1819 1847 1853; x_wconf 82' lang='grc' dir='ltr'>Μ-</span> <span class='ocrx_word' id='word_1_194' title='bbox 1872 1820 1988 1851; x_wconf 84' lang='lat' dir='ltr'>auctos</span> 
     </span>
     <span class='ocr_line' id='line_1_23' title="bbox 209 1873 1985 1917; baseline -0.001 -7"><span class='ocrx_word' id='word_1_195' title='bbox 209 1877 246 1910; x_wconf 74' lang='lat' dir='ltr'><strong>M</strong></span> <span class='ocrx_word' id='word_1_196' title='bbox 268 1893 305 1900; x_wconf 90' lang='lat'><strong>—</strong></span> <span class='ocrx_word' id='word_1_197' title='bbox 331 1875 364 1909; x_wconf 83' lang='lat'>9.</span> <span class='ocrx_word' id='word_1_198' title='bbox 381 1876 478 1908; x_wconf 83' lang='lat' dir='ltr'>datus</span> <span class='ocrx_word' id='word_1_199' title='bbox 499 1874 558 1917; x_wconf 84' lang='lat' dir='ltr'>est]</span> <span class='ocrx_word' id='word_1_200' title='bbox 581 1873 684 1908; x_wconf 66' lang='lat' dir='ltr'>datu&amp;</span> <span class='ocrx_word' id='word_1_201' title='bbox 704 1876 738 1909; x_wconf 74' lang='lat' dir='ltr'>M</span> <span class='ocrx_word' id='word_1_202' title='bbox 763 1892 799 1898; x_wconf 98' lang='lat'><strong>—</strong></span> <span class='ocrx_word' id='word_1_203' title='bbox 825 1876 878 1908; x_wconf 94' lang='grc'><strong>40.</strong></span> <span class='ocrx_word' id='word_1_204' title='bbox 902 1876 1110 1908; x_wconf 74' lang='lat' dir='ltr'>eoecindenda</span> <span class='ocrx_word' id='word_1_205' title='bbox 1132 1874 1286 1909; x_wconf 88' lang='lat' dir='ltr'>Halmius</span> <span class='ocrx_word' id='word_1_206' title='bbox 1310 1873 1399 1916; x_wconf 89' lang='lat' dir='ltr'>(coll.</span> <span class='ocrx_word' id='word_1_207' title='bbox 1416 1876 1450 1916; x_wconf 81' lang='lat'>2,</span> <span class='ocrx_word' id='word_1_208' title='bbox 1475 1874 1529 1909; x_wconf 76' lang='lat'>64.</span> <span class='ocrx_word' id='word_1_209' title='bbox 1553 1875 1586 1914; x_wconf 83' lang='lat'>3,</span> <span class='ocrx_word' id='word_1_210' title='bbox 1609 1875 1665 1909; x_wconf 79' lang='lat'>20.</span> <span class='ocrx_word' id='word_1_211' title='bbox 1689 1875 1776 1909; x_wconf 86' lang='lat' dir='ltr'>Hist.</span> <span class='ocrx_word' id='word_1_212' title='bbox 1799 1874 1840 1916; x_wconf 74' lang='lat'>⁴»,</span> <span class='ocrx_word' id='word_1_213' title='bbox 1865 1875 1919 1908; x_wconf 82' lang='lat'>⁴5.</span> <span class='ocrx_word' id='word_1_214' title='bbox 1942 1873 1985 1908; x_wconf 77' lang='grc'>34-</span> 
     </span>
     <span class='ocr_line' id='line_1_24' title="bbox 209 1929 1983 1974; baseline 0 -9"><span class='ocrx_word' id='word_1_215' title='bbox 209 1933 246 1965; x_wconf 89' lang='lat' dir='ltr'>et</span> <span class='ocrx_word' id='word_1_216' title='bbox 267 1932 427 1974; x_wconf 88' lang='lat' dir='ltr'>Zumptio</span> <span class='ocrx_word' id='word_1_217' title='bbox 450 1931 496 1964; x_wconf 88' lang='lat' dir='ltr'>ad</span> <span class='ocrx_word' id='word_1_218' title='bbox 519 1932 615 1965; x_wconf 86' lang='lat' dir='ltr'>Curt.</span> <span class='ocrx_word' id='word_1_219' title='bbox 639 1930 678 1971; x_wconf 75' lang='lat'>4,</span> <span class='ocrx_word' id='word_1_220' title='bbox 702 1930 765 1970; x_wconf 78' lang='lat'>29,</span> <span class='ocrx_word' id='word_1_221' title='bbox 788 1930 831 1963; x_wconf 79' lang='lat'>23</span> <span class='ocrx_word' id='word_1_222' title='bbox 857 1939 892 1973; x_wconf 89' lang='lat' dir='ltr'>p.</span> <span class='ocrx_word' id='word_1_223' title='bbox 918 1931 1010 1972; x_wconf 82' lang='grc'><strong>437);</strong></span> <span class='ocrx_word' id='word_1_224' title='bbox 1040 1932 1224 1964; x_wconf 74' lang='lat' dir='ltr'>eaecidenda</span> <span class='ocrx_word' id='word_1_225' title='bbox 1245 1932 1279 1965; x_wconf 83' lang='lat' dir='ltr'>M</span> <span class='ocrx_word' id='word_1_226' title='bbox 1311 1947 1348 1955; x_wconf 95' lang='lat'>—</span> <span class='ocrx_word' id='word_1_227' title='bbox 1385 1932 1439 1964; x_wconf 93' lang='grc'><strong>44.</strong></span> <span class='ocrx_word' id='word_1_228' title='bbox 1462 1932 1610 1964; x_wconf 72' lang='lat' dir='ltr'>restitere</span> <span class='ocrx_word' id='word_1_229' title='bbox 1637 1933 1665 1964; x_wconf 93' lang='lat' dir='ltr'>G</span> <span class='ocrx_word' id='word_1_230' title='bbox 1696 1949 1733 1955; x_wconf 97' lang='lat'><strong>—</strong></span> <span class='ocrx_word' id='word_1_231' title='bbox 1761 1929 1867 1973; x_wconf 64' lang='lat' dir='ltr'>suitam</span> <span class='ocrx_word' id='word_1_232' title='bbox 1887 1931 1922 1965; x_wconf 75' lang='lat' dir='ltr'>M</span> <span class='ocrx_word' id='word_1_233' title='bbox 1946 1948 1983 1954; x_wconf 94' lang='lat'>—</span> 
     </span>
     <span class='ocr_line' id='line_1_25' title="bbox 209 1988 1986 2032; baseline -0.001 -10"><span class='ocrx_word' id='word_1_234' title='bbox 209 1988 264 2023; x_wconf 73' lang='lat'>⁴4.</span> <span class='ocrx_word' id='word_1_235' title='bbox 291 1991 422 2032; x_wconf 72' lang='lat' dir='ltr'>fluoeere</span> <span class='ocrx_word' id='word_1_236' title='bbox 449 1997 551 2030; x_wconf 78' lang='lat' dir='ltr'>quam</span> <span class='ocrx_word' id='word_1_237' title='bbox 578 1989 777 2021; x_wconf 75' lang='lat' dir='ltr'>atrociorem</span> <span class='ocrx_word' id='word_1_238' title='bbox 807 1996 910 2030; x_wconf 85' lang='lat' dir='ltr'>quam</span> <span class='ocrx_word' id='word_1_239' title='bbox 937 1996 1024 2020; x_wconf 83' lang='lat' dir='ltr'>nouo</span> <span class='ocrx_word' id='word_1_240' title='bbox 1054 1989 1106 2026; x_wconf 81' lang='lat' dir='ltr'>M;</span> <span class='ocrx_word' id='word_1_241' title='bbox 1139 1990 1285 2031; x_wconf 77' lang='lat' dir='ltr'>ftuvere,</span> <span class='ocrx_word' id='word_1_242' title='bbox 1321 1997 1524 2029; x_wconf 81' lang='lat' dir='ltr'>quamquam</span> <span class='ocrx_word' id='word_1_243' title='bbox 1550 1989 1750 2021; x_wconf 84' lang='lat' dir='ltr'>atrociorem</span> <span class='ocrx_word' id='word_1_244' title='bbox 1770 1996 1874 2030; x_wconf 85' lang='lat' dir='ltr'>quam</span> <span class='ocrx_word' id='word_1_245' title='bbox 1901 1995 1986 2019; x_wconf 83' lang='lat' dir='ltr'>novo</span> 
     </span>
     <span class='ocr_line' id='line_1_26' title="bbox 209 2043 1982 2086; baseline -0.001 -8"><span class='ocrx_word' id='word_1_246' title='bbox 209 2045 336 2078; x_wconf 84' lang='lat' dir='ltr'>Haase.</span> <span class='ocrx_word' id='word_1_247' title='bbox 355 2063 392 2069; x_wconf 90' lang='lat'>—</span> <span class='ocrx_word' id='word_1_248' title='bbox 418 2045 470 2078; x_wconf 83' lang='grc'><strong>45.</strong></span> <span class='ocrx_word' id='word_1_249' title='bbox 492 2045 621 2086; x_wconf 86' lang='lat' dir='ltr'>faciunt</span> <span class='ocrx_word' id='word_1_250' title='bbox 638 2045 795 2086; x_wconf 84' lang='lat' dir='ltr'>Lipsius:</span> <span class='ocrx_word' id='word_1_251' title='bbox 818 2044 947 2077; x_wconf 70' lang='lat' dir='ltr'>iacium</span> <span class='ocrx_word' id='word_1_252' title='bbox 967 2045 1019 2083; x_wconf 82' lang='grc' dir='ltr'>Μ;</span> <span class='ocrx_word' id='word_1_253' title='bbox 1043 2044 1149 2077; x_wconf 81' lang='lat' dir='ltr'>iciunt</span> <span class='ocrx_word' id='word_1_254' title='bbox 1170 2043 1245 2084; x_wconf 83' lang='lat' dir='ltr'>alii;</span> <span class='ocrx_word' id='word_1_255' title='bbox 1269 2045 1361 2077; x_wconf 78' lang='lat' dir='ltr'>icant</span> <span class='ocrx_word' id='word_1_256' title='bbox 1381 2044 1549 2078; x_wconf 89' lang='lat' dir='ltr'>Halmius.</span> <span class='ocrx_word' id='word_1_257' title='bbox 1578 2062 1614 2069; x_wconf 94' lang='lat'><em>-</em></span> <span class='ocrx_word' id='word_1_258' title='bbox 1639 2044 1693 2077; x_wconf 86' lang='grc'><strong>46.</strong></span> <span class='ocrx_word' id='word_1_259' title='bbox 1717 2047 1868 2077; x_wconf 80' lang='lat' dir='ltr'>cotarzes</span> <span class='ocrx_word' id='word_1_260' title='bbox 1887 2044 1921 2077; x_wconf 79' lang='lat' dir='ltr'><strong>M</strong></span> <span class='ocrx_word' id='word_1_261' title='bbox 1946 2060 1982 2066; x_wconf 97' lang='lat'>—</span> 
     </span>
     <span class='ocr_line' id='line_1_27' title="bbox 204 2097 1836 2143; baseline -0.001 -9"><span class='ocrx_word' id='word_1_262' title='bbox 204 2101 361 2143; x_wconf 76' lang='lat' dir='ltr'>patefecit</span> <span class='ocrx_word' id='word_1_263' title='bbox 380 2102 431 2135; x_wconf 82' lang='lat' dir='ltr'>M:</span> <span class='ocrx_word' id='word_1_264' title='bbox 450 2101 655 2143; x_wconf 78' lang='lat' dir='ltr'>patefecerat</span> <span class='ocrx_word' id='word_1_265' title='bbox 675 2099 743 2134; x_wconf 91' lang='lat' dir='ltr'>alii.</span> <span class='ocrx_word' id='word_1_266' title='bbox 770 2118 807 2124; x_wconf 97' lang='lat'>-</span> <span class='ocrx_word' id='word_1_267' title='bbox 832 2101 886 2133; x_wconf 89' lang='grc'>47.</span> <span class='ocrx_word' id='word_1_268' title='bbox 910 2103 1105 2134; x_wconf 85' lang='lat' dir='ltr'>cunctanter</span> <span class='ocrx_word' id='word_1_269' title='bbox 1125 2101 1178 2135; x_wconf 83' lang='lat' dir='ltr'>M:</span> <span class='ocrx_word' id='word_1_270' title='bbox 1202 2104 1403 2134; x_wconf 83' lang='lat' dir='ltr'>cunctantur</span> <span class='ocrx_word' id='word_1_271' title='bbox 1423 2100 1491 2134; x_wconf 87' lang='lat' dir='ltr'>alii.</span> <span class='ocrx_word' id='word_1_272' title='bbox 1519 2118 1555 2125; x_wconf 97' lang='lat'>—</span> <span class='ocrx_word' id='word_1_273' title='bbox 1580 2100 1687 2143; x_wconf 69' lang='lat' dir='ltr'>deun]</span> <span class='ocrx_word' id='word_1_274' title='bbox 1714 2097 1771 2133; x_wconf 73' lang='lat' dir='ltr'>dm</span> <span class='ocrx_word' id='word_1_275' title='bbox 1789 2101 1836 2135; x_wconf 80' lang='lat' dir='ltr'>M.</span> 
     </span>
    </p>
   </div>
   <div class='ocr_carea' id='block_1_6' title="bbox 208 2226 1087 3320">
    <p class='ocr_par' dir='ltr' id='par_1_6' title="bbox 208 2226 1087 3320">
     <span class='ocr_line' id='line_1_28' title="bbox 211 2226 1075 2278; baseline 0 -14"><span class='ocrx_word' id='word_1_276' title='bbox 211 2233 298 2265; x_wconf 91' lang='lat' dir='ltr'>Pun.</span> <span class='ocrx_word' id='word_1_277' title='bbox 320 2230 386 2264; x_wconf 54' lang='lat'>⁴7:</span> <span class='ocrx_word' id='word_1_278' title='bbox 412 2229 591 2272; x_wconf 81' lang='grc' dir='ltr'><strong><em>σταδίους</em></strong></span> <span class='ocrx_word' id='word_1_279' title='bbox 613 2226 760 2272; x_wconf 80' lang='grc' dir='ltr'><strong><em>ἀνύσας</em></strong></span> <span class='ocrx_word' id='word_1_280' title='bbox 781 2229 822 2271; x_wconf 83' lang='grc' dir='ltr'>ἐς</span> <span class='ocrx_word' id='word_1_281' title='bbox 842 2230 1075 2278; x_wconf 78' lang='grc' dir='ltr'><strong><em>τρισχιλίους</em></strong></span> 
     </span>
     <span class='ocr_line' id='line_1_29' title="bbox 211 2274 1075 2328; baseline -0.001 -14"><span class='ocrx_word' id='word_1_282' title='bbox 211 2279 283 2314; x_wconf 85' lang='grc' dir='ltr'>δύο</span> <span class='ocrx_word' id='word_1_283' title='bbox 306 2278 390 2323; x_wconf 80' lang='grc' dir='ltr'><strong><em>νυξί</em></strong></span> <span class='ocrx_word' id='word_1_284' title='bbox 411 2290 451 2313; x_wconf 85' lang='grc' dir='ltr'>τε</span> <span class='ocrx_word' id='word_1_285' title='bbox 484 2282 550 2314; x_wconf 80' lang='grc' dir='ltr'>καὶ</span> <span class='ocrx_word' id='word_1_286' title='bbox 571 2277 749 2327; x_wconf 77' lang='grc' dir='ltr'>ἡμέραις,</span> <span class='ocrx_word' id='word_1_287' title='bbox 779 2274 872 2323; x_wconf 81' lang='grc' dir='ltr'><strong><em>ἧκεν</em></strong></span> <span class='ocrx_word' id='word_1_288' title='bbox 894 2281 934 2322; x_wconf 82' lang='grc' dir='ltr'>ἐς</span> <span class='ocrx_word' id='word_1_289' title='bbox 951 2277 1075 2328; x_wconf 75' lang='grc' dir='ltr'><strong><em>Ἀδρυ-</em></strong></span> 
     </span>
     <span class='ocr_line' id='line_1_30' title="bbox 211 2328 1076 2375; baseline 0 -12"><span class='ocrx_word' id='word_1_290' title='bbox 211 2328 348 2375; x_wconf 81' lang='grc' dir='ltr'><strong>μητόν.</strong></span> <span class='ocrx_word' id='word_1_291' title='bbox 391 2330 508 2363; x_wconf 89' lang='lat' dir='ltr'>Simile</span> <span class='ocrx_word' id='word_1_292' title='bbox 538 2330 740 2372; x_wconf 86' lang='lat' dir='ltr'>exemplum</span> <span class='ocrx_word' id='word_1_293' title='bbox 763 2332 817 2364; x_wconf 92' lang='lat' dir='ltr'>est</span> <span class='ocrx_word' id='word_1_294' title='bbox 839 2330 983 2372; x_wconf 87' lang='lat' dir='ltr'>Tiberii,</span> <span class='ocrx_word' id='word_1_295' title='bbox 1016 2331 1076 2373; x_wconf 90' lang='lat' dir='ltr'>qui</span> 
     </span>
     <span class='ocr_line' id='line_1_31' title="bbox 213 2379 1077 2423; baseline -0.001 -9"><span class='ocrx_word' id='word_1_296' title='bbox 213 2382 303 2414; x_wconf 88' lang='lat' dir='ltr'>teste</span> <span class='ocrx_word' id='word_1_297' title='bbox 325 2379 433 2414; x_wconf 86' lang='lat' dir='ltr'>Plinio</span> <span class='ocrx_word' id='word_1_298' title='bbox 456 2381 476 2413; x_wconf 84' lang='lat'><strong>7</strong></span> <span class='ocrx_word' id='word_1_299' title='bbox 500 2380 519 2422; x_wconf 71' lang='grc' dir='ltr'><strong>ἓ</strong></span> <span class='ocrx_word' id='word_1_300' title='bbox 539 2380 581 2413; x_wconf 76' lang='lat'>84</span> <span class='ocrx_word' id='word_1_301' title='bbox 603 2383 695 2413; x_wconf 80' lang='lat' dir='ltr'>nocte</span> <span class='ocrx_word' id='word_1_302' title='bbox 717 2389 758 2412; x_wconf 88' lang='lat' dir='ltr'>ac</span> <span class='ocrx_word' id='word_1_303' title='bbox 779 2381 831 2413; x_wconf 85' lang='lat' dir='ltr'>die</span> <span class='ocrx_word' id='word_1_304' title='bbox 851 2380 1077 2423; x_wconf 63' lang='lat' dir='ltr'>longissimum</span> 
     </span>
     <span class='ocr_line' id='line_1_32' title="bbox 212 2430 1078 2471; baseline 0.001 -9"><span class='ocrx_word' id='word_1_305' title='bbox 212 2431 277 2463; x_wconf 85' lang='lat' dir='ltr'>iter</span> <span class='ocrx_word' id='word_1_306' title='bbox 303 2430 459 2462; x_wconf 78' lang='lat' dir='ltr'>vehiculis</span> <span class='ocrx_word' id='word_1_307' title='bbox 485 2430 590 2462; x_wconf 70' lang='lat' dir='ltr'>tribus</span> <span class='ocrx_word' id='word_1_308' title='bbox 617 2438 764 2463; x_wconf 79' lang='lat' dir='ltr'>emensus</span> <span class='ocrx_word' id='word_1_309' title='bbox 783 2434 830 2463; x_wconf 79' lang='lat' dir='ltr'>eet</span> <span class='ocrx_word' id='word_1_310' title='bbox 853 2430 1012 2471; x_wconf 87' lang='lat' dir='ltr'>festinans</span> <span class='ocrx_word' id='word_1_311' title='bbox 1033 2431 1078 2462; x_wconf 79' lang='lat' dir='ltr'>aa</span> 
     </span>
     <span class='ocr_line' id='line_1_33' title="bbox 214 2479 1078 2522; baseline 0 -10"><span class='ocrx_word' id='word_1_312' title='bbox 214 2481 364 2512; x_wconf 71' lang='lat' dir='ltr'>Drusum</span> <span class='ocrx_word' id='word_1_313' title='bbox 389 2479 531 2520; x_wconf 83' lang='lat' dir='ltr'>fratrem</span> <span class='ocrx_word' id='word_1_314' title='bbox 552 2483 724 2522; x_wconf 73' lang='lat' dir='ltr'>aeyrotum</span> <span class='ocrx_word' id='word_1_315' title='bbox 748 2480 785 2511; x_wconf 88' lang='lat' dir='ltr'>in</span> <span class='ocrx_word' id='word_1_316' title='bbox 807 2479 1008 2519; x_wconf 63' lang='lat' dir='ltr'>Ger-monim</span> <span class='ocrx_word' id='word_1_317' title='bbox 1037 2489 1078 2512; x_wconf 88' lang='lat' dir='ltr'>ea</span> 
     </span>
     <span class='ocr_line' id='line_1_34' title="bbox 213 2529 1079 2572; baseline 0 -9"><span class='ocrx_word' id='word_1_318' title='bbox 213 2529 348 2571; x_wconf 76' lang='lat' dir='ltr'>fuemnt</span> <span class='ocrx_word' id='word_1_319' title='bbox 370 2530 422 2563; x_wconf 83' lang='lat' dir='ltr'>GC</span> <span class='ocrx_word' id='word_1_320' title='bbox 439 2531 475 2563; x_wconf 84' lang='grc' dir='ltr'><em>Μ</em></span> <span class='ocrx_word' id='word_1_321' title='bbox 499 2538 674 2570; x_wconf 79' lang='lat' dir='ltr'>passuum.</span> <span class='ocrx_word' id='word_1_322' title='bbox 709 2531 862 2572; x_wconf 85' lang='lat' dir='ltr'>Apparet</span> <span class='ocrx_word' id='word_1_323' title='bbox 885 2532 921 2563; x_wconf 87' lang='lat' dir='ltr'>et</span> <span class='ocrx_word' id='word_1_324' title='bbox 942 2530 1079 2563; x_wconf 89' lang='lat' dir='ltr'>Varda-</span> 
     </span>
     <span class='ocr_line' id='line_1_35' title="bbox 216 2579 1075 2621; baseline 0.001 -9"><span class='ocrx_word' id='word_1_325' title='bbox 216 2588 287 2612; x_wconf 92' lang='lat' dir='ltr'>nen</span> <span class='ocrx_word' id='word_1_326' title='bbox 318 2580 354 2612; x_wconf 90' lang='lat' dir='ltr'>et</span> <span class='ocrx_word' id='word_1_327' title='bbox 382 2579 631 2613; x_wconf 56' lang='lat' dir='ltr'>comiteweius</span> <span class='ocrx_word' id='word_1_328' title='bbox 654 2581 756 2621; x_wconf 90' lang='lat' dir='ltr'>equis</span> <span class='ocrx_word' id='word_1_329' title='bbox 775 2581 897 2613; x_wconf 87' lang='lat' dir='ltr'>vectos</span> <span class='ocrx_word' id='word_1_330' title='bbox 920 2589 1011 2613; x_wconf 91' lang='lat' dir='ltr'>esse.</span> <span class='ocrx_word' id='word_1_331' title='bbox 1039 2597 1075 2604; x_wconf 93' lang='lat'>—</span> 
     </span>
     <span class='ocr_line' id='line_1_36' title="bbox 208 2628 1077 2672; baseline 0.001 -10"><span class='ocrx_word' id='word_1_332' title='bbox 208 2629 451 2671; x_wconf 78' lang='lat' dir='ltr'>praefecturas]</span> <span class='ocrx_word' id='word_1_333' title='bbox 474 2628 561 2663; x_wconf 88' lang='lat' dir='ltr'>Plin.</span> <span class='ocrx_word' id='word_1_334' title='bbox 578 2630 598 2662; x_wconf 88' lang='grc'>6</span> <span class='ocrx_word' id='word_1_335' title='bbox 615 2630 634 2672; x_wconf 69' lang='lat' dir='ltr'><strong>g</strong></span> <span class='ocrx_word' id='word_1_336' title='bbox 650 2630 708 2662; x_wconf 79' lang='lat'>27:</span> <span class='ocrx_word' id='word_1_337' title='bbox 733 2630 891 2663; x_wconf 80' lang='lat' dir='ltr'>Armenia</span> <span class='ocrx_word' id='word_1_338' title='bbox 905 2631 1077 2671; x_wconf 78' lang='lat' dir='ltr'>dividitur,</span> 
     </span>
     <span class='ocr_line' id='line_1_37' title="bbox 215 2680 1079 2727; baseline 0.001 -15"><span class='ocrx_word' id='word_1_339' title='bbox 215 2680 305 2720; x_wconf 76' lang='lat' dir='ltr'>quoa</span> <span class='ocrx_word' id='word_1_340' title='bbox 323 2682 450 2712; x_wconf 83' lang='lat' dir='ltr'>certum</span> <span class='ocrx_word' id='word_1_341' title='bbox 463 2683 522 2720; x_wconf 86' lang='lat' dir='ltr'>est,</span> <span class='ocrx_word' id='word_1_342' title='bbox 545 2682 583 2714; x_wconf 86' lang='lat' dir='ltr'>in</span> <span class='ocrx_word' id='word_1_343' title='bbox 599 2680 839 2721; x_wconf 73' lang='lat' dir='ltr'>praefecturas,</span> <span class='ocrx_word' id='word_1_344' title='bbox 865 2689 951 2723; x_wconf 85' lang='lat' dir='ltr'>quas</span> <span class='ocrx_word' id='word_1_345' title='bbox 964 2689 1079 2727; x_wconf 75' lang='grc' dir='ltr'><strong><em>στρα-</em></strong></span> 
     </span>
     <span class='ocr_line' id='line_1_38' title="bbox 214 2730 1080 2773; baseline 0.001 -11"><span class='ocrx_word' id='word_1_346' title='bbox 214 2730 349 2773; x_wconf 78' lang='grc' dir='ltr'><strong><em>τηγίας</em></strong></span> <span class='ocrx_word' id='word_1_347' title='bbox 374 2732 513 2770; x_wconf 82' lang='lat' dir='ltr'>voeant,</span> <span class='ocrx_word' id='word_1_348' title='bbox 544 2730 707 2771; x_wconf 78' lang='lat' dir='ltr'>quasdam</span> <span class='ocrx_word' id='word_1_349' title='bbox 735 2738 779 2762; x_wconf 74' lang='lat' dir='ltr'>ea&gt;</span> <span class='ocrx_word' id='word_1_350' title='bbox 805 2730 848 2762; x_wconf 82' lang='lat' dir='ltr'>iis</span> <span class='ocrx_word' id='word_1_351' title='bbox 875 2730 927 2763; x_wconf 75' lang='lat' dir='ltr'>vel</span> <span class='ocrx_word' id='word_1_352' title='bbox 947 2730 1080 2772; x_wconf 65' lang='lat' dir='ltr'>singula</span> 
     </span>
     <span class='ocr_line' id='line_1_39' title="bbox 214 2780 1077 2822; baseline 0.002 -10"><span class='ocrx_word' id='word_1_353' title='bbox 214 2788 323 2822; x_wconf 74' lang='lat' dir='ltr'>reqna</span> <span class='ocrx_word' id='word_1_354' title='bbox 344 2780 526 2820; x_wconf 75' lang='lat' dir='ltr'>quondam,</span> <span class='ocrx_word' id='word_1_355' title='bbox 557 2780 713 2813; x_wconf 82' lang='lat' dir='ltr'>barbaris</span> <span class='ocrx_word' id='word_1_356' title='bbox 732 2780 916 2813; x_wconf 78' lang='lat' dir='ltr'>nominibus</span> <span class='ocrx_word' id='word_1_357' title='bbox 937 2788 1013 2814; x_wconf 74' lang='lat' dir='ltr'>cxx.</span> <span class='ocrx_word' id='word_1_358' title='bbox 1041 2798 1077 2804; x_wconf 93' lang='lat'>—</span> 
     </span>
     <span class='ocr_line' id='line_1_40' title="bbox 216 2829 1081 2872; baseline 0.001 -10"><span class='ocrx_word' id='word_1_359' title='bbox 216 2829 470 2871; x_wconf 76' lang='lat' dir='ltr'>Seleucensibus]</span> <span class='ocrx_word' id='word_1_360' title='bbox 494 2829 545 2862; x_wconf 76' lang='lat' dir='ltr'>Cf.</span> <span class='ocrx_word' id='word_1_361' title='bbox 563 2830 595 2871; x_wconf 88' lang='lat'>6,</span> <span class='ocrx_word' id='word_1_362' title='bbox 613 2829 667 2863; x_wconf 73' lang='lat'>42.</span> <span class='ocrx_word' id='word_1_363' title='bbox 686 2847 723 2854; x_wconf 93' lang='lat'>-</span> <span class='ocrx_word' id='word_1_364' title='bbox 743 2834 782 2862; x_wconf 86' lang='lat' dir='ltr'>ut</span> <span class='ocrx_word' id='word_1_365' title='bbox 796 2831 909 2872; x_wconf 79' lang='lat' dir='ltr'>patris</span> <span class='ocrx_word' id='word_1_366' title='bbox 929 2831 982 2863; x_wconf 85' lang='lat' dir='ltr'>sui</span> <span class='ocrx_word' id='word_1_367' title='bbox 997 2839 1081 2871; x_wconf 80' lang='lat' dir='ltr'>quo-</span> 
     </span>
     <span class='ocr_line' id='line_1_41' title="bbox 218 2879 1078 2922; baseline 0.001 -10"><span class='ocrx_word' id='word_1_368' title='bbox 218 2888 282 2920; x_wconf 74' lang='lat' dir='ltr'>que</span> <span class='ocrx_word' id='word_1_369' title='bbox 302 2880 349 2920; x_wconf 63' lang='grc' dir='ltr'>ά]</span> <span class='ocrx_word' id='word_1_370' title='bbox 380 2882 527 2922; x_wconf 83' lang='lat' dir='ltr'>«utpote</span> <span class='ocrx_word' id='word_1_371' title='bbox 550 2880 610 2922; x_wconf 88' lang='lat' dir='ltr'>qui</span> <span class='ocrx_word' id='word_1_372' title='bbox 632 2889 703 2913; x_wconf 92' lang='lat' dir='ltr'>non</span> <span class='ocrx_word' id='word_1_373' title='bbox 724 2879 839 2914; x_wconf 88' lang='lat' dir='ltr'>solum</span> <span class='ocrx_word' id='word_1_374' title='bbox 861 2890 881 2913; x_wconf 89' lang='lat' dir='ltr'>a</span> <span class='ocrx_word' id='word_1_375' title='bbox 904 2881 1078 2922; x_wconf 87' lang='lat' dir='ltr'>Vardane,</span> 
     </span>
     <span class='ocr_line' id='line_1_42' title="bbox 218 2929 1080 2972; baseline -0.001 -10"><span class='ocrx_word' id='word_1_376' title='bbox 218 2929 284 2963; x_wconf 88' lang='lat' dir='ltr'>sed</span> <span class='ocrx_word' id='word_1_377' title='bbox 298 2930 369 2963; x_wconf 83' lang='lat' dir='ltr'>iam</span> <span class='ocrx_word' id='word_1_378' title='bbox 383 2932 464 2963; x_wconf 87' lang='lat' dir='ltr'>ante</span> <span class='ocrx_word' id='word_1_379' title='bbox 479 2939 500 2962; x_wconf 89' lang='lat' dir='ltr'>a</span> <span class='ocrx_word' id='word_1_380' title='bbox 515 2932 613 2972; x_wconf 86' lang='lat' dir='ltr'>patre</span> <span class='ocrx_word' id='word_1_381' title='bbox 626 2931 803 2964; x_wconf 84' lang='lat' dir='ltr'>Artabano</span> <span class='ocrx_word' id='word_1_382' title='bbox 815 2931 1080 2964; x_wconf 72' lang='lat' dir='ltr'>descivissent.»</span> 
     </span>
     <span class='ocr_line' id='line_1_43' title="bbox 221 2979 1081 3022; baseline 0.001 -10"><span class='ocrx_word' id='word_1_383' title='bbox 221 2995 258 3003; x_wconf 91' lang='lat'><em>-</em></span> <span class='ocrx_word' id='word_1_384' title='bbox 275 2979 390 3012; x_wconf 85' lang='lat' dir='ltr'>obiecti</span> <span class='ocrx_word' id='word_1_385' title='bbox 411 2980 529 3021; x_wconf 73' lang='lat' dir='ltr'>amis]</span> <span class='ocrx_word' id='word_1_386' title='bbox 553 2981 711 3022; x_wconf 81' lang='lat' dir='ltr'>Tigridis.</span> <span class='ocrx_word' id='word_1_387' title='bbox 732 2999 768 3005; x_wconf 92' lang='lat'>—</span> <span class='ocrx_word' id='word_1_388' title='bbox 793 2980 978 3022; x_wconf 73' lang='lat' dir='ltr'>Daharum]</span> <span class='ocrx_word' id='word_1_389' title='bbox 994 2981 1081 3014; x_wconf 90' lang='lat' dir='ltr'>Vide</span> 
     </span>
     <span class='ocr_line' id='line_1_44' title="bbox 219 3029 1083 3073; baseline 0.001 -11"><span class='ocrx_word' id='word_1_390' title='bbox 219 3029 266 3062; x_wconf 91' lang='lat' dir='ltr'>ad</span> <span class='ocrx_word' id='word_1_391' title='bbox 295 3030 334 3070; x_wconf 82' lang='lat'>2,</span> <span class='ocrx_word' id='word_1_392' title='bbox 361 3030 393 3062; x_wconf 88' lang='grc'><strong>3.</strong></span> <span class='ocrx_word' id='word_1_393' title='bbox 421 3048 458 3053; x_wconf 97' lang='grc'><strong>-</strong></span> <span class='ocrx_word' id='word_1_394' title='bbox 488 3030 740 3073; x_wconf 75' lang='lat' dir='ltr'>Hyrcanorum]</span> <span class='ocrx_word' id='word_1_395' title='bbox 774 3031 810 3063; x_wconf 89' lang='lat' dir='ltr'>h.</span> <span class='ocrx_word' id='word_1_396' title='bbox 844 3031 1000 3071; x_wconf 79' lang='lat' dir='ltr'>Gurkan,</span> <span class='ocrx_word' id='word_1_397' title='bbox 1037 3032 1083 3064; x_wconf 88' lang='lat' dir='ltr'>ad</span> 
     </span>
     <span class='ocr_line' id='line_1_45' title="bbox 220 3079 1084 3123; baseline 0.002 -11"><span class='ocrx_word' id='word_1_398' title='bbox 220 3088 321 3113; x_wconf 90' lang='lat' dir='ltr'>oram</span> <span class='ocrx_word' id='word_1_399' title='bbox 352 3079 606 3114; x_wconf 88' lang='lat' dir='ltr'>occidentalem</span> <span class='ocrx_word' id='word_1_400' title='bbox 635 3081 751 3123; x_wconf 82' lang='lat' dir='ltr'>Caspii</span> <span class='ocrx_word' id='word_1_401' title='bbox 782 3082 909 3121; x_wconf 90' lang='lat' dir='ltr'>maris,</span> <span class='ocrx_word' id='word_1_402' title='bbox 939 3082 1084 3114; x_wconf 77' lang='lat' dir='ltr'>Mazan·</span> 
     </span>
     <span class='ocr_line' id='line_1_46' title="bbox 221 3129 1082 3172; baseline 0.001 -10"><span class='ocrx_word' id='word_1_403' title='bbox 221 3129 327 3162; x_wconf 75' lang='lat' dir='ltr'>daran</span> <span class='ocrx_word' id='word_1_404' title='bbox 348 3131 384 3162; x_wconf 87' lang='lat' dir='ltr'>et</span> <span class='ocrx_word' id='word_1_405' title='bbox 405 3129 544 3162; x_wconf 85' lang='lat' dir='ltr'>Corcan.</span> <span class='ocrx_word' id='word_1_406' title='bbox 571 3147 608 3154; x_wconf 95' lang='lat'>—</span> <span class='ocrx_word' id='word_1_407' title='bbox 633 3130 846 3172; x_wconf 80' lang='lat' dir='ltr'>Bactrianos]</span> <span class='ocrx_word' id='word_1_408' title='bbox 881 3131 1016 3163; x_wconf 85' lang='lat' dir='ltr'>Bactria</span> <span class='ocrx_word' id='word_1_409' title='bbox 1045 3131 1082 3163; x_wconf 91' lang='lat' dir='ltr'>h.</span> 
     </span>
     <span class='ocr_line' id='line_1_47' title="bbox 221 3179 1061 3221; baseline 0.002 -9"><span class='ocrx_word' id='word_1_410' title='bbox 221 3179 276 3212; x_wconf 77' lang='lat' dir='ltr'>die</span> <span class='ocrx_word' id='word_1_411' title='bbox 295 3187 408 3221; x_wconf 62' lang='lat' dir='ltr'>grosse</span> <span class='ocrx_word' id='word_1_412' title='bbox 428 3179 613 3219; x_wconf 63' lang='grc' dir='ltr'>Βωλανοὶ,</span> <span class='ocrx_word' id='word_1_413' title='bbox 637 3180 699 3212; x_wconf 80' lang='lat' dir='ltr'>das</span> <span class='ocrx_word' id='word_1_414' title='bbox 719 3180 815 3212; x_wconf 78' lang='lat' dir='ltr'>Land</span> <span class='ocrx_word' id='word_1_415' title='bbox 836 3181 894 3213; x_wconf 81' lang='lat' dir='ltr'>der</span> <span class='ocrx_word' id='word_1_416' title='bbox 911 3180 1061 3214; x_wconf 83' lang='lat' dir='ltr'>Usbeken.</span> 
     </span>
     <span class='ocr_line' id='line_1_48' title="bbox 264 3228 1087 3272; baseline 0.001 -11"><span class='ocrx_word' id='word_1_417' title='bbox 264 3229 298 3262; x_wconf 81' lang='lat'>9.</span> <span class='ocrx_word' id='word_1_418' title='bbox 315 3237 461 3268; x_wconf 78' lang='lat' dir='ltr'>quonam</span> <span class='ocrx_word' id='word_1_419' title='bbox 480 3229 682 3263; x_wconf 77' lang='lat' dir='ltr'>inclinarent</span> <span class='ocrx_word' id='word_1_420' title='bbox 694 3228 836 3270; x_wconf 83' lang='lat' dir='ltr'>incertis]</span> <span class='ocrx_word' id='word_1_421' title='bbox 860 3229 883 3261; x_wconf 91' lang='lat' dir='ltr'>i.</span> <span class='ocrx_word' id='word_1_422' title='bbox 902 3238 933 3262; x_wconf 90' lang='lat' dir='ltr'>e.</span> <span class='ocrx_word' id='word_1_423' title='bbox 952 3229 997 3262; x_wconf 90' lang='lat' dir='ltr'>de</span> <span class='ocrx_word' id='word_1_424' title='bbox 1013 3230 1087 3272; x_wconf 90' lang='lat' dir='ltr'>qui-</span> 
     </span>
     <span class='ocr_line' id='line_1_49' title="bbox 222 3277 1085 3320; baseline 0.001 -10"><span class='ocrx_word' id='word_1_425' title='bbox 222 3277 291 3310; x_wconf 86' lang='lat' dir='ltr'>hus</span> <span class='ocrx_word' id='word_1_426' title='bbox 311 3279 485 3311; x_wconf 89' lang='lat' dir='ltr'>incertum</span> <span class='ocrx_word' id='word_1_427' title='bbox 501 3279 608 3319; x_wconf 89' lang='lat' dir='ltr'>esset,</span> <span class='ocrx_word' id='word_1_428' title='bbox 633 3287 703 3320; x_wconf 88' lang='lat' dir='ltr'>quo</span> <span class='ocrx_word' id='word_1_429' title='bbox 718 3277 935 3311; x_wconf 86' lang='lat' dir='ltr'>inclinarent.</span> <span class='ocrx_word' id='word_1_430' title='bbox 961 3278 1012 3312; x_wconf 82' lang='lat' dir='ltr'>Cf.</span> <span class='ocrx_word' id='word_1_431' title='bbox 1032 3279 1085 3320; x_wconf 87' lang='grc'>43,</span> 
     </span>
    </p>
   </div>
   <div class='ocr_carea' id='block_1_7' title="bbox 1122 2230 2032 3324">
    <p class='ocr_par' dir='ltr' id='par_1_7' title="bbox 1122 2230 2032 3324">
     <span class='ocr_line' id='line_1_50' title="bbox 1124 2230 1989 2273; baseline -0.001 -9"><span class='ocrx_word' id='word_1_432' title='bbox 1124 2231 1210 2265; x_wconf 91' lang='lat' dir='ltr'>Hist.</span> <span class='ocrx_word' id='word_1_433' title='bbox 1231 2232 1263 2272; x_wconf 88' lang='grc'>4,</span> <span class='ocrx_word' id='word_1_434' title='bbox 1281 2231 1341 2264; x_wconf 86' lang='lat'>85:</span> <span class='ocrx_word' id='word_1_435' title='bbox 1366 2232 1419 2264; x_wconf 87' lang='lat' dir='ltr'>Ea</span> <span class='ocrx_word' id='word_1_436' title='bbox 1440 2231 1550 2265; x_wconf 80' lang='lat' dir='ltr'>oratio</span> <span class='ocrx_word' id='word_1_437' title='bbox 1566 2231 1887 2273; x_wconf 73' lang='lat' dir='ltr'>adperstrinyendos</span> <span class='ocrx_word' id='word_1_438' title='bbox 1899 2230 1989 2263; x_wconf 79' lang='lat' dir='ltr'>mul-</span> 
     </span>
     <span class='ocr_line' id='line_1_51' title="bbox 1124 2279 2032 2321; baseline -0.002 -7"><span class='ocrx_word' id='word_1_439' title='bbox 1124 2282 1305 2321; x_wconf 76' lang='lat' dir='ltr'>cendosque</span> <span class='ocrx_word' id='word_1_440' title='bbox 1319 2281 1462 2314; x_wconf 84' lang='lat' dir='ltr'>militum</span> <span class='ocrx_word' id='word_1_441' title='bbox 1477 2282 1617 2314; x_wconf 78' lang='lat' dir='ltr'>animos.</span> <span class='ocrx_word' id='word_1_442' title='bbox 1644 2282 1745 2315; x_wconf 88' lang='lat' dir='ltr'>Caes.</span> <span class='ocrx_word' id='word_1_443' title='bbox 1761 2282 1799 2314; x_wconf 94' lang='lat' dir='ltr'>B.</span> <span class='ocrx_word' id='word_1_444' title='bbox 1814 2281 1852 2313; x_wconf 93' lang='lat' dir='ltr'>C.</span> <span class='ocrx_word' id='word_1_445' title='bbox 1867 2279 1899 2321; x_wconf 84' lang='lat'>3,</span> <span class='ocrx_word' id='word_1_446' title='bbox 1911 2281 1985 2313; x_wconf 75' lang='grc' dir='ltr'><strong>404ι</strong></span> <span class='ocrx_word' id='word_1_447' title='bbox 2017 2283 2032 2299; x_wconf 82' lang='grc'><em>·</em></span> 
     </span>
     <span class='ocr_line' id='line_1_52' title="bbox 1124 2331 1986 2373; baseline 0.001 -10"><span class='ocrx_word' id='word_1_448' title='bbox 1124 2340 1226 2364; x_wconf 86' lang='lat' dir='ltr'>naves</span> <span class='ocrx_word' id='word_1_449' title='bbox 1248 2331 1425 2372; x_wconf 80' lang='lat' dir='ltr'>cmnpletae</span> <span class='ocrx_word' id='word_1_450' title='bbox 1445 2331 1543 2364; x_wconf 85' lang='lat' dir='ltr'>rebus</span> <span class='ocrx_word' id='word_1_451' title='bbox 1558 2341 1643 2373; x_wconf 85' lang='lat' dir='ltr'>quae</span> <span class='ocrx_word' id='word_1_452' title='bbox 1663 2334 1739 2364; x_wconf 82' lang='lat' dir='ltr'>sunt</span> <span class='ocrx_word' id='word_1_453' title='bbox 1761 2331 1805 2363; x_wconf 83' lang='lat' dir='ltr'>ad</span> <span class='ocrx_word' id='word_1_454' title='bbox 1824 2331 1986 2364; x_wconf 83' lang='lat' dir='ltr'>incendia.</span> 
     </span>
     <span class='ocr_line' id='line_1_53' title="bbox 1125 2379 1988 2421; baseline -0.002 -7"><span class='ocrx_word' id='word_1_455' title='bbox 1125 2381 1233 2414; x_wconf 77' lang='lat' dir='ltr'>Doni).</span> <span class='ocrx_word' id='word_1_456' title='bbox 1260 2398 1296 2404; x_wconf 92' lang='lat'>—</span> <span class='ocrx_word' id='word_1_457' title='bbox 1320 2390 1387 2413; x_wconf 78' lang='lat' dir='ltr'>rex</span> <span class='ocrx_word' id='word_1_458' title='bbox 1407 2382 1548 2414; x_wconf 82' lang='lat' dir='ltr'>minoris</span> <span class='ocrx_word' id='word_1_459' title='bbox 1567 2381 1742 2414; x_wconf 76' lang='lat' dir='ltr'>Armeniae</span> <span class='ocrx_word' id='word_1_460' title='bbox 1756 2380 1871 2421; x_wconf 64' lang='lat' dir='ltr'>Cotys]</span> <span class='ocrx_word' id='word_1_461' title='bbox 1899 2379 1988 2413; x_wconf 88' lang='lat' dir='ltr'>filius</span> 
     </span>
     <span class='ocr_line' id='line_1_54' title="bbox 1127 2429 1987 2473; baseline -0.001 -11"><span class='ocrx_word' id='word_1_462' title='bbox 1127 2431 1202 2463; x_wconf 90' lang='lat' dir='ltr'>eius</span> <span class='ocrx_word' id='word_1_463' title='bbox 1225 2431 1363 2472; x_wconf 80' lang='lat' dir='ltr'>Cotyis,</span> <span class='ocrx_word' id='word_1_464' title='bbox 1389 2430 1433 2463; x_wconf 91' lang='lat' dir='ltr'>de</span> <span class='ocrx_word' id='word_1_465' title='bbox 1457 2440 1528 2473; x_wconf 89' lang='lat' dir='ltr'>quo</span> <span class='ocrx_word' id='word_1_466' title='bbox 1551 2432 1589 2472; x_wconf 77' lang='lat'>2,</span> <span class='ocrx_word' id='word_1_467' title='bbox 1614 2431 1656 2464; x_wconf 72' lang='lat'>64</span> <span class='ocrx_word' id='word_1_468' title='bbox 1672 2439 1751 2473; x_wconf 85' lang='lat' dir='ltr'>sqq.</span> <span class='ocrx_word' id='word_1_469' title='bbox 1775 2431 1840 2463; x_wconf 92' lang='lat' dir='ltr'>Dio</span> <span class='ocrx_word' id='word_1_470' title='bbox 1855 2429 1909 2470; x_wconf 84' lang='lat'>59,</span> <span class='ocrx_word' id='word_1_471' title='bbox 1927 2429 1987 2462; x_wconf 74' lang='lat'>42:</span> 
     </span>
     <span class='ocr_line' id='line_1_55' title="bbox 1126 2477 1990 2529; baseline 0 -16"><span class='ocrx_word' id='word_1_472' title='bbox 1126 2478 1246 2514; x_wconf 81' lang='grc' dir='ltr'><strong><em>Κότυϊ</em></strong></span> <span class='ocrx_word' id='word_1_473' title='bbox 1273 2479 1344 2524; x_wconf 80' lang='grc' dir='ltr'>τήν</span> <span class='ocrx_word' id='word_1_474' title='bbox 1372 2490 1412 2514; x_wconf 79' lang='grc' dir='ltr'>τε</span> <span class='ocrx_word' id='word_1_475' title='bbox 1430 2477 1624 2529; x_wconf 77' lang='grc' dir='ltr'>Ἀρμενίαν</span> <span class='ocrx_word' id='word_1_476' title='bbox 1644 2478 1715 2525; x_wconf 79' lang='grc' dir='ltr'>τὴν</span> <span class='ocrx_word' id='word_1_477' title='bbox 1737 2480 1990 2527; x_wconf 76' lang='grc' dir='ltr'><strong><em>σμικροτέραν</em></strong></span> 
     </span>
     <span class='ocr_line' id='line_1_56' title="bbox 1126 2527 1990 2580; baseline -0.001 -16"><span class='ocrx_word' id='word_1_478' title='bbox 1126 2532 1190 2565; x_wconf 67' lang='grc' dir='ltr'>καὶ</span> <span class='ocrx_word' id='word_1_479' title='bbox 1223 2529 1321 2575; x_wconf 80' lang='grc' dir='ltr'><em>μετὰ</em></span> <span class='ocrx_word' id='word_1_480' title='bbox 1353 2531 1469 2566; x_wconf 80' lang='grc' dir='ltr'><strong><em>τοῦτο</em></strong></span> <span class='ocrx_word' id='word_1_481' title='bbox 1502 2533 1568 2566; x_wconf 77' lang='grc' dir='ltr'>καὶ</span> <span class='ocrx_word' id='word_1_482' title='bbox 1601 2531 1670 2576; x_wconf 78' lang='grc' dir='ltr'>τῆς</span> <span class='ocrx_word' id='word_1_483' title='bbox 1701 2528 1876 2580; x_wconf 75' lang='grc' dir='ltr'><strong><em>Ἀραβίας</em></strong></span> <span class='ocrx_word' id='word_1_484' title='bbox 1904 2527 1990 2564; x_wconf 79' lang='grc' dir='ltr'><strong><em>τινὰ</em></strong></span> 
     </span>
     <span class='ocr_line' id='line_1_57' title="bbox 1127 2582 1991 2630; baseline -0.002 -14"><span class='ocrx_word' id='word_1_485' title='bbox 1127 2582 1334 2630; x_wconf 76' lang='grc' dir='ltr'><strong><em>ἐχαρίσατο</em></strong></span> <span class='ocrx_word' id='word_1_486' title='bbox 1349 2582 1515 2625; x_wconf 88' lang='lat' dir='ltr'>(Caligula</span> <span class='ocrx_word' id='word_1_487' title='bbox 1531 2593 1563 2616; x_wconf 90' lang='lat' dir='ltr'>a.</span> <span class='ocrx_word' id='word_1_488' title='bbox 1579 2593 1615 2616; x_wconf 90' lang='lat' dir='ltr'>u.</span> <span class='ocrx_word' id='word_1_489' title='bbox 1633 2583 1719 2625; x_wconf 72' lang='lat'>792).</span> <span class='ocrx_word' id='word_1_490' title='bbox 1740 2601 1777 2607; x_wconf 93' lang='lat'>—-</span> <span class='ocrx_word' id='word_1_491' title='bbox 1793 2582 1907 2616; x_wconf 69' lang='lat' dir='ltr'>Parthi</span> <span class='ocrx_word' id='word_1_492' title='bbox 1925 2582 1991 2614; x_wconf 84' lang='lat' dir='ltr'>im-</span> 
     </span>
     <span class='ocr_line' id='line_1_58' title="bbox 1122 2631 1993 2676; baseline -0.001 -10"><span class='ocrx_word' id='word_1_493' title='bbox 1122 2634 1314 2676; x_wconf 82' lang='lat' dir='ltr'>peratores]</span> <span class='ocrx_word' id='word_1_494' title='bbox 1342 2633 1524 2667; x_wconf 85' lang='lat' dir='ltr'>Vardanes</span> <span class='ocrx_word' id='word_1_495' title='bbox 1548 2634 1585 2666; x_wconf 88' lang='lat' dir='ltr'>et</span> <span class='ocrx_word' id='word_1_496' title='bbox 1606 2634 1783 2667; x_wconf 87' lang='lat' dir='ltr'>Gotarzes.</span> <span class='ocrx_word' id='word_1_497' title='bbox 1810 2650 1847 2656; x_wconf 94' lang='lat'>—</span> <span class='ocrx_word' id='word_1_498' title='bbox 1878 2631 1993 2674; x_wconf 82' lang='lat' dir='ltr'>foedus</span> 
     </span>
     <span class='ocr_line' id='line_1_59' title="bbox 1127 2683 1989 2726; baseline 0.001 -11"><span class='ocrx_word' id='word_1_499' title='bbox 1127 2686 1259 2724; x_wconf 80' lang='lat' dir='ltr'>repente</span> <span class='ocrx_word' id='word_1_500' title='bbox 1277 2683 1418 2725; x_wconf 85' lang='lat' dir='ltr'>faciunt]</span> <span class='ocrx_word' id='word_1_501' title='bbox 1448 2684 1508 2717; x_wconf 90' lang='lat' dir='ltr'>His</span> <span class='ocrx_word' id='word_1_502' title='bbox 1530 2683 1650 2716; x_wconf 90' lang='lat' dir='ltr'>verbis</span> <span class='ocrx_word' id='word_1_503' title='bbox 1673 2683 1758 2726; x_wconf 89' lang='lat' dir='ltr'>quid</span> <span class='ocrx_word' id='word_1_504' title='bbox 1779 2683 1910 2717; x_wconf 82' lang='lat' dir='ltr'>factum</span> <span class='ocrx_word' id='word_1_505' title='bbox 1934 2684 1989 2724; x_wconf 88' lang='lat' dir='ltr'>sit,</span> 
     </span>
     <span class='ocr_line' id='line_1_60' title="bbox 1129 2733 1992 2776; baseline 0.001 -10"><span class='ocrx_word' id='word_1_506' title='bbox 1129 2733 1428 2775; x_wconf 87' lang='lat' dir='ltr'>subsequentibus</span> <span class='ocrx_word' id='word_1_507' title='bbox 1460 2734 1688 2776; x_wconf 63' lang='lat' dir='ltr'>conpressione</span> <span class='ocrx_word' id='word_1_508' title='bbox 1712 2751 1732 2758; x_wconf 89' lang='lat'>-</span> <span class='ocrx_word' id='word_1_509' title='bbox 1746 2751 1766 2758; x_wconf 93' lang='lat'>—</span> <span class='ocrx_word' id='word_1_510' title='bbox 1787 2734 1870 2767; x_wconf 82' lang='lat' dir='ltr'>abiit</span> <span class='ocrx_word' id='word_1_511' title='bbox 1902 2743 1992 2776; x_wconf 91' lang='lat' dir='ltr'>quo-</span> 
     </span>
     <span class='ocr_line' id='line_1_61' title="bbox 1130 2782 1990 2825; baseline 0.001 -10"><span class='ocrx_word' id='word_1_512' title='bbox 1130 2782 1236 2815; x_wconf 89' lang='lat' dir='ltr'>modo</span> <span class='ocrx_word' id='word_1_513' title='bbox 1260 2784 1296 2815; x_wconf 86' lang='lat' dir='ltr'>et</span> <span class='ocrx_word' id='word_1_514' title='bbox 1316 2783 1411 2825; x_wconf 90' lang='lat' dir='ltr'>quod</span> <span class='ocrx_word' id='word_1_515' title='bbox 1434 2782 1557 2816; x_wconf 86' lang='lat' dir='ltr'>foedus</span> <span class='ocrx_word' id='word_1_516' title='bbox 1580 2784 1709 2817; x_wconf 79' lang='lat' dir='ltr'>factum</span> <span class='ocrx_word' id='word_1_517' title='bbox 1731 2784 1793 2824; x_wconf 90' lang='lat' dir='ltr'>sit,</span> <span class='ocrx_word' id='word_1_518' title='bbox 1818 2785 1990 2824; x_wconf 90' lang='lat' dir='ltr'>narratur,</span> 
     </span>
     <span class='ocr_line' id='line_1_62' title="bbox 1128 2831 1993 2875; baseline 0.001 -11"><span class='ocrx_word' id='word_1_519' title='bbox 1128 2831 1166 2864; x_wconf 89' lang='lat' dir='ltr'>id</span> <span class='ocrx_word' id='word_1_520' title='bbox 1188 2832 1284 2874; x_wconf 90' lang='lat' dir='ltr'>quod</span> <span class='ocrx_word' id='word_1_521' title='bbox 1306 2832 1426 2865; x_wconf 83' lang='lat' dir='ltr'>fefellit</span> <span class='ocrx_word' id='word_1_522' title='bbox 1446 2831 1677 2866; x_wconf 81' lang='lat' dir='ltr'>waltherum.</span> <span class='ocrx_word' id='word_1_523' title='bbox 1708 2834 1874 2867; x_wconf 92' lang='lat' dir='ltr'>Ceterum</span> <span class='ocrx_word' id='word_1_524' title='bbox 1897 2832 1993 2875; x_wconf 92' lang='lat' dir='ltr'>quod</span> 
     </span>
     <span class='ocr_line' id='line_1_63' title="bbox 1131 2882 1993 2925; baseline 0.002 -11"><span class='ocrx_word' id='word_1_525' title='bbox 1131 2883 1184 2915; x_wconf 90' lang='lat' dir='ltr'>est</span> <span class='ocrx_word' id='word_1_526' title='bbox 1207 2883 1261 2922; x_wconf 90' lang='grc'>45,</span> <span class='ocrx_word' id='word_1_527' title='bbox 1293 2882 1336 2914; x_wconf 82' lang='lat'>50</span> <span class='ocrx_word' id='word_1_528' title='bbox 1371 2883 1451 2915; x_wconf 84' lang='lat' dir='ltr'>dum</span> <span class='ocrx_word' id='word_1_529' title='bbox 1477 2883 1602 2915; x_wconf 82' lang='lat' dir='ltr'>scelera</span> <span class='ocrx_word' id='word_1_530' title='bbox 1626 2883 1804 2925; x_wconf 78' lang='lat' dir='ltr'>principis,</span> <span class='ocrx_word' id='word_1_531' title='bbox 1838 2887 1868 2916; x_wconf 89' lang='lat' dir='ltr'>et</span> <span class='ocrx_word' id='word_1_532' title='bbox 1894 2884 1993 2925; x_wconf 79' lang='lat' dir='ltr'>finem</span> 
     </span>
     <span class='ocr_line' id='line_1_64' title="bbox 1131 2931 1994 2973; baseline 0.002 -10"><span class='ocrx_word' id='word_1_533' title='bbox 1131 2932 1242 2964; x_wconf 81' lang='lat' dir='ltr'>adesse</span> <span class='ocrx_word' id='word_1_534' title='bbox 1263 2931 1418 2973; x_wconf 81' lang='lat' dir='ltr'>imperio,</span> <span class='ocrx_word' id='word_1_535' title='bbox 1453 2933 1606 2966; x_wconf 86' lang='lat' dir='ltr'>--inter</span> <span class='ocrx_word' id='word_1_536' title='bbox 1626 2941 1661 2966; x_wconf 84' lang='lat' dir='ltr'>se</span> <span class='ocrx_word' id='word_1_537' title='bbox 1682 2937 1744 2966; x_wconf 87' lang='lat' dir='ltr'>aut</span> <span class='ocrx_word' id='word_1_538' title='bbox 1763 2934 1850 2967; x_wconf 86' lang='lat' dir='ltr'>inter</span> <span class='ocrx_word' id='word_1_539' title='bbox 1871 2934 1994 2966; x_wconf 89' lang='lat' dir='ltr'>amicos</span> 
     </span>
     <span class='ocr_line' id='line_1_65' title="bbox 1130 2981 1992 3024; baseline 0.002 -11"><span class='ocrx_word' id='word_1_540' title='bbox 1130 2981 1274 3021; x_wconf 84' lang='lat' dir='ltr'>iaciunt,</span> <span class='ocrx_word' id='word_1_541' title='bbox 1299 2981 1454 3015; x_wconf 86' lang='lat' dir='ltr'>admisso</span> <span class='ocrx_word' id='word_1_542' title='bbox 1476 2983 1668 3024; x_wconf 84' lang='lat' dir='ltr'>zeugmatis</span> <span class='ocrx_word' id='word_1_543' title='bbox 1690 2983 1883 3023; x_wconf 89' lang='lat' dir='ltr'>schemate,</span> <span class='ocrx_word' id='word_1_544' title='bbox 1910 2982 1992 3015; x_wconf 91' lang='lat' dir='ltr'>inde</span> 
     </span>
     <span class='ocr_line' id='line_1_66' title="bbox 1132 3032 1995 3074; baseline 0.002 -11"><span class='ocrx_word' id='word_1_545' title='bbox 1132 3039 1203 3063; x_wconf 93' lang='lat' dir='ltr'>non</span> <span class='ocrx_word' id='word_1_546' title='bbox 1237 3032 1466 3073; x_wconf 89' lang='lat' dir='ltr'>consequitur</span> <span class='ocrx_word' id='word_1_547' title='bbox 1497 3033 1617 3065; x_wconf 85' lang='lat' dir='ltr'>Latine</span> <span class='ocrx_word' id='word_1_548' title='bbox 1646 3033 1714 3065; x_wconf 91' lang='lat' dir='ltr'>dici</span> <span class='ocrx_word' id='word_1_549' title='bbox 1741 3033 1855 3074; x_wconf 79' lang='lat' dir='ltr'>foedus</span> <span class='ocrx_word' id='word_1_550' title='bbox 1885 3032 1995 3066; x_wconf 85' lang='lat' dir='ltr'>iacere</span> 
     </span>
     <span class='ocr_line' id='line_1_67' title="bbox 1132 3080 1996 3124; baseline 0.002 -12"><span class='ocrx_word' id='word_1_551' title='bbox 1132 3088 1197 3122; x_wconf 90' lang='lat' dir='ltr'>pro</span> <span class='ocrx_word' id='word_1_552' title='bbox 1224 3080 1326 3113; x_wconf 83' lang='lat' dir='ltr'>verba</span> <span class='ocrx_word' id='word_1_553' title='bbox 1351 3081 1486 3115; x_wconf 83' lang='lat' dir='ltr'>iniicere</span> <span class='ocrx_word' id='word_1_554' title='bbox 1515 3082 1555 3115; x_wconf 82' lang='lat' dir='ltr'>de</span> <span class='ocrx_word' id='word_1_555' title='bbox 1580 3083 1709 3124; x_wconf 77' lang='lat' dir='ltr'>foedere</span> <span class='ocrx_word' id='word_1_556' title='bbox 1729 3082 1920 3122; x_wconf 77' lang='lat' dir='ltr'>sanciendo,</span> <span class='ocrx_word' id='word_1_557' title='bbox 1955 3083 1996 3115; x_wconf 89' lang='lat' dir='ltr'>ut</span> 
     </span>
     <span class='ocr_line' id='line_1_68' title="bbox 1134 3129 1994 3172; baseline 0.005 -11"><span class='ocrx_word' id='word_1_558' title='bbox 1134 3130 1297 3172; x_wconf 85' lang='lat' dir='ltr'>opinatur</span> <span class='ocrx_word' id='word_1_559' title='bbox 1324 3129 1537 3164; x_wconf 82' lang='lat' dir='ltr'>waltherus.</span> <span class='ocrx_word' id='word_1_560' title='bbox 1573 3131 1723 3165; x_wconf 90' lang='lat' dir='ltr'>Perinde</span> <span class='ocrx_word' id='word_1_561' title='bbox 1760 3141 1779 3163; x_wconf 86' lang='lat' dir='ltr'>a</span> <span class='ocrx_word' id='word_1_562' title='bbox 1813 3132 1994 3165; x_wconf 88' lang='lat' dir='ltr'>Latinitate</span> 
     </span>
     <span class='ocr_line' id='line_1_69' title="bbox 1134 3178 1996 3223; baseline 0.003 -12"><span class='ocrx_word' id='word_1_563' title='bbox 1134 3178 1271 3212; x_wconf 90' lang='lat' dir='ltr'>laborat</span> <span class='ocrx_word' id='word_1_564' title='bbox 1295 3180 1410 3222; x_wconf 81' lang='lat' dir='ltr'>foedus</span> <span class='ocrx_word' id='word_1_565' title='bbox 1435 3182 1555 3220; x_wconf 83' lang='lat' dir='ltr'>iciunt;</span> <span class='ocrx_word' id='word_1_566' title='bbox 1585 3190 1618 3215; x_wconf 89' lang='lat' dir='ltr'>v.</span> <span class='ocrx_word' id='word_1_567' title='bbox 1643 3180 1855 3214; x_wconf 87' lang='lat' dir='ltr'>Doederlinii</span> <span class='ocrx_word' id='word_1_568' title='bbox 1880 3182 1996 3223; x_wconf 81' lang='lat' dir='ltr'>Syno-</span> 
     </span>
     <span class='ocr_line' id='line_1_70' title="bbox 1136 3231 1997 3274; baseline 0.003 -12"><span class='ocrx_word' id='word_1_569' title='bbox 1136 3237 1234 3271; x_wconf 81' lang='lat' dir='ltr'>nym.</span> <span class='ocrx_word' id='word_1_570' title='bbox 1258 3231 1332 3263; x_wconf 89' lang='lat' dir='ltr'>Lat.</span> <span class='ocrx_word' id='word_1_571' title='bbox 1355 3231 1386 3263; x_wconf 88' lang='lat' dir='ltr'><strong>V</strong></span> <span class='ocrx_word' id='word_1_572' title='bbox 1407 3240 1442 3273; x_wconf 93' lang='lat' dir='ltr'>p.</span> <span class='ocrx_word' id='word_1_573' title='bbox 1468 3231 1522 3264; x_wconf 78' lang='lat'>62.</span> <span class='ocrx_word' id='word_1_574' title='bbox 1547 3232 1679 3265; x_wconf 77' lang='lat' dir='ltr'>Rirrnn.</span> <span class='ocrx_word' id='word_1_575' title='bbox 1708 3247 1744 3255; x_wconf 91' lang='lat'>-—</span> <span class='ocrx_word' id='word_1_576' title='bbox 1769 3232 1997 3274; x_wconf 61' lang='lat' dir='ltr'>comi-esaiam</span> 
     </span>
     <span class='ocr_line' id='line_1_71' title="bbox 1133 3279 1995 3324; baseline 0.003 -11"><span class='ocrx_word' id='word_1_577' title='bbox 1133 3279 1244 3320; x_wconf 77' lang='lat' dir='ltr'>primo</span> <span class='ocrx_word' id='word_1_578' title='bbox 1276 3281 1478 3323; x_wconf 77' lang='lat' dir='ltr'>cunctanter]</span> <span class='ocrx_word' id='word_1_579' title='bbox 1513 3290 1751 3323; x_wconf 78' lang='lat' dir='ltr'>«quamquam</span> <span class='ocrx_word' id='word_1_580' title='bbox 1783 3282 1897 3324; x_wconf 89' lang='lat' dir='ltr'>primo</span> <span class='ocrx_word' id='word_1_581' title='bbox 1924 3291 1995 3316; x_wconf 93' lang='lat' dir='ltr'>non</span> 
     </span>
    </p>
   </div>
   <div class='ocr_carea' id='block_1_8' title="bbox 224 3327 1995 3471">
    <p class='ocr_par' dir='ltr' id='par_1_8' title="bbox 224 3327 1995 3471">
     <span class='ocr_line' id='line_1_72' title="bbox 224 3327 1995 3372; baseline 0.002 -13"><span class='ocrx_word' id='word_1_582' title='bbox 224 3327 284 3359; x_wconf 73' lang='lat'>⁴9:</span> <span class='ocrx_word' id='word_1_583' title='bbox 304 3336 398 3360; x_wconf 73' lang='lat' dir='ltr'>nerno</span> <span class='ocrx_word' id='word_1_584' title='bbox 412 3328 507 3361; x_wconf 77' lang='lat' dir='ltr'>adire</span> <span class='ocrx_word' id='word_1_585' title='bbox 517 3331 653 3370; x_wconf 79' lang='lat' dir='ltr'>praeter</span> <span class='ocrx_word' id='word_1_586' title='bbox 661 3335 793 3368; x_wconf 81' lang='lat' dir='ltr'>paucas</span> <span class='ocrx_word' id='word_1_587' title='bbox 804 3327 956 3368; x_wconf 87' lang='lat' dir='ltr'>feminas,</span> <span class='ocrx_word' id='word_1_588' title='bbox 974 3336 1089 3361; x_wconf 76' lang='lat' dir='ltr'>amore</span> <span class='ocrx_word' id='word_1_589' title='bbox 1137 3329 1212 3362; x_wconf 88' lang='lat' dir='ltr'>sine</span> <span class='ocrx_word' id='word_1_590' title='bbox 1235 3332 1356 3363; x_wconf 89' lang='lat' dir='ltr'>mutua</span> <span class='ocrx_word' id='word_1_591' title='bbox 1379 3331 1570 3364; x_wconf 83' lang='lat' dir='ltr'>diffidentia</span> <span class='ocrx_word' id='word_1_592' title='bbox 1593 3331 1772 3372; x_wconf 81' lang='lat' dir='ltr'>congressi</span> <span class='ocrx_word' id='word_1_593' title='bbox 1789 3333 1889 3365; x_wconf 87' lang='lat' dir='ltr'>erant</span> <span class='ocrx_word' id='word_1_594' title='bbox 1904 3334 1995 3365; x_wconf 79' lang='lat' dir='ltr'>cet.»</span> 
     </span>
     <span class='ocr_line' id='line_1_73' title="bbox 224 3376 1994 3423; baseline 0.004 -15"><span class='ocrx_word' id='word_1_595' title='bbox 224 3383 272 3408; x_wconf 74' lang='lat' dir='ltr'>an</span> <span class='ocrx_word' id='word_1_596' title='bbox 285 3377 358 3410; x_wconf 76' lang='lat' dir='ltr'>odio</span> <span class='ocrx_word' id='word_1_597' title='bbox 371 3378 525 3411; x_wconf 84' lang='lat' dir='ltr'>incertas.</span> <span class='ocrx_word' id='word_1_598' title='bbox 545 3395 578 3401; x_wconf 97' lang='lat'>—</span> <span class='ocrx_word' id='word_1_599' title='bbox 597 3377 859 3410; x_wconf 74' lang='lat' dir='ltr'>adoaecindenda</span> <span class='ocrx_word' id='word_1_600' title='bbox 874 3376 1031 3419; x_wconf 89' lang='lat' dir='ltr'>pendent</span> <span class='ocrx_word' id='word_1_601' title='bbox 1046 3386 1089 3410; x_wconf 84' lang='lat' dir='ltr'>ex</span> <span class='ocrx_word' id='word_1_602' title='bbox 1140 3391 1178 3403; x_wconf 78' lang='lat'>-—</span> <span class='ocrx_word' id='word_1_603' title='bbox 1201 3380 1363 3420; x_wconf 73' lang='lat' dir='ltr'>complexi</span> <span class='ocrx_word' id='word_1_604' title='bbox 1390 3379 1542 3421; x_wconf 71' lang='lat' dir='ltr'>dextras]</span> <span class='ocrx_word' id='word_1_605' title='bbox 1573 3378 1631 3412; x_wconf 91' lang='lat' dir='ltr'>illo</span> <span class='ocrx_word' id='word_1_606' title='bbox 1659 3379 1755 3414; x_wconf 83' lang='lat' dir='ltr'>haud</span> <span class='ocrx_word' id='word_1_607' title='bbox 1784 3380 1892 3415; x_wconf 84' lang='lat' dir='ltr'>dubie</span> <span class='ocrx_word' id='word_1_608' title='bbox 1912 3383 1994 3423; x_wconf 85' lang='lat' dir='ltr'>ritu,</span> 
     </span>
     <span class='ocr_line' id='line_1_74' title="bbox 226 3424 1535 3471; baseline 0.004 -15"><span class='ocrx_word' id='word_1_609' title='bbox 226 3424 356 3463; x_wconf 66' lang='lat' dir='ltr'>omisso</span> <span class='ocrx_word' id='word_1_610' title='bbox 383 3426 496 3460; x_wconf 76' lang='lat' dir='ltr'>militis</span> <span class='ocrx_word' id='word_1_611' title='bbox 527 3426 666 3462; x_wconf 82' lang='lat' dir='ltr'>Romani</span> <span class='ocrx_word' id='word_1_612' title='bbox 688 3426 842 3470; x_wconf 85' lang='lat' dir='ltr'>epitheto</span> <span class='ocrx_word' id='word_1_613' title='bbox 856 3450 865 3468; x_wconf 93' lang='lat'>,</span> <span class='ocrx_word' id='word_1_614' title='bbox 894 3426 1022 3469; x_wconf 76' lang='lat' dir='ltr'>idonei,</span> <span class='ocrx_word' id='word_1_615' title='bbox 1050 3427 1091 3460; x_wconf 88' lang='lat' dir='ltr'>ut</span> <span class='ocrx_word' id='word_1_616' title='bbox 1138 3428 1200 3471; x_wconf 81' lang='lat' dir='ltr'>qui</span> <span class='ocrx_word' id='word_1_617' title='bbox 1219 3430 1382 3464; x_wconf 85' lang='lat' dir='ltr'>narratur</span> <span class='ocrx_word' id='word_1_618' title='bbox 1402 3429 1457 3471; x_wconf 79' lang='lat'>⁴2,</span> <span class='ocrx_word' id='word_1_619' title='bbox 1482 3428 1535 3463; x_wconf 72' lang='grc'><strong>47.</strong></span> 
     </span>
    </p>
   </div>
  </div>
 </body>
</html>
