2254 3770
651 292 806 337 LIBER
834 292 919 336 XV.
964 291 1065 350 Cap.
1094 292 1163 336 65.
1192 292 1260 336 66.
1289 291 1357 335 67:
1387 291 1454 335 68.
1870 287 1952 330 537

172 401 379 458 citurque.
425 399 506 455 (67)
535 413 634 443 mox
661 398 897 442 eorundem
917 397 1075 442 indicio
1096 397 1275 442 Subrius
1296 398 1450 442 Flavus
1470 396 1664 441 tribunus
1683 394 1951 453 pervertitur,

171 475 308 534 primo
338 473 726 518 dissimilitudinem
754 487 920 516 morum
950 473 1004 515 ad
1035 472 1327 516 defensionem
1358 471 1552 523 trahens,
1583 483 1726 529 neque
1749 483 1797 513 se
1817 482 1955 513 arma-

171 557 260 594 tum
298 563 394 593 cum
434 549 668 592 inermibus
703 554 746 592 et
774 547 1027 592 effeminatis
1057 553 1218 590 tantum
1247 548 1409 591 facinus
1440 546 1802 596 consociaturum;
1842 544 1953 597 dein,

171 631 396 682 postquam
436 623 686 680 urgebatur,
726 622 1007 667 consessionis
1045 622 1222 680 gloriam
1253 622 1485 680 amplexus.
1528 622 1898 678 interrogatusque
1929 633 1955 662 a

170 701 358 749 Nerone,
400 698 557 756 quibus
587 698 727 742 causis
756 697 811 742 ad
839 697 1098 741 oblivionem
1127 698 1380 741 sacramenti
1410 697 1711 754 processisset,
1751 694 1985 738 «oderama

170 781 240 818 te»
275 774 428 831 inquit,
464 787 576 818 «nec
605 774 834 831 quisquam
864 773 936 816 tibi
956 772 1124 816 fidelior
1142 772 1319 815 militum
1339 772 1435 823 fuit,
1467 773 1568 815 dum
1589 771 1722 816 amari
1742 769 1952 814 meruisti:

170 849 315 894 odisse
345 850 491 907 coepi,
527 856 755 906 postquam
783 847 995 906 parricida
1026 848 1171 890 matris
1201 854 1243 890 et
1271 847 1436 898 uxoris,
1478 847 1624 902 auriga
1662 852 1706 890 et
1735 845 1881 889 histrio
1912 851 1955 887 et

170 924 455 968 incendiarius
486 924 695 968 extitisti.»
729 924 824 981 ipsa
853 922 992 966 rettuli
1023 923 1173 972 verba,
1206 922 1307 980 quia
1337 936 1440 973 non,
1472 928 1518 965 ut
1547 922 1755 971 Senecae,
1787 919 1954 977 volgata

169 1006 314 1052 erant3
344 1013 425 1043 nec
454 1000 594 1042 minus
622 999 742 1042 nosci
768 998 951 1042 decebat
973 997 1162 1041 militaris
1182 997 1261 1039 viri
1282 1011 1436 1040 sensus
1457 997 1693 1055 incomptos
1714 1002 1756 1039 et
1774 994 1953 1038 validos.

169 1074 270 1118 nihil
300 1074 340 1117 in
373 1074 441 1118 illa
470 1074 761 1117 coniuratione
792 1073 964 1130 gravius
993 1072 1170 1116 auribus
1198 1072 1379 1116 Neronis
1409 1071 1618 1116 accidisse
1646 1071 1849 1122 constitit,
1881 1069 2004 1127 quito

168 1156 214 1193 ut
243 1149 448 1193 faciendis
479 1148 716 1192 sceleribus
746 1155 986 1206 promptus,
1019 1148 1076 1191 ita
1105 1146 1307 1191 audiendi
1331 1161 1443 1205 quae
1464 1147 1622 1191 faceret
1642 1146 1830 1190 insolens
1851 1151 1954 1188 erat.

167 1238 308 1282 poena
337 1224 451 1268 Flavi
473 1224 647 1268 Veianio
676 1224 804 1279 Nigro
833 1223 1002 1267 tribuno
1030 1222 1267 1266 mandatur.
1298 1223 1334 1265 is
1356 1223 1549 1280 proximo
1569 1222 1613 1265 in
1633 1235 1735 1279 agro
1756 1221 1956 1265 scrobem

168 1299 296 1343 effodi
337 1300 484 1349 iussit,
526 1312 655 1356 quam
684 1298 838 1342 Flavus
867 1306 913 1342 ut
940 1297 1145 1342 humilem
1174 1305 1216 1341 et
1245 1304 1467 1355 angustam
1496 1298 1740 1355 increpans,
1774 1297 1957 1340 circum-

169 1375 379 1418 stantibus
418 1374 638 1425 militibus,
683 1388 766 1418 «ne
802 1373 884 1418 hoc
913 1373 1118 1432 quidem»
1161 1373 1298 1431 inquit
1332 1387 1416 1416 «ex
1444 1372 1717 1430 disciplina».
1763 1371 1956 1415 admoni-

170 1457 326 1508 tusque
354 1450 516 1493 fortiter
545 1449 802 1507 protendere
824 1449 1048 1500 cervicem,

1085 1448 1292 1492 «utinam»
1326 1449 1384 1492 ait
1407 1455 1476 1491 «tu
1495 1454 1579 1491 tam
1599 1447 1761 1491 fortiter
1780 1445 1950 1489 feriasl»
1967 1458 2004 1488 ⁴5

167 1531 209 1569 et
239 1524 309 1568 ille
340 1524 517 1568 multum
545 1531 753 1574 tremens,
785 1538 884 1568 cum
903 1524 973 1567 vix
992 1523 1163 1567 duobus
1187 1523 1339 1568 ictibus
1361 1530 1489 1581 caput
1507 1522 1826 1581 amputavisset,
1859 1535 1956 1565 sae-

165 1600 311 1643 vitiam
354 1600 468 1657 apud
513 1601 726 1643 Neronem
769 1600 958 1650 iactavit,
1004 1598 1279 1657 sesquiplaga
1319 1598 1582 1643 interfectum
1613 1612 1638 1641 a
1667 1611 1715 1641 se
1756 1595 1953 1640 dicendo.

167 1676 250 1732 (68)
282 1675 523 1733 proximum
552 1675 813 1718 constantiae
844 1674 1084 1732 exemplum
1115 1674 1329 1732 Sulpicius
1358 1677 1495 1732 Asper
1523 1673 1716 1717 centurio
1746 1671 1953 1730 praebuit,

168 1750 463 1808 percunctanti
482 1750 657 1800 Neroni,
690 1763 767 1794 cur
786 1750 829 1793 in
851 1750 1030 1794 caedem
1052 1763 1172 1793 suam
1194 1750 1537 1807 conspiravisset,
1568 1748 1757 1792 breviter
1776 1760 1955 1804 respon-

167 1825 275 1869 dens
304 1839 389 1868 non
419 1824 540 1869 aliter
568 1832 629 1869 tot
658 1825 826 1882 flagitiis
856 1825 950 1869 eius
979 1825 1198 1869 subveniri
1228 1825 1434 1883 potuisse.
1466 1830 1554 1868 tum
1581 1824 1740 1867 iussam
1770 1834 2004 1881 poenamzo

227 1946 259 1978 7.
284 1946 358 1992 cqpi
380 1945 414 1978 M
440 1963 476 1968 —
508 1945 561 1977 40.
585 1945 686 1977 nichil
707 1945 742 1977 Μ
766 1962 801 1968 -
833 1946 886 1977 ⁴2.
907 1953 999 1991 pagna
1020 1945 1054 1978 M
1080 1962 1115 1968 -
1144 1945 1278 1977 ueianio
1301 1946 1353 1978 M:
1383 1946 1503 1977 Veiano
1525 1944 1592 1977 alii.
1627 1962 1663 1968 —
1694 1944 1747 1976 43.
1772 1953 1873 1984 quam
1897 1942 1955 1976 Pi-

162 2002 294 2035 chena:
320 2001 475 2043 quamuis
496 2001 549 2040 M;
575 2010 643 2042 qua
663 2002 738 2033 visa
759 2001 1039 2040 Freinshemius;
1065 2010 1168 2042 quam
1188 2001 1295 2034 visam
1309 2000 1524 2035 Waltherus.
1546 2019 1581 2024 -
1607 2001 1661 2033 20.
1682 2008 1805 2047 penam
1827 2001 1872 2033 M.

162 2120 201 2151 ut
223 2117 424 2160 exemplum
449 2118 606 2158 afferam,
626 2119 659 2158 2,
678 2118 737 2151 48:
763 2120 900 2159 Patulei,
925 2120 1036 2152 divitis

164 2169 284 2209 equitis
306 2169 465 2208 Romani,
490 2169 711 2201 hereditatem.
739 2169 789 2201 Cf.
809 2178 839 2203 c.
856 2170 910 2202 50.

207 2218 261 2251 67.
287 2218 476 2260 eorundem]
506 2220 565 2260 qui
589 2219 757 2251 Faenium
780 2219 905 2252 Rufum
929 2219 1034 2252 detu-

163 2267 288 2300 lerant.
317 2285 352 2290 —
378 2268 663 2310 consociaturum]
693 2277 742 2300 sc.
768 2268 887 2301 fuisse.
922 2268 973 2301 Cf.
998 2270 1031 2307 2,

162 2317 215 2350 34.
238 2316 292 2349 Ad
307 2317 459 2349 verbum
475 2319 665 2350 consociare
680 2319 724 2350 cs.
739 2319 812 2351 Cic.
827 2318 871 2351 de
889 2318 997 2351 Finib.
1013 2319 1033 2351 3

162 2366 182 2408 S
205 2367 266 2398 7⁴:
303 2375 362 2398 nec
388 2376 467 2399 vero
496 2371 623 2399 rectum
651 2371 697 2400 est
725 2377 803 2400 cum
832 2369 949 2401 amicis
975 2372 1035 2400 aut

162 2417 240 2448 bene
265 2417 391 2449 meritis
419 2418 609 2449 cmisociare
640 2421 701 2450 aut
721 2419 922 2460 coniunyere
944 2419 1035 2450 iniu-

161 2467 262 2498 riam.
284 2484 318 2489 -
337 2466 547 2508 sacramenti]
573 2468 648 2499 Non
671 2471 804 2500 temere
821 2469 1035 2501 sacramenti

163 2517 315 2552 mentio;
338 2524 419 2548 nam
438 2515 565 2548 milites
582 2517 648 2548 sub
666 2517 938 2558 imperatoribus
953 2520 1034 2550 ante

164 2566 282 2598 omnia
299 2564 464 2597 iurabant
480 2566 513 2597 in
532 2566 696 2608 principis
709 2566 871 2599 salutem.
895 2568 1032 2599 Ari-ian

164 2616 273 2657 Epict.
301 2617 332 2652 4,
359 2615 413 2654 44,
437 2616 499 2648 45;
527 2613 657 2660 Τούτω
679 2617 732 2660 τώ·
755 2616 831 2661 θεῷ
856 2616 920 2661 (τῷ
944 2615 1034 2651 ἑκά-

164 2675 259 2698 στου
282 2664 451 2708 batnon)
479 2661 554 2698 ἴδει
575 2667 641 2698 καὶ
665 2662 766 2710 ὑμᾶς
789 2664 946 2710 ὀμνύειν
969 2663 1035 2714 ὅρ-

163 2727 246 2755 κον,
271 2713 356 2748 οἷον
379 2717 422 2748 οἱ
436 2716 663 2762 στρατιῶται
678 2717 728 2761 τῷ
743 2718 920 2764 Καίσαρι.
942 2716 1032 2751 Ἀλλ’

163 2765 304 2799 ἐκεῖνοι
318 2766 391 2808 μὲν
406 2763 476 2808 τὴν
491 2767 757 2813 μισθοφορίαν
773 2766 1034 2811 λαμβάνοντες

164 2811 358 2859 ὀμνύουσι
391 2814 544 2849 πάντων
578 2816 828 2864 προτιμήσειε)
862 2816 933 2861 τὴν
964 2818 1033 2852 τοῦ

162 2866 359 2912 Καίσαρος
381 2868 585 2909 σωτηρίαν.
611 2869 754 2900 Sueton.
773 2867 879 2909 Calig.
899 2870 958 2901 ⁴5:
984 2870 1034 2901 De

161 2916 330 2949 sororibus
351 2921 469 2948 auctor
489 2918 572 2957 suit,
596 2921 633 2948 ut
653 2918 803 2950 omnibus
817 2920 1035 2951 sacramentis

163 2966 369 2998 adiceretur.-
391 2967 504 3006 Neque
518 2976 570 2999 me
589 2967 771 3006 liberosque
785 2977 872 3000 meos
888 2969 1035 3001 cariores

163 3017 284 3048 habebo
307 3026 410 3056 quam
433 3017 556 3049 Gaium
578 3021 608 3050 et
630 3027 760 3050 sorores
782 3019 861 3051 eius.
887 3020 972 3050 Lirs.
995 3037 1029 3043 --

163 3068 298 3099 oderam
321 3070 351 3098 te
373 3066 455 3108 cet]
487 3068 581 3100 Haec
603 3068 648 3099 ita
673 3068 776 3100 effert
798 3069 862 3101 Dio
885 3069 944 3108 62,
969 3068 1029 3101 24:

163 3116 238 3150 Koa
262 3114 430 3158 ἐφίλησά
452 3126 497 3148 σε
519 3114 663 3158 παντὸς
683 3116 785 3159 μᾶλ)
787 3127 844 3156 ον,
869 3118 933 3150 καὶ
949 3117 1033 3160 εμὶ-

165 3177 280 3210 σησα.
313 3165 481 3209 ἐφίλησα
508 3166 580 3208 μὲν
609 3166 767 3208 ἐλπίσας
790 3164 940 3211 αγαθὸν
963 3164 1033 3201 αὖ-

163 3226 378 3263 τοκρατορα
408 3212 588 3249 εσεσ9αι·
619 3216 790 3260 ἐμίσησα
811 3216 872 3256 δέ,
903 3214 963 3250 ὅτι
985 3210 1033 3250 τὰ

165 3268 231 3299 καὶ
253 3264 325 3299 τὰ
315 3270 457 3308 ποιεῖς·
484 3263 573 3300 οὔτε
587 3265 660 3313 γὰρ
675 3264 927 3315 αρματηλάτῃ
945 3264 1034 3301 οὔτε

165 3315 364 3363 κιθαρῳδῷ
378 3314 571 3350 δουλεύειν
587 3314 764 3359 δύναμαι.
788 3336 818 3341 -
839 3319 1032 3360 incomptos]

167 3368 240 3400 Liv.
263 3366 303 3407 4,
327 3367 384 3400 4⁴:
421 3368 586 3400 Adversus
616 3368 696 3399 haec
729 3368 896 3408 Tempanii
926 3369 1034 3400 oratio

165 3417 332 3459 incompta
361 3417 463 3459 fuisse
495 3418 634 3458 dicitur,
669 3420 813 3450 ceterum
844 3418 1035 3450 militariter

1082 2120 1210 2162 gravis.
1238 2138 1273 2143 —
1307 2119 1455 2161 tribuno]
1484 2118 1628 2151 Tribuni
1657 2127 1741 2160 ergo
1775 2118 1952 2150 interdum

1084 2169 1295 2213 supplicium
1330 2171 1394 2212 ipsi
1429 2179 1536 2202 manu
1567 2178 1630 2202 sua
1658 2168 1867 2206 sumebant,
1904 2169 1952 2200 uti

1084 2229 1191 2261 supra
1220 2229 1251 2252 c.
1277 2220 1319 2252 60
1350 2221 1541 2252 Lateranus
1570 2228 1674 2251 manu
1703 2220 1803 2251 Statii
1828 2218 1953 2250 tribuni

1083 2271 1286 2310 trucidatur,
1311 2271 1367 2302 cui
1391 2271 1496 2312 caput
1519 2269 1697 2302 abscisum
1721 2278 1800 2302 esse
1824 2278 1867 2301 ex
1887 2270 1953 2301 Ar-

1083 2321 1181 2352 riano
1215 2320 1415 2352 didicimus.
1451 2320 1493 2352 Et
1516 2320 1574 2359 44,
1607 2319 1648 2351 38
1680 2318 1863 2352 Messalina
1886 2319 1954 2350 ictu

1083 2370 1207 2402 tribuni
1244 2371 1465 2411 transfigitur.
1504 2369 1608 2411 Apud
1640 2370 1812 2401 Senecam
1847 2369 1953 2401 etiam

1084 2422 1253 2462 scriptum
1289 2421 1352 2462 Ep.
1378 2420 1417 2452 4:
1434 2420 1489 2453 *0.
1520 2420 1645 2452 Caesar
1676 2420 1770 2451 iussit
1797 2419 1955 2459 Lepidum

1083 2471 1184 2502 Decio
1208 2470 1339 2502 tribuno
1351 2469 1511 2510 praebere
1526 2470 1695 2501 cervicem.
1720 2469 1836 2501 Notari
1855 2467 1951 2504 volo;

1084 2529 1165 2552 nam
1189 2519 1274 2553 alias
1297 2519 1539 2562 speculatores
1563 2519 1636 2551 fere
1653 2518 1697 2550 ad
1714 2518 1881 2559 supplicia
1898 2527 1954 2550 su-

1084 2569 1214 2602 menda
1238 2569 1419 2607 destinati,
1445 2578 1514 2601 nou
1532 2570 1684 2610 insignes
1701 2567 1840 2601 milites.
1866 2568 1952 2599 Lirs.

1089 2638 1122 2643 —
1147 2620 1309 2660 scrobem]
1341 2621 1375 2652 iu
1407 2628 1515 2661 quam
1546 2619 1701 2651 cadaver
1724 2618 1953 2653 abiiceretur;

1083 2669 1142 2701 hic
1157 2670 1231 2711 ipse
1248 2669 1437 2711 adspectus
1454 2669 1650 2701 destinatus
1668 2670 1744 2701 erat
1760 2668 1804 2700 ad
1820 2676 1956 2707 augen-

1084 2718 1169 2751 dum
1193 2718 1353 2761 supplicii
1377 2721 1572 2756 terrorem;
1605 2721 1640 2751 at
1663 2718 1828 2751 Subrium
1852 2717 1955 2749 mini-

1086 2778 1142 2801 me
1174 2770 1367 2801 commovit
1405 2786 1440 2791 —-
1478 2772 1546 2800 tam
1567 2768 1708 2810 fortiter]
1737 2776 1864 2809 «quam
1888 2775 1954 2807 ego

1083 2820 1220 2852 fortiter
1240 2821 1417 2852 cervicem
1441 2820 1690 2862 protendero.»
1705 2838 1741 2843 —
1767 2820 1955 2861 sesquipla-

1082 2869 1138 2911 ga]
1162 2870 1232 2902 ictu
1256 2878 1327 2902 uuo
1351 2872 1387 2902 et
1409 2870 1573 2905 dimidio:
1605 2879 1648 2902 ex
1671 2872 1861 2912 praecepto
1886 2870 1954 2902 Ca-

1082 2918 1219 2960 ligulae.
1256 2920 1399 2951 Sueton.
1429 2918 1538 2960 Calig.
1563 2919 1624 2952 3οτ
1661 2920 1735 2951 Νοη
1768 2923 1887 2951 temere
1918 2919 1955 2950 in

1083 2981 1281 3012 quemquam
1302 2973 1366 3004 πίει·
1388 2972 1512 3005 crebris
1533 2976 1564 3004 et
1585 2973 1721 3004 minutis
1743 2972 1860 3004 ictibus
1882 2971 1955 3002 am·-

1082 3023 1247 3054 madverti
1278 3031 1398 3063 passus
1431 3026 1495 3063 est,
1524 3028 1685 3063 perpetuo
1713 3026 1853 3062 notoque
1884 3021 1954 3053 iam

1078 3075 1280 3112 praecepto.-
1304 3073 1356 3104 Ita
1376 3073 1458 3114 feri,
1483 3076 1520 3104 ut
1542 3082 1575 3105 se
1596 3073 1683 3104 mori
1705 3072 1835 3104 sentiat.

1126 3121 1180 3153 68.
1204 3130 1271 3154 non
1293 3122 1392 3154 aliter
1407 3140 1426 3146 -
1437 3140 1455 3146 -
1471 3122 1638 3155 subveniri
1651 3121 1807 3162 potuisse]
1831 3121 1955 3152 Sueto-

1083 3171 1162 3203 nius
1184 3172 1266 3204 Ner.
1285 3172 1346 3204 36:
1377 3172 1551 3205 Coniurati
1573 3181 1590 3204 e
1612 3172 1752 3203 vinculis
1773 3170 1955 3211 triplicium

1083 3224 1279 3253 catenarum
1300 3222 1416 3254 dixere
1438 3231 1593 3259 causam,
1618 3230 1694 3252 cum
1714 3221 1849 3260 quidam
1865 3220 1954 3252 ultro

1082 3270 1208 3302 crimen
1228 3270 1425 3311 faterentur,
1450 3271 1600 3302 nonnulli
1622 3272 1722 3302 ettam
1738 3271 1952 3310 imputarent,

1083 3323 1257 3360 tamquam
1290 3321 1390 3353 aliter
1418 3321 1466 3353 illi
1496 3330 1562 3352 non
1591 3322 1725 3360 possent
1751 3321 1816 3351 nisi
1849 3323 1954 3351 morte

1083 3377 1296 3410 succurrere,
1321 3371 1515 3402 dedecorato
1535 3370 1674 3411 flagitiis
1696 3369 1855 3402 omnibus.
1888 3370 1952 3402 Dio

1084 3418 1144 3459 62,
1168 3418 1210 3452 24
1241 3421 1278 3452 et
1307 3419 1484 3461 aliquanto
1514 3418 1651 3461 plenius
1682 3418 1739 3452 ed.
1764 3420 1863 3451 Sturz
1893 3419 1949 3458 IX,
