2254 3770
304 256 389 308 382

794 258 840 301 P.
871 257 1121 308 CORNELII
1150 258 1321 303 TACITI
1350 258 1619 309 ANNALIUM

414 364 499 421 (58)
530 365 580 409 D.
612 364 732 407 Iunio
764 363 813 416 Q.
834 363 1007 411 Haterio
1037 363 1285 409 consulibus
1314 364 1506 414 sedecim
1533 379 1668 411 annos
1689 373 1812 416 natus
1831 368 1944 417 Nero
1965 351 2094 419 Octa-

300 439 429 491 viam,
465 439 661 484 Caesaris
691 438 840 490 filiam,
873 439 914 483 in
934 439 1248 484 matrimonium
1279 441 1458 498 accepit.
1489 447 1624 500 utque
1654 441 1806 490 studiis
1837 442 2026 491 honestis
2056 451 2094 489 et

301 514 571 573 eloquentiae
601 513 735 572 gloria
766 514 1042 566 enitesceret,
1073 529 1206 565 causa
1236 514 1453 559 Iliensium
1483 523 1685 576 suscepta
1715 518 1951 565 Romanum
1971 519 2094 568 Troia

300 590 536 639 demissum
566 596 608 634 et
636 589 768 634 Iuliae
798 590 942 648 stirpis
973 597 1190 635 auctorem
1213 593 1399 635 Aeneam
1422 591 1591 650 aliaque
1621 592 1733 639 haud
1766 593 1915 653 procul
1940 593 2093 644 fabulis

267 672 443 712 §vetera
474 664 655 709 facunde
687 671 912 718 executus,
945 672 1164 724 perpetrat
1193 671 1239 709 ut
1270 665 1447 710 Ilienses
1469 667 1582 710 omni
1614 667 1786 726 publico
1807 682 1986 713 munere
2008 669 2095 718 sol,-

299 747 512 787 verentur.
560 740 716 785 eodem
755 746 925 784 oratore
963 741 1222 784 Bononiensi
1259 740 1452 787 coloniae
1496 742 1581 799 igni
1620 742 1796 790 haustae
1837 743 2094 794 subventum

300 817 460 866 centies
491 816 674 864 sestertii
704 815 947 874 largitione;
979 816 1172 861 redditur
1204 815 1379 861 Rhodiis
1410 816 1597 870 libertas,
1629 817 1831 878 adempta
1859 833 1992 877 saepe
2021 827 2094 869 aut

299 891 480 942 firmata,
511 899 638 949 prout
665 891 790 942 ,hellis
821 892 1007 936 externis
1038 898 1285 936 meruerant
1315 898 1388 936 aut
1418 892 1533 939 domi
1564 893 1775 939 seditione
1805 893 2091 954 deliquerant3

298 967 588 1027 tributumque
627 967 938 1025 Apamensibus
978 974 1117 1021 terrae
1156 974 1275 1011 motu
1318 967 1532 1013 convolsis
1573 969 1614 1018 in
1647 969 1992 1028 'quinquennium
2021 984 2092 1022 re-

249 1056 285 1094 in
299 1044 489 1091 missum.

412 1119 492 1176 (59)
525 1121 574 1163 At
603 1117 806 1164 Claudius
842 1118 1092 1166 saevissima
1125 1132 1326 1178 quaeque
1365 1133 1564 1177 promere
1603 1119 1853 1177 adigebatur
1892 1120 2090 1170 eiusdem

297 1194 554 1253 Agrippinae
583 1194 757 1245 artibus,
791 1207 903 1252 quae
925 1193 1135 1241 Statilium
1156 1195 1359 1245 Taurum,
1391 1194 1546 1252 opibus
1574 1194 1810 1247 inlustrem,
1842 1195 1973 1242 hortis
1993 1195 2088 1243 eius

297 1270 463 1318 inhians
503 1269 707 1330 pervertit
746 1275 974 1313 accusante
1016 1269 1232 1327 Tarquitio
1271 1269 1432 1314 Prisco.
1485 1269 1647 1328 legatus
1687 1270 1724 1314 is
1755 1271 1877 1318 Tauri
1907 1271 2087 1321 Africam

296 1346 476 1405 imperio
497 1343 792 1404 proconsulari
815 1344 1018 1403 regentis,
1051 1351 1280 1404 postquam
1300 1352 1565 1395 revenerant‚
1595 1359 1732 1403 pauca
1753 1347 2087 1404 repetundarum

245 1435 281 1465 45
297 1422 492 1474 crimina,
536 1427 727 1471 ceterum
759 1420 944 1478 magicas
976 1420 1301 1478 superstitiones
1332 1420 1585 1470 obiectabat.
1616 1435 1697 1471 nec
1726 1421 1795 1466 ille
1826 1421 1984 1471 diutius
2012 1421 2087 1471 fal-
2116 1470 2124 1473 ,

296 1512 390 1542 sum
422 1503 733 1548 accusatorem,
766 1496 960 1553 indignas
991 1495 1144 1540 sordes
1174 1509 1426 1554 perpessus,
1459 1496 1542 1540 vim
1563 1497 1674 1541 vitae
1706 1511 1811 1542 suae
1833 1497 1969 1541 attulit
1988 1499 2085 1542 ante

296 1573 550 1619 sententiam
581 1578 768 1616 senatus.
800 1571 1040 1629 Tarquitius
1067 1578 1213 1615 tamen
1233 1572 1351 1616 curia
1371 1578 1545 1617 exactus
1567 1578 1650 1626 est;
1682 1572 1798 1631 quod
1818 1580 1962 1632 patres
1983 1572 2083 1617 odio

296 1648 497 1696 delatoris
527 1654 674 1693 contra
704 1646 908 1691 ambitum
937 1646 1195 1705 Agrippinae
1224 1647 1462 1705 pervicere.

359 1746 391 1779 4.
415 1745 551 1779 Haterio
575 1744 730 1786 Lipsius:
765 1743 894 1776 auterio
925 1743 959 1776 M
985 1760 1021 1766 —
1053 1743 1190 1781 consuli.
1215 1752 1268 1785 pr.
1294 1743 1327 1776 M
1351 1742 1522 1785 <consulib;
1546 1752 1637 1776 corr.
1663 1743 1715 1784 M,
1740 1743 1818 1777 sort.
1843 1743 1889 1777 ab
1914 1743 1994 1778 ead.
2018 1745 2080 1788 m.)

295 1819 331 1827 —-
356 1803 388 1835 2.
413 1805 444 1835 et
465 1801 668 1843 eloquentiae
692 1802 735 1833 G:
762 1800 965 1842 eloquentiae
987 1801 1039 1841 M3
1064 1801 1330 1842 eloquentiaeque
1353 1801 1517 1834 Ritterus.
1551 1818 1581 1824 -—
1608 1800 1638 1833 3.
1663 1801 1769 1846 glorie
1789 1801 1962 1835 nitesceret
1983 1803 2016 1836 M
2040 1819 2076 1825 —

291 1859 323 1892 5.
347 1861 460 1891 vetera
481 1858 687 1891 Rhenanus:
712 1866 797 1890 uera
819 1857 870 1896 M;
897 1856 1031 1899 [vetera]
1055 1857 1182 1891 Haase.
1207 1874 1238 1880 —
1266 1857 1298 1890 6.
1315 1856 1459 1890 boniensi
1476 1865 1530 1899 pr.
1548 1857 1582 1891 M
1606 1874 1642 1879 —
1668 1857 1701 1890 7.
1717 1857 1821 1890 radiis
1835 1858 1870 1892 M
1887 1876 1923 1882 —
1941 1857 1974 1891 9.
1991 1861 2080 1892 terre

290 1916 324 1950 M
348 1932 385 1941 -·
411 1916 464 1948 44.
487 1914 660 1948 seuissima
682 1915 716 1948 M
747 1930 782 1940 --
815 1915 868 1948 45.
892 1918 1037 1961 cetorum
1059 1915 1092 1949 Μ
1124 1932 1160 1938 -
1191 1914 1245 1948 46.
1268 1914 1426 1956 indignas
1445 1914 1558 1948 sordes
1578 1913 1704 1948 Iacob:
1735 1914 1877 1957 indicna
1897 1918 2002 1950 sortes
2021 1915 2078 1955 Μς

288 1971 428 2014 indigna
449 1972 549 2004 sortis
570 1970 854 2013 Bezzenberger;
886 1971 1043 2014 indignas
1064 1974 1153 2004 artes
1174 1972 1213 2005 R.
1238 1970 1408 2013 Seyffert;
1438 1971 1657 2013 indignusque
1678 1971 1791 2004 sordes
1814 1971 1989 2010 Heinsius.

331 2053 386 2088 58.
409 2054 453 2087 D.
478 2053 573 2087 Iunio
597 2054 635 2094 Q.
660 2052 807 2096 Haterio]
841 2054 892 2086 De
916 2053 957 2087 D.
983 2053 1081 2086 Iunio
1104 2053 1159 2086 Si.-

288 2103 368 2137 lano
392 2103 436 2137 cf.
463 2104 516 2144 45,
541 2103 594 2138 35.
621 2103 665 2136 de
691 2103 731 2143 Q.
749 2103 890 2136 Haterio
910 2103 1086 2139 Antonino
1103 2102 1156 2144 43,

288 2154 342 2191 34.
364 2172 400 2178 —-
426 2153 623 2198 enitesceret]
649 2152 762 2187 clarus
785 2153 905 2194 fieret;
932 2153 975 2187 cf.
995 2154 1049 2194 44,
1066 2154 1098 2186 7.
1118 2171 1154 2177 —

287 2214 391 2240 causa
411 2205 578 2239 Iliensium
606 2204 774 2247 suscepta]
809 2204 863 2238 Ad
891 2203 998 2238 aliurn
1025 2213 1157 2238 annum

288 2256 404 2290 minus
433 2256 530 2288 recte
554 2255 644 2288 haec
667 2254 776 2294 refert
799 2255 985 2290 Suetonius
1008 2255 1089 2287 Ner.
1115 2254 1154 2287 7:

286 2306 383 2348 Apud
410 2306 547 2339 eundem
578 2305 733 2347 (patrem
758 2303 958 2344 Claudium)
992 2304 1157 2337 consulem

288 2356 477 2398 (quintum,
503 2364 534 2388 a.
559 2364 594 2388 u.
620 2354 694 2396 804)
722 2363 787 2396 pro
808 2353 1066 2387 Bononiensibus
1086 2355 1157 2387 La-

287 2407 352 2439 tine
386 2409 418 2439 et
446 2414 510 2447 pro
540 2405 670 2438 Rhodiis
699 2409 799 2446 atque
830 2404 1000 2438 Iliensibus
1030 2405 1157 2438 Graece

285 2456 387 2490 verba
414 2456 503 2498 fecit.
539 2473 575 2478 —
612 2455 798 2488 Romanum
834 2455 935 2488 Troia
964 2454 1153 2497 demissum]

286 2507 347 2541 Est
370 2505 509 2539 dicendi
533 2505 660 2538 modus
676 2504 894 2547 Vergilianus
918 2507 1003 2537 Aen.
1023 2506 1055 2547 4,
1071 2505 1151 2538 288:

285 2556 409 2596 Iulius,
442 2565 464 2588 a
491 2563 615 2597 maqno
645 2555 819 2588 demissum
840 2563 957 2587 nomen
979 2555 1062 2587 Iulo.
1100 2554 1151 2587 Cf.

286 2605 414 2648 Vergil.
441 2607 565 2647 Georg.
592 2605 631 2646 3,
657 2606 709 2639 35.
741 2605 859 2638 Horat.
886 2606 956 2638 Sat.
981 2606 1014 2644 2,
1039 2606 1071 2646 5,
1098 2605 1139 2638 63

289 2675 325 2680 —
337 2659 511 2698 perpetrat
524 2658 562 2688 ut
575 2656 705 2688 Ilienses
717 2673 736 2679 -
744 2673 763 2679 -
774 2655 989 2699 solverentur]
1006 2656 1150 2688 Sueton.

287 2705 407 2740 Claud.
433 2706 492 2739 25:
527 2704 698 2738 Iliensibus
726 2705 824 2747 quasi
853 2706 1021 2738 Romanae
1049 2706 1154 2747 gentis

287 2755 479 2791 auctoribus
493 2754 618 2788 tributa
633 2755 667 2786 in
684 2758 879 2796 perpetuum
893 2754 1020 2787 remisit
1036 2753 1152 2796 (Clau-

285 2807 376 2850 dius)
399 2806 541 2842 recitata
566 2805 597 2847 (a
621 2806 779 2847 Nerone,
804 2806 843 2838 ut
864 2804 1014 2845 videtur)
1044 2807 1153 2838 vetere

285 2857 421 2901 epistola
454 2856 585 2888 Graeca
617 2857 749 2888 senatus
783 2855 965 2903 populique
996 2855 1151 2895 Romani,

285 2907 418 2941 Seleuco
445 2906 518 2949 νοω·
549 2905 733 2938 amicitiam
763 2907 795 2938 et
815 2905 1001 2938 societatem
1022 2904 1072 2937 ita
1094 2905 1151 2938 de-

283 2965 375 2995 mum
392 2955 592 2998 pollicentis,
617 2955 645 2986 si
659 2955 921 2996 consanguineos
934 2962 1011 2987 suos
1023 2954 1154 2987 Ilienses

285 3005 327 3039 ab
349 3006 439 3040 omni
459 3013 557 3038 onere
578 3004 739 3036 immunes
755 3004 983 3045 praestitisset.
1016 3003 1148 3045 Digest.

283 3057 338 3097 27,
364 3057 394 3096 i,
412 3056 469 3089 474
498 3054 518 3098 5
534 3055 548 3088 4
565 3063 572 3086 :
596 3053 764 3087 Iliensibus
786 3057 816 3086 et
836 3057 972 3096 propter
991 3053 1152 3094 inclytam

283 3106 487 3146 nobilitatem
515 3103 658 3140 civitatis
679 3106 709 3136 et
730 3107 869 3144 propter
889 3104 1150 3137 coniunctionem

284 3155 423 3198 originis
452 3155 620 3188 Romanae
650 3154 721 3190 iam
750 3152 933 3193 antiquitus
963 3156 994 3186 et
1018 3155 1151 3189 senatus

284 3205 439 3242 conmittis
460 3206 491 3237 et
512 3201 794 3237 constitutionibus
811 3202 1002 3243 principum
1022 3202 1149 3243 plenis-

283 3256 370 3288 sima
390 3254 583 3287 inmunitas
604 3251 731 3286 tributa
752 3254 818 3292 est,
848 3254 885 3284 ut
907 3252 1007 3284 etiam
1029 3251 1149 3284 tutelae

283 3305 529 3341 eoecusationem
549 3301 709 3342 habeant,
733 3301 854 3335 seilicet
868 3308 983 3333 eorum
999 3300 1148 3342 pupillo-

283 3363 379 3395 rum,
404 3354 462 3396 qui
482 3354 615 3386 Ilienses
634 3361 701 3385 non
723 3351 808 3390 sint‚·
834 3350 933 3392 idque
955 3350 1050 3382 divus
1070 3351 1148 3383 Pius

283 3402 503 3444 rosor-ipius-
516 3402 667 3436 redditur
680 3397 812 3440 Rhodiis
821 3398 967 3443 libertas]
980 3398 1146 3442 adempta

1208 2061 1323 2095 nuper
1345 2051 1390 2086 ab
1413 2052 1491 2095 ipso
1515 2050 1660 2090 Claudio
1682 2053 1829 2096 propter
1852 2053 1947 2087 cives
1973 2060 2079 2095 quos*

1209 2102 1291 2141 dam
1325 2103 1500 2136 Romanos
1529 2102 1565 2136 in
1596 2111 1742 2136 crucem
1764 2105 1880 2144 actos,
1917 2104 1957 2140 ut
1979 2103 2079 2143 notat

1208 2153 1271 2186 Dio
1295 2153 1356 2193 60,
1380 2152 1434 2191 24.
1470 2152 1539 2185 Sed
1572 2153 1732 2185 restituta
1768 2154 1892 2189 orante
1921 2153 2074 2198 Nerone,

1208 2203 1309 2236 cuius
1331 2203 1458 2235 honori
1483 2202 1559 2235 iure
1584 2202 1801 2245 epigramma
1824 2201 1909 2236 illud
1931 2202 2074 2244 adsero,

1207 2252 1304 2294 quod
1338 2252 1479 2286 nomine
1507 2250 1671 2295 Antiphili
1702 2251 1828 2294 legitur
1856 2252 1971 2296 primo
2000 2254 2076 2293 An-

1206 2302 1380 2344 thologiae
1404 2302 1459 2344 εἰς
1480 2298 1626 2345 νήσους
1649 2300 1798 2343 (Anthol.
1822 2301 1929 2339 palat.
1947 2303 1981 2343 2,
2000 2302 2074 2346 60):

1201 2349 1268 2395 Ὡς
1290 2350 1412 2400 πάρος
1429 2348 1570 2387 Ἀελίου
1582 2379 1590 2395 ,
1609 2350 1678 2386 νῦν
1692 2352 1890 2400 Καίσαρος
1903 2349 1931 2387 ἅ
1945 2348 2075 2400 Ῥόδος

1205 2404 1282 2447 εἰμὶ
1306 2401 1455 2445 Νᾶσος,
1481 2401 1568 2437 ἴσον
1583 2402 1614 2437 δ’
1631 2399 1741 2444 αὐχῶ
1758 2404 1901 2448 φέγγος
1915 2399 1981 2437 ἀπ’
1997 2399 2074 2448 ἀμ-

1204 2455 1389 2500 φοτέρων.
1409 2449 1506 2498 οΉόη
1530 2453 1792 2497 σβεννυμέναν
1813 2463 1864 2498 με
1878 2454 1947 2498 νέα
1961 2464 2074 2489 κατε-

1204 2501 1372 2545 φώτισεν
1394 2500 1521 2546 ἀκτίς,
1539 2499 1655 2545 Hice,
1680 2503 1746 2538 καὶ
1768 2500 1871 2552 παρὰ
1890 2500 1963 2539 σὸν
1978 2505 2074 2549 φέγ-

1203 2563 1271 2597 γος
1292 2549 1447 2597 ἔλαμψε
1468 2554 1609 2601 Νέρων.
1633 2551 1723 2595 Πῶς
1740 2551 1855 2593 ernon
1878 2554 1951 2588 τίνι
1970 2552 2073 2596 μᾶλ-

1203 2602 1271 2636 λον
1293 2600 1523 2646 &westonam
1555 2599 1599 2644 ἒς
1620 2602 1693 2646 μὲν
1715 2597 1854 2645 ἔδειξεν
1873 2599 1935 2645 Ἐξ
1956 2599 2069 2645 ἁλός·

1204 2649 1247 2694 ὃς
1269 2650 1300 2685 δ’
1324 2649 1398 2696 ἤδη
1415 2649 1562 2699 ῥύσατο
1577 2651 1778 2696 δυομέναν.
1798 2653 1884 2685 Lus.
1912 2653 1964 2686 Cf.
1982 2654 2072 2689 Sue-

1202 2705 1273 2736 ton.
1300 2702 1420 2736 Claud.
1447 2704 1510 2736 25:
1544 2704 1675 2736 Rhodiis
1696 2703 1735 2735 ob
1752 2702 1993 2744 paenitentiam
2013 2711 2072 2742 ve·

1202 2755 1308 2785 ter-um
1348 2753 1541 2785 delictorum
1573 2753 1715 2786 reddidit
1749 2750 1997 2795 (libertatem).
2030 2770 2067 2776 —

1200 2802 1446 2844 Apamensibus]
1463 2802 1609 2835 Videtur
1621 2803 1776 2845 Apamea
1789 2799 1944 2842 Cibotos,
1961 2800 2071 2843 Phry—

1202 2854 1278 2893 giae
1308 2853 1429 2886 civitas
1459 2852 1503 2885 ad
1527 2851 1774 2891 Maeandrum,
1806 2851 1862 2884 cui
1892 2851 1962 2884 iam
1985 2849 2068 2888 olim

1201 2902 1418 2937 Mithridates
1446 2904 1561 2936 terrae
1594 2902 1747 2935 motibus
1771 2903 1959 2944 quassatae
1982 2910 2069 2936 cen-

1202 2955 1276 2986 tum
1310 2951 1438 2986 talenta
1467 2953 1513 2986 ad
1543 2953 1800 2986 restitutionem
1831 2952 1990 2991 dederat.
2025 2951 2068 2985 Et

1202 3004 1278 3035 erat
1299 3003 1529 3046 praecipuum
1552 3005 1633 3045 post
1647 3003 1827 3046 Ephesum
1842 3003 1948 3036 totius
1962 3002 2065 3038 Asiae

1201 3053 1411 3095 emporium.
1426 3052 1477 3086 Cf.
1494 3051 1662 3094 Forbiger
1673 3052 1878 3095 Geoqrapliie
1889 3053 1932 3093 11,
1942 3061 1975 3096 p.
1986 3051 2061 3086 346.

1242 3103 1296 3135 59.
1325 3103 1367 3136 At
1398 3102 1555 3136 Claudius
1577 3102 1659 3144 cet.]
1694 3103 1925 3145 opponuntur
1956 3109 2063 3135 saeva

1200 3151 1334 3185 Claudii
1357 3151 1509 3186 facinora
1533 3152 1677 3186 mitibus
1700 3154 1737 3185 et
1757 3150 1968 3188 salutaribus
1990 3152 2063 3185 Ne-

1198 3202 1293 3235 ronis
1317 3202 1422 3235 modo
1446 3202 1614 3241 narratis3
1639 3210 1746 3236 causa
1769 3202 1925 3245 utrisque
1940 3200 2063 3244 Agrip-

1197 3252 1297 3294 pina,
1323 3260 1415 3294 quae
1439 3250 1547 3284 filium
1571 3260 1674 3285 suum
1696 3249 1859 3284 illustrari
1873 3248 1982 3284 voluit
1996 3259 2060 3284 eo—

1197 3309 1267 3343 que
1301 3299 1503 3334 favorabilia
1532 3300 1614 3334 huic
1642 3299 1831 3342 delegavit,
1865 3307 1972 3332 saeva
1994 3307 2060 3343 per

1198 3349 1381 3384 Claudium
1411 3350 1645 3394 perpetravit,
1679 3357 1787 3392 quem
1816 3347 1897 3382 odio
1928 3349 2057 3389 civium

1195 3407 1392 3442 exponere,
1417 3396 1505 3435 ‘mox
1532 3398 1654 3439 tollere
1677 3398 1897 3435 decreverat.
1921 3399 2055 3434 mnu.
