2254 3770
279 282 362 326 ’164
752 286 797 328 Ρ.
829 284 1078 329 CORNELII
1107 284 1277 328 TACITI
1305 285 1573 331 ANNALIUM

280 390 496 447 Augustus
532 397 630 448 post
667 390 793 434 Iulias
832 391 1075 449 rogationes
1111 391 1335 436 incitandis
1366 391 1578 436 caelibum
1613 393 1766 451 poenis
1796 399 1840 437 et
1873 393 2069 451 augendo

281 466 449 510 aerario
469 472 687 519 sanxerat;
717 480 799 510 nec
819 466 918 511 ideo
939 467 1137 525 coniugia
1157 473 1198 510 et
1218 466 1496 512 educationes
1527 467 1711 512 liberum
1739 468 2071 527 frequentaban-

279 547 348 585 tur
377 541 623 600 praevalida
652 542 845 586 orbitate.
884 549 1075 587 ceterum
1104 541 1329 586 multitudo
1358 542 1687 601 periclitantium
1716 543 1938 601 gliscebat,
1971 558 2069 588 cum

280 617 418 661 omnis
448 617 600 661 domus
631 617 870 662 delatorum
899 618 1320 676 interpretationibus
1351 617 1686 671 subverteretur,
1727 626 1860 678 utque
1889 618 2070 664 antehac

248 691 467 750 aflagitiis,
511 694 569 737 ita
604 699 706 738 tunc
741 692 909 751 legibus
945 692 1230 737 laborabatur.
1263 706 1315 737 ea
1351 707 1421 737 res
1459 693 1661 739 admonet
1689 701 1735 738 ut
1763 694 1819 739 de
1848 695 2069 754 principiis

278 768 400 821 iuris,
443 774 485 813 et
519 768 676 826 quibus
716 768 856 813 modis
895 768 949 813 ad
987 768 1099 813 hanc
1137 768 1449 813 multitudinem
1486 769 1690 815 infinitam
1728 784 1780 815 ao
1819 771 2068 815 varietatem

278 843 421 902 legum
449 850 703 903 perventum
734 845 798 897 sit,
831 844 954 888 altius
985 844 1207 888 disseram.

393 920 474 977 (26)
504 920 787 965 Vetustissimi
816 919 1068 970 mortalium,
1100 919 1215 963 nulla
1242 919 1383 964 adhuc
1413 919 1523 964 mala
1550 919 1739 973 libidine,
1771 920 1863 965 sine
1893 920 2066 979 probro,

279 994 461 1048 scelere,
503 1009 644 1054 eoque
680 995 773 1040 sine
806 1010 946 1054 poena
983 1003 1054 1039 aut
1084 995 1414 1040 coercitionibus
1453 995 1647 1054 agebant.
1688 1010 1830 1054 neque
1866 997 2068 1055 praemiis

229 1083 266 1114 4ο
279 1084 389 1129 opus
419 1077 521 1124 erat,
555 1085 653 1115 cum
690 1071 869 1115 honesta
908 1079 1059 1130 suopte
1099 1071 1267 1130 ingenio
1304 1077 1570 1129 peterentur;
1614 1078 1657 1116 et
1685 1072 1758 1116 ubi
1789 1071 1892 1115 nihil
1921 1079 2070 1117 contra

278 1160 443 1191 morem
472 1154 696 1205 cuperent,
728 1147 830 1191 nihil
859 1161 939 1206 per
967 1154 1128 1191 metum
1157 1147 1420 1191 vetabantur.
1451 1153 1493 1191 at
1520 1153 1750 1205 postquam
1778 1148 1876 1192 exui
1907 1161 2069 1207 aequa-

278 1222 373 1268 litas
403 1230 446 1268 et
473 1237 552 1282 pro
581 1223 794 1268 modestia
824 1237 875 1267 ac
902 1223 1071 1281 pudore
1102 1222 1275 1267 ambitio
1296 1229 1339 1267 et
1366 1223 1431 1266 vis
1459 1222 1697 1275 incedebat,
1729 1237 1971 1282 provenere
1990 1224 2068 1269 do-

277 1299 532 1344 minationes
559 1299 804 1358 multosque
834 1306 937 1357 aput
970 1299 1152 1357 populos
1192 1305 1414 1344 aeternum
1449 1312 1660 1343 mansere.
1700 1299 1876 1357 quidam
1913 1300 2064 1352 statim,

279 1381 351 1420 aut
387 1382 616 1434 postquam
653 1389 805 1434 regum
842 1381 1107 1433 pertaesum,
1146 1374 1266 1432 leges
1305 1374 1557 1419 maluerunt.
1598 1388 1677 1419 eae
1710 1375 1849 1433 primo
1887 1375 2066 1421 rudibus

341 1527 374 1562 4.
399 1527 748 1570 interpraetationibus
767 1528 804 1562 M
834 1544 869 1550 ——
899 1530 1023 1568 atquae
1044 1528 1078 1561 M
1108 1546 1151 1552 —
1179 1527 1211 1561 9.
1237 1527 1522 1561 coercitationibus
1545 1525 1690 1569 (syllaba
1713 1530 1750 1560 ta
1770 1529 1912 1571 punctis
1934 1527 2066 1571 notata)

276 1585 311 1619 M
335 1602 372 1608 —
392 1585 531 1627 premiis
552 1585 587 1619 M
610 1601 646 1608 —-
674 1584 726 1617 40.
747 1587 895 1625 peterent
916 1582 1092 1617 Acidalius
1117 1585 1152 1617 et
1174 1584 1330 1618 Ursinus.
1356 1601 1392 1607 —
1419 1585 1472 1617 44.
1496 1586 1636 1616 mortem
1658 1585 1692 1618 M
1715 1585 1851 1627 (morem
1873 1584 2006 1627 margo)
2026 1601 2063 1609 -

276 1642 371 1675 exsui
394 1642 429 1676 M
446 1659 482 1666 —
509 1642 564 1675 42.
581 1637 749 1675 incedebat
762 1642 917 1684 Lipsius:
943 1641 1106 1674 incidebat
1119 1642 1164 1675 M.
1192 1641 1243 1675 Cf.
1261 1650 1337 1675 var.
1355 1640 1434 1675 lect.
1455 1641 1502 1674 ad
1516 1642 1548 1682 2,
1566 1641 1620 1675 55.
1643 1660 1679 1666 —
1700 1650 1884 1684 provenere
1905 1641 2061 1685 Lipsius:

271 1699 453 1741 prouenire
473 1699 519 1734 M.
543 1699 633 1732 Vide
656 1699 702 1732 ad
724 1700 762 1742 2,
787 1700 820 1733 2.
848 1717 884 1723 —
910 1698 964 1732 44.
989 1707 1048 1732 eae
1069 1697 1245 1732 Halmius:
1271 1708 1312 1732 ae
1335 1699 1407 1742 (sic)
1432 1699 1483 1738 M;
1507 1698 1546 1731 he
1568 1706 1704 1741 margo.

274 1829 380 1871 Papia
411 1831 587 1872 Poppaea,
623 1830 792 1864 continens
818 1833 959 1872 patrum
988 1830 1146 1871 praemia

268 1890 335 1922 pro
363 1881 574 1922 suscipiendis
601 1880 722 1914 liberis,
751 1899 788 1904 —
820 1881 924 1913 Iulias
945 1880 1145 1923 rogationes]

274 1930 494 1973 Significatur
508 1931 731 1974 potissimum
745 1930 801 1964 lex
819 1930 904 1964 Iulia
924 1931 1090 1973 (Augusti)
1108 1932 1147 1964 de

273 1981 475 2014 maritandis
496 1981 684 2022 ordinibus,
719 1989 842 2023 quam,
876 1990 950 2014 cum
973 1982 1146 2023 aliquanto

273 2032 418 2065 severius
450 2040 552 2073 quam
580 2035 707 2065 ceteras
731 2032 948 2073 emendasset,
981 2041 1067 2073 prae
1089 2035 1146 2064 tu-

272 2082 381 2114 multu
406 2082 632 2115 recusantium
659 2082 811 2124 perferre
835 2091 902 2114 non
922 2082 1050 2123 potuit,
1081 2082 1147 2115 nisi

273 2132 430 2173 adempta
459 2132 590 2165 demum
619 2132 761 2166 tenitave
785 2135 885 2174 parte
903 2141 1093 2173 poenarum
1114 2136 1145 2166 et

271 2183 446 2216 vacatione
483 2182 618 2216 triennii
661 2184 743 2216 data
779 2182 949 2225 auctisque
980 2183 1145 2224 praemiis

275 2232 434 2274 (Sueton.
467 2233 554 2275 Aug.
588 2232 662 2275 34).
705 2232 840 2266 Perlata
870 2233 1012 2266 videtur
1041 2243 1073 2267 a.
1104 2242 1140 2267 u.

271 2282 355 2325 736,
388 2292 471 2325 qum
489 2293 581 2316 anno
612 2279 635 2316 ὁ
657 2279 880 2328 Αύγουοτος
904 2284 977 2326 (1)ὶο
1001 2283 1063 2324 54,
1089 2283 1141 2325 46)

271 2335 354 2375 τοῖς
383 2343 424 2366 τε
452 2329 621 2394 ἀγάμοις
647 2335 713 2367 καὶ
734 2337 819 2376 ταῖς
841 2329 1047 2392 ἀνάνδροις
1067 2332 1143 2374 βα-

270 2381 410 2438 ρύτερα
437 2380 486 2417 τά
515 2383 685 2428 ἐπιτίμια
711 2381 868 2427 ἐπέταξε
890 2385 956 2418 καὶ
978 2379 1142 2442 ε’μπαλιν

269 2430 338 2466 τοῦ
370 2442 411 2467 τε
440 2431 568 2478 γάμου
592 2435 657 2468 καὶ
679 2433 750 2478 τῆς
773 2433 1018 2476 παιδοποιίας
1040 2427 1142 2467 αθλα

268 2478 422 2527 έθηκεν.
453 2485 504 2518 Cf.
529 2486 661 2518 Horatii
685 2486 802 2519 Carm.
828 2487 927 2519 Saec.
949 2495 983 2519 v.
1002 2486 1043 2518 47
1059 2494 1139 2528 sqq.

268 2532 399 2567 Plurali
433 2536 553 2568 autem
586 2536 775 2579 rogationes
806 2537 932 2578 utitur,
969 2536 1051 2578 quia
1084 2534 1141 2568 lex

270 2583 453 2627 complura
470 2586 586 2627 capita
602 2585 923 2629 complectebatur,
941 2586 1032 2619 sicut
1047 2594 1079 2619 c.
1097 2585 1139 2618 33

268 2633 397 2677 (Oppiis
418 2635 554 2679 leyibus)
578 2637 613 2669 et
636 2638 688 2678 45,
714 2637 770 2670 20.
796 2653 832 2660 —
859 2636 1060 2678 praevalida
1081 2645 1140 2669 or-

268 2684 379 2728 bitate]
405 2686 487 2727 quia
508 2685 544 2718 id
566 2695 678 2728 genus
701 2695 826 2721 omnes
850 2687 1056 2730 captabant,
1082 2695 1140 2720 co-

266 2733 400 2768 lebant.
448 2737 583 2768 Seneca
614 2737 719 2770 Cons.
745 2736 791 2769 ad
814 2738 920 2772 Marc.
947 2738 999 2779 49,
1024 2737 1064 2770 2:
1100 2737 1140 2769 In

265 2786 403 2832 civitate
434 2789 550 2819 nostra
577 2787 655 2828 plus
687 2788 824 2830 gratiae
856 2788 982 2821 orbitas
1014 2788 1141 2830 confert

266 2845 368 2877 quam
381 2837 494 2878 eripit,
514 2838 660 2878 adeoque
674 2841 869 2872 senectutem
883 2839 1035 2879 solitudo,
1053 2847 1139 2880 quae

265 2886 387 2920 solebat
409 2888 593 2929 destruere,
618 2889 663 2921 ad
678 2889 862 2929 potentiam
877 2890 984 2931 ducit,
1008 2892 1046 2922 ut
1061 2889 1139 2931 qui-

266 2938 345 2971 dam
373 2938 452 2971 odia
475 2938 624 2981 filiorum
645 2940 799 2973 simulent
819 2945 851 2974 et
872 2941 990 2975 liberos
1011 2941 1139 2975 eiurent

264 2992 297 3023 et
319 2988 492 3022 orbitatem
519 2997 625 3021 manu
649 2989 791 3031 faciant.
815 2992 902 3024 L1rs.
939 2990 1004 3024 Alii
1027 2990 1138 3034 expli—

265 3040 348 3072 cant
370 3046 475 3072 «cum
497 3037 655 3071 orbitatis
671 3048 773 3072 amor
787 3040 1043 3082 praevaleret.»
1067 3041 1138 3075 Sed

265 3088 309 3122 cf.
337 3088 389 3130 43,
407 3089 468 3123 52:
492 3089 665 3130 valuitque
688 3088 868 3132 (Silvanus)
887 3092 1070 3132 pecuniosa
1084 3101 1138 3125 or—

265 3139 366 3173 bitate
387 3142 419 3173 et
432 3141 574 3173 senecta.
601 3139 655 3179 45,
674 3139 736 3171 49ε
761 3140 842 3173 satis
852 3142 954 3182 pretii
969 3151 1034 3175 esse
1048 3141 1139 3175 orbis

265 3190 352 3231 quod
368 3189 478 3222 multa
490 3189 684 3228 securitate,
708 3189 809 3222 nullis
823 3191 975 3224 oneribus
987 3191 1137 3233 qratiam

263 3239 402 3273 honores
434 3241 556 3272 cuncta
583 3241 742 3280 prompta
777 3242 808 3272 et
841 3239 940 3273 obvia
967 3241 1133 3275 haberent.

265 3288 351 3322 Hist.
377 3290 410 3330 4,
435 3289 494 3322 73:
527 3288 646 3323 Calvia
667 3288 1049 3331 Crispinilla--potens
1071 3301 1135 3333 pe·-

263 3339 367 3371 cunia
388 3341 420 3371 et
441 3338 598 3380 orbitate,
629 3347 716 3380 quae
744 3338 835 3372 bonis
862 3339 1024 3381 malisque
1051 3344 1134 3375 tem-

259 3387 397 3424 poribus
428 3389 530 3422 iuaeta
561 3388 683 3422 aalma.
722 3405 759 3413 —-
793 3389 1132 3434 interpretationibus]

264 3435 397 3471 callidis
412 3439 520 3481 atque
535 3438 711 3473 insidiosis
725 3438 1020 3483 accusationibus,
1045 3449 1133 3483 quas

1195 1829 1345 1864 testibus
1375 1839 1455 1864 raro
1486 1830 1721 1874 comprobare
1755 1830 1930 1873 poterant.
1971 1830 2066 1873 (Non

1195 1880 1429 1915 delationibus
1463 1881 1687 1923 simpliciter,
1723 1881 1762 1913 ut
1791 1881 1827 1913 in
1857 1879 1960 1922 culpa
1993 1888 2065 1914 non

1195 1931 1396 1973 manifesta,
1429 1931 1494 1966 sed
1527 1931 1870 1973 interpretationibus,
1906 1930 1986 1973 quia
2021 1939 2066 1964 ex

1195 1984 1306 2024 statu,
1337 1982 1560 2023 condicione,
1597 1981 1913 2016 consuetudinibus
1947 1981 2065 2015 homi-

1194 2042 1280 2066 num
1304 2032 1474 2067 elicienda
1497 2034 1573 2067 erat
1588 2032 1690 2076 culpa
1706 2030 1984 2075 interpretando.
2009 2030 2062 2065 Cf.

1195 2092 1224 2117 c.
1250 2084 1305 2117 28.
1330 2084 1471 2125 Dunsn.)

1235 2134 1290 2167 26.
1314 2137 1427 2176 suopte
1445 2133 1590 2176 inqenio]
1613 2142 1656 2166 ex
1672 2141 1736 2166 sua
1753 2133 1894 2174 natura,
1918 2132 2064 2175 propter

1192 2193 1231 2217 se
1255 2184 1350 2226 ipsa;
1381 2184 1570 2226 opponitur
1589 2183 1760 2225 praemiis.
1796 2183 1872 2215 Vox
1892 2182 2063 2225 inqenium

1192 2236 1383 2277 usurpatur
1405 2235 1511 2267 etiam
1535 2234 1580 2267 de
1604 2233 1713 2267 rebus
1736 2233 1910 2266 inanimis.
1948 2231 2002 2266 Cf.
2027 2232 2061 2273 6,

1191 2283 1245 2318 44.
1271 2285 1329 2325 42,
1354 2284 1407 2318 30.
1434 2284 1487 2325 46,
1512 2285 1566 2318 20.
1591 2284 1677 2317 Hist.
1704 2285 1735 2325 4,
1760 2284 1815 2317 54.
1839 2283 1873 2324 2,
1897 2282 1929 2316 4.
1946 2282 2002 2316 74.
2027 2283 2060 2323 5,

1192 2333 1245 2368 44.
1281 2335 1353 2368 Liv.
1379 2335 1417 2376 2,
1442 2334 1502 2375 30,
1528 2334 1566 2367 i:
1592 2335 1648 2368 sed
1669 2343 1772 2367 curae
1792 2334 1858 2376 fuit
1878 2332 2065 2366 consulibus

1191 2387 1222 2419 et
1243 2385 1425 2419 senioribus
1443 2387 1602 2426 patrum,
1626 2387 1666 2417 ut
1685 2384 1863 2426 imperium
1884 2392 1944 2417 suo
1965 2382 2064 2417 velie-

1190 2444 1280 2469 mens
1297 2438 1468 2469 mansueto
1478 2435 1729 2477 permitteretur
1743 2435 1886 2478 inqenio.
1905 2451 1950 2458 —-
1969 2436 2064 2475 post-

1190 2495 1292 2528 quam
1305 2486 1395 2529 exui]
1419 2485 1506 2520 Vide
1522 2485 1568 2519 ad
1583 2486 1615 2527 2,
1633 2486 1689 2519 34.
1705 2504 1749 2509 -
1768 2485 1848 2520 eoeui
1862 2484 2061 2526 aequalitas]

1191 2537 1243 2571 Cf.
1279 2538 1311 2578 4,
1343 2536 1383 2570 4:
1418 2539 1523 2570 exuta
1556 2535 1769 2577 aequalitate.
1809 2552 1846 2559 —
1881 2533 2062 2576 incedebat]

1190 2588 1325 2620 animos
1340 2586 1549 2627 invadebat;
1572 2585 1802 2629 grassabatur
1817 2593 1860 2618 ac
1875 2583 2059 2627 gliscebat.

1190 2638 1240 2671 Cf.
1256 2638 1310 2679 45,
1325 2637 1385 2671 33;
1404 2641 1582 2680 postquam
1597 2636 1750 2670 tenebrae
1765 2631 1967 2669 incedebant.
1985 2634 2058 2668 Liv.

1188 2688 1242 2729 29,
1261 2687 1299 2721 4:
1325 2688 1488 2730 timorque
1502 2689 1538 2721 in
1553 2688 1704 2721 exercitu
1716 2687 1891 2720 incederet.
1905 2687 2061 2718 —aeter-

1186 2747 1267 2771 num
1280 2739 1441 2779 mansere]
1460 2738 1511 2772 Cf.
1527 2739 1580 2779 42,
1594 2738 1653 2771 28:
1668 2740 1841 2771 aeternum
1855 2735 2056 2769 discordant.

1187 2787 1314 2830 Vergil.
1339 2789 1427 2822 Aen.
1452 2788 1485 2829 6,
1507 2788 1588 2821 647;
1615 2791 1850 2829 aeternumque
1871 2785 2000 2819 sedebit.
2018 2802 2055 2808 —

1186 2839 1271 2881 loyes
1281 2839 1484 2879 maluerunt]
1496 2838 1639 2871 Rhetor.
1650 2837 1697 2870 ad
1708 2836 1805 2870 Alex.
1815 2835 1924 2878 praef.
1934 2844 1970 2878 p.
1981 2835 2057 2877 474,

1188 2890 1228 2922 45
1245 2888 1314 2931 (ed.
1329 2887 1491 2931 Spengel.
1507 2887 1597 2930 alt..)
1621 2885 1776 2930 τοΐςμὲν
1798 2885 1839 2919 ἐν
1861 2883 2060 2932 δημοκρα-

1186 2939 1248 2983 τία
1269 2937 1579 2982 πολιτευομένοις
1605 2933 1631 2981 ἤ
1655 2933 1837 2996 ἀναφορὰ
1862 2935 1946 2983 περὶ
1968 2933 2060 2969 πάν-

1185 2998 1260 3022 των
1282 2986 1358 3022 τῶν
1380 2985 1612 3047 πραγμάτων
1638 2987 1692 3029 εἰς
1718 2983 1786 3020 τὸν
1811 2983 1936 3030 νόμον
1962 2985 2056 3027 ἐστι,

1185 3042 1267 3082 τοῖς
1288 3037 1320 3071 δ’
1344 3035 1420 3073 ὑπὸ
1444 3034 1514 3082 τὴν
1535 3036 1605 3082 τῆς
1626 3035 1825 3078 βασιλείας
1847 3032 2059 3081 ἠγεμονίαν
2127 3078 2135 3086 ι

1186 3090 1428 3134 τεταγμένοις
1451 3085 1547 3136 πρὸς
1565 3084 1693 3132 λόγον.
1711 3105 1747 3112 -
1765 3085 1978 3129 Cretensium]
2003 3086 2056 3119 De

1187 3140 1409 3174 Cretensium
1437 3147 1477 3172 re
1507 3137 1648 3181 publica
1671 3138 1707 3171 et
1728 3136 1865 3179 legibus
1887 3135 1965 3178 lege
1987 3137 2058 3169 Po—

1185 3189 1322 3233 lybium
1345 3190 1378 3232 6,
1402 3188 1456 3223 45.
1496 3188 1556 3222 ubi
1586 3189 1691 3230 negat
1717 3187 1833 3231 primo
1862 3186 2056 3229 spartanae

1185 3240 1354 3282 similem,
1392 3238 1521 3273 deinde
1549 3237 1764 3272 laudandam
1794 3236 1923 3277 fuisse,
1959 3235 2056 3278 quod

1185 3291 1475 3334 Xenophontem,
1500 3287 1701 3330 Platonem,
1729 3286 1929 3330 Ephorum,
1955 3283 2056 3319 Calli-

1185 3341 1350 3374 sthenem
1372 3340 1498 3374 fecisse
1521 3339 1623 3379 dicit;
1653 3336 1782 3381 quibus
1804 3335 1898 3370 adde
1919 3335 2055 3369 Aristo-

1184 3390 1291 3425 telem
1313 3391 1359 3424 de
1382 3392 1468 3433 Rep.
1491 3390 1531 3431 2,
1556 3389 1588 3423 9.
1612 3389 1694 3422 Eme.
1721 3404 1757 3411 -
1781 3386 1900 3430 Minos]
1923 3385 2052 3427 Odyss.

1182 3450 1221 3485 τ,
1247 3441 1329 3475 478;
1363 3435 1461 3474 ἔνθα
1489 3448 1530 3476 το
1550 3438 1678 3481 Μίνως
1703 3432 1909 3487 Εννόωρος
1936 3435 2054 3479 βασι-
