2254 3770
265 253 348 299 472
742 253 787 297 P.
820 251 1070 298 CORNELII
1098 251 1269 297 rAcm
1297 239 1565 298 ANNA'LmM

263 360 457 420 Bithynis
496 358 874 418 interrogantibus,
912 372 1067 417 magno
1102 365 1271 417 patrum
1306 359 1481 417 gaudio,
1524 359 1597 418 qui
1633 367 1879 406 accusatum
1909 361 1964 406 ab
1993 373 2047 406 eo

265 435 475 481 Statilium
503 437 709 487 Taurum,
740 448 819 493 pro
851 433 1026 479 consule
1056 435 1214 493 ipsius,
1246 435 1537 479 meminerant.
1576 449 1730 481 census
1750 450 1829 495 per
1849 436 2004 481 Gallias
2023 451 2050 482 a

265 513 315 566 Q.
345 511 517 557 Volusio
557 517 600 555 et
635 510 779 555 Sextio
815 509 1009 554 Africano
1047 509 1346 569 Trebellioque
1386 511 1566 555 Maximo
1605 511 1686 556 acti
1715 518 1833 564 sunt,
1873 511 2051 557 aemulis

264 588 374 632 inter
403 601 451 632 se
481 601 560 645 per
587 585 853 630 nobilitatem
872 584 1044 631 Volusio
1066 592 1195 645 atque
1216 585 1410 631 Africano
1429 601 1438 630 :
1469 586 1726 631 Trebellium
1747 587 1851 631 dum
1869 594 2053 648 uterque

234 663 536 722 sdedignatur,
568 676 701 720 supra
728 660 878 706 tulere.

379 738 460 796 (47)
492 738 552 782 Eo
582 752 692 782 anno
723 736 1037 782 mortemobiit
1063 737 1287 780 Memmius
1308 736 1518 795 Regulus,
1549 738 1799 783 auctoritate
1819 738 2056 783 constantia

265 815 393 865 fama,
426 814 466 857 in
498 820 701 872 quantum
730 812 1062 871 praeumbrante
1093 812 1360 870 imperatoris
1390 812 1555 871 fastigio
1577 815 1722 866 datur,
1755 813 1912 866 clarus,
1936 814 2056 867 ,adeo

265 897 312 935 ut
329 891 441 934 Nero
463 903 593 948 aeger
612 888 866 940 valetudine,
899 895 941 933 et
965 887 1236 932 adulantibus
1258 888 1429 940 circum,
1454 889 1528 947 qui
1549 888 1679 933 finem
1699 889 1880 948 imperio
1901 889 2056 935 adesse

267 965 483 1017 dicebant,
525 965 561 1009 si
603 964 706 1023 quid
737 964 820 1009 fato
850 971 1086 1023 pateretur,
1132 963 1403 1022 responderit
1433 964 1592 1009 habere
1623 964 1863 1009 subsidium
1891 979 1985 1010 rem
2012 979 2054 1024 p.

217 1041 513 1100 inrogantibus
544 1039 714 1103 dehinc,
748 1041 792 1083 in
830 1054 917 1098 quo
956 1039 1243 1098 potissimum,
1293 1039 1517 1084 addiderat
1561 1041 1604 1084 in
1641 1041 1839 1085 Memmio
1880 1040 2056 1098 Regulo.

265 1117 369 1162 vixit
406 1123 548 1161 tamen
586 1122 683 1175 post
717 1115 826 1160 haec
854 1115 1058 1174 Regulus,
1101 1115 1244 1173 quiete
1276 1115 1496 1168 defensus,
1541 1122 1583 1160 et
1613 1116 1715 1175 quia
1744 1130 1855 1160 nova
1884 1117 2056 1174 generis

268 1192 518 1238 claritudine
548 1205 691 1251 neque
721 1191 944 1235 invidiosis
975 1191 1130 1250 opibus
1161 1197 1263 1235 erat.
1309 1192 1579 1251 gymnasium
1610 1206 1663 1236 eo
1682 1206 1794 1236 anno
1815 1191 2059 1237 dedicatum

268 1283 293 1314 a
321 1270 509 1327 Nerone,
540 1267 869 1326 praebitumque
900 1266 1042 1311 oleum
1074 1267 1205 1325 equiti
1236 1280 1287 1311 ac
1316 1267 1482 1311 senatui
1514 1267 1677 1313 Graeca
1706 1267 1915 1312 facilitate.

382 1344 463 1401 (48)
502 1345 547 1388 P.
578 1344 710 1387 Mario
748 1344 793 1386 L.
826 1342 970 1386 Asinio
1000 1343 1086 1387 ciis.
1118 1343 1320 1386 Antistius
1354 1349 1543 1401 praetor,
1589 1357 1721 1402 quem
1761 1344 1803 1387 in
1842 1342 2058 1388 tribunatu

218 1434 255 1464 ⁴⁵
267 1419 406 1479 plebis
441 1419 619 1464 licenter
648 1419 789 1477 egisse
820 1418 1071 1470 memoravi,
1116 1418 1327 1475 probrosa
1356 1418 1564 1463 adversus
1606 1419 1844 1478 principem
1873 1419 2060 1466 carmina

268 1495 469 1540 factitavit
512 1494 785 1553 vulgavitque
831 1493 990 1539 celebri
1035 1494 1250 1546 convivio,
1297 1493 1399 1537 dum
1438 1494 1554 1552 apud
1585 1495 1803 1539 Ostorium
1833 1495 2059 1554 Scapulam

269 1570 477 1630 epulatur.
523 1570 635 1614 exim
673 1584 697 1613 a
737 1570 989 1614 Cossutiano
1027 1569 1250 1627 Capitone,
1292 1570 1365 1628 qui
1406 1584 1543 1628 nuper
1572 1571 1834 1614 senatorium
1864 1571 2059 1616 ordinem

268 1647 472 1707 precibus
502 1645 701 1704 Tigillini,
735 1646 874 1690 soceri
905 1646 992 1697 sui,
1025 1651 1265 1704 receperat,
1299 1645 1530 1689 maiestatis
1560 1645 1727 1690 delatus
1749 1653 1825 1690 est.
1856 1653 1946 1691 tum
1971 1647 2060 1706 pri-

269 1738 386 1768 mum
413 1728 613 1767 revocata
634 1735 687 1766 ea
714 1721 807 1775 lex;
840 1720 1184 1779 credebaturque
1206 1720 1319 1765 haud
1340 1721 1518 1780 perinde
1540 1722 1715 1766 exitium
1733 1722 1910 1767 Antistio
1930 1737 2060 1781 quam

335 1858 366 1891 4.
391 1858 474 1898 quia
496 1857 530 1891 M
555 1874 590 1880 —
616 1856 648 1888 2.
669 1855 868 1897 proconsule
890 1856 942 1889 M:
967 1855 1198 1896 proconsulem
1221 1854 1336 1897 vulgo.
1364 1854 1414 1888 Cf.
1440 1854 1472 1895 3,
1498 1855 1552 1888 38.
1581 1873 1616 1878 —
1644 1856 1675 1888 6.
1702 1855 1780 1888 obiit
1803 1857 1847 1888 G:
1874 1855 1941 1889 obit
1962 1857 1996 1891 M
2021 1873 2057 1881 -

269 1916 301 1949 8.
326 1914 516 1960 ualetudine
537 1913 571 1946 M
597 1931 632 1936 -
660 1912 712 1945 40.
733 1912 942 1953 potissimum
957 1913 1006 1946 M:
1030 1915 1103 1953 post
1126 1912 1220 1944 illum
1243 1911 1457 1954 Nipperdey.
1478 1928 1513 1934 —
1534 1912 1710 1945 addiderat
1731 1913 1784 1946 M:
1810 1912 1977 1946 addiderit
1990 1914 2061 1946 Pu-

268 1970 441 2004 teolanus.
468 1987 504 1993 --
539 1969 592 2002 42.
618 1969 823 2010 qimnasium
845 1969 879 2001 M
909 1986 942 1992 —
979 1968 1031 2000 43.
1056 1977 1158 2010 ¹qreca
1180 1969 1214 2001 M
1244 1986 1279 1991 —
1317 1968 1368 2001 46.
1394 1967 1610 2010 uulqabitque
1631 1969 1665 2002 M
1691 1987 1727 1992 -
1753 1969 1804 2002 48.
1825 1967 1940 2010 ficibus
1961 1970 1995 2004 M
2019 1986 2057 1994 -

270 2027 415 2070 Tigillini
437 2035 519 2060 nos:
545 2026 693 2068 tiyellani
713 2026 767 2064 M;
796 2025 944 2067 Tiyellini
967 2024 1083 2066 vulgo.
1109 2024 1195 2057 Vide
1220 2024 1265 2057 ad
1287 2034 1322 2067 p.
1348 2023 1424 2065 475,
1450 2025 1483 2057 7.
1511 2042 1546 2048 -
1571 2026 1766 2067 magestatis
1788 2026 1821 2060 M
1845 2043 1880 2049 —
1908 2026 1961 2059 49.
1985 2035 2061 2059 cre-

270 2084 474 2125 debaturque
496 2081 691 2116 Acidalius:
718 2082 995 2128 credebaturque
1017 2083 1062 2115 M.

269 2196 531 2239 terroqantibus]
569 2195 620 2229 Cf.
647 2195 708 2235 46,
743 2195 803 2228 24ε
842 2196 921 2228 dum
949 2195 1142 2236 Capitonem

1192 2194 1237 2227 ab
1262 2195 1415 2228 Homero
1438 2195 1640 2237 usurpatus.
1677 2194 1773 2227 Iliad.
1798 2204 1834 2235 ε,
1858 2195 1943 2228 566:
1976 2195 2062 2242 περὶ

267 2248 530 2288 repetundarum
552 2246 773 2288 interrogant.
796 2263 829 2269 -—
855 2246 1028 2279 Statilium
1053 2246 1142 2278 Taa-

1191 2243 1264 2293 γὰρ
1286 2244 1342 2279 δίε
1364 2246 1516 2289 ποιμένι
1539 2242 1653 2285 λαῶν,
1678 2243 1741 2289 Μή
1765 2255 1801 2279 τι
1824 2244 1956 2278 πάθοι.
1986 2245 2063 2279 Cal-

267 2298 363 2340 rum]
401 2298 451 2331 Cf.
480 2298 539 2337 42,
565 2297 619 2330 59.
648 2315 684 2321 -
715 2305 829 2329 census
852 2305 916 2337 per
946 2297 1142 2330 Gallias--

270 2348 352 2391 acti]
379 2347 430 2382 Cf.
457 2349 487 2387 4,
514 2347 567 2380 34.
589 2365 625 2370 -
653 2348 690 2388 Q.
714 2347 855 2389 Volusio]
881 2346 931 2380 Cf.
951 2347 1003 2387 43,
1022 2347 1076 2380 25.
1102 2363 1136 2370 -

270 2400 384 2432 Seoetio
406 2397 582 2440 Africano]
608 2397 694 2430 Vide
719 2397 763 2430 ad
789 2398 841 2438 43,
867 2398 920 2430 49.
951 2416 985 2423 -
1015 2397 1143 2431 Trebel-

269 2450 379 2490 lioque
393 2447 556 2490 Maximo]
575 2446 719 2481 consule
737 2447 886 2480 suffecto
903 2457 986 2480 cum
998 2449 1141 2481 Annaeo

271 2501 406 2533 Seneca
430 2498 521 2540 (Gai.
547 2499 567 2531 2
592 2498 611 2540 S
635 2497 712 2530 253.
745 2498 866 2530 lustin.
892 2498 1002 2530 Instit.
1028 2498 1060 2537 2,
1085 2498 1139 2531 23.

271 2551 402 2592 Digest.
428 2549 482 2589 36,
508 2550 540 2587 4,
566 2550 579 2581 4
610 2548 629 2590 S
651 2548 695 2589 4).
721 2547 772 2581 Cf.
799 2549 885 2581 Hist.
905 2549 936 2588 4,
955 2549 1008 2582 60.
1034 2549 1067 2588 2,
1086 2548 1140 2581 65.

271 2602 352 2642 Agr.
378 2600 431 2632 46.
468 2598 631 2632 Trebellii
667 2600 702 2631 et
732 2599 889 2631 Senecae
919 2597 1142 2632 consulatum

271 2659 342 2683 non
366 2658 448 2683 cum
472 2650 638 2683 Panvinio
662 2649 708 2682 ad
725 2658 857 2682 annum
873 2659 907 2682 u.
927 2659 957 2682 c.
976 2650 1052 2690 845,
1078 2649 1142 2682 sed

272 2700 318 2733 ad
341 2708 473 2732 annum
495 2699 553 2732 844
581 2699 810 2732 referendum
828 2708 908 2732 esse
925 2701 1065 2742 egregie
1083 2700 1144 2732 do-

273 2751 344 2783 cuit
375 2749 588 2790 Borghesius
623 2750 658 2782 in
692 2748 839 2792 epistola
867 2749 912 2782 ad
937 2750 1143 2783 Gervasium

273 2800 458 2844 (Iscrizioni
487 2800 521 2832 di
551 2799 688 2842 Napoli)
724 2809 758 2842 p.
785 2800 825 2832 37
857 2809 937 2842 sqq.
967 2819 1002 2825 —
1039 2809 1145 2840 supra

273 2849 393 2892 tulere]
426 2850 648 2892 superiorem
679 2850 775 2892 passi
799 2852 891 2883 sunt.
929 2851 1017 2883 Nam
1040 2859 1146 2891 supra

274 2900 437 2934 adiectivi
459 2898 714 2933 indeclinabilis
733 2898 810 2932 loco
827 2899 997 2941 habetur,
1021 2902 1060 2933 ut
1076 2899 1145 2933 Sal-

273 2951 355 2985 lust.
375 2949 473 2984 Catil.
491 2950 529 2982 3:
557 2951 649 2991 Quae
671 2950 733 2983 sibi
756 2952 893 2991 quisque
914 2951 1032 2992 facilia
1053 2952 1146 2992 factu

272 3005 389 3043 putat,
413 3009 520 3041 aequo
543 3000 655 3033 animo
671 3001 811 3041 accipit‚·
835 3010 940 3042 supra
953 3002 1054 3034 veluti
1067 3003 1146 3044 ficta

273 3060 337 3094 pro
359 3051 455 3093 falsis
477 3050 601 3083 ducit.»
626 3051 734 3083 Dono.

321 3101 376 3135 47.
399 3101 574 3135 Memmius
595 3100 756 3143 Regulus]
790 3100 840 3133 Cf.
866 3101 899 3142 5,
925 3102 977 3134 44.
1004 3103 1065 3143 42,
1089 3102 1143 3135 22.

282 3171 317 3177 -
329 3152 600 3194 praeumbrante]
620 3152 720 3184 Nunc
737 3153 791 3183 est
806 3146 909 3193 ἅπαξ
925 3150 1144 3196 λεγόμενον,

279 3211 408 3245 graece
435 3200 675 3244 ἐπισκιάζειν.
713 3200 895 3243 vulgarius
917 3203 1069 3236 verbum
1093 3205 1148 3236 est

280 3255 368 3287 Hist.
393 3255 431 3294 2,
450 3254 509 3287 32:
537 3252 778 3287 obumbrantur
798 3254 946 3286 nomina.
973 3253 1073 3286 Silius
1091 3253 1143 3294 44,

281 3304 344 3336 283
356 3313 363 3335 :
384 3307 546 3344 quantam
557 3321 575 3328 -
587 3321 606 3328 -
618 3304 764 3344 tropaeis
774 3320 794 3327 -
804 3319 823 3326 -
834 3302 912 3334 urbs
927 3303 1020 3335 invia
1034 3304 1147 3344 fecerit

280 3354 445 3387 umbram.
471 3371 508 3378 —
540 3355 569 3387 si
598 3354 678 3394 quid
704 3354 774 3396 fato
801 3354 983 3394 pateretur]
1009 3353 1147 3395 Euphe-

281 3404 431 3439 mismus
453 3413 474 3438 a
498 3405 639 3438 Graecis
662 3404 832 3448 repetitus
855 3402 900 3436 ab
927 3403 1039 3446 iisque
1063 3404 1146 3438 inde

1192 2296 1251 2329 lin.
1277 2295 1370 2338 Eleg.
1398 2297 1457 2329 47:
1493 2293 1568 2329 Τὸν
1593 2294 1622 2328 δ’
1646 2291 1776 2340 ὀλίγος
1798 2293 1975 2335 στενάχει
1996 2296 2062 2329 καὶ

1192 2347 1333 2390 μέγας,
1358 2342 1407 2388 ἦν
1429 2355 1466 2379 τι
1488 2345 1606 2393 πάθῃ.
1646 2346 1829 2379 Demosth.
1855 2345 2000 2390 Philipp.
2027 2347 2059 2388 4,

1194 2398 1253 2430 44;
1287 2395 1422 2437 τοῦτο,
1458 2394 1496 2429 εἷ’
1518 2405 1554 2429 τι
1577 2393 1695 2429 πάθοι
1719 2395 1924 2435 Φίλιππο,·
1953 2397 2058 2431 Bion.

1193 2448 1425 2489 Frequentius
1451 2448 1583 2480 Latini:
1615 2447 1652 2480 Si
1683 2448 1763 2488 quid
1782 2448 1863 2480 mihi
1950 2447 2059 2481 deret.

1194 2499 1266 2531 Cic.
1292 2498 1336 2531 de
1361 2500 1434 2531 lnv.
1453 2499 1485 2539 2,
1504 2499 1563 2531 24.
1589 2498 1618 2530 si
1641 2499 1721 2539 quid
1736 2498 1865 2540 pupillo
1880 2498 2060 2532 accidisset.

1194 2548 1344 2591 Philipp.
1372 2550 1403 2590 4,
1429 2548 1469 2582 4:
1500 2549 1529 2581 si
1551 2549 1634 2590 quid
1654 2549 1735 2581 mihi
1757 2549 1951 2582 humanitus
1971 2550 2063 2582 acci-

1193 2600 1302 2631 disset.
1325 2616 1362 2622 —
1386 2599 1597 2640 gymnasium
1611 2615 1661 2623 --
1677 2599 1824 2642 senatui]
1848 2599 1911 2632 Dio
1927 2599 1981 2640 64,
1998 2599 2061 2632 2⁴:

1195 2645 1289 2696 ὑπὲρ
1311 2647 1352 2682 δὲ
1374 2645 1421 2692 δὴ
1445 2647 1515 2692 τῆς
1530 2650 1722 2708 σωτηρίας
1737 2647 1805 2692 τῆς
1822 2659 1863 2682 τε
1877 2646 2063 2693 διαμονῆς

1193 2702 1262 2733 τοῦ
1286 2699 1452 2747 κράτους
1474 2696 1594 2734 αὐτοῦ
1619 2695 1734 2743 (οὕτω
1756 2698 1831 2746 γάρ
1853 2709 1927 2734 που
1950 2700 2065 2759 προέ-

1194 2750 1358 2798 γραψεν)
1388 2748 1519 2795 ἀγῶνα
1554 2748 1848 2810 πενταετηρικὸν
1878 2748 2065 2794 κατεστή-

1195 2811 1310 2843 σατο,
1334 2799 1526 2848 Νερωνεια
1545 2797 1664 2835 αὐτὸν
1681 2797 1900 2844 ὀνομάσας·
1925 2801 1990 2834 καὶ
2005 2799 2062 2834 ἐπ’

1195 2848 1297 2896 αὐτῷ
1321 2853 1386 2885 καὶ
1402 2849 1446 2885 τὸ
1443 2849 1677 2909 ,γυμνάσιον
1693 2847 1945 2909 ‹gixodduyoev
1960 2847 2064 2885 ἔλαι-

1196 2900 1241 2935 όν
1275 2912 1315 2935 τε
1343 2901 1384 2936 ἐν
1413 2901 1459 2949 τῇ
1489 2899 1719 2949 καθιερωσει
1748 2897 1867 2935 αὐτοῦ
1894 2902 1959 2935 καὶ
1981 2904 2064 2944 τοῖς

1194 2951 1420 2994 βουλευταῖς
1443 2953 1509 2986 καὶ
1531 2956 1612 2994 τοῖς
1636 2951 1790 2986 ἱππεῦσι
1813 2955 1954 3000 προῖκα
1967 2947 2064 2986 ἔνει-

1194 3013 1276 3046 μεν.
1303 3003 1527 3036 Exstructum
1551 3003 1619 3036 hoc
1638 3003 1863 3045 gymnasium
1887 3003 1921 3036 in
1937 3011 2063 3046 campo

1196 3054 1336 3094 Martio,
1361 3053 1487 3086 iunctis
1503 3053 1662 3093 thermis,
1680 3061 1789 3095 quare
1807 3052 1940 3086 dictum
1955 3053 2062 3086 etiam

1196 3104 1341 3136 thermae
1362 3103 1586 3136 Neronianae.
1612 3104 1754 3136 sueton.
1780 3105 1861 3137 Ner.
1884 3103 1944 3136 ⁴2:
1970 3103 2064 3136 dedi-

1196 3154 1343 3195 catisque
1359 3155 1492 3187 thermis
1507 3158 1609 3196 atque
1623 3155 1814 3196 yymnasio,
1835 3153 1963 3187 senatui
1977 3161 2063 3195 quo-

1197 3213 1259 3245 que
1289 3207 1318 3236 et
1347 3204 1450 3245 equiti
1479 3204 1586 3236 oleiam
1617 3203 1782 3244 praebuit.
1828 3203 1926 3238 Unde
1949 3202 2062 3236 faceto

1197 3253 1361 3287 Martialis
1384 3254 1416 3293 7,
1443 3253 1496 3293 34,
1522 3253 1556 3287 4:
1589 3254 1676 3295 Quid
1689 3254 1818 3286 Nerone
1834 3251 1955 3294 peius?
1977 3253 2063 3293 Quid

1196 3304 1330 3336 thermis
1342 3304 1458 3336 melius
1473 3304 1674 3336 Neronianis
1685 3303 1703 3336 ?
1723 3302 1884 3337 Philostr.
1898 3301 2009 3344 Apoll.
2027 3302 2060 3343 4,

1197 3354 1257 3388 42:
1283 3351 1497 3398 γυμνάσιον
1513 3351 1721 3396 ἐξεποιήθη
1740 3350 1792 3396 τῷ
1806 3351 1952 3398 Νέρωνι
1966 3351 2064 3385 θαυ-

1196 3401 1442 3448 μασιώτατον
1457 3402 1531 3437 τῶν
1546 3403 1587 3438 ἐν
1601 3400 1739 3452 Ῥώμῃ.
1759 3420 1796 3427 -
1809 3402 2062 3444 praebitumque
