2254 3770
280 301 344 332 XX

283 394 509 439 codicibus
553 394 697 439 adbuc
737 396 938 438 excussis
979 393 1167 438 nondum
1206 394 1459 436 memorata·
1523 390 1697 433 Paucas
1740 381 2063 446 igitur-'earum

283 482 565 514 enumerasse
595 470 808 513 sufficiet:

399 583 443 626 1.
472 583 669 626 Editio
716 583 989 639 princeps
1033 583 1129 625 sive
1177 578 1499 636 Spirensis,
1544 579 1683 621 forma
1724 579 1930 632 maxima,
1972 578 2068 621 sine

283 658 411 700 titulo
455 660 531 700 aut
570 659 652 701 loci
694 659 990 714 temporisque
1029 659 1148 699 nota,
1214 656 1402 699 Constat
1441 658 1585 697 tamen
1629 666 1722 696 eam
1754 653 1955 696 Venetiis
1990 665 2070 710 per

285 732 574 776 Vendelinum
618 733 672 775 de
717 730 851 788 Spira
890 746 1007 775 anno
1051 730 1193 775 1470
1228 732 1480 789 evulgatam
1512 742 1625 773 esse.
1684 730 1737 771 In
1767 730 1889 773 calce
1921 730 2070 786 operis

285 808 396 851 haec
427 809 661 865 leguntur:

975 900 1111 944 Finis
1142 900 1239 943 Deo
1270 901 1374 944 laus

653 974 909 1020 Caesareos
939 989 1088 1019 mores
1118 976 1280 1019 scribit
1316 971 1569 1018 Cornelius·
1606 976 1704 1017 esto

705 1051 800 1095 Iste
830 1052 916 1095 tibi
945 1052 1114 1094 codex:
1146 1050 1370 1094 historiae
1399 1053 1538 1107 pater
1567 1052 1649 1093 est.

551 1126 730 1185 Insiyni
759 1140 890 1186 quem
921 1127 1058 1170 laude
1086 1125 1209 1180 feret
1236 1138 1347 1183 qens
1376 1130 1589 1182 postera:
1620 1128 1791 1182 pressit

631 1201 777 1260 Spira
806 1214 1044 1259 premens.-
1076 1205 1194 1245 artis
1223 1202 1371 1258 qloria
1400 1205 1554 1257 prima
1583 1213 1708 1243 suae.

283 1298 603 1354 complectitur
645 1296 878 1340 Annalium
921 1296 1056 1339 libros
1098 1295 1200 1338 inde
1239 1296 1295 1337 ab
1337 1294 1564 1337 undecimo
1600 1298 1645 1336 et
1675 1295 1970 1337 Historiarum
2001 1294 2072 1350 qui

283 1375 542 1428 supersunt,
574 1373 670 1415 sine
701 1372 790 1414 ulla
821 1372 1027 1414 librorum
1061 1371 1348 1426 inscriptione
1380 1372 1456 1412 aut
1480 1383 1671 1412 numero.
1718 1369 1830 1413 Post
1849 1369 2075 1412 Historias

283 1449 483 1506 sequitur
532 1445 735 1491 Cornelii
779 1446 934 1489 Taciti
977 1447 1282 1489 illustrissimi
1320 1445 1533 1489 historici
1570 1447 1626 1488 de
1664 1449 1759 1489 situ
1798 1445 2000 1489 moribus
2028 1447 2076 1488 et

283 1524 463 1578 populis
488 1520 772 1568 Germaniae
801 1521 980 1565 libellus
1001 1534 1185 1565 aureus·
1235 1520 1397 1564 Ultimo
1419 1522 1519 1565 loco
1541 1523 1690 1564 exstat
1714 1518 1919 1564 Cornelii
1939 1522 2076 1564 taciti

285 1601 451 1659 equitis
481 1596 683 1642 Romani
713 1598 925 1655 dialoyus
956 1598 1011 1640 de
1044 1597 1306 1640 oratoribus
1337 1597 1491 1641 claris.

397 1709 444 1753 2.
483 1710 675 1752 Editio
713 1709 1017 1753 Francisci
1057 1709 1384 1765 Puteolani,
1426 1710 1566 1751 forma
1596 1710 1801 1764 maxima,
1844 1710 1940 1752 sine
1970 1709 2074 1751 anni

285 1786 458 1842 locique
489 1785 671 1840 indicio,
703 1771 788 1828 sed
814 1786 972 1828 emissa
992 1784 1239 1832 Mediolani
1270 1787 1372 1839 post
1393 1797 1553 1827 annum
1579 1781 1731 1827 1476.
1778 1783 1984 1827 Praefixa
2005 1786 2076 1827 est

285 1861 495 1904 salutatio
540 1861 602 1903 ita
643 1861 878 1916 inscripta:
924 1858 1206 1904 Franci-scus
1249 1858 1539 1903 Puteolanus
1583 1858 1748 1902 Iacobo
1794 1858 2075 1919 Antiquario

286 1935 443 1980 ducali
485 1933 753 1980 Secretario
796 1933 898 1979 Sal.
957 1921 1195 1977 Annalium
1235 1939 1443 1991 quantum
1485 1938 1589 1978 tunc
1630 1936 1855 1992 cognitum
1894 1939 1991 1978 erat
2031 1936 2076 1978 et

286 2002 511 2054 Historiae
541 2011 842 2054 inscribuntur
871 2013 976 2053 ante
1006 2011 1208 2067 singulos
1231 2011 1388 2053 libros:
1423 2007 1631 2054 Cornelii
1656 2009 1812 2054 Taciti
1834 2009 2076 2054 Historiae

284 2083 526 2144 Auyustae
568 2085 683 2129 liber
711 2084 805 2128 ΧΙ.
839 2083 1088 2129 Actionum
1119 2086 1416 2129 diurnalium.
1477 2085 1538 2127 Et
1568 2087 1632 2129 sic
1665 2098 1802 2143 usque
1832 2085 1890 2128 ad
1919 2086 2074 2129 librum

287 2161 419 2216 XVI,
456 2163 541 2204 nisi
581 2160 699 2219 quod
734 2162 846 2204 libro
877 2161 990 2204 XIV
1021 2163 1063 2204 et
1096 2160 1184 2204 XV
1223 2161 1338 2204 hunc
1369 2162 1601 2204 verborum
1635 2161 1829 2203 ordinem
1868 2161 2075 2217 praebet:

291 2233 495 2281 Cornelii
518 2236 676 2281 Taciti
695 2235 945 2280 Actionum
966 2236 1251 2280 diurnalium
1280 2236 1503 2280 historiae
1524 2234 1766 2293 Auyustae
1792 2237 1907 2279 liber
1926 2239 2011 2280 cet.
2031 2238 2077 2278 et

288 2311 403 2370 quod
440 2313 484 2354 in
525 2312 733 2355 Historiis
780 2325 858 2367 pro
900 2310 1151 2355 Actionum
1193 2313 1318 2367 ponit
1346 2309 1583 2354 Actorum.
1639 2312 1933 2354 Historiarum
1978 2312 2075 2355 libri

293 2389 457 2444 primus
487 2390 531 2430 et
562 2386 785 2431 secundus
815 2389 860 2430 in
891 2400 1019 2429 unum
1051 2386 1225 2430 confusi
1248 2390 1371 2443 sunt,
1402 2387 1558 2443 quibus
1578 2387 1793 2430 absolutis
1813 2389 1961 2430 monet
1982 2386 2077 2430 Pu-

292 2463 519 2506 teolanus:
559 2461 1006 2519 septimusdecimus
1036 2465 1083 2504 et
1113 2462 1508 2505 octavusdecimus
1539 2460 1718 2518 confusi
1754 2463 1893 2506 simul
1920 2463 2077 2521 empli-

293 2540 434 2581 ciunt.
483 2534 762 2594 Sequuntur:
798 2533 1001 2581 Cornelii
1036 2536 1191 2580 Taciti
1222 2540 1421 2596 aequitis
1444 2536 1644 2580 Romani
1674 2538 1884 2596 dialoyus
1913 2552 1976 2582 an
2005 2541 2079 2583 sui

292 2613 468 2658 saeculi
497 2616 705 2656 oratores
736 2612 1072 2671 antiquioribus
1103 2615 1149 2655 et
1170 2625 1311 2671 quare
1332 2613 1600 2655 concedant.
1623 2633 1676 2641 —
1704 2611 1813 2656 Iulii
1832 2612 2080 2671 Ayricolae

292 2691 391 2731 vita
434 2701 517 2746 per
558 2685 824 2731 Cornelium
865 2686 1083 2730 Tacitum
1127 2690 1226 2731 eius
1266 2700 1484 2745 yenerum
1520 2691 1779 2731 castissime
1813 2692 2080 2746 composita.

293 2764 568 2807 Puteolanus
598 2765 641 2805 in
673 2762 958 2806 emendandis
990 2763 1186 2818 plurimis
1215 2761 1422 2804 editionis
1448 2758 1677 2818 Spirensis
1706 2763 1874 2807 mendis
1903 2763 2081 2809 adiutus
2129 2758 2131 2760 ’

293 2841 362 2883 est
399 2838 571 2894 codice,
613 2840 684 2895 qui
723 2839 963 2882 simillimus
1003 2838 1086 2879 fuit
1124 2837 1494 2895 Guelferbytano.
1554 2838 1606 2880 In
1645 2840 1868 2882 nonnullis
1901 2841 2079 2897 proprio

292 2913 476 2970 Iudicio,
506 2917 732 2970 assumpto
763 2914 928 2958 laboris
950 2914 1074 2957 socio
1095 2912 1342 2956 Berardino
1365 2913 1597 2967 Lanterio‚
1626 2913 1825 2957 Tacitum
1847 2915 2080 2959 emendare

291 3001 427 3034 ausus
456 2991 537 3033 cst.

404 3099 450 3144 3.
494 3101 688 3145 Editio
735 3101 990 3158 Philippi
1032 3102 1328 3156 Beroaldi,
1374 3101 1512 3143 forma
1554 3102 1749 3144 maxima.
1793 3103 2076 3148 Inscribitur:

291 3174 346 3219 P.
380 3173 584 3220 Cornelii
617 3175 773 3219 Taciti
814 3176 920 3219 libri
950 3180 1143 3235 quinque
1173 3179 1354 3220 noviter
1382 3178 1562 3219 inventi
1592 3179 1729 3235 atque
1760 3189 1862 3220 cum
1892 3179 2080 3239 reliquis

290 3254 388 3301 eius
426 3251 636 3309 operibus
678 3252 804 3294 editi·
866 3250 1043 3294 Romae
1086 3255 1299 3308 impressi
1342 3263 1425 3308 per
1461 3250 1743 3308 Maqistrum
1784 3251 2080 3307 Stephanum

292 3322 541 3369 Guillereti
570 3326 626 3369 de
655 3324 963 3383 Lothorinqia
980 3350 1007 3359 -
1024 3352 1050 3362 -
1067 3339 1190 3369 anno
1222 3321 1470 3368 M.D.XV.
1497 3323 1575 3368 ΚΖ.
1607 3324 1787 3369 Martii.
1833 3327 2082 3373 Beroaldus

289 3401 333 3442 in
364 3401 584 3456 prioribus
614 3400 851 3444 Annalium
880 3401 1005 3445 libris
1036 3404 1140 3444 tunc
1172 3401 1351 3457 primum
1383 3412 1439 3443 ex
1471 3398 1627 3444 codice
1647 3403 1877 3457 expressis
1897 3403 2084 3463 egregia
