2254 3770
694 332 848 377 LIBER
875 331 959 376 xv.
1003 331 1105 389 cap.
1135 332 1201 375 36.
1233 331 1301 376 37.
1814 329 1891 373 5η

126 447 300 485 cunctas
343 440 424 484 sibi
468 453 593 484 curas
636 452 782 483 amore
826 438 986 496 patriae
1030 437 1213 482 leviores
1256 437 1465 482 dictitans.
1514 437 1674 480 vidisse
1715 442 1898 480 maestos

126 515 282 559 civium
311 515 468 565 vultus,
510 515 659 558 audire
696 520 884 558 secretas
914 513 1223 571 querimonias,
1265 513 1380 570 quod
1416 518 1576 556 tantum
1603 512 1681 554 iter
1708 510 1900 554 aditurus

126 597 259 641 esset,
302 590 425 635 cuius
462 604 516 633 ne
555 589 747 633 modicos
785 589 959 647 quidem
997 602 1198 646 egressus
1236 587 1483 639 tolerarent,
1526 587 1635 630 sueti
1673 586 1901 630 adversum

126 665 293 709 fortuita
331 671 507 722 aspectu
544 664 748 722 principis
781 663 974 707 refoveri.
1019 677 1121 720 ergo
1158 669 1204 706 ut
1242 663 1281 705 in
1311 663 1486 720 privatis
1515 660 1902 710 necessitudinibus

125 740 319 799 proxima
348 740 525 797 pignora
553 738 869 796 praevalerent,
901 739 957 782 ita
983 739 1028 781 in
1054 753 1100 781 re
1125 753 1166 796 p.
1198 738 1404 795 populum
1433 740 1667 782 Romanum
1695 737 1780 780 vim
1809 735 1934 794 plu-⁵

125 815 275 859 rimam
297 814 457 858 babere
477 813 803 872 parendumque
818 813 1027 857 retinenti.
1058 812 1165 856 haec
1185 819 1314 871 atque
1329 813 1427 857 talia
1444 813 1559 871 plebi
1575 812 1758 856 volentia
1771 811 1902 861 suere,

127 890 390 948 voluptatum
419 889 618 947 cupidine
648 895 709 939 et,
741 902 853 946 quae
880 888 1115 946 praecipua
1134 902 1236 932 cura
1257 894 1341 938 est,
1373 889 1435 931 rei
1455 887 1753 932 frumentariae
1774 900 1907 944 angu-

127 965 247 1016 stias,
278 965 316 1008 si
346 965 535 1015 abesset,
566 965 784 1008 metuenti.
829 970 1003 1007 senatus
1033 970 1076 1006 et
1104 963 1314 1020 primores
1342 963 1384 1005 in
1414 963 1576 1008 incerto
1596 970 1726 1014 erant,
1757 960 1907 1020 procul

129 1054 183 1084 an
219 1053 364 1084 coram
403 1039 588 1083 atrocior
627 1038 877 1082 haberetur:
922 1037 1093 1087 dehinc,
1135 1052 1247 1095 quae
1285 1045 1436 1082 natura
1472 1039 1637 1096 magnis
1674 1038 1906 1089 timoribus,

129 1115 317 1159 deterius
357 1114 590 1159 credebant
618 1114 734 1172 quod
764 1120 977 1157 evenerat.
1023 1113 1104 1169 (37)
1140 1114 1232 1171 ipse
1262 1127 1349 1172 quo
1377 1113 1509 1157 fidem
1535 1114 1781 1172 acquireret
1807 1113 1958 1157 nihilis

130 1203 312 1248 usquam
340 1189 520 1247 perinde
550 1189 706 1233 laetum
736 1188 835 1239 sibi,
869 1187 1049 1246 publicis
1073 1187 1180 1232 locis
1208 1195 1374 1232 struere
1395 1189 1588 1233 convivia
1606 1196 1779 1247 totaque
1798 1189 1907 1233 urbe

130 1265 253 1323 quasi
283 1265 412 1308 domo
440 1258 516 1307 uti.
547 1271 590 1308 et
619 1263 924 1308 celeberrimae
954 1262 1056 1306 luxu
1085 1263 1281 1321 famaque
1311 1263 1462 1322 epulae
1491 1264 1628 1315 fuere,
1661 1278 1769 1323 quas
1794 1279 1818 1309 a
1841 1265 1908 1309 Ti-

131 1339 275 1398 gillino
304 1346 473 1397 paratas
502 1346 550 1383 ut
578 1338 819 1397 exemplum
845 1338 1044 1389 referam,
1075 1352 1130 1382 ne
1161 1338 1334 1396 saepius
1354 1338 1505 1383 eadem
1525 1339 1792 1397 prodigentia
1812 1354 1909 1383 nar-

130 1414 265 1459 randa
293 1415 359 1458 sit.
402 1414 529 1473 igitur
557 1414 600 1457 in
630 1420 779 1471 stagno
801 1413 1012 1471 Agrippae
1042 1413 1270 1458 fabricatus
1299 1421 1366 1458 est
1393 1420 1538 1465 ratem,
1569 1416 1638 1459 cui
1662 1416 1911 1473 superposi-

131 1497 220 1534 tum
261 1489 502 1534 convivium
538 1490 707 1532 navium
742 1488 917 1532 aliarum
949 1495 1083 1532 tractu
1111 1495 1367 1533 moveretur.
1410 1503 1542 1534 naves
1572 1504 1678 1534 auro
1706 1497 1750 1534 et
1777 1491 1909 1535 ebore
1923 1501 1959 1531 ⁴⁵

132 1565 379 1617 distinctae;
409 1564 681 1622 remigesque
711 1563 864 1608 exoleti
895 1577 974 1622 per
1003 1570 1164 1608 aetates
1194 1570 1236 1608 et
1255 1564 1475 1609 scientiam
1494 1564 1714 1610 libidinum
1735 1580 1911 1624 compo-

133 1641 354 1684 nebantur.
398 1639 596 1683 volucres
633 1646 676 1682 et
710 1639 821 1683 feras
850 1639 1033 1682 diversis
1062 1652 1087 1682 e
1117 1639 1242 1682 terris
1273 1646 1315 1682 et
1352 1639 1548 1683 animalia
1578 1642 1704 1685 maris
1735 1642 1910 1686 Oceano

134 1715 330 1773 abusque
359 1715 576 1773 petiverat.
606 1714 896 1772 crepidinibus
925 1714 1059 1772 stagni
1088 1713 1307 1772 lupanaria
1328 1715 1520 1759 astabant
1540 1715 1773 1760 illustribus
1792 1716 1912 1761 femi-

135 1789 460 1848 niscompleta,
493 1796 535 1833 et
563 1795 710 1834 contra
739 1796 880 1833 scorta
907 1789 1155 1833 visebantur
1183 1789 1308 1833 nudis
1339 1790 1606 1848 corporibus.
1652 1791 1738 1835 iam
1767 1799 1912 1850 gestus

202 1925 233 1956 4.
257 1926 374 1956 mestos
395 1924 429 1957 M
454 1942 489 1947 —
514 1924 546 1956 2.
571 1923 634 1956 iter
657 1925 701 1957 G:
727 1932 797 1956 om.
823 1924 876 1961 M;
900 1924 1028 1956 itineris
1051 1924 1213 1956 Heinsius
1237 1922 1316 1956 coll.
1340 1933 1371 1956 c.
1398 1923 1451 1956 30.
1476 1925 1724 1958 Accusativum
1747 1925 1915 1968 praetuli-

136 1988 215 2013 mus
244 1981 390 2022 propter
417 1978 529 2011 verba
558 1979 718 2021 opposita
746 1979 890 2011 modicos
920 1987 1078 2021 opressus.
1107 1997 1143 2003 —
1174 1980 1353 2013 auditurus
1374 1980 1408 2013 M
1431 1997 1467 2003 —
1498 1981 1530 2013 ὅ.
1554 1982 1592 2013 in
1612 1990 1651 2014 re
1671 1990 1708 2022 p.
1734 1982 1915 2016 Wurmius

137 2034 273 2078 (collato
295 2033 543 2077 supplemento
558 2033 731 2067 Orelliano
747 2035 801 2074 42,
819 2035 870 2075 6):
895 2043 966 2067 om.
983 2036 1017 2068 M
1042 2052 1078 2059 -
1103 2035 1134 2068 6.
1157 2036 1280 2068 volenti
1303 2035 1503 2069 Rhenanus.
1527 2054 1561 2059 —
1587 2037 1619 2069 7.
1643 2038 1868 2079 frumentaria
1882 2039 1917 2073 M

136 2109 174 2116 —
201 2092 255 2125 40.
278 2094 456 2124 euenerant
478 2099 655 2133 superscr.
680 2094 692 2123 t
714 2090 838 2123 litteris
860 2094 898 2124 nt
918 2091 952 2125 M
976 2108 1013 2115 —
1038 2091 1140 2124 nichil
1161 2092 1194 2125 M
1219 2109 1254 2115 -
1282 2092 1335 2124 42.
1358 2091 1564 2126 celeberrime
1584 2094 1617 2127 M
1636 2112 1672 2117 —-
1696 2095 1860 2141 epulaeM
1877 2112 1914 2118 —

138 2149 287 2191 Tigillino
309 2156 394 2181 nos:
421 2148 566 2190 tiyeuino
589 2149 633 2181 M.
657 2146 746 2181 Vide
769 2147 815 2180 ad
836 2157 872 2191 p.
890 2147 966 2189 475,
983 2148 1015 2180 7.
1043 2166 1080 2172 —
1108 2148 1161 2181 43.
1185 2149 1372 2190 &templum
1396 2150 1437 2182 G:
1466 2146 1618 2192 exempli
1642 2151 1676 2185 M
1701 2169 1738 2175 —
1762 2152 1918 2193 sepinsu

140 2222 176 2229 —
195 2205 247 2237 45.
270 2203 366 2250 ebore
387 2204 421 2237 M
442 2221 486 2228 —
509 2203 561 2236 46.
587 2204 735 2237 distincto
757 2205 791 2238 M
809 2222 844 2228 -
865 2212 966 2245 pares
988 2207 1095 2238 aetate
1117 2207 1148 2237 et
1168 2205 1305 2238 scientia
1326 2205 1490 2239 Heinsius
1524 2225 1567 2230 —
1590 2207 1642 2239 49.
1666 2207 1736 2240 iam
1756 2209 1858 2242 [estus
1869 2209 1916 2242 Μ.

139 2316 362 2349 senatoribus
384 2315 553 2348 iudicium
576 2318 667 2356 erat,
700 2317 794 2349 totus
821 2315 867 2349 ab
891 2317 1006 2359 impe-

1055 2326 1173 2358 campo
1194 2318 1246 2350 vel
1267 2319 1356 2350 circo
1376 2320 1548 2359 mamimo,
1571 2320 1659 2352 inter
1670 2324 1856 2354 scortorum
1869 2325 1921 2354 to-

140 2367 265 2400 ratoris
288 2365 465 2399 voluntate
488 2365 679 2408 pendebat.

1056 2368 1122 2400 tius
1141 2367 1234 2400 urbis
1255 2371 1286 2400 et
1307 2367 1566 2401 ambubaiarum
1587 2370 1783 2404 ministeria.
1807 2389 1852 2396 —
1873 2375 1922 2405 to-

206 2440 259 2474 36.
285 2441 407 2473 omissa
421 2458 471 2465 --
485 2440 621 2483 Achaia]
644 2442 679 2473 in
704 2449 810 2482 quam
834 2441 1008 2484 profectu—

145 2499 205 2524 rus
229 2492 305 2524 erat
326 2491 422 2524 vocis
445 2491 676 2524 ostentandae
699 2492 808 2532 gratia
823 2493 867 2534 (c.
885 2492 950 2533 33).
970 2509 1005 2515 -

145 2541 259 2574 Vestae
281 2539 421 2582 quoque]
443 2542 631 2582 postquam
646 2542 784 2574 ceteros
800 2541 887 2574 deos
903 2542 1010 2574 deas-

144 2599 214 2632 que
238 2592 429 2623 veneratus
453 2591 540 2623 erat.
571 2591 644 2623 Cic.
668 2591 710 2623 N.
734 2591 775 2623 D.
791 2592 813 2623 2
835 2591 856 2632 S
872 2592 929 2624 67:
958 2593 1012 2624 Vns

145 2644 256 2673 autem
277 2641 346 2673 eins
363 2641 512 2683 (Vestae)
537 2641 581 2672 ad
603 2649 683 2673 aras
703 2644 733 2673 et
746 2641 836 2682 focos
849 2642 991 2683 pertinet
999 2651 1010 2680 ,-

143 2691 257 2731 itaquo
277 2692 313 2723 in
336 2699 378 2724 σα
400 2691 478 2731 dea,
504 2699 588 2731 qnae
609 2694 656 2724 est
675 2699 790 2724 rerum
804 2695 911 2724 custos
931 2693 1012 2725 inti-

143 2750 293 2781 marum,
318 2742 423 2774 omnis
444 2745 474 2774 et
496 2742 645 2782 precatio
667 2744 698 2774 et
720 2743 921 2784 sacrificatio
943 2752 1012 2775 ea>-

145 2795 277 2824 trema
298 2795 354 2825 est.
375 2809 411 2814 —
430 2801 613 2833 numquam
629 2793 746 2825 timore
759 2792 895 2834 vacuus]
920 2793 1010 2826 Infra

148 2841 202 2881 46,
221 2842 261 2874 45
285 2850 366 2874 eum
382 2842 545 2882 pavidum
567 2850 694 2882 semper
715 2841 821 2875 fuisse
838 2842 949 2876 tradit.
972 2860 1008 2866 -

147 2894 284 2923 cunctas
305 2907 325 2914 —
347 2892 458 2932 curas]
482 2892 618 2931 omnia,
644 2899 734 2933 quae
750 2891 817 2924 sibi
833 2901 939 2925 curae
955 2901 1014 2925 es-

148 2941 238 2973 sent.
265 2958 300 2963 —
332 2941 449 2973 vidisse
476 2944 618 2973 maestos
631 2958 682 2966 --
696 2944 830 2982 aspectu
854 2942 1015 2983 principis

145 2989 299 3032 refoveri]
323 2990 447 3023 Addita
468 2991 558 3023 haec
575 2993 658 3024 sunt
671 2992 841 3025 irrisionis
857 3001 962 3025 causa
980 2994 1016 3025 et

149 3039 195 3073 ad
218 3039 484 3082 significandam
505 3042 655 3074 Neronis
683 3042 951 3084 impudentiam.
975 3059 1011 3066 -

147 3089 305 3132 fortuita]
335 3089 493 3122 fortuitos
517 3098 640 3130 casus,
670 3091 867 3124 infortunia.
895 3109 930 3115 —
955 3100 1015 3124 vo-

152 3139 265 3181 lentia]
289 3140 405 3180 grata,
430 3138 594 3172 iucunda.
621 3139 671 3172 Cf.
697 3140 782 3173 Hist.
800 3139 832 3179 3,
849 3140 913 3172 52;
938 3141 1017 3173 Μυ-

152 3190 249 3222 σίαηο
263 3189 409 3221 volentia
421 3189 627 3229 rescripsere.
652 3187 789 3222 Sallust.
807 3190 893 3222 Hist.
907 3189 982 3222 Lib.
996 3189 1016 3223 4

154 3239 207 3272 Fr.
224 3239 286 3272 57:
310 3239 454 3272 volentia
471 3238 558 3279 plebi
579 3238 741 3279 facturus.

197 3314 252 3347 37.
273 3314 411 3355 perinde
431 3313 570 3353 laetum]
601 3314 706 3354 atque
728 3314 764 3346 in
785 3312 875 3346 urbe
898 3321 1017 3346 rema-

156 3371 254 3396 nere.
280 3380 316 3386 —
341 3362 482 3404 publicis
511 3363 591 3395 locis
612 3365 739 3395 struere
759 3362 914 3395 convivia
935 3361 1017 3404 cet.]

154 3412 338 3445 Suetonius
348 3413 430 3445 Ner.
444 3412 506 3444 27:
527 3411 754 3452 cenitabatque
768 3419 1018 3451 nonnumquam

153 3464 185 3495 ot
202 3461 397 3503 inpublico,
419 3461 622 3496 namma
640 3460 1017 3503 proximonum

1057 2421 1157 2458 taque
1169 2418 1261 2460 urbe]
1285 2419 1320 2451 in
1338 2418 1392 2452 his
1409 2420 1577 2453 conviviis
1592 2421 1699 2454 modo
1713 2422 1788 2461 hic.
1813 2422 1920 2456 modo

1057 2466 1125 2500 illic
1148 2468 1183 2499 in
1205 2466 1347 2509 publico
1369 2470 1555 2510 apparatis.
1577 2486 1614 2494 -
1640 2480 1664 2504 α
1687 2471 1838 2514 Tiyillino
1855 2482 1926 2515 paq

1056 2517 1162 2559 ratas]
1186 2518 1237 2550 De
1253 2517 1408 2559 Tigillino
1424 2518 1467 2551 cf.
1486 2518 1539 2560 44,
1556 2520 1594 2552 54
1622 2522 1659 2553 et
1680 2520 1725 2554 de
1748 2522 1860 2564 epulis
1875 2522 1921 2556 ab

1059 2575 1102 2599 eo
1132 2567 1262 2608 paratis
1286 2568 1350 2600 Dio
1374 2568 1428 2607 62,
1452 2569 1506 2601 45.
1533 2586 1569 2592 -
1599 2574 1717 2612 stayno
1744 2571 1923 2615 Αρήρρασ]

1059 2618 1216 2651 Meminit
1237 2617 1362 2650 Strabo
1386 2618 1440 2658 43,
1464 2619 1496 2659 4,
1524 2620 1564 2652 49
1585 2629 1621 2662 p.
1638 2622 1717 2654 590:
1749 2621 1924 2656 ἐντεῦθεν

1059 2666 1116 2709 (ἐκ
1139 2664 1379 2709 Λαμψάκου)
1408 2666 1450 2700 δὲ
1470 2666 1699 2713 μετήνεγκεν
1724 2667 1924 2718 Ἀγριππας

1059 2715 1127 2750 τὸν
1150 2716 1374 2751 πεπτωκότα
1395 2717 1548 2761 λέοντα,
1570 2720 1774 2756 Λυσίππου
1791 2719 1920 2770 ἔργον·

1060 2763 1226 2811 ἀνέθηκε
1254 2766 1296 2801 δὲ
1325 2767 1366 2802 ἐν
1395 2767 1447 2813 τῷ
1476 2765 1587 2804 ἄλσει
1615 2770 1666 2816 τῷ
1689 2771 1832 2816 μεταξὺ
1854 2772 1925 2818 τῆς

1061 2817 1227 2861 λίμνης
1263 2819 1330 2852 καὶ
1357 2818 1425 2853 τοῦ
1456 2815 1624 2867 εὗρίπου.
1659 2823 1759 2857 Idem
1786 2825 1925 2859 videtur

1061 2870 1236 2902 lavacrum
1255 2869 1422 2911 Agrippae
1442 2871 1537 2912 apud
1554 2873 1727 2907 Ammian.
1745 2876 1851 2909 Marc.
1868 2876 1923 2916 29,

1063 2919 1099 2958 6,
1125 2918 1178 2951 49.
1219 2919 1348 2951 Canina
1380 2920 1591 2955 Indicazione
1617 2924 1652 2955 de·
1681 2925 1786 2957 Roma
1813 2926 1927 2959 antica

1063 2977 1098 3010 p.
1116 2966 1197 3000 2⁴4:
1222 2968 1250 2999 Il
1271 2968 1349 3010 layo
1370 2969 1404 3001 di
1424 2969 1575 3012 Agrippa
1596 2973 1624 3006 si
1640 2982 1729 3014 ponc
1749 2975 1927 3008 concordo-

1062 3020 1168 3050 mente
1176 3025 1290 3057 presso
1304 3017 1340 3050 la
1352 3018 1461 3052 chiesa
1474 3021 1509 3052 di
1523 3021 1560 3057 S.
1572 3022 1706 3056 Anao-ea
1720 3024 1806 3057 della
1824 3024 1925 3066 Valle,

1062 3076 1154 3100 come
1176 3067 1205 3099 si
1231 3067 1352 3101 deduce
1373 3069 1465 3102 dalla
1486 3071 1756 3106 denominatione
1776 3075 1832 3106 eho
1852 3074 1928 3108 obbo

1064 3116 1130 3149 tale
1150 3116 1248 3158 luoqo
1263 3125 1328 3158 per
1348 3118 1382 3151 la
1403 3120 1491 3153 valle
1515 3121 1766 3156 evidentemonee
1785 3123 1928 3158 rimasta

1065 3166 1154 3199 dallo
1181 3175 1280 3200 scavo
1307 3169 1404 3209 fauo.
1431 3187 1467 3194 -
1491 3171 1618 3213 ratem]
1653 3173 1795 3206 Festus:
1829 3174 1927 3208 Ram

1064 3219 1229 3248 vocantur
1258 3217 1353 3259 tiana
1385 3219 1562 3261 colliqata,
1597 3229 1683 3261 quae
1711 3230 1773 3262 per
1800 3231 1927 3264 aquam

1066 3267 1231 3307 affantur,
1255 3275 1321 3307 qno
1340 3268 1499 3301 vocabulo
1520 3270 1686 3302 interdum
1707 3271 1806 3304 otiam
1826 3281 1927 3306 naves

1064 3315 1307 3357 significantur.
1331 3317 1448 3359 (Floss,
1470 3318 1626 3360 radoan.)
1651 3336 1688 3342 —
1708 3328 1771 3360 per
1792 3324 1926 3364 aeteus]

1067 3364 1127 3406 qui
1155 3373 1190 3398 v.
1215 3373 1247 3398 c.
1272 3366 1449 3406 sedecim,
1481 3368 1542 3409 qui
1570 3367 1689 3409 viginti
1716 3377 1829 3404 annos
1853 3373 1927 3405 nati

1068 3415 1185 3454 erant,
1216 3423 1287 3448 una
1310 3414 1591 3457 collocabantur,
1622 3417 1670 3450 ita
1690 3419 1731 3451 ut
1750 3419 1842 3453 inter
1863 3429 1926 3455 eos

1066 3461 1162 3498 velut
1175 3464 1273 3506 grata
1287 3463 1444 3506 mdatio
1460 3466 1610 3500 esset.—
1629 3466 1758 3503 Oceano
1767 3468 1925 3514 abactae]
