2254 3770
279 269 333 313 74

758 270 803 313 P.
836 267 1085 313 CORNELII
1113 265 1283 310 TACITI
1311 263 1579 313 ANNALIUM

279 375 437 419 Caesar
455 373 777 434 componendae
797 372 1019 417 Armeniae
1043 371 1252 428 deligitur.
1282 370 1318 413 is
1339 368 1664 419 Ariobarzanen,
1685 369 1850 427 origine
1869 370 2052 421 Medum,

278 449 334 493 ob
363 450 571 505 insignem
591 448 782 507 corporis
813 447 990 490 formam
1018 453 1061 490 et
1088 444 1357 503 praeclarum
1377 443 1566 487 animum
1585 442 1826 488 volentibus
1845 445 2054 490 Armeniis

276 524 490 582 praefecit.
533 523 816 567 Ariobarzane
844 527 981 566 morte
1010 520 1179 564 fortuita
1207 507 1435 576 absumpto
1465 518 1642 576 stirpem
1671 519 1766 563 eius
1803 519 1918 563 haud
1947 519 2056 564 tole-

277 612 445 651 ravere;
466 605 755 656 temptatoque
774 596 954 641 feminae
974 595 1167 653 imperio,
1191 594 1259 638 cui
1281 606 1437 637 nomen
1457 593 1595 644 Erato,
1619 606 1758 652 eaque
1780 593 1897 638 brevi
1917 594 2051 653 pulsa,

245 673 424 718 sincerti
455 672 666 731 solutique
696 678 738 715 et
766 670 898 728 magis
928 670 1020 714 sine
1050 669 1222 713 domino
1260 681 1390 726 quam
1419 669 1460 711 in
1489 666 1685 712 libertate
1721 668 1946 727 profugum
1972 671 2054 714 Vo‘

276 762 417 792 nonen
451 748 493 790 in
527 761 704 805 regnum
733 746 957 803 accipiunt.
994 744 1072 788 sed
1100 744 1174 787 ubi
1205 742 1387 786 minitari
1420 742 1660 786 Artabanus
1699 749 1742 787 et
1771 757 1923 801 pamm
1951 744 2054 789 sub·-

276 822 370 867 sidii
391 823 432 866 in
456 822 682 873 Armeniis,
713 821 796 870 vel,
829 821 864 863 si
885 826 1030 864 nostra
1048 820 1088 862 vi
1110 817 1430 867 defenderetur,
1463 816 1622 861 bellum
1641 817 1852 863 adversus
1872 819 2051 864 Parthos

275 897 527 941 sumendum
557 903 663 946 erat,
696 902 836 940 rector
865 894 1015 953 Syriae
1036 894 1227 938 Creticus
1252 892 1420 937 Silanus
1450 892 1634 936 excitum
1653 894 1848 938 custodia
1868 894 2052 940 circum-

276 973 366 1022 dat,
406 979 602 1016 manente
639 972 739 1014 luxu
768 977 811 1014 et
839 970 957 1027 regio
987 969 1170 1012 nomine.
1215 968 1332 1026 quod
1361 967 1592 1011 ludibrium
1621 974 1668 1012 ut
1697 968 1888 1027 effugere
1917 971 2051 1028 agita-

227 1059 263 1089 ιο
276 1048 383 1091 verit
410 1048 630 1095 Vonones,
662 1047 704 1089 in
733 1045 828 1089 loco
858 1044 1103 1088 reddemus.

388 1122 440 1178 (5)
472 1122 669 1166 Ceterum
698 1120 865 1164 Tiberio
895 1119 1009 1163 haud
1038 1119 1249 1175 ingratum
1279 1117 1434 1161 accidit
1463 1117 1622 1162 turbari
1658 1131 1729 1162 res
1759 1119 1963 1170 Orientis,
2004 1126 2052 1164 ut

275 1211 327 1241 ea
355 1197 500 1255 specie
530 1196 826 1240 Germanicum
854 1195 986 1239 suetis
1015 1193 1254 1251 legionibus
1281 1192 1547 1236 abstraheret
1584 1193 1794 1252 novisque
1821 1194 2051 1252 provinciis

275 1272 518 1329 impositum
537 1270 636 1314 dolo
657 1270 781 1314 simul
802 1276 843 1313 et
862 1269 1033 1313 casibus
1055 1268 1298 1312 obiectaret.
1341 1274 1382 1311 at
1401 1267 1490 1319 ille,
1522 1274 1680 1326 quanto
1701 1268 1869 1313 acriora
1888 1269 1932 1312 in
1951 1283 2051 1313 eum

274 1346 412 1390 studia
440 1346 617 1389 militum
647 1351 689 1389 et
716 1358 866 1389 aversa
895 1345 1031 1402 patrui
1059 1343 1272 1394 voluntas,
1315 1342 1569 1387 celerandae
1599 1343 1801 1387 victoriae
1840 1344 2051 1399 intentior,

226 1427 451 1464 i5tractare
481 1420 739 1478 proeliorum
772 1420 862 1463 vias
909 1425 950 1463 et
988 1432 1098 1477 quae
1137 1418 1218 1462 sibi
1256 1417 1427 1461 tertium
1465 1418 1551 1462 iam
1593 1432 1750 1462 annum
1789 1418 2050 1477 belligeranti

274 1509 401 1539 saeva
420 1494 488 1539 vel
508 1509 715 1553 prospera
734 1495 988 1538 evenissent.
1029 1493 1144 1537 fundi
1167 1493 1401 1536 Germanos
1422 1492 1515 1536 acie
1536 1499 1580 1537 et
1608 1493 1729 1537 iustis
1758 1493 1884 1545 locis,
1915 1494 2051 1542 iuvari

274 1569 405 1620 silvis,
437 1569 680 1627 paludibus,
711 1570 831 1614 brevi
852 1575 1012 1613 aestate
1034 1574 1076 1612 et
1104 1574 1375 1626 praematura
1404 1567 1564 1621 hieme3
1596 1582 1722 1612 suum
1740 1568 1917 1613 militem
1935 1569 2051 1614 haud

273 1645 449 1703 perinde
468 1644 715 1688 vulneribus
745 1658 873 1702 quam
902 1644 1047 1702 spatiis
1077 1644 1298 1695 itinerum,
1330 1643 1485 1687 damno
1504 1657 1721 1688 armorum
1739 1643 1885 1698 adfici;
1914 1644 2050 1690 fessas

315 1802 346 1835 3.
371 1803 543 1843 adsumpto
564 1812 616 1845 pr.
636 1804 668 1836 M
687 1821 722 1826 —
749 1803 780 1835 7.
804 1811 864 1835 nos
885 1802 944 1835 aui
965 1803 998 1836 M
1022 1802 1149 1843 (nostra
1169 1803 1204 1835 υἱ
1226 1801 1358 1843 margo)
1380 1819 1415 1824 —
1442 1801 1495 1833 ⁴2.
1518 1801 1619 1846 specie
1639 1802 1672 1835 M
1689 1819 1725 1824 —
1756 1801 1809 1835 44.
1833 1802 2052 1836 caelerwndae

271 1860 343 1892 M—
363 1860 415 1892 ⁴5.
430 1860 637 1900 praeliorum
652 1861 684 1894 M
702 1877 737 1883 -
765 1860 821 1892 ⁴6.
840 1869 1020 1901 prosperae
1047 1859 1243 1901 (postrema
1266 1858 1381 1891 littera
1404 1859 1536 1900 puncto
1560 1858 1696 1900 notata)
1720 1859 1754 1891 in
1778 1858 1848 1891 fine
1863 1867 1989 1892 versus
2002 1859 2048 1894 Μ.

270 1995 337 2027 Pis.
356 1995 445 2028 Diss.
463 1996 496 2027 2.
515 1996 552 2028 C.
568 1996 599 2028 9.
618 2005 651 2038 p.
669 1996 730 2027 ⁴69
747 1997 872 2028 Graev.
891 1997 995 2037 atque
1012 1997 1137 2038 impri-

271 2045 337 2077 mis
354 2045 506 2077 Visconti
528 2046 762 2087 Iconoqraphie
779 2055 921 2087 yrecque
934 2047 990 2078 111.
1009 2055 1043 2088 p.
1058 2046 1133 2086 305,

271 2095 371 2127 cuius
408 2093 595 2127 dilucidam
634 2096 759 2128 harum
791 2105 911 2128 rerum
942 2097 1136 2129 enarratio—

271 2153 354 2176 nem
367 2144 529 2178 dabimus
542 2146 574 2177 in
589 2146 744 2178 Excursu
756 2146 799 2178 ad
810 2146 917 2178 finem
929 2147 1031 2179 huius
1044 2146 1132 2178 libri.

314 2193 345 2226 4.
384 2194 417 2226 C.
445 2195 581 2234 Caesar]
616 2196 785 2237 Agrippae
821 2197 857 2227 et
890 2194 995 2228 Iuliae
1031 2195 1132 2235 filius,

271 2244 366 2276 Lucii
383 2245 543 2277 Caesaris
568 2245 691 2284 frater,
716 2245 750 2277 in
774 2245 887 2277 reditu
911 2255 954 2278 ex
976 2245 1031 2278 illa
1055 2255 1136 2287 pro-

270 2294 384 2326 vincia
416 2295 574 2326 mortuus
604 2304 636 2327 a.
662 2303 695 2326 u.
723 2304 753 2326 c.
780 2295 851 2327 757.
894 2295 944 2328 Cf.
971 2304 1076 2337 supra
1102 2296 1131 2335 ⁴,

271 2343 302 2375 3.
329 2345 482 2377 Monum.
502 2346 629 2385 Ancyr.
649 2345 685 2376 T.
707 2345 744 2384 V,
770 2345 825 2377 28.
847 2363 882 2367 ——
907 2345 1022 2387 Erato]
1047 2346 1133 2378 Vide

271 2394 476 2426 Excursum.
498 2411 533 2416 —
557 2394 758 2436 Artabanus]
783 2395 841 2435 qui
863 2395 999 2427 Oroden
1025 2394 1133 2428 filium

271 2452 393 2484 regem
418 2444 469 2476 eis
493 2443 599 2475 dedit.
629 2462 664 2467 -—-
690 2445 926 2486 defenderetur]
956 2445 1132 2478 Vonones.

275 2511 310 2516 —
335 2496 443 2524 rector
472 2494 592 2533 Syriae
620 2494 765 2526 Creticus
793 2494 938 2536 Silanus]
974 2495 1059 2527 Vide
1089 2495 1134 2527 ad

272 2552 303 2575 c.
323 2541 374 2575 43.
403 2560 438 2565 —
464 2544 499 2574 in
521 2543 603 2582 loco]
629 2543 713 2579 infra
739 2553 768 2575 c.
789 2544 841 2576 68.
868 2543 1030 2577 Similiter
1046 2545 1132 2578 Hist.

271 2591 303 2631 4,
329 2591 391 2624 64:
416 2601 475 2624 suo
497 2593 578 2624 loco.
604 2594 692 2625 Ann.
718 2594 749 2633 i,
773 2594 833 2626 58:
858 2595 894 2626 in
916 2598 1069 2635 tempore.

316 2643 347 2674 5.
379 2644 473 2674 novis
490 2642 685 2684 provinciis]
721 2645 904 2681 accurate;
940 2653 1009 2676 non
1040 2645 1134 2677 enim

271 2692 330 2724 uni
361 2692 558 2733 provinciae
590 2693 829 2734 praepositus,
863 2693 926 2725 sed
957 2694 1132 2733 omnibus,

272 2750 362 2783 quae
394 2742 427 2773 in
461 2741 617 2780 Oriente,
643 2743 716 2774 sive
740 2744 778 2774 ut
801 2751 832 2774 c.
858 2742 898 2775 43
923 2743 1022 2783 dicit,
1051 2753 1135 2784 quae

270 2793 358 2824 mari
375 2792 592 2831 dividuntur,
619 2801 699 2824 cum
717 2793 863 2834 imperio
880 2793 1131 2835 proconsulari.

270 2842 353 2874 Eum.
403 2842 567 2873 Ceterum
600 2843 711 2874 totum
742 2843 835 2874 hunc
859 2843 983 2875 Tiberii
1015 2843 1134 2876 dolum

270 2890 441 2923 adversus
476 2890 584 2923 filium
618 2892 663 2923 ita
698 2892 948 2934 interpretatur
976 2893 1136 2926 adulator

272 2939 422 2973 Velleius
445 2941 483 2978 2,
518 2941 596 2972 ⁴29:
639 2942 769 2981 Quanto
797 2951 874 2974 cum
902 2943 1023 2975 honore
1057 2944 1135 2976 Ger-

270 2991 438 3022 manicum
465 2999 561 3022 sumn
590 2991 625 3022 in
659 2993 904 3023 transmarinas
937 2994 1028 3025 misit
1056 3002 1136 3034 pro-

270 3041 417 3072 vincias!
445 3058 481 3062 —
507 3043 631 3080 quanto
655 3042 791 3073 acriora
806 3059 852 3064 --
868 3045 899 3074 et
921 3042 1049 3083 aversa]
1084 3044 1135 3075 De

272 3091 418 3131 positivo
441 3091 557 3122 iuncto
585 3098 666 3121 cum
690 3092 924 3131 comparativo
948 3092 991 3124 cf.
1017 3093 1049 3131 3,
1075 3091 1132 3124 43:

272 3143 394 3180 quanto
417 3141 535 3171 civitas
557 3140 740 3180 opulentior
762 3143 792 3172 et
807 3142 1040 3181 comprimendi
1057 3152 1137 3183 pro—

271 3190 324 3220 cul
334 3191 550 3230 praesidium.
566 3206 601 3212 -
619 3189 785 3231 intentior]
804 3191 947 3230 omisso,
963 3193 1000 3223 ut
1014 3201 1132 3234 saepe,

272 3237 421 3270 ablativo
455 3242 558 3271 tanto.
600 3238 649 3271 Cr.
676 3238 715 3279 3,
741 3238 794 3271 43,
826 3239 862 3278 4,
888 3240 940 3272 69.
991 3241 1073 3273 Ηίει.
1100 3241 1132 3281 3,

274 3289 324 3320 48.
351 3289 402 3320 58.
432 3308 466 3312 -
500 3291 647 3321 tractare
672 3290 878 3329 proeliorum
899 3289 984 3331 vias]
1021 3293 1135 3331 «cogi—

1185 1995 1312 2028 liorum
1334 1995 1487 2029 ineunda
1511 1997 1625 2035 esset,
1651 1997 1673 2029 i.
1692 2005 1724 2028 e.
1743 1997 1856 2028 totum
1871 1994 1954 2029 belli
1971 2005 2053 2029 con-

1185 2045 1299 2079 silium
1329 2045 1525 2078 meditari.»
1572 2046 1622 2078 Cf.
1655 2046 1727 2078 Liv.
1760 2045 1819 2085 38,
1856 2046 1917 2079 48:
1957 2047 2053 2079 deam

1185 2096 1340 2128 Romanis
1350 2096 1443 2127 viam
1458 2095 1531 2138 belli
1546 2098 1578 2127 et
1588 2095 1766 2128 victoriam
1780 2096 1872 2128 dare.
1891 2095 2049 2137 Thucyd.

1186 2147 1216 2183 4,
1244 2145 1322 2177 422ῑ
1349 2141 1568 2191 ὑπάρχουσι
1589 2143 1630 2178 δὲ
1652 2146 1718 2178 καὶ
1740 2141 1854 2179 ἄλλαι
1877 2141 1962 2179 ὁδοὶ
1981 2143 2050 2179 τοῦ

1185 2193 1354 2238 πολέμου
1378 2191 1484 2238 ἡμῖν,
1509 2192 1722 2238 ξυμμάχων
1744 2205 1784 2228 τε
1807 2192 2052 2237 ἀπόστασις-

1184 2245 1280 2277 -καὶ
1301 2242 1562 2287 ἐπιτειχισμὸς
1585 2243 1629 2292 τῇ
1653 2243 1761 2292 χώρᾳ
1783 2241 1881 2278 ἄλλα
1907 2256 1947 2279 τε
1974 2241 2052 2279 ὅσα

1185 2291 1255 2328 οὐκ
1284 2290 1335 2327 ἄν
1364 2305 1421 2336 τις
1449 2293 1518 2328 νῦν
1546 2293 1708 2342 προΐδοι.
1742 2314 1779 2319 -
1815 2297 1952 2329 tertium
1981 2298 2053 2335 iam

1185 2354 1311 2377 annum
1326 2344 1543 2387 belliqeranti]
1569 2345 1797 2378 Germanicus
1819 2347 1900 2388 post
1922 2354 2053 2379 consu-

1184 2394 1292 2427 latum
1316 2396 1360 2436 (a.
1386 2404 1420 2427 u.
1447 2395 1523 2436 765)
1555 2396 1589 2428 in
1620 2395 1710 2428 urbe
1738 2397 1877 2437 gestum
1906 2397 1942 2429 in
1965 2397 2052 2429 Ger-

1186 2445 1340 2477 maniam
1369 2445 1552 2487 profectus
1576 2447 1648 2486 est,
1681 2447 1760 2479 octo
1788 2444 1983 2487 legionibus
2005 2445 2051 2478 ad

1184 2495 1345 2527 Rhenum
1370 2495 1414 2527 ab
1438 2496 1595 2536 Augusto
1618 2504 1650 2528 a.
1675 2505 1710 2528 u.
1732 2496 1795 2529 766
1817 2495 2049 2538 praepositus.

1185 2545 1248 2577 Dio
1271 2546 1326 2584 56,
1352 2545 1404 2577 26.
1437 2546 1510 2577 Nec
1533 2546 1652 2578 tamen
1675 2545 1720 2578 ab
1744 2545 1820 2579 eius
1850 2546 1885 2578 in
1914 2545 2054 2588 provin-

1185 2595 1275 2627 ciam
1299 2594 1452 2627 adventu
1477 2604 1588 2627 annos
1610 2594 1686 2628 illos
1709 2597 1782 2629 tres
1797 2596 1935 2629 Tacitus
1951 2603 2053 2629 com-

1186 2645 1333 2686 putavit,
1363 2644 1427 2678 sed
1450 2644 1588 2678 bellum
1609 2645 1754 2678 demum
1777 2654 1809 2678 a.
1834 2654 1869 2678 u.
1894 2645 1958 2678 767
1979 2647 2053 2678 Au-

1186 2696 1287 2735 gusto
1325 2696 1465 2727 mortuo
1503 2696 1709 2737 susceptum
1752 2696 1806 2728 est
1843 2695 1878 2727 et
1913 2695 2052 2737 gestum

1185 2753 1299 2785 usque
1323 2744 1366 2776 ad
1392 2745 1486 2776 hunc
1509 2753 1640 2777 annum
1666 2745 1764 2786 (769).
1803 2745 1924 2787 ltaque
1951 2752 2052 2777 more

1186 2793 1279 2836 apud
1296 2794 1458 2836 antiquos
1473 2795 1666 2839 scriptores
1682 2793 1783 2828 solito
1799 2802 1930 2827 annum
1945 2802 2053 2836 prae-

1186 2846 1323 2876 sentem
1339 2844 1373 2876 in
1391 2844 1690 2886 computationem
1706 2844 1851 2886 recepit.
1871 2844 2048 2876 Binan.—

1184 2894 1280 2926 iustis
1301 2894 1390 2935 locis]
1421 2893 1557 2926 idoneis
1587 2893 1633 2926 ad
1655 2893 1903 2935 pugnandum.
1933 2892 2050 2935 qualia

1186 2945 1268 2975 sunt
1305 2952 1438 2985 aequa,
1478 2942 1601 2985 plana,
1639 2944 1809 2985 patentia,
1849 2941 1944 2976 silvis
1980 2951 2050 2976 non

1186 2993 1329 3033 vestita,
1369 3001 1438 3025 non
1474 2992 1661 3034 paludibus
1695 2993 1840 3031 intesta3
1880 2991 2048 3031 breviter,

1188 3042 1247 3074 uhi
1281 3044 1370 3075 iusta
1405 3043 1499 3075 acies
1537 3042 1661 3075 instrui
1694 3043 1821 3084 potest.
1856 3060 1892 3066 -
1929 3043 2051 3075 damno

1186 3092 1368 3134 armorum]
1401 3092 1495 3125 unde
1531 3092 1562 3132 4,
1595 3093 1631 3125 7⁴
1670 3093 1716 3124 ad
1741 3092 1922 3134 ,implenda
1949 3100 2050 3124 civer-

1186 3145 1270 3175 citus
1292 3144 1416 3175 damna
1439 3142 1545 3174 etiam
1560 3151 1659 3175 aima
1674 3151 1694 3174 a
1711 3141 1826 3175 Galliis
1840 3142 1909 3175 cet.
1933 3141 2049 3175 oblata

1186 3193 1278 3224 sunt.
1314 3210 1349 3215 —
1379 3192 1623 3234 possessionem]
1658 3192 1947 3234 occupationem,
1985 3192 2050 3225 Be-

1186 3243 1384 3282 sitznahme,
1421 3243 1459 3275 ut
1492 3244 1573 3283 Agr.
1605 3242 1664 3275 ⁴8:
1705 3242 1800 3274 cuius
1831 3241 1942 3274 insula
1967 3251 2049 3284 pos-

1185 3294 1322 3324 sessione
1351 3295 1552 3326 revocatum.
1591 3293 1663 3324 Liv.
1695 3292 1756 3332 33,
1792 3291 1854 3324 4⁴:
1891 3293 1928 3325 in
1960 3302 2050 3326 nova

274 3339 347 3369 tare
377 3340 411 3370 et
439 3338 567 3380 quibus
595 3338 660 3371 viis
684 3338 729 3370 ad
752 3337 891 3370 hostem
923 3340 957 3370 et
983 3348 1134 3381 pugnam
1180 3344 1379 3382 possessione
1401 3344 1508 3384 regni.
1537 3359 1572 3366 -
1597 3340 1774 3384 intem-um]
1798 3340 1950 3382 viribus,
1978 3350 2048 3376 non

274 3388 450 3428 perveniri
473 3389 594 3429 posset
617 3390 652 3421 et
675 3396 766 3429 quae
783 3387 837 3420 via
860 3397 903 3420 ac
926 3389 1013 3421 ratio
1028 3397 1134 3431 proe-
1184 3391 1315 3424 fessum
1338 3391 1449 3434 longis
1472 3393 1508 3425 et
1530 3391 1707 3435 impeditis
1729 3389 1926 3425 itineribus.
