2254 3770
663 287 819 331 LIBER
845 286 914 330 xl.
960 285 1060 343 cap.
1090 283 1158 328 3⁴.
1188 284 1256 329 32.
1285 254 1353 328 aa.
1382 283 1450 328 34.
1879 283 1962 327 337

182 395 468 441 dilabentibus
497 393 673 438 adsuere
703 392 990 443 centuriones,
1022 390 1242 449 inditaque
1273 397 1371 435 sunt
1397 389 1554 442 vincla,
1587 397 1633 434 ut
1653 389 1750 448 quis
1770 391 1962 448 reperie-

182 472 304 516 batur
332 471 374 514 in
405 469 577 528 publico
607 475 680 528 aut
708 482 786 526 per
816 467 1009 511 latebras.
1054 466 1280 510 Messalina
1308 474 1467 519 tamen,
1499 480 1759 525 quamquam
1789 481 1859 510 res
1883 467 1960 511 ad-

180 559 332 591 versae
361 544 584 590 consilium
615 544 866 594 eximerent,
902 543 965 586 ire
995 542 1165 586 obviam
1194 549 1237 585 et
1265 543 1396 600 aspici
1427 556 1452 585 a
1482 542 1649 593 marito,
1681 541 1798 600 quod
1829 556 1960 601 saepe

180 621 419 666 subsidium
458 619 682 670 babuerat,
724 618 838 662 haud
868 618 1055 675 segniter
1083 616 1278 668 intendit,
1322 617 1521 675 misitque
1551 617 1890 662 utBritannicus
1919 624 1962 661 et

180 696 357 742 Octavia
385 696 427 738 in
458 694 727 752 complexum
752 687 883 751 patris
902 700 1143 750 pergerent.
1189 698 1232 735 et
1252 691 1469 743 Vibidiam,
1500 692 1710 750 virginum
1730 692 1991 737 Vestalium5

179 771 526 821 vetustissimam,
559 770 696 813 oravit
715 767 926 827 pontificis
948 768 1116 810 maximi
1138 781 1266 811 aures
1287 767 1422 818 adire,
1454 767 1723 812 clementiam
1744 775 1959 826 expetere.

179 854 306 905 atque
329 846 512 897 interim,
534 845 670 888 tribus
691 844 864 888 omnino
884 843 1182 887 comitantibus
1204 870 1255 877 —-
1277 842 1318 886 id
1341 851 1516 901 repente
1537 843 1776 888 solitudinis
1797 851 1887 887 erat
1906 869 1962 875 -

180 923 365 980 spatium
405 921 524 965 urbis
562 920 746 978 pedibus
795 933 987 976 emensa,
1032 917 1248 968 vehiculo,
1296 932 1382 977 quo
1426 926 1703 976 purgamenta
1742 918 1960 963 hortorum

180 998 465 1055 excipiuntur,
498 997 739 1040 Ostiensem
768 995 881 1038 viam
911 996 1053 1045 intrat,
1090 992 1203 1036 nulla
1234 993 1488 1051 cuiusquam
1517 994 1830 1046 misericordia,
1862 996 1964 1054 quia

181 1071 435 1131 flagitiorum
465 1071 710 1115 deformitas
740 1069 1027 1128 praevalebat.
1552 1066 1555 1067 ⁷
1975 1082 2012 1112 ⁴0

294 1148 374 1204 (33)
407 1146 714 1204 Trepidabatur
744 1145 874 1188 nihilo
904 1145 1045 1188 minus
1075 1158 1099 1188 a
1130 1144 1335 1188 Caesare:
1378 1144 1538 1203 quippe
1569 1146 1717 1197 Getae,
1761 1146 1963 1204 praetorii

181 1224 414 1281 praesecto,
458 1221 569 1265 haud
608 1221 709 1264 satis
747 1220 953 1271 fidebant,
995 1219 1048 1263 ad
1084 1219 1262 1263 honesta
1301 1234 1378 1264 seu
1417 1234 1549 1278 prava
1577 1221 1692 1264 iuxta
1720 1221 1816 1265 levi.
1861 1235 1964 1279 ergo

179 1299 421 1349 Narcissus,
454 1297 689 1354 adsumptis
719 1296 877 1354 quibus
907 1295 1022 1339 idem
1049 1302 1208 1346 metus,
1249 1309 1332 1338 non
1363 1294 1487 1339 aliam
1517 1310 1637 1354 spem
1667 1297 1965 1341 incolumitatis

182 1374 378 1418 Caesaris
417 1373 614 1423 affirmat,
655 1386 786 1430 quam
818 1372 853 1414 si
884 1371 950 1414 ius
979 1370 1157 1413 militum
1186 1384 1271 1413 uno
1301 1370 1372 1414 illo
1402 1371 1472 1415 die
1502 1372 1546 1414 in
1575 1371 1762 1430 aliquem
1791 1373 1965 1417 liberto-

180 1464 276 1492 rum
295 1448 560 1499 transl'erret;
591 1461 727 1506 seque
748 1446 872 1490 offert
894 1453 1206 1503 suscepturum.
1237 1460 1288 1490 ac
1307 1460 1382 1497 ne,
1415 1446 1518 1490 dum
1538 1447 1580 1489 in
1599 1448 1752 1491 urbem
1771 1449 1962 1500 refertur,
1977 1461 2015 1491 ⁴5

183 1524 236 1568 ad
270 1523 571 1582 paenitentiam
599 1536 624 1566 a
655 1523 698 1565 L.
730 1520 893 1565 Vitellio
922 1528 966 1565 et
994 1522 1129 1578 Largo
1158 1521 1340 1565 Caecina
1367 1528 1623 1574 mutaretur,
1654 1523 1697 1566 in
1717 1524 1871 1568 eodem
1890 1539 1965 1583 ge-

182 1600 361 1644 stamine
401 1599 551 1643 sedem
587 1597 725 1655 poscit
763 1596 1092 1655 assumiturque.
1140 1596 1222 1653 (34)
1253 1597 1406 1641 crebra
1442 1605 1541 1655 post
1578 1597 1687 1644 haec
1722 1599 1832 1644 fama
1867 1600 1963 1652 fuit,

248 1714 280 1746 ⁴.
304 1712 554 1754 repperiebantur
575 1713 609 1746 M
642 1730 678 1736 -
710 1712 743 1745 2.
768 1720 962 1752 quanquam
983 1712 1017 1745 M
1052 1729 1088 1735 -—
1119 1711 1152 1744 3.
1177 1712 1353 1745 θωόηιὶνοηι
1374 1714 1428 1754 pr.
1451 1713 1484 1746 M
1508 1731 1544 1737 —
1576 1713 1608 1747 4.
1633 1715 1787 1756 misitque
1808 1713 1967 1749 Halmius

184 1769 272 1813 (coll.
299 1770 386 1803 Hist.
411 1770 444 1809 4,
470 1770 524 1802 2⁴.
550 1769 622 1802 Cic.
638 1768 740 1802 Verr.
759 1768 780 1802 4
803 1768 823 1810 5
846 1769 899 1801 66.
928 1767 1039 1801 valer.
1064 1769 1153 1802 Max.
1179 1769 1211 1809 9,
1236 1770 1268 1809 5,
1293 1769 1343 1810 2):
1369 1770 1510 1811 Misique
1530 1770 1587 1810 M;
1610 1771 1769 1813 iussitque
1788 1772 1906 1814 vulgo.
1927 1789 1960 1797 -

182 1821 400 1859 brittannicus
420 1826 454 1860 M
478 1842 514 1848 -
541 1825 574 1857 6.
595 1825 744 1867 pontifici
766 1825 799 1857 M
824 1842 861 1848 —
886 1824 1004 1857 audire
1025 1833 1078 1866 pr.
1104 1825 1138 1858 M
1162 1842 1199 1848 -
1225 1824 1256 1857 9.
1282 1825 1497 1866 excipiuntur
1517 1826 1698 1860 Heinsius:
1722 1828 1912 1870 eripiuntur
1932 1828 1967 1862 M

187 1900 222 1906 -—
246 1882 438 1915 hostiensem
453 1882 485 1915 M
511 1898 555 1905 -
576 1881 773 1922 cuiusquam
794 1879 1023 1914 Puteolanus:
1049 1881 1198 1921 cuiusq;,
1222 1880 1259 1913 id
1282 1883 1338 1914 est
1358 1882 1526 1922 cuiusque,
1549 1883 1583 1916 M
1608 1901 1636 1906 —
1662 1886 1735 1916 mi'a
1753 1884 1787 1917 M
1804 1901 1840 1908 —
1860 1885 1914 1917 ⁴⁴.
1931 1887 1968 1917 at

183 1939 358 1972 Caesarem
379 1938 595 1981 Nipperdey.
621 1955 657 1961 —
692 1938 746 1974 ⁴2.
767 1937 912 1979 fidebant
933 1937 985 1971 M:
1015 1937 1137 1980 fidebat
1157 1936 1274 1979 vulgo.
1301 1955 1336 1961 —
1369 1939 1422 1972 ⁴5.
1446 1939 1592 1981 refertur
1613 1940 1790 1974 Baiterus:
1822 1941 1968 1982 refertur

181 1995 313 2028 uehitur
334 1995 384 2032 Mz
408 1995 538 2028 vehitur
551 1993 673 2036 vulg03
697 1993 863 2027 revehitur
878 1992 1036 2027 Orellius.
1062 1994 1201 2036 (vehitur
1218 1994 1359 2027 videtur
1380 1994 1495 2037 glossa
1516 1990 1629 2029 verbo
1650 1997 1759 2038 fertur
1779 1997 1815 2029 in
1838 1997 1966 2030 arche-

182 2052 269 2094 typo
292 2051 556 2094 superscripta.)
581 2067 618 2074 —
650 2050 703 2084 ⁴6.
725 2050 939 2092 penitentiam
961 2051 995 2084 M
1021 2068 1056 2074 —
1087 2054 1118 2083 et
1139 2051 1361 2094 Nipperdey:
1391 2061 1427 2093 p.
1451 2053 1504 2090 M;
1533 2056 1564 2085 et
1586 2054 1620 2086 P.
1645 2054 1846 2088 Brotierius.
1877 2054 1966 2087 Vide

183 2107 229 2140 ad
251 2107 284 2147 3,
309 2107 351 2141 49
374 2108 410 2140 et
433 2107 485 2148 ⁴3,
511 2107 564 2140 30.
593 2124 628 2131 —
654 2107 932 2149 Larqo-Caecina
954 2107 990 2139 et
1012 2115 1048 2149 p.
1066 2106 1130 2140 338
1151 2116 1185 2140 v.
1204 2108 1224 2140 6
1246 2108 1543 2150 Largus-Caecina
1565 2110 1639 2151 (cut
1659 2110 1754 2152 apud
1769 2119 1834 2144 nos
1847 2111 1968 2144 Habet—

181 2163 355 2203 Heinrich,
389 2162 775 2205 Buttmann-Houweqn)
798 2163 963 2196 Ritterus.
991 2180 1026 2186 —
1060 2163 1114 2196 ⁴7.
1139 2164 1383 2205 assumiturque
1404 2163 1583 2198 Walther:
1608 2166 1810 2207 aswmitque
1831 2168 1883 2205 M;
1907 2176 1967 2201 su·-

181 2220 307 2261 mitque
328 2221 368 2252 G.

227 2304 516 2347 azzae-nationes
544 2313 580 2346 in
608 2312 734 2354 hortos]
759 2311 888 2354 quibus
911 2313 1047 2346 inhians
1141 2313 1196 2346 33.
1221 2323 1245 2346 a
1267 2313 1419 2357 Caesare]
1442 2315 1464 2347 i.
1491 2324 1523 2347 e.
1548 2315 1594 2348 ab
1617 2316 1694 2359 ipso
1718 2318 1754 2349 et
1777 2316 1966 2350 comitibus

183 2364 376 2397 Asiaticum
398 2362 613 2406 perdiderat.
643 2362 731 2395 Vide
755 2371 786 2394 c.
812 2364 843 2395 ⁴.
870 2379 906 2385 —
939 2363 1049 2395 consi-
1099 2363 1194 2404 eius,
1219 2372 1285 2396 von
1307 2364 1395 2398 Seite
1416 2366 1471 2398 des
1493 2365 1629 2399 Caesar.
1656 2385 1692 2390 —
1719 2367 1836 2408 Getae,
1862 2377 1966 2409 prae-

184 2414 266 2447 lium
287 2413 478 2455 manerent]
503 2422 574 2446 non
598 2412 852 2452 concederent,
879 2414 918 2445 ut
935 2412 1047 2455 probe

185 2463 448 2497 consideratum
476 2461 620 2504 aliquod
645 2464 681 2495 et
703 2462 840 2495 certum
863 2461 1048 2495 consilium

185 2515 340 2557 caperet.
366 2512 417 2546 Cf.
443 2513 475 2552 4,
500 2512 560 2545 32:
585 2512 732 2545 eximere
752 2513 982 2545 constantiam.
1008 2530 1044 2535 —

182 2564 354 2606 virginum
382 2561 558 2595 Vestalium
586 2561 862 2602 vetustissimam]
898 2571 1048 2604 quarum

183 2615 383 2648 interventu
405 2613 553 2655 propter
568 2620 746 2645 summam
761 2611 950 2645 sacerdotii
966 2621 1049 2645 san-

184 2665 341 2697 etitatem
356 2663 497 2705 saepius
508 2661 701 2695 utebantur
715 2662 876 2695 homines
888 2662 1047 2696 Romani.

185 2715 237 2748 Cl‘.
262 2714 348 2747 Hist.
373 2713 406 2753 3,
430 2713 484 2746 84.
519 2712 592 2745 Cic.
617 2721 680 2753 pro
703 2712 845 2744 Fonteio
869 2712 888 2754 ἓ
908 2711 951 2745 46
966 2720 1046 2754 sqq.

185 2765 326 2798 Sueton.
352 2762 415 2796 iul.
441 2764 472 2795 ⁴.
507 2762 674 2804 Princeps
698 2761 832 2803 collegii
853 2761 1050 2794 vocabatur

183 2816 279 2856 virae
315 2813 449 2846 Vestalis
479 2813 652 2852 maxima,
687 2820 797 2853 quae,
838 2810 1048 2854 plerumque

185 2866 301 2904 certe,
334 2862 462 2896 eadem
484 2863 560 2894 erat
587 2863 670 2894 natu
693 2862 857 2894 maxima.
891 2861 980 2894 Vide
1004 2860 1050 2893 ad

185 2916 224 2954 Ξ,
244 2915 298 2947 86.
319 2931 355 2938 —
377 2913 542 2954 pontificis
562 2911 716 2954 maximi]
740 2912 762 2944 i.
782 2919 814 2944 e.
833 2911 942 2954 ipsius
958 2911 1049 2944 Cae-

185 2964 286 2997 saris.
312 2962 363 2996 Cf.
389 2971 420 2995 c.
445 2961 487 2995 34
510 2963 546 2994 et
567 2961 607 3000 3,
633 2961 687 2994 58.
711 2978 754 2985 -
779 2962 926 3001 spatium
946 2960 1048 3002 urbis]

185 3015 296 3047 totam
324 3011 423 3044 urbis
450 3010 703 3053 longitudinem
729 3019 748 3042 a
773 3009 860 3042 colle
885 3009 1062 3043 Hortulo-‘

186 3072 285 3102 rum,
320 3063 357 3094 in
387 3069 457 3103 qno
492 3060 584 3093 horti
618 3058 826 3100 Luculliani,
861 3068 974 3101 usque
1005 3059 1050 3092 ad

186 3115 326 3156 portam
348 3111 558 3145 Ostiensem.
583 3110 686 3143 chx.
711 3126 747 3132 —
780 3118 846 3152 quo
871 3118 907 3150 p.
931 3109 963 3141 h.
988 3117 1051 3141 ea·-

185 3161 366 3204 cipimuur]
390 3160 510 3202 Cogita
533 3158 578 3192 de
603 3159 759 3198 homine,
784 3159 845 3200 qui
867 3159 963 3191 certa
986 3167 1049 3200 pro

187 3212 375 3251 mercede,
408 3208 692 3253 quandocunque
720 3217 810 3250 opus
833 3211 905 3247 est,
936 3209 1047 3247 statis,

187 3264 284 3304 puto,
308 3260 435 3294 diebus
449 3259 571 3292 hortos
585 3257 867 3300 praetervehitur
882 3258 917 3289 et
931 3265 1049 3289 ramos

189 3312 391 3354 exputatos,
421 3308 532 3342 malas
559 3306 689 3340 herbas
712 3307 938 3349 exstirpatas,
969 3306 1049 3339 folia

189 3368 280 3401 quae
309 3359 536 3398 deciderunt,
568 3358 603 3390 in
631 3364 772 3390 carrum
794 3356 922 3398 excipit
942 3357 1048 3398 atque

189 3408 311 3451 aliquo
327 3410 495 3452 asportat.

258 3470 398 3505 ΤΑαπυι
418 3471 446 3503 1.

1098 2414 1176 2446 torii
1201 2414 1389 2456 praefecto]
1420 2415 1471 2448 Cf.
1498 2424 1528 2447 c.
1553 2415 1590 2448 34
1620 2417 1657 2449 et
1678 2417 1736 2458 ⁴2,
1761 2417 1815 2450 42.
1843 2436 1879 2441 —
1913 2418 1967 2450 ius

1097 2463 1249 2506 militum]
1274 2465 1328 2497 ius
1351 2465 1386 2497 in
1402 2466 1655 2506 praetorianos.
1681 2467 1736 2499 Sic
1752 2467 1839 2500 Hist.
1856 2468 1888 2508 2,
1903 2468 1963 2500 92:

1096 2514 1178 2546 iura
1202 2514 1407 2547 libertonmi.
1437 2533 1472 2538 —
1508 2516 1621 2558 Larqo
1644 2516 1797 2559 Caecina]
1821 2516 1965 2550 consule

1099 2572 1181 2596 cum
1211 2563 1356 2596 Claudio
1387 2573 1420 2596 a.
1445 2573 1481 2597 u.
1506 2565 1586 2605 795,
1619 2567 1718 2598 cuius
1747 2576 1966 2609 praenomen

1098 2622 1169 2646 non
1205 2615 1281 2646 erat
1306 2613 1457 2655 Publius,
1493 2614 1558 2648 sed
1589 2615 1704 2648 Gaius.
1742 2616 1792 2649 Cf.
1817 2618 1881 2650 Dio
1905 2617 1964 2657 60,

1099 2664 1152 2696 40.
1189 2664 1405 2697 Monumenti
1439 2663 1493 2697 de'
1527 2664 1664 2698 Fratelli
1703 2665 1819 2698 Arvali
1854 2666 1963 2699 Tabb.

1097 2714 1158 2751 VII
1187 2722 1289 2755 seqq.
1323 2731 1359 2737 —
1398 2714 1434 2746 in
1464 2715 1574 2747 eodem
1601 2716 1798 2758 gestamine]
1829 2717 1965 2758 Lipsius

1100 2762 1236 2804 (collato
1258 2762 1310 2802 ⁴4,
1334 2763 1354 2796 4
1376 2765 1556 2805 gestamine
1577 2765 1684 2806 sellae)
1715 2766 1965 2808 interpretatus

1099 2814 1175 2844 erat
1197 2812 1242 2844 de
1265 2811 1351 2845 sella
1373 2813 1572 2853 gestatoria.
1610 2814 1673 2855 (Cf.
1699 2815 1806 2847 etiam
1830 2815 1883 2854 ⁴5,
1907 2816 1962 2847 57.

1099 2862 1242 2895 Sueten.
1275 2863 1355 2894 Ner.
1384 2863 1438 2894 26.
1474 2862 1586 2895 Vitell.
1615 2864 1681 2904 46.)
1742 2865 1813 2898 Sed
1846 2865 1964 2897 locum

1099 2913 1264 2952 quattuor
1285 2911 1488 2944 hominibus
1509 2912 1545 2945 in
1567 2911 1652 2945 sella
1668 2913 1775 2948 fuisse
1790 2916 1887 2947 recte
1903 2922 1964 2946 ne—

1099 2961 1236 3002 gavisse
1265 2960 1406 2993 videtur
1431 2962 1583 3002 Ryckius
1605 2964 1711 3005 atque
1734 2964 1828 2997 bene
1850 2968 1964 3005 qesta-

1097 3019 1172 3043 men
1200 3010 1236 3042 h.
1261 3009 1284 3042 l.
1309 3009 1354 3042 de
1378 3014 1547 3053 carpento
1574 3011 1804 3046 intellexisse:
1836 3022 1963 3055 quam-

1099 3068 1208 3101 quam
1234 3058 1387 3092 verbum
1415 3061 1506 3101 vehi,
1537 3070 1608 3103 quo
1632 3064 1820 3104 praecipue
1844 3064 1963 3096 nititur

1099 3108 1145 3140 ad
1167 3117 1269 3142 suam
1291 3111 1502 3143 sententiam
1525 3110 1764 3152 probandam,
1790 3113 1896 3144 etiam
1916 3112 1961 3145 de

1099 3158 1184 3191 sella
1212 3160 1374 3201 usurpari
1404 3160 1533 3202 potuit,
1570 3162 1661 3194 sicut
1686 3162 1771 3202 ferri
1792 3161 1837 3194 de
1859 3162 1961 3195 vehi-

1100 3207 1190 3240 culo.
1225 3208 1444 3242 Gestationem
1465 3211 1584 3242 autem
1608 3211 1715 3242 etiam
1730 3210 1775 3242 de
1790 3211 1960 3245 vehiculis

1099 3258 1168 3291 dici
1191 3258 1320 3292 docent
1341 3259 1464 3293 Celsus
1490 3259 1614 3293 Medic.
1639 3260 1679 3298 2,
1705 3261 1746 3292 ⁴5
1770 3262 1806 3293 et
1826 3261 1961 3294 Seneca

1099 3308 1206 3350 Epist.
1220 3309 1296 3348 ⁴22,
1310 3310 1363 3341 ⁴5.
1376 3326 1412 3332 -
1434 3310 1687 3350 assimiturque]
1706 3310 1757 3342 cf.
1771 3309 1857 3343 Plin.
1870 3311 1958 3354 Epp.

1099 3357 1132 3398 3,
1153 3358 1190 3390 ⁴:
1214 3358 1396 3392 vehiculum
1416 3359 1580 3399 ascendit,
1603 3360 1743 3392 assumit
1761 3368 1914 3394 umora».

1590 3467 1646 3513 22
