2254 3770
1919 271 2004 303 xm

235 369 348 414 idem
385 368 431 411 in
470 366 790 424 Dispunctione
820 366 1020 409 notarum
1049 360 1227 409 Codicis
1254 362 1555 407 Mirandulani
1583 362 1732 407 addit:
1775 363 2004 408 «Codicem

233 446 352 489 illum
391 445 511 486 tuum
547 441 766 498 advocas,
804 454 983 497 quorum
1013 441 1141 484 unice
1169 441 1340 483 unicum
1370 440 1415 482 in
1445 441 1541 482 tota
1569 438 1750 496 Europa
1780 440 2006 496 exemplar

233 532 333 565 esse
361 518 577 562 hactenus
605 517 814 560 audimus.
868 516 920 560 Id
956 516 1096 559 Leoni
1124 515 1170 558 X
1199 515 1401 559 Pontifici
1433 513 1536 571 Opt.
1565 515 1690 558 Max.
1720 516 1931 573 oblatum,
1960 515 2006 557 in

231 591 488 640 corbeiensi
517 593 783 636 monasterio
813 591 869 636 ad
889 591 1113 648 Visurgim
1140 594 1381 647 repertum,
1415 592 1568 634 servat
1593 592 1825 634 etiamnum
1854 591 2007 634 inclita

231 672 308 715 illa
335 668 613 714 Bibliotheca
636 668 882 712 Medicea.¹’
927 664 1106 711 Curtius
1126 666 1320 710 Pichena
1340 665 1576 709 adornavit
1596 666 1829 710 editionem
1851 666 2007 721 Taciti,

232 747 438 801 omnium,
476 747 525 788 ut
560 746 656 801 ipse
695 745 758 787 ait
799 742 856 786 ad
897 743 1127 797 lectorem,
1165 742 1582 786 emaculatissimam.
1641 742 1752 785 Tres
1790 741 2008 785 editiones

230 822 372 866 fuisse
402 834 430 864 a
457 818 789 880 Magliabechio
819 819 960 874 visas,
990 818 1086 873 ipse
1114 819 1307 861 testatus
1337 820 1405 861 est
1435 818 1591 861 Ioanni
1621 817 1857 861 Vincentio
1885 814 2009 873 Cop-

231 898 305 954 pio
345 897 392 940 in
421 895 671 939 Annalibus
700 897 745 937 et
774 894 1124 937 memorabilibus
1159 889 1208 937 S.
1238 892 1482 937 Geminiani
1512 905 1616 952 pag.
1649 891 1772 953 125,
1810 894 1883 936 ubi
1912 893 2009 950 agit

232 972 288 1016 de
327 973 437 1015 viris
474 971 727 1013 illustribus.
789 968 980 1023 Quarum
1021 968 1256 1012 editionum
1292 970 1455 1024 optima
1493 967 1907 1012 Francofordiensis
1941 969 2010 1010 est

231 1049 336 1092 anni
366 1043 590 1091 MDCVII
619 1044 738 1101 apud
761 1035 988 1089 Claudium
1020 1045 1238 1088 Marnium
1269 1043 1542 1100 heredesque
1563 1046 1744 1087 Ioannis
1765 1044 1935 1097 Aubrii‚
1965 1045 2011 1086 et

233 1125 302 1168 est
331 1121 550 1176 secunda,
588 1122 695 1164 vivo
727 1123 931 1175 auctore,
961 1121 1238 1164 concinnata.
1286 1119 1504 1163 Dedicata
1535 1122 1604 1163 est
1634 1119 1792 1163 Cosmo
1822 1118 2011 1175 principi

231 1199 460 1253 Etruriae,
488 1199 563 1242 ubi
592 1198 709 1240 inter
737 1198 888 1241 cetera
908 1195 965 1238 ad
994 1197 1202 1252 lectorem
1224 1196 1308 1238 ait:
1342 1193 1567 1239 Innitz'tur
1593 1198 1841 1251 praecipue
1869 1195 2011 1237 indu-

231 1278 353 1320 stria
381 1287 486 1317 mea
515 1272 691 1316 duobus
720 1271 1061 1329 exemplaribus
1090 1270 1363 1314 Florentiae
1392 1274 1442 1314 in
1478 1271 1647 1314 inclita
1681 1270 1894 1313 Medicea
1921 1268 2011 1312 Bi-

233 1349 461 1394 bliotheca
490 1349 765 1392 adservatis.
803 1345 1018 1390 Alterum
1048 1350 1118 1390 est
1147 1350 1197 1389 in
1227 1346 1332 1389 orbe
1353 1349 1586 1389 terrarum
1605 1349 1814 1403 unicum,
1843 1343 2014 1388 Anna-

232 1425 300 1469 les
328 1425 385 1469 de
419 1423 594 1467 Tiberii
621 1425 889 1480 principatu
919 1422 1242 1481 complectens,
1272 1424 1323 1464 in
1356 1419 1614 1466 Germania
1641 1421 1748 1464 olim
1767 1422 2014 1476 repertum,

233 1502 282 1544 et
319 1498 468 1543 Leoni
504 1497 563 1541 X
594 1496 815 1554 Pontifici
853 1497 1080 1556 oblatum,
1122 1509 1264 1554 opera
1293 1495 1503 1554 Philippi
1537 1495 1782 1554 Beroaldz',
1812 1498 1888 1555 qui
1917 1498 2016 1538 tum

237 1577 457 1631 temporis
477 1573 631 1618 studio
651 1571 976 1615 humaniorum
1005 1572 1271 1615 litterarum
1295 1572 1516 1631 florebat,
1547 1574 1597 1614 tn
1624 1571 1855 1628 publicum
1875 1573 2016 1613 emis-

236 1663 355 1695 sum.
418 1646 636 1692 Ceterum
678 1650 774 1691 sive
814 1650 1069 1704 praecipua
1106 1660 1163 1690 ae
1191 1647 1478 1690 nobilissima
1515 1660 1625 1703 pars
1657 1648 1782 1689 tanti
1811 1648 2016 1689 auctoris

235 1726 522 1783 exc-spectati,
562 1725 698 1766 citius
738 1735 875 1781 quam
903 1735 977 1766 res
1015 1722 1297 1776 postularet,
1335 1734 1360 1764 e
1389 1722 1600 1766 manibus
1628 1722 1754 1766 illius
1784 1734 1898 1779 opus
1927 1733 2017 1764 ex-

238 1802 406 1856 torsil3
435 1802 532 1843 sive
560 1801 637 1855 qui
664 1800 799 1841 metit
827 1797 955 1841 haud
982 1800 1053 1840 tta
1083 1798 1296 1851 demetit,
1325 1801 1379 1840 ut
1398 1797 1530 1840 nulla
1558 1810 1748 1854 prorsus
1767 1809 1895 1854 seyes
1915 1799 2016 1853 spi-

238 1874 397 1932 cileyis
424 1873 735 1932 relinquatur,
775 1885 868 1916 non
898 1885 954 1915 ea
984 1872 1203 1929 ⁷·eliyione
1232 1875 1566 1930 transcriptum
1595 1875 1643 1915 et
1672 1885 1934 1928 eoecussum,
1964 1874 2018 1915 ut

236 1950 500 2007 praesentis
529 1951 634 1992 aevi
669 1947 782 2005 fidei.
810 1961 868 1991 ac
896 1947 1166 2004 diliyentiae
1194 1951 1313 1991 satis
1339 1947 1499 2004 fieret;
1539 1960 1680 2007 quare
1718 1946 1846 1991 haud
1873 1950 2016 1991 mini-

148 2035 150 2037 ·
234 2037 360 2069 mum
396 2024 568 2068 laboris
597 2037 629 2066 a
657 2023 786 2067 nobis
821 2025 1024 2078 positum
1052 2026 1101 2065 in
1132 2023 1346 2066 eruendis
1374 2023 1627 2066 verioribus
1657 2022 1927 2067 lectionibus
1956 2035 2018 2066 ea·

236 2100 560 2158 compendiosa
601 2111 658 2142 ae
696 2098 863 2142 mutila
903 2100 1152 2155 scriptura.
1205 2097 1461 2141 Bernardus
1498 2098 1748 2141 Davanzati
1778 2099 1824 2140 in
1853 2098 2018 2157 glossis

235 2174 293 2218 ad
331 2176 513 2227 primum
546 2174 701 2218 librum
742 2172 884 2217 Taciti
919 2175 1020 2228 post
1051 2185 1153 2231 pag.
1173 2170 1243 2216 39
1273 2175 1359 2216 ait:
1402 2171 1629 2232 Tea-tum,
1669 2186 1731 2216 ex
1760 2186 1845 2232 quo
1876 2175 2018 2216 ceteri,

235 2262 391 2294 omnes
423 2249 661 2308 profluunt
690 2261 788 2292 esse
817 2251 1053 2304 repertum
1082 2261 1204 2292 anno
1236 2245 1397 2291 MDX
1402 2246 1469 2291 VI
1495 2248 1600 2295 (sic)
1630 2251 1679 2292 in
1711 2248 1923 2292 coenobio
1954 2248 2018 2292 ad

244 2323 497 2382 Visurqim,
527 2323 663 2368 hodie
706 2322 925 2367 Veserum
953 2327 1003 2367 in
1034 2321 1314 2383 Germania,
1351 2326 1490 2384 alque
1519 2338 1550 2367 a
1578 2322 1735 2367 Leone
1756 2321 1811 2366 X
1835 2326 1886 2367 in
1929 2322 2016 2367 Bi-

237 2398 511 2442 bliothecam
546 2396 809 2442 Mediceam
852 2399 1135 2443 translatum
1170 2412 1263 2442 non
1300 2402 1655 2443 accuratissima
1690 2411 1833 2442 manu
1869 2397 2016 2454 fuisse

236 2477 558 2531 conscriptum.
600 2474 794 2517 Ioannes
821 2473 1110 2517 Mabillonius
1138 2475 1240 2517 ltin.
1268 2475 1411 2518 Italic.
1439 2487 1544 2532 pag.
1570 2471 1674 2517 167
1704 2474 1903 2517 adfirmat
1923 2473 2017 2517 Ta-

237 2549 315 2593 citi
344 2549 582 2593 Annalium
621 2549 758 2593 libros
788 2549 977 2606 quinque
1007 2552 1158 2592 erutos
1185 2550 1325 2593 fuisse
1355 2562 1411 2593 ex
1440 2549 1719 2594 Bibliotheca
1747 2545 2017 2605 Fuldensi¹)‚

238 2637 324 2682 quo
354 2637 413 2668 ex
441 2623 605 2669 Codice
638 2626 778 2681 prima
805 2623 958 2667 horum
988 2625 1194 2668 librorum
1225 2624 1358 2668 editio
1388 2637 1505 2668 anno
1534 2623 1722 2668 MDXV
1750 2627 1904 2669 curata
1935 2626 2017 2668 est.

349 2699 503 2744 Codex
533 2700 891 2744 membranaceus
919 2699 1009 2743 Ms.
1033 2701 1078 2742 in
1097 2700 1145 2744 4.
1174 2697 1277 2744 Sec.
1297 2696 1420 2752 XI-2)
1452 2701 1592 2744 forma
1620 2701 1758 2744 ferme
1788 2700 2018 2757 quadrata,

238 2775 487 2832 optimeque
516 2777 742 2829 servatus,
775 2788 899 2832 quem
927 2776 1273 2832 antiquissimum
1295 2777 1520 2833 exemplar
1539 2777 1737 2832 appellat
1753 2777 2016 2820 Holstenius

237 2849 285 2892 in
322 2849 499 2896 schedis
532 2852 625 2894 suis
659 2850 775 2895 Mss.
806 2854 851 2895 et
889 2852 1005 2894 inter
1041 2851 1170 2894 huius
1198 2851 1504 2896 BibIIothecae
1532 2852 1799 2910 insigniores
1828 2851 2017 2897 Codices

334 3029 372 3072 1)
397 3031 504 3065 Error
528 3037 580 3066 est
604 3042 668 3075 pro
693 3032 897 3067 corbeiensi.
929 3033 998 3067 On.

332 3094 369 3137 2)
394 3097 488 3131 Huic
513 3107 576 3132 nos
602 3099 722 3132 seculo
745 3099 968 3132 referendum
994 3107 1069 3132 esse
1095 3100 1298 3139 opinamur:
1325 3100 1417 3134 inter
1442 3101 1532 3134 enlm
1561 3099 1709 3133 Codices
1736 3097 1794 3129 IX.
1819 3097 1864 3129 X.
1891 3101 1926 3131 et
1948 3096 2011 3129 XI.

240 3156 370 3196 seculi,
405 3159 464 3198 qui
490 3158 584 3191 nulia
608 3158 749 3192 aliunde
775 3158 1017 3200 chronologica
1044 3158 1304 3201 distinguuntur
1328 3160 1573 3199 adnotatione,
1604 3159 1691 3192 nihil
1716 3159 1800 3191 certi
1825 3159 1928 3190 statui
1953 3165 2014 3198 po-

240 3218 328 3254 test,
354 3223 432 3249 cum
458 3222 600 3258 propter
625 3218 832 3251 characteris
858 3221 897 3250 ut
920 3217 1108 3258 plurimum
1133 3219 1411 3260 similitudinem,
1440 3227 1545 3260 quam
1571 3227 1653 3259 prae
1679 3225 1716 3250 se
1741 3217 1870 3252 rerunt,
1897 3216 2013 3251 Codex

242 3276 419 3309 interdum
453 3277 561 3311 seculi
587 3278 670 3310 noni
695 3276 740 3310 nd
766 3275 961 3315 decimum,
988 3280 1023 3310 et
1048 3277 1174 3311 decimi
1199 3279 1242 3312 nd
1267 3279 1491 3313 undecimum
1517 3279 1692 3320 pertinere
1718 3285 1817 3317 posse
1843 3276 2012 3310 videatur.

241 3333 402 3368 Bmmn.
442 3335 589 3370 Saeculo
622 3337 760 3370 decimo
794 3339 969 3389 assignant
998 3337 1238 3372 massmannus
1267 3335 1409 3380 (Annul-
1437 3342 1502 3373 art.
1530 3340 1607 3372 crit.
1634 3336 1722 3372 1841
1749 3334 1791 3367 Τ.
1817 3334 1862 3367 11.
1890 3343 1924 3370 n.
1952 3333 2011 3377 89)

241 3394 278 3423 et
299 3390 435 3426 Keillus
458 3392 582 3434 (praet.
610 3392 654 3426 nd
677 3391 766 3428 Plin.
795 3392 886 3435 Epp.
913 3401 947 3434 p.
977 3392 1070 3431 vu).
