2254 3770
656 284 812 329 LIBER
840 284 906 328 lv.
965 283 1066 341 Cap.
1097 282 1164 326 64.
1195 283 1261 326 65.
1293 283 1359 327 66.
1390 282 1458 326 67.

1871 281 1953 326 253

173 406 347 451 magnas
377 406 451 436 eas
481 391 628 449 copias
657 405 736 449 per
764 390 890 449 plana
919 390 1047 434 etiam
1077 403 1127 434 ac
1156 389 1247 433 foro
1267 389 1510 448 propinqua
1531 387 1808 441 habitavisse,
1839 387 1954 432 unde

173 471 355 514 Tuscum
381 468 523 512 vicum
553 480 578 511 e
607 466 816 510 vocabulo
846 466 1108 510 advenarum
1137 464 1309 509 dictum.

285 544 366 600 (66)
397 542 484 587 Sed
513 548 560 585 ut
588 542 728 586 studia
756 555 987 599 procerum
1016 547 1059 584 et
1081 540 1246 596 largitio
1264 540 1470 598 principis
1489 540 1720 584 adversum
1739 553 1866 584 casus
1886 553 1957 583 so-

172 620 325 664 lacium
354 617 558 668 tulerant,
590 617 647 661 ita
677 623 974 661 accusatorum
1004 615 1140 659 maior
1169 616 1211 658 in
1241 614 1335 659 dies
1364 622 1406 659 et
1435 616 1626 660 infestior
1645 615 1709 660 vis
1729 616 1822 659 sine
1841 614 1957 658 leva-

171 701 314 739 mento
344 693 638 752 grassabatur;
670 692 1022 750 corripueratque
1051 692 1206 734 Varum
1228 691 1494 743 Quintilium,
1527 691 1698 735 divitem
1720 698 1763 735 et
1783 690 1989 735 Caesaris

171 770 478 828 propinquum,
511 768 718 812 Domitius
739 767 852 819 Afer,
882 766 1085 811 Claudiae
1104 765 1324 817 Pulchrae,
1347 767 1492 810 matris
1513 767 1616 818 eius,
1640 766 1955 816 condemnator,

171 845 284 890 nullo
323 845 501 889 mirante
531 842 753 901 quoddiu
783 856 914 900 egens
945 849 986 886 et
1014 848 1136 900 parto
1166 856 1305 899 nuper
1338 842 1530 900 praemio
1559 842 1669 886 male
1700 857 1805 886 usus
1835 842 1960 900 plura

171 920 226 966 ad
261 920 416 979 flagitia
454 919 760 977 accingeretur.
807 917 1004 961 Publium
1032 916 1295 961 Dolabellam
1325 919 1489 962 socium
1517 918 1741 962 delationis
1771 918 1960 962 extitisse

171 996 377 1041 miraculo
407 1001 518 1046 erat,
550 995 651 1053 quia
681 993 807 1038 claris
837 993 1071 1037 maioribus
1102 999 1144 1036 et
1172 994 1282 1037 Varo
1313 1007 1503 1038 conexus
1532 1008 1655 1037 suam
1686 995 1779 1052 ipse
1809 993 1961 1038 nobili-

171 1079 318 1124 tatem,
360 1086 486 1116 suum
526 1070 776 1129 sanguinem
812 1068 1025 1127 perditum
1055 1068 1153 1112 ibat.
1199 1069 1351 1113 restitit
1379 1075 1521 1113 tamen
1551 1076 1724 1113 senatus
1755 1075 1798 1114 et
1826 1083 2017 1129 oppe-to·

171 1147 369 1192 riendum
398 1148 700 1205 imperatorem
732 1145 919 1198 censuit3
951 1144 1068 1203 quod
1089 1159 1222 1188 unum
1242 1145 1483 1203 urgentium
1503 1144 1710 1189 malorum
1731 1144 1961 1203 suffugium

173 1224 215 1266 in
244 1230 414 1281 tempus
443 1229 547 1267 erat.

287 1300 368 1356 (67)
400 1299 450 1341 At
479 1298 638 1343 Caesar
667 1296 875 1341 dedicatis
903 1310 983 1354 per
1013 1295 1288 1354 Campaniam
1315 1295 1496 1354 templis,
1529 1310 1790 1355 quamquam
1820 1296 1961 1341 edicto

174 1374 410 1418 monuisset
438 1387 492 1417 ne
523 1373 619 1431 quis
649 1373 839 1430 quietem
868 1371 962 1415 eius
992 1371 1273 1429 inrumperet,
1306 1385 1630 1430 concursusque
1650 1372 1964 1431 oppidanorum

175 1450 383 1508 disposito
426 1448 556 1492 milite
600 1447 948 1506 prohiberentur,
994 1461 1178 1505 perosus
1216 1453 1358 1491 tamen
1406 1447 1638 1506 municipia
1686 1454 1728 1492 et
1772 1448 1962 1492 colonias
1975 1463 2013 1493 ⁴5

175 1525 403 1583 omniaque
440 1524 483 1567 in
518 1523 746 1568 continenti
785 1523 882 1575 sita,
928 1523 1114 1581 Capreas
1146 1536 1193 1567 se
1232 1523 1274 1565 in
1303 1522 1487 1567 insulam
1516 1522 1696 1574 abdidit,
1728 1524 1856 1568 trium
1883 1524 1963 1567 mi-

174 1601 278 1645 lium
314 1601 421 1644 freto
458 1599 512 1644 ab
550 1599 750 1643 extremis
787 1599 1024 1643 Surrentini
1069 1598 1350 1656 promunturii
1389 1598 1632 1643 diiunctam.
1693 1599 1963 1644 solitudinem

175 1677 268 1721 eius
297 1675 511 1734 placuisse
541 1675 724 1718 maxime
755 1673 1030 1726 crediderim,
1071 1675 1274 1733 quoniam
1303 1674 1599 1733 inportuosum
1631 1674 1744 1719 circa
1772 1689 1891 1720 mare
1921 1683 1964 1720 et

175 1752 245 1795 vix
286 1735 483 1795 modicis*
508 1736 688 1808 navigiis
730 1763 869 1808 pauca
914 1749 1133 1794 subsidia:
1179 1764 1322 1808 neque
1365 1750 1578 1809 adpulerit
1612 1751 1843 1810 quisquam
1882 1753 1963 1796 nisi

240 1892 274 1924 2.
299 1891 508 1924 aduenabum
530 1891 563 1923 M
586 1890 809 1932 (aduenarum
830 1892 964 1932 margo)
988 1909 1019 1914 -
1046 1891 1079 1923 3.
1104 1899 1201 1923 casus
1223 1891 1406 1924 Heinsius:
1432 1900 1549 1924 casum
1571 1892 1604 1925 M
1630 1910 1666 1915 —
1692 1891 1724 1925 4.
1750 1892 1890 1926 telerant
1911 1893 1962 1932 M3

177 1949 352 1982 tetulerunt
378 1946 603 1980 Doederlein.
631 1964 668 1970 —
698 1950 947 1979 accussatorum
969 1947 1002 1980 M
1028 1965 1064 1971 —
1098 1947 1129 1979 6.
1154 1948 1401 1980 comdemnator
1422 1948 1456 1981 M
1480 1964 1515 1970 —
1542 1948 1577 1981 7.
1600 1948 1761 1981 maliusus
1787 1958 1842 1992 pr.
1867 1950 1900 1983 M
1925 1967 1961 1972 —

178 2004 210 2037 9.
227 2004 381 2037 onnixius
402 2013 455 2051 pr.
475 2005 525 2043 M;
551 2004 693 2036 conixus
708 2013 800 2037 corr.
821 2005 854 2038 M
872 2022 906 2028 -
933 2005 987 2037 44.
1004 2004 1169 2038 melorum
1191 2005 1225 2038 M
1244 2023 1279 2029 -
1306 2004 1359 2038 44.
1376 2005 1631 2047 interrumperet
1652 2007 1810 2040 Heracus
1832 2015 1868 2049 p.
1886 2006 1962 2040 444.

180 2077 216 2084 -
243 2061 297 2094 46.
322 2061 450 2093 addidit
481 2069 535 2103 pr.
559 2060 594 2094 M
617 2078 653 2084 —
690 2061 745 2094 47.
767 2061 984 2102 promuntirii
1014 2070 1069 2103 pr.
1093 2062 1145 2101 M;
1173 2062 1399 2102 promuntorii
1421 2070 1514 2095 corr.
1539 2063 1584 2096 M.
1621 2062 1673 2096 Cf.
1697 2063 1740 2105 2,
1765 2063 1818 2096 39.
1844 2064 1883 2104 6,
1908 2063 1963 2096 50.

178 2118 238 2159 45,
263 2117 317 2151 46.

179 2223 310 2264 Varro,
334 2224 543 2265 Dionysius,
569 2224 692 2257 Festus
717 2224 762 2266 (p.
780 2223 833 2265 44)
858 2224 904 2256 ad
919 2225 1050 2257 Romu-

179 2272 270 2314 lum,
308 2273 433 2307 Cicero
465 2273 510 2306 de
540 2274 626 2316 Rep.
652 2274 693 2313 2,
729 2274 771 2307 48
806 2275 842 2307 et
871 2274 997 2307 Strabo
1027 2276 1047 2307 5

180 2332 215 2366 p.
235 2323 298 2357 358
322 2323 368 2356 ad
390 2325 528 2356 Ancum
549 2324 738 2364 Marcium,
764 2325 880 2357 Livius
896 2326 927 2364 4,
946 2325 987 2357 30
1003 2324 1050 2356 ad

180 2371 317 2406 Tullum
333 2372 528 2413 Hostilium,
549 2372 714 2406 Claudius
731 2375 767 2406 et
779 2374 901 2407 Festus
918 2374 1049 2416 (p.355)

182 2431 264 2455 cum
286 2423 403 2455 Tacito
433 2422 479 2454 ad
512 2423 741 2464 Tarquinium
770 2424 928 2456 Priscum
955 2423 1051 2457 refe-

183 2474 276 2504 runt.
296 2489 332 2495 —
361 2472 498 2505 Tuscum
518 2472 639 2514 vicum]
663 2471 772 2505 Aliter
793 2474 909 2506 Livius
931 2474 964 2514 2,
987 2473 1047 2507 ⁴4:

183 2523 267 2554 Pars
294 2523 484 2564 perexigua
518 2523 711 2564 (exercitus
740 2525 917 2556 Porsenae
940 2532 960 2555 a
984 2524 1051 2556 Cu-

184 2572 299 2605 manis
322 2572 368 2604 ad
389 2572 542 2605 Ariciam
565 2571 680 2614 fugati)
705 2573 945 2614 duceamissO,
970 2573 1051 2614 quia

184 2622 313 2655 nullum
333 2623 473 2664 propius
488 2623 682 2664 perfugium
696 2626 788 2663 erat,
812 2624 950 2657 Romam
965 2624 1052 2656 iner-

183 2680 251 2704 mes
272 2675 303 2704 et
322 2672 462 2714 fortuna
484 2675 517 2705 et
534 2673 638 2713 specie
651 2672 835 2714 supplicum
849 2674 948 2707 delati
963 2677 1048 2707 sunt.

184 2721 343 2754 —--.His
373 2722 463 2754 locus
493 2722 539 2754 ad
565 2721 785 2755 habitandum
806 2723 920 2764 datus,
957 2732 1053 2764 quem

184 2771 298 2804 deinde
322 2771 461 2804 Tuscum
481 2772 592 2804 vicum
614 2772 836 2813 appellarunt.
868 2774 991 2806 Festus
1013 2782 1049 2815 p.

185 2819 261 2860 355,
274 2822 466 2862 antequam
478 2820 625 2854 aliorum
638 2822 876 2855 narrationem
889 2822 933 2855 de
947 2822 1051 2856 Caele

185 2873 222 2903 et
243 2869 403 2903 Vibenna
436 2870 603 2904 fratribus
629 2871 748 2905 affert:
783 2872 921 2904 Tuscum
942 2873 1053 2904 vicum

184 2921 284 2953 ceteri
316 2920 446 2961 quidem
474 2929 584 2953 omnes
613 2922 790 2963 scriptores
810 2923 938 2956 dictum
959 2923 1054 2955 aiunt

186 2967 307 3010 abiis,
338 2971 398 3012 qui
423 2971 567 3003 Porsena
594 2980 671 3014 reae
697 2973 878 3005 discedente
900 2973 943 3005 ab
965 2973 1053 3006 obsi-

187 3020 283 3053 dione
304 3028 321 3052 e
345 3020 453 3052 Tuscis
472 3021 693 3054 remanserint
714 3023 836 3055 Romae
857 3023 991 3063 locoque
1005 3023 1055 3054 his

188 3070 266 3102 dato
287 3068 520 3102 habitaverint.
556 3070 666 3103 Varro
689 3080 813 3104 rursus
836 3071 997 3105 dissentit
1018 3073 1052 3112 5,

189 3117 229 3151 8:
253 3118 338 3150 Hinc
354 3118 385 3160 (a
402 3117 520 3151 Caelio
536 3119 667 3160 monte)
689 3123 764 3161 post
779 3120 881 3153 Caelii
902 3124 1052 3160 mortem,

190 3168 279 3207 quod
305 3168 404 3200 nimis
431 3168 562 3200 munita
589 3169 664 3200 loca
693 3172 836 3202 tenerent
857 3178 963 3210 neque
983 3169 1054 3202 sine

191 3217 372 3258 suspiciam
393 3220 511 3258 essent,
535 3218 664 3251 deducti
679 3219 836 3251 dicuntur
848 3219 885 3250 in
897 3219 1051 3259 planum.

192 3265 239 3300 Ab
266 3267 312 3300 eis
340 3267 445 3300 dictus
465 3267 560 3299 vicus
583 3267 721 3307 Tuscus,
751 3271 782 3300 et
805 3268 880 3300 ideo
900 3268 946 3300 ibi
971 3268 1056 3301 Vor-

195 3317 343 3349 twnnum
355 3320 462 3358 stare,
483 3318 571 3358 quod
585 3317 614 3350 is
627 3318 707 3350 deus
719 3318 879 3350 Etruriae
889 3318 1054 3359 princeps.

238 3364 291 3398 66.
308 3366 443 3406 ,Varum
465 3366 676 3409 Quintilium]
703 3365 848 3400 infelicis
871 3368 972 3409 Vari,
996 3369 1057 3410 qui

197 3411 234 3445 in
254 3414 439 3450 Germania
461 3424 588 3451 caesus
612 3417 666 3450 est
690 3417 733 3460 (4,
757 3416 812 3459 3),
844 3416 967 3452 fllium.
1002 3418 1055 3452 De

1098 2224 1174 2257 eius
1203 2224 1249 2257 ad
1273 2226 1465 2258 Caesarem
1493 2226 1755 2268 propinquitate
1783 2226 1826 2259 cf.
1853 2235 1884 2260 c.
1910 2228 1964 2260 52.

1098 2276 1186 2307 Ante
1209 2276 1332 2308 matris
1349 2284 1471 2308 casum
1489 2276 1688 2309 Germanici
1703 2275 1793 2310 filiae
1810 2277 1967 2320 despon-

1100 2333 1160 2358 sus
1194 2327 1279 2357 erat.
1325 2326 1462 2358 Seneca
1493 2326 1660 2359 controv.
1685 2326 1704 2359 3
1734 2336 1771 2369 p.
1796 2327 1838 2360 96
1866 2328 1964 2370 Bip.:

1099 2374 1356 2408 Declamaverat
1391 2376 1484 2416 apud
1519 2376 1614 2409 illum
1651 2376 1843 2419 (Cestium)
1881 2378 1968 2410 hanc

1098 2425 1206 2465 ipsam
1235 2426 1498 2458 controversiam
1522 2426 1630 2459 Varus
1661 2427 1854 2468 Quintilius,
1889 2431 1968 2460 tunc

1101 2475 1290 2507 Germanici
1311 2484 1412 2517 yener
1432 2479 1464 2508 et
1478 2479 1725 2517 praetextatus.
1757 2476 1839 2510 Cum
1860 2477 1969 2511 multa

1100 2525 1236 2558 dixisset
1259 2526 1409 2567 (Cestius
1438 2525 1610 2559 adversus
1632 2526 1793 2567 varum),
1824 2527 1969 2559 novissi-

1099 2583 1151 2607 me
1183 2575 1303 2608 adiecit
1331 2584 1403 2608 rem
1431 2584 1534 2616 quam
1555 2584 1667 2608 omnes
1687 2576 1967 2617 improbavimus:

1098 2625 1168 2657 Ista
1188 2625 1394 2667 neglegentia
1412 2629 1512 2666 pater
1525 2629 1601 2658 tuus
1614 2626 1800 2660 exercitum
1811 2627 1965 2668 perdidit.

1104 2692 1140 2699 -
1164 2675 1330 2708 Domitius
1350 2675 1440 2718 Afer]
1465 2675 1515 2709 Cf.
1536 2685 1568 2710 c.
1585 2676 1639 2709 52.
1661 2693 1697 2699 —-
1722 2676 1968 2717 condemnator]

1100 2724 1187 2757 Vide
1212 2725 1258 2757 ad
1280 2734 1311 2758 c.
1336 2724 1391 2758 42.
1419 2743 1456 2749 —
1487 2729 1591 2767 parto
1611 2735 1719 2767 nuper
1733 2727 1899 2769 praemio]
1924 2735 1968 2759 ex

1102 2773 1267 2807 Claudiae
1284 2774 1454 2808 Pulchrae
1470 2775 1777 2810 condemnatione.
1794 2794 1831 2800 —-
1847 2778 1883 2810 P.
1900 2777 1969 2809 Do-

1101 2824 1264 2867 labellam]
1290 2824 1341 2857 Cf.
1367 2824 1399 2865 3,
1424 2823 1479 2858 47.

1146 2875 1199 2907 67.
1225 2874 1385 2907 dedicatis
1401 2883 1465 2915 per
1487 2874 1521 2907 C.
1547 2874 1683 2917 templis]
1713 2875 1764 2909 Cf.
1790 2885 1822 2909 c.
1845 2877 1899 2908 57.
1928 2893 1963 2899 -

1103 2924 1260 2965 Capreas]
1284 2923 1390 2956 hodie
1415 2924 1530 2966 Capri.
1557 2942 1592 2948 —
1621 2925 1875 2967 oppidanorum]
1899 2926 1968 2958 Ca-

1102 2982 1299 3015 puanorum
1324 2975 1360 3006 et
1381 2972 1613 3014 Nolanorum3
1646 2975 1690 3008 cf.
1716 2984 1747 3008 c.
1773 2976 1826 3008 57.
1859 2992 1895 2998 —
1926 2974 1969 3007 ab

1102 3022 1269 3065 extremis]
1294 3022 1339 3055 ab
1363 3031 1404 3056 ea
1427 3024 1545 3065 pane,
1571 3033 1662 3066 quae
1685 3023 1886 3066 longissime
1910 3032 1970 3057 ex-

1104 3073 1212 3105 currit
1245 3074 1281 3106 et
1311 3073 1544 3115 protenditur.
1586 3074 1684 3108 Conf.
1720 3075 1806 3107 Hist.
1842 3074 1875 3115 3,
1910 3073 1966 3107 47.

1103 3122 1256 3155 anmsn.
1285 3139 1321 3145 —
1352 3123 1581 3164 inportuosum
1609 3123 1691 3165 cet.]
1721 3124 1862 3156 sueton.
1889 3122 1965 3156 Tib.

1103 3170 1164 3204 40:
1191 3171 1336 3213 Capreas
1356 3181 1391 3205 se
1410 3173 1567 3214 contulit,
1587 3174 1771 3214 praecipue
1791 3173 1969 3206 delectatus

1103 3221 1231 3261 insula,
1266 3222 1354 3262 quod
1384 3231 1451 3255 uno
1479 3231 1653 3263 parvoque
1685 3222 1781 3254 litore
1801 3222 1965 3264 adirem,

1103 3273 1221 3311 saepta
1240 3272 1386 3312 undique
1396 3275 1583 3313 praerupta
1595 3272 1772 3304 immensae
1785 3271 1970 3305 altitudinis

1103 3319 1240 3361 napibus
1261 3324 1292 3354 et
1307 3321 1477 3363 profundo
1499 3321 1614 3353 maris.
1642 3337 1679 3344 —
1709 3320 1870 3364 ¹siibsidia]
1894 3323 1969 3355 sta-

1104 3369 1219 3403 tiones
1242 3371 1278 3403 et
1300 3372 1426 3404 tutiora
1448 3370 1541 3411 loca,
1570 3370 1606 3402 in
1629 3369 1758 3412 quibus
1779 3378 1891 3405 naves
1913 3372 1968 3405 fa·-

1105 3417 1204 3453 eilius
1225 3418 1405 3463 appellere
1428 3419 1592 3463 possent3
1618 3418 1662 3453 cf.
1687 3420 1725 3461 2,
1750 3419 1804 3454 63.
1827 3420 1861 3463 5,
1878 3420 1910 3455 8.
1927 3436 1964 3445 -
