2254 3770
313 299 368 344 76

791 298 835 340 P.
869 293 1116 339 CORNELII
1146 292 1315 337 TACITI
1343 289 1612 336 ANNALIUM

317 419 402 465 qua
423 404 690 449 Germaniam
708 400 997 459 praevehitur,
1028 399 1167 443 donec
1187 398 1362 442 Oceano
1382 395 1630 439 misceatur:
1661 393 1716 439 ad
1738 394 1939 440 Gallicam
1958 395 2095 453 ripam

315 481 439 525 latior
454 487 496 524 et
510 478 717 537 placidior
732 475 925 520 adfluens
945 500 1002 508 --
1016 487 1143 517 verso
1174 476 1456 530 cognomento
1472 468 1672 514 Vahalem
1687 469 1859 515 accolae
1878 470 2025 514 dicunt
2040 495 2093 503 ——

316 570 414 599 mox
450 554 491 598 id
529 566 703 612 quoque
739 550 996 595 vocabulum
1032 554 1166 593 mutat
1196 548 1311 590 Mosa
1341 545 1534 596 flumine,
1578 545 1759 604 eiusque
1794 545 1988 590 inmenso
2019 559 2094 590 ore

316 630 501 675 eundem
537 629 579 672 in
610 628 828 671 Oceanum
859 624 1098 669 effunditur.
1150 622 1203 679 (7)
1235 621 1313 665 sed
1344 621 1518 672 Caesar,
1558 619 1662 664 dum
1694 619 1920 679 adiguntur
1948 634 2092 672 naves,

283 705 464 750 sSilium
492 703 677 761 legatum
706 715 804 745 cum
823 699 1022 758 expedita
1050 712 1178 742 manu
1207 695 1493 753 inruptionem
1522 695 1564 738 in
1586 694 1757 740 Chattos
1787 695 1926 740 facere
1956 696 2091 740 iubet:

316 781 409 838 ipse
439 778 582 822 audito
613 775 832 821 castellum
850 775 1010 832 Lupiae
1040 772 1202 816 flumini
1232 771 1475 829 adpositum
1495 769 1702 821 obsideri,
1735 784 1812 815 sex
1830 770 2021 829 legiones
2041 785 2094 816 eo

317 854 445 898 duxit.
504 866 644 910 neque
680 850 780 894 Silio
819 850 874 894 ob
914 849 1076 893 subitos
1116 847 1274 891 imbres
1313 846 1416 890 aliut
1453 851 1595 890 actum
1634 859 1763 904 quam
1799 852 1846 889 ut
1883 846 2095 891 modicam

316 928 519 988 praedam
550 934 592 971 et
611 927 708 984 Arpi
738 925 942 983 principis
953 924 1207 968 'Chattorum
1237 922 1462 979 coniugem
1490 921 1707 980 filiamque
1734 928 1922 979 raperet;
1953 936 2096 981 neque

318 1004 487 1049 Caesari
510 1003 675 1060 copiam
695 1014 864 1059 pugnae
887 1013 1139 1057 opsessores
1160 998 1318 1048 fecere,
1340 997 1395 1041 ad
1417 997 1569 1041 famam
1589 996 1797 1041 adventus
1819 997 1912 1042 eius
1929 996 2096 1056 dilapsi.

267 1092 304 1121 ιο
318 1078 524 1123 tumulum
544 1084 684 1121 tamen
704 1090 840 1134 nuper
857 1075 1045 1119 Varianis
1066 1073 1307 1131 legionibus
1329 1078 1537 1117 structum
1557 1078 1600 1117 et
1614 1078 1805 1117 veterem
1824 1086 1940 1117 aram
1956 1074 2097 1118 Druso

318 1155 440 1199 sitam
474 1153 741 1197 disiecerant.
798 1150 979 1195 restituit
1022 1163 1139 1193 aram
1185 1148 1424 1206 honorique
1464 1148 1595 1206 patris
1632 1148 1832 1207 princeps
1871 1148 1965 1207 ipse
2000 1163 2099 1193 cum

316 1228 554 1287 legionibus
574 1226 830 1272 decucurrit:
861 1224 1070 1269 tumulum
1088 1225 1240 1269 iterare
1262 1224 1374 1269 haud
1395 1224 1548 1268 visum.
1580 1230 1623 1268 et
1643 1230 1794 1268 cuncta
1814 1224 1924 1268 inter
1944 1224 2097 1270 castel-

359 1362 392 1395 2.
413 1362 566 1403 placidor
586 1370 640 1404 pr.
665 1361 699 1395 M
723 1377 759 1383 —
783 1360 962 1392 uahalaem
985 1357 1114 1400 (littera
1137 1356 1413 1399 antepenultima
1435 1357 1566 1399 puncto
1590 1355 1724 1399 notata)
1748 1357 1782 1390 M
1807 1375 1844 1381 —
1875 1357 1908 1390 5.
1932 1357 2047 1391 chates
2067 1358 2102 1392 M

319 1438 356 1445 —
380 1420 410 1452 6.
435 1421 571 1462 flumine
592 1418 636 1451 ab
661 1417 740 1451 ead.
766 1425 814 1450 m.
836 1425 928 1449 corr.
953 1417 988 1448 in
1008 1415 1139 1459 flumini
1161 1416 1195 1449 Μ
1220 1433 1256 1438 -
1282 1415 1315 1448 8.
1333 1415 1477 1457 predam
1498 1415 1533 1449 M
1556 1432 1592 1438 —
1618 1414 1791 1447 enatorum
1812 1414 1847 1448 M
1872 1432 1908 1439 —
1933 1413 1966 1446 9.
1988 1413 2103 1456 facore

315 1485 368 1519 pr.
394 1476 438 1509 M.
470 1475 557 1507 Vide
581 1474 626 1507 ad
649 1483 679 1506 c.
704 1474 736 1506 2.

319 1582 389 1615 Cic.
415 1580 459 1613 de
483 1581 587 1622 Legg.
611 1589 648 1622 p.
673 1579 748 1612 472.
778 1597 813 1602 —
835 1579 1001 1620 placidior
1022 1577 1181 1621 adfluens]

317 1631 451 1665 Eadem
468 1631 727 1664 constructione
749 1629 886 1670 dicitur,
912 1638 982 1670 qua
998 1629 1099 1670 Verg.
1119 1630 1180 1661 Ge.

318 1681 349 1721 4,
375 1681 455 1714 373:
481 1681 517 1712 In
540 1689 634 1713 mare
649 1688 861 1721 purpurewm
882 1679 1058 1711 violentior
1079 1679 1185 1720 effluit

318 1733 444 1771 amnis,
469 1730 532 1762 ubi
555 1731 634 1763 cod.
661 1729 744 1762 Toll.
771 1739 790 1762 e
815 1728 918 1771 gloss.
943 1730 1126 1762 violentius.
1145 1746 1180 1751 -

321 1781 485 1823 Vahalem]
502 1790 595 1813 nunc
610 1781 721 1821 Waal,
739 1779 866 1813 Gallice
883 1780 1015 1813 Wahal.
1026 1797 1060 1803 —
1076 1779 1182 1821 Mosa]

319 1834 354 1866 h.
379 1833 493 1872 Maas,
522 1832 642 1864 Meuse.
676 1849 712 1854 —-
742 1830 884 1872 eiusque]
913 1830 948 1862 id
976 1831 1030 1863 est
1051 1831 1182 1870 Mosae,

318 1883 357 1915 ut
379 1882 475 1924 patet
498 1890 540 1913 ex
558 1882 641 1914 Hist.
660 1882 692 1920 5,
717 1881 775 1913 23:
800 1881 944 1921 spatium
958 1881 1047 1912 velut
1061 1889 1186 1920 aequo-

318 1932 367 1965 ris
395 1932 548 1971 electum,
585 1940 649 1971 quo
676 1932 790 1963 Mosae
817 1931 964 1973 fluminis
991 1939 1027 1962 os
1056 1940 1186 1963 amnem

320 1983 465 2015 Rhenum
496 1981 624 2013 Oceano
655 1982 808 2022 affundit.
850 1981 900 2014 Cf.
927 1981 1058 2013 Caesar
1081 1981 1118 2013 B.
1144 1983 1182 2013 G.

320 2031 352 2072 4,
379 2032 431 2064 40.
469 2030 552 2063 Plin.
578 2032 618 2063 N.
644 2031 684 2063 H.
711 2030 743 2069 4,
769 2030 788 2071 S
814 2031 887 2063 401.
924 2031 1048 2063 Strabo
1072 2031 1103 2072 4,
1129 2031 1161 2065 3.

364 2082 395 2113 7.
421 2081 571 2113 iubet--
587 2082 694 2122 duxit]
718 2081 805 2113 Vide
830 2081 874 2113 ad
898 2082 929 2120 4,
955 2081 1009 2114 39.
1031 2100 1066 2104 -
1091 2081 1184 2124 Arpi]

321 2133 503 2173 Nusquam
527 2130 607 2163 alibi
630 2131 688 2163 hic
711 2132 940 2164 memoratur.
962 2149 997 2154 —
1023 2133 1187 2164 tmnulwn

322 2185 345 2214 t.
363 2191 469 2222 nuper
487 2182 521 2214 V.
540 2182 562 2213 l.
580 2180 753 2222 structwn]
779 2181 828 2213 Cf.
853 2182 881 2221 i,
908 2182 959 2215 62.
984 2200 1019 2204 —-
1043 2185 1187 2215 veterem

321 2241 420 2264 aram
454 2232 564 2264 Druso
600 2231 715 2273 sitam]
747 2231 781 2263 in
820 2231 894 2264 eius
932 2231 1105 2265 honorem
1144 2241 1186 2265 ac

321 2281 548 2320 memoriam,
582 2289 624 2313 eo
647 2280 794 2313 fortasse
817 2279 914 2321 loco,
943 2281 1005 2313 ubi
1026 2283 1098 2314 vita
1121 2282 1185 2315 de-

322 2332 429 2364 cessit
451 2331 537 2377 πρὶν
559 2329 621 2363 ἐπὶ
642 2327 711 2362 τὸν
729 2326 860 2373 Ῥῆνον
883 2330 1007 2364 ἐλθεῖν
1032 2333 1106 2374 (Dio
1129 2334 1183 2374 55,

322 2381 378 2422 i),
405 2389 490 2414 sane
513 2390 622 2423 prope
647 2380 839 2418 Alisonem
866 2390 954 2423 non,
980 2383 1019 2414 ut
1042 2382 1097 2415 alii
1120 2392 1185 2415 vo-

321 2431 412 2470 lunt,
439 2440 458 2463 a
482 2432 595 2463 Druso
619 2432 844 2463 exstructam.
881 2431 932 2464 Cf.
959 2431 997 2472 4,
1022 2433 1081 2465 55:
1106 2434 1186 2466 aede

321 2482 467 2523 Auqusto
501 2481 545 2512 ibi
577 2481 653 2513 sita.
700 2481 822 2513 Differt
849 2483 967 2514 autem
994 2491 1013 2514 a
1040 2484 1185 2516 cenota-

322 2532 404 2574 phio
427 2532 540 2564 Druso
555 2530 600 2563 ad
616 2531 775 2563 Rhenum
798 2532 1005 2573 Moguntiaci
1022 2534 1182 2566 excitato.

323 2582 386 2614 Dio
410 2582 471 2621 55,
501 2582 538 2613 2:
573 2577 687 2623 τιμὴν
710 2582 940 2622 κενοταφίου
964 2579 1058 2629 πρὸς
1081 2581 1183 2628 αὐτῷ

323 2628 374 2675 τῷ
393 2627 510 2674 Ῥήνῳ
539 2628 679 2670 λαβών.
719 2632 861 2674 Eutrop.
888 2633 920 2672 7,
953 2633 1004 2665 43.
1041 2635 1182 2667 Sueton.

324 2681 444 2715 Claud.
472 2682 506 2714 i:
536 2682 713 2713 Exercitus
734 2682 951 2714 honorarium
973 2683 1001 2715 ei
1024 2685 1187 2716 tumulum

323 2732 501 2770 excitavit,
529 2732 620 2763 circa
642 2740 737 2772 quem
759 2732 906 2772 deinceps
926 2736 1013 2765 stato
1036 2734 1087 2766 die
1107 2743 1188 2774 quo-

324 2782 434 2815 tannis
459 2782 551 2814 miles
583 2782 787 2821 decurreret,
823 2782 1076 2824 Galliarumque
1102 2785 1187 2817 civi-

324 2836 407 2865 tates
424 2831 553 2873 publice
574 2832 807 2872 supplicarent.
840 2833 913 2865 Hoc
928 2842 1012 2866 vero
1029 2843 1071 2866 eo
1094 2834 1184 2875 loco,

325 2883 370 2915 de
409 2890 479 2924 quo
516 2882 671 2921 Tacitus,
711 2891 820 2924 prope
857 2884 1000 2925 Lupiam
1038 2884 1073 2917 ss.
1111 2885 1186 2917 fieri

325 2942 395 2966 non
429 2932 583 2974 poterat;
619 2935 760 2964 veterem
797 2933 914 2965 autem
948 2934 1070 2974 vocat,
1106 2935 1187 2975 quia

325 2984 459 3015 Drusus
482 2981 550 3013 iam
567 2990 598 3013 a.
616 2981 678 3013 745
697 2981 911 3014 decesserat.
939 2982 1049 3025 (Aliud
1065 2993 1187 3017 rursus

326 3031 595 3064 monumentum
613 3029 776 3064 Claudius
793 3032 823 3063 ei
840 3033 1023 3066 Ravennae
1048 3036 1188 3066 exstru-

326 3082 390 3121 xit,
417 3081 462 3113 ad
485 3080 579 3122 quod
596 3081 782 3122 quotannis
806 3090 903 3114 rosas
920 3082 1057 3115 deferre
1075 3083 1187 3116 debe-

327 3131 387 3163 bat
409 3129 592 3171 collegium
614 3130 751 3162 fabrum
769 3131 945 3173 municipii
963 3133 1182 3166 Ravennatis.

327 3180 413 3212 Vide
439 3179 576 3212 titulum
599 3189 619 3212 a
643 3180 757 3221 Lipsio
789 3179 927 3214 allatum
959 3183 1085 3215 Inscrr.
1112 3185 1184 3216 Lat.

328 3239 361 3262 n.
387 3230 449 3262 706
481 3231 516 3261 et
545 3230 633 3271 707.)
661 3247 696 3252 —
733 3230 930 3272 decucurrit]
966 3232 1014 3264 De
1049 3232 1185 3265 funebri

328 3280 395 3312 hoc
419 3280 552 3312 honore
577 3279 620 3312 cs.
645 3278 815 3321 Vergilius
839 3281 925 3312 Aen.
944 3281 997 3321 44,
1017 3282 1089 3315 488.
1123 3284 1187 3315 Lu-

329 3339 435 3362 canus
458 3330 490 3369 8,
515 3330 577 3363 735
607 3331 642 3362 et
664 3330 791 3362 Statius
814 3329 923 3362 Theb.
950 3330 987 3370 6,
1017 3331 1080 3363 2⁴3
1105 3341 1183 3374 sqq.

329 3379 550 3412 Decursionis
587 3379 788 3422 exemplum
822 3379 961 3412 exhibet
999 3379 1092 3414 basis
1126 3392 1187 3415 co-

329 3428 468 3462 lumnae
498 3430 657 3462 Antonini
684 3430 751 3470 Pii,
784 3438 890 3472 quam
921 3429 1106 3473 descripsit
1127 3432 1187 3465 Vi-

1234 1575 1370 1618 gnolius
1393 1577 1525 1610 Romae
1549 1576 1646 1609 ⁴705.
1675 1594 1710 1600 -
1736 1576 1908 1610 castellum
1927 1575 2103 1619 Alisonem]

1235 1626 1427 1660 Castellum
1449 1627 1555 1668 Aliso,
1584 1635 1605 1659 a
1627 1627 1743 1659 Druso
1766 1627 1802 1660 in
1825 1626 2009 1660 confluviis
2030 1626 2105 1660 Ali-

1235 1677 1331 1710 sonis
1361 1678 1396 1710 et
1421 1677 1549 1719 Lupiae
1572 1676 1727 1719 positum
1753 1677 1830 1719 (Dio
1853 1675 1913 1717 54,
1938 1676 1993 1718 33)
2023 1677 2106 1720 post

1235 1727 1373 1760 cladem
1397 1727 1585 1760 Varianam
1613 1735 1633 1759 a
1656 1727 1833 1770 praesidio
1862 1727 2019 1760 Romano
2048 1735 2106 1760 re-

1234 1778 1356 1811 lictum
1388 1779 1460 1819 est,
1496 1778 1535 1810 ut
1565 1777 1671 1811 tradit
1698 1776 1852 1810 Velleius
1874 1778 1912 1819 2,
1944 1778 2028 1811 ⁴20:
2063 1778 2102 1811 L.
2169 1799 2176 1806 ·

1234 1830 1335 1862 etiam
1350 1829 1498 1870 Caedici,
1520 1829 1682 1871 praefecti
1695 1831 1902 1869 castrorum,
1926 1836 2106 1869 eorwnque

1235 1880 1292 1920 qui
1325 1889 1395 1911 una
1428 1880 1626 1912 circwndati
1658 1878 1790 1912 Alisone
1820 1878 1986 1911 immensis
2019 1878 2105 1911 Ger-

1233 1939 1414 1963 manorum
1424 1930 1526 1971 copiis
1536 1929 1786 1969 obsidebantur,
1810 1928 1985 1961 laudanda
1997 1928 2107 1961 virtus

1235 1984 1300 2021 est,
1336 1981 1393 2021 qui
1423 1980 1571 2012 omnibus
1600 1978 1849 2022 difficultatibus
1876 1978 2042 2020 superatis
2055 1995 2106 2023 ·'.

1234 2031 1325 2073 ferro
1348 2030 1409 2063 sibi
1431 2031 1476 2063 ad
1497 2039 1572 2063 suos
1588 2038 1746 2071 peperere
1767 2029 1922 2062 reditum.
1962 2029 2014 2062 Ex
2035 2029 2105 2062 hoc

1236 2080 1315 2113 loco
1340 2089 1422 2113 cum
1445 2081 1552 2113 Taciti
1574 2079 1694 2113 verbis
1727 2077 1853 2112 collato
1877 2079 2106 2120 consequitur

1236 2131 1272 2163 id
1295 2129 1479 2164 castellum
1501 2139 1520 2163 a
1546 2129 1754 2163 Germanico
1784 2129 1820 2161 in
1846 2128 2024 2171 prioribus
2046 2137 2105 2162 ex-

1236 2180 1473 2224 peditionibus
1511 2180 1688 2224 praesidio
1724 2188 1849 2213 rursus
1893 2180 2105 2214 instructum

1236 2231 1355 2264 fuisse.
1385 2231 1473 2264 Aliso
1496 2231 1532 2264 et
1554 2231 1649 2263 fluvii
1671 2238 1803 2263 nomen
1825 2229 1889 2262 fuit
1904 2231 1940 2263 et
1955 2229 2102 2264 castelli.
2127 2265 2130 2267 .

1237 2278 1418 2325 (Ἀλεισόν
1441 2282 1531 2314 inter
1547 2281 1755 2314 Germaniae
1774 2277 1903 2322 πόλεις
1919 2282 2106 2315 enumerat

1235 2332 1458 2366 Ptolemaeus
1480 2333 1514 2372 2,
1541 2332 1594 2373 Μ,
1618 2330 1689 2373 27.)
1721 2330 1827 2364 Fluvii
1844 2339 1975 2364 nomen
1997 2330 2103 2364 hodie

1236 2384 1291 2417 est
1304 2383 1410 2424 Alme,
1435 2382 1502 2415 loci
1517 2382 1631 2422 Elsen,
1657 2382 1716 2424 qui
1736 2390 1848 2424 pagus
1864 2381 1910 2415 ad
1925 2381 2105 2416 Alisonem

1235 2443 1303 2466 nec
1325 2432 1448 2476 procul
1472 2442 1493 2466 a
1515 2433 1657 2466 sinistra
1676 2433 1806 2474 Lupiae
1830 2433 1906 2474 ripa
1923 2435 1958 2465 et
1972 2432 2104 2465 utrius-

1235 2493 1304 2526 que
1328 2483 1483 2516 fluminis
1507 2481 1767 2516 confluentibus
1790 2482 1878 2515 situs
1901 2483 1967 2515 est.
2006 2483 2035 2515 A
2059 2482 2106 2515 ci-

1235 2535 1342 2567 vitate
1359 2533 1642 2567 paderbornensi
1658 2532 1844 2565 dimidium
1859 2531 2005 2566 miliaris
2021 2533 2105 2565 Ger-

1236 2585 1365 2618 manici
1388 2584 1504 2617 distat.
1538 2583 1589 2616 Cf.
1608 2583 1653 2616 de
1671 2582 1811 2616 Alisone
1835 2582 1986 2616 Castello
2009 2591 2105 2616 com-

1236 2635 1416 2669 mentatio.
1442 2634 1587 2676 Scripsit
1601 2633 1658 2667 W.
1676 2634 1715 2666 E.
1734 2632 1879 2666 Giefers.
1906 2631 2102 2667 Crefeldiae

1238 2685 1333 2719 ⁴844.
1360 2685 1391 2717 8.
1424 2685 1557 2717 errnn.

1280 2735 1312 2768 8.
1346 2735 1470 2776 fossam
1497 2734 1553 2766 cui
1574 2733 1768 2767 Drusianae
1793 2732 1922 2775 nomn]
1956 2732 2100 2766 Sueton.

1238 2784 1359 2819 Claud.
1387 2785 1399 2817 i
1417 2794 1424 2816 :
1459 2785 1591 2817 Drusus
1613 2787 1707 2816 trans
1728 2783 1874 2816 Rhenum
1896 2783 2005 2824 fossas
2024 2783 2103 2815 novi

1237 2839 1267 2868 et
1295 2835 1442 2867 inmensi
1471 2835 1581 2875 operis
1608 2834 1728 2876 effecit,
1765 2841 1852 2873 quae
1879 2841 1968 2865 nunc
1994 2831 2103 2865 adhue

1236 2886 1405 2918 Drusinae
1427 2884 1502 2926 (sic)
1524 2887 1697 2917 vocantur.
1733 2883 1783 2916 De
1804 2891 1955 2915 numero
1977 2880 2103 2925 plurali

1237 2945 1257 2968 a
1273 2935 1438 2968 Suetonio
1461 2935 1629 2976 usurpato
1644 2932 1808 2966 Wolfius:
1836 2933 1912 2965 «Sic
1928 2931 1983 2965 alii
1999 2931 2102 2974 (Mela

1237 2986 1274 3026 2,
1301 2986 1333 3026 5)
1355 2986 1479 3026 fossam
1501 2985 1535 3017 in
1560 2982 1665 3017 Gallia
1687 2983 1897 3023 Marianam,
1922 2981 1978 3016 alii
2001 2981 2099 3024 (Piin.

1237 3034 1269 3074 3,
1296 3034 1314 3076 ἓ
1339 3035 1393 3075 34)
1414 3035 1519 3077 fossas
1540 3034 1717 3067 Marianas
1739 3031 1934 3075 appellant,
1971 3041 2041 3066 non
2064 3034 2103 3067 ut

1238 3087 1389 3127 augeant
1411 3094 1507 3125 rem,
1540 3084 1603 3117 sed
1634 3092 1677 3116 ex
1707 3082 1782 3116 solo
1805 3091 1871 3116 usu
1895 3083 2099 3124 Latinitatis,

1237 3136 1276 3167 ut
1306 3135 1341 3167 in
1371 3144 1478 3177 opere
1507 3133 1612 3177 paulo
1642 3133 1810 3166 maiore.»
1857 3133 1952 3166 Haec
1981 3134 2101 3167 autem

1238 3184 1329 3217 fossa
1354 3185 1515 3218 Rhenum
1538 3185 1573 3217 et
1586 3182 1757 3218 Ysseliam
1781 3182 1959 3216 coniunxit
1980 3184 2016 3216 et
2037 3183 2101 3216 has

1238 3243 1348 3276 aquas
1385 3236 1420 3268 in
1459 3233 1601 3268 Flevum
1634 3233 1750 3267 lacum
1787 3232 1999 3277 (Zuyderzee)
2035 3241 2102 3276 per

1237 3285 1364 3317 ostium
1399 3283 1566 3318 orientale
1600 3284 1775 3327 perduxit.
1816 3281 1981 3317 wilhelm
2015 3282 2101 3316 Ger-

1236 3336 1369 3367 manien
1384 3344 1418 3377 p.
1437 3335 1490 3369 64.
1517 3335 1621 3369 Ukert
1636 3334 1766 3368 Gallien
1779 3343 1814 3377 p.
1833 3332 1908 3367 ⁴54.
1929 3350 1966 3357 —
1987 3333 2101 3367 eadem

1237 3383 1366 3426 ausum]
1391 3385 1532 3418 Sueton.
1558 3384 1680 3418 Claud.
1707 3385 1744 3417 ⁴:
1780 3384 1910 3417 Drusus
1932 3383 2099 3417 Oceanum

1235 3435 1528 3475 septentrionalem,
1551 3436 1683 3477 primus
1719 3435 1943 3469 Romanorum
1977 3434 2099 3468 ductam
