2254 3770
345 341 427 387 468
823 345 869 390 P.
901 344 1152 391 CORNELII
1180 346 1350 391 TACITI
1378 346 1647 394 ANNALIUM

345 449 512 494 nendus
542 449 796 505 habebatur,
829 452 909 497 nisi
930 453 1047 512 quod
1068 460 1362 513 paupertatem
1384 455 1664 514 praecipuum
1684 456 1895 502 malorum
1914 457 2129 504 credebat.

345 525 472 584 igitur
491 525 704 572 Fabianus
723 527 889 573 tabulas
910 529 1052 574 ascitis
1073 544 1183 589 quos
1208 531 1441 575 memoravi
1463 536 1507 575 et
1525 531 1617 576 aliis
1638 533 1778 577 minus
1798 532 2030 577 illustribus
2051 532 2131 579 ob-

346 604 495 660 signat.
540 603 657 661 quod
689 604 803 662 apud
831 610 975 663 patres
1005 606 1270 660 convictum;
1301 612 1343 651 et
1370 607 1585 652 Fabianus
1605 609 1898 667 Antoniusque
1928 622 2027 654 cum
2045 609 2131 654 Ru-

345 678 431 723 fino
462 685 505 723 et
534 680 729 724 Terentio
758 679 855 738 lege
887 681 1084 726 Cornelia
1113 681 1385 727 damnantur:
1417 683 1660 728 Marcellum
1687 685 1892 729 memoria
1920 684 2131 729 maiorum

313 759 388 799 set
414 768 569 813 preces
601 756 797 800 Caesaris
827 770 994 814 poenae
1024 758 1159 816 magis
1189 772 1320 816 quam
1350 758 1546 804 infamiae
1577 773 1790 805 exemere.
1838 759 1920 818 (Μ)
1950 759 2133 818 perculit

344 830 381 874 is
429 830 522 875 dies
561 832 812 890 Pompeium
852 846 1027 891 quoque
1057 833 1296 886 Aelianum,
1336 834 1534 879 iuvenem
1564 835 1873 894 quaestorium,
1914 841 2132 894 tamquam

343 904 600 963 flagitiorum
629 907 805 952 Fabiani
835 922 1034 967 gnarum;
1067 909 1195 968 eique
1226 909 1344 954 Italia
1373 916 1416 954 et
1445 910 1667 968 Hispania,
1700 912 1743 954 in
1772 924 1859 970 qua
1878 917 1998 955 ortus
2027 916 2129 964 erat,

342 981 614 1028 interdictum
640 990 717 1028 est.
757 984 849 1043 pari
865 985 1094 1043 ignominia
1115 985 1307 1030 Valerius
1336 986 1535 1031 Ponticus
1556 986 1753 1039 afficitur,
1785 985 1904 1045 quod
1933 1000 2044 1049 reos,
2074 999 2130 1031 ne

342 1057 457 1116 apud
495 1059 760 1117 praefectum
798 1060 919 1105 urbis
958 1067 1255 1119 arguerentur,
1307 1062 1361 1106 ad
1398 1068 1644 1120 praetorem
1682 1062 1920 1115 detulisset,
1961 1062 2131 1107 interim

292 1143 329 1174 10
342 1134 488 1192 specie
531 1134 695 1194 legum,
738 1150 838 1181 mox
880 1136 1216 1195 praevaricando
1253 1136 1457 1181 ultionem
1498 1137 1710 1182 elusurus.
1756 1137 1928 1182 additur
1957 1143 2130 1183 senatus

342 1211 553 1264 consulto,
600 1212 674 1270 qui
717 1211 845 1257 talem
882 1226 1060 1271 operam
1097 1213 1362 1271 emptitasset
1393 1213 1730 1266 vendidissetve,
1776 1214 1956 1272 perinde
1990 1227 2131 1273 poena

340 1284 558 1332 teneretur
586 1301 637 1332 ac
666 1288 702 1332 si
731 1288 904 1346 publico
934 1288 1094 1333 iudicio
1125 1289 1361 1334 calumniae
1391 1288 1710 1334 condemnatus.

454 1363 535 1421 (42)
566 1363 691 1408 Haud
722 1363 853 1408 multo
883 1370 983 1422 post
1010 1364 1274 1423 praefectum
1302 1364 1422 1409 urbis
1452 1364 1687 1409 Pedanium
1708 1364 1956 1410 Secundum
1979 1378 2130 1410 servus
2185 1357 2190 1362 ’

339 1438 475 1497 ipsius
504 1439 735 1493 interfecit,
768 1453 847 1486 seu
866 1447 1019 1499 negata
1047 1440 1262 1494 libertate,
1296 1442 1364 1486 cui
1393 1441 1576 1500 pretium
1598 1441 1839 1500 pepigerat,
1872 1441 1964 1486 sive
1983 1454 2130 1486 amore

402 1587 435 1620 2.
460 1586 592 1637 tabulas
612 1587 726 1621 ascitis
747 1586 940 1630 Kiessling:
965 1587 1097 1621 tabulas
1118 1588 1160 1621 iis
1181 1597 1236 1631 pr.
1254 1589 1307 1628 M3
1337 1588 1512 1622 tabulariis
1534 1596 1626 1622 corr.
1650 1589 1685 1623 M
1711 1605 1746 1613 —
1773 1588 1805 1623 4.
1831 1588 2036 1622 damnantur
2059 1589 2131 1623 Pu-

337 1641 517 1677 teolanus:
543 1644 729 1677 damnatur
750 1645 784 1679 M
809 1663 846 1668 —
871 1645 904 1678 5.
925 1642 1001 1685 ᾖσσε
1022 1645 1056 1679 Μ
1081 1663 1118 1669 —-
1137 1654 1245 1686 penae
1267 1646 1301 1678 M
1326 1663 1362 1669 —
1393 1645 1425 1678 6.
1450 1648 1614 1688 tanquam
1635 1645 1669 1680 M
1691 1663 1727 1669 -
1753 1645 1806 1678 40.
1831 1649 1963 1679 senatus
1983 1646 2130 1679 consulto

336 1700 389 1735 M:
421 1704 553 1734 senatus
580 1702 765 1735 consultum
791 1699 1014 1735 Puteolanus.
1044 1719 1080 1725 —
1113 1701 1167 1734 44.
1189 1710 1280 1748 pena
1310 1705 1499 1735 tenerentur
1520 1703 1554 1736 M
1582 1719 1618 1725 —
1651 1702 1703 1735 ⁴2.
1728 1702 1756 1734 si
1778 1702 1814 1735 in
1836 1702 1871 1736 M
1893 1701 2053 1736 additum
2075 1702 2131 1736 est

337 1765 382 1790 ex
404 1757 649 1800 correctione,
675 1757 740 1792 sed
763 1757 808 1791 ab
834 1758 962 1792 eadem
985 1766 1107 1791 manu.
1127 1775 1163 1782 -
1189 1759 1438 1800 condemptatus
1457 1758 1529 1802 (sic)
1554 1759 1587 1793 M
1611 1776 1647 1782 -
1675 1757 1728 1793 ⁴4.
1750 1755 1857 1800 fitium
1878 1759 1923 1794 M.

335 1887 422 1931 aliis]
445 1889 575 1928 tribus;
613 1898 697 1923 nam
720 1891 861 1933 septem
884 1891 1044 1932 testium,
1078 1891 1208 1924 civium

333 1940 586 1982 Romanorum,
604 1941 703 1983 signa
720 1941 931 1984 apponenda
947 1942 1059 1974 erant.
1084 1942 1204 1974 lustin.

333 1990 442 2023 Instit.
473 1991 511 2032 2,
544 1990 599 2032 40,
624 1990 657 2024 3.
685 2009 722 2015 —
756 1991 825 2034 lege
856 1991 1026 2034 Cornelia]
1063 2000 1082 2023 a
1113 1990 1206 2023 Sulla

334 2039 504 2074 dictatore
529 2049 561 2074 a.
579 2050 615 2074 u.
634 2041 697 2075 673
720 2039 789 2074 lata
813 2040 858 2075 de
879 2040 984 2083 falso,
1011 2042 1207 2074 testamen-

332 2092 421 2124 taria
456 2092 492 2124 et
525 2091 743 2132 nummaria,
779 2091 825 2124 de
859 2100 929 2133 qua
959 2090 1088 2125 Paulus
1119 2091 1204 2124 Rec.

333 2141 428 2174 Sent.
453 2141 494 2183 4,
512 2141 545 2181 7,
564 2142 577 2174 4
601 2141 668 2183 (ed.
687 2141 818 2175 Arndts
841 2150 876 2184 p.
895 2141 991 2183 444);
1019 2141 1083 2183 Qui
1105 2144 1207 2175 testa—

331 2195 480 2226 mentum
500 2192 624 2235 falsum
646 2193 834 2234 scripserit,
864 2193 1072 2234 recitaverit,
1097 2193 1206 2226 subie-

332 2243 430 2284 cerit,
466 2244 664 2285 signaverit,
698 2242 777 2285 (aut
807 2243 1060 2276 testamentum
1090 2241 1206 2285 legiti-

332 2293 442 2335 mum)
480 2294 715 2335 suppresserit,
752 2293 931 2334 amoverit,
970 2294 1204 2336 resignaverit,

331 2343 503 2384 deleverit,
524 2352 634 2385 poena
657 2343 737 2386 lepis
754 2343 926 2377 Corneliae
948 2344 986 2377 de
1007 2344 1102 2386 falsis
1120 2347 1206 2377 tene-

331 2397 399 2436 tur,
424 2394 459 2427 id
481 2397 543 2435 est,
567 2395 605 2427 in
627 2394 774 2427 insulam
797 2395 1003 2435 deportatur.
1029 2394 1049 2436 5
1072 2394 1105 2427 2.
1129 2395 1205 2427 Non

329 2444 437 2477 solum
450 2443 497 2484 is,
522 2443 581 2484 qui
595 2447 826 2477 testamentum
839 2443 989 2485 subiecit,
1011 2445 1203 2485 suppressit,

330 2494 464 2535 delevit,
491 2502 600 2535 poena
630 2494 712 2537 leqis
733 2494 907 2528 Corneliae
936 2495 1121 2535 coercetur,
1149 2495 1205 2528 sed

330 2547 362 2578 et
383 2545 430 2586 is,
463 2545 522 2585 qui
543 2545 647 2578 sciens
667 2546 743 2578 dolo
764 2545 854 2578 malo
876 2545 911 2578 id
931 2547 1006 2588 fleri
1031 2545 1126 2578 iussit
1145 2545 1203 2587 fa-

330 2597 521 2630 ciendumve
542 2598 685 2630 curavit.
722 2596 823 2630 Idem
846 2597 879 2637 ὅ,
905 2597 959 2637 45,
985 2597 1005 2629 ὅ
1029 2596 1077 2639 (ρ.
1104 2595 1199 2638 445);

332 2647 397 2688 Qui
427 2647 513 2689 falso
544 2647 597 2680 vel
629 2646 726 2680 varie
757 2646 943 2680 testimonia
974 2646 1134 2679 dioeerunt
1153 2646 1204 2678 vel

329 2698 464 2739 utrique
492 2698 587 2740 parti
613 2698 853 2739 prodiderunt,
891 2701 951 2730 aut
980 2698 1017 2730 in
1046 2697 1203 2731 exsilium

331 2752 480 2791 aquntur
503 2751 564 2781 aut
585 2748 621 2781 in
641 2748 787 2782 insulam
806 2748 1002 2791 relegantur
1024 2751 1084 2781 aut
1105 2748 1204 2781 curia

330 2799 574 2833 submoventur.
600 2799 651 2832 Cf.
670 2799 799 2832 Baiteri
822 2799 900 2832 Iud.
917 2800 1021 2841 Legg.
1040 2808 1075 2842 p.
1095 2798 1171 2832 463.

373 2848 428 2884 4⁴.
450 2849 593 2892 perculit
613 2850 643 2883 is
666 2850 733 2883 dies
752 2850 951 2893 Pompeium]
977 2851 1033 2884 Sic
1055 2850 1128 2882 Liv.
1145 2849 1201 2890 42,

331 2899 391 2934 67:
417 2899 479 2933 Hic
501 2901 571 2933 dies
585 2917 636 2924 --
649 2900 769 2934 Persea
786 2900 943 2942 perculit.
970 2917 1006 2924 —
1030 2898 1115 2942 reos]
1140 2907 1202 2933 eos

330 2949 480 2991 scilicet,
508 2951 568 2992 qui
592 2959 700 2992 supra
722 2951 832 2983 minus
856 2950 1000 2983 illustres
1024 2949 1201 2990 dicuntur,

329 3008 448 3044 neque
472 3001 639 3035 senatorii
661 3009 779 3043 neque
804 3001 980 3043 equestris
996 3000 1141 3034 ordinis.
1162 3016 1199 3023 -

330 3052 423 3092 apud
440 3050 649 3093 praefectum
671 3050 779 3090 urbis]
816 3051 873 3084 cui
896 3051 1074 3093 Augustus
1097 3049 1203 3083 dum-

329 3102 426 3135 taxat
458 3102 494 3135 in
526 3099 685 3134 infimam
719 3099 864 3142 plebem
892 3109 934 3134 ac
961 3108 1084 3135 servos
1117 3100 1203 3133 iuris

331 3152 522 3186 dictionem
545 3151 786 3186 concesserat.
813 3150 863 3183 Cf.
883 3151 915 3191 6,
934 3152 969 3184 44
986 3161 993 3183 :
1019 3150 1167 3192 sumpsit
1186 3158 1203 3183 e

329 3202 576 3243 consularibus,
613 3201 670 3243 qui
699 3202 863 3233 coerceret
891 3201 1028 3234 servitia
1055 3204 1086 3234 et
1115 3201 1204 3242 quod

329 3254 452 3287 civium
482 3253 631 3286 audacia
660 3251 847 3291 turbidum,
879 3251 944 3284 nisi
970 3253 1039 3285 vim
1062 3254 1200 3285 metuat.

332 3303 402 3336 Sed
439 3301 628 3346 postmodo
668 3301 743 3334 eius
782 3301 939 3343 potestas
977 3299 1199 3343 amplificata,

332 3352 423 3386 adeo
446 3354 486 3386 ut
507 3351 672 3395 Ulpianus
695 3350 826 3393 Digest.
845 3350 877 3390 4,
896 3349 949 3390 42,
968 3351 981 3383 4
1009 3350 1099 3383 haec
1115 3350 1204 3384 scri-

331 3402 409 3436 bat:
436 3403 556 3436 Omnia
575 3402 707 3435 omnino
724 3401 867 3434 crimina
879 3400 1097 3442 praefectura
1111 3400 1203 3433 urbis

330 3451 391 3484 sibi
423 3452 622 3493 vindicavit,
658 3460 718 3485 nec
748 3453 879 3485 tantum
899 3458 959 3490 ea,
995 3458 1082 3491 quae
1110 3452 1202 3483 intra

330 3500 445 3536 urbem
466 3502 703 3543 admittuntur,
735 3508 853 3536 verum
873 3507 915 3534 ea
937 3507 1083 3542 quoque,
1115 3506 1202 3541 quae

1257 1894 1357 1924 ecctra
1382 1890 1497 1924 urbem
1523 1890 1617 1924 intra
1644 1891 1795 1933 Italiam,
1828 1893 1866 1924 ut
1892 1890 2031 1932 epistola
2059 1890 2128 1924 divi
2151 1895 2154 1898 ·

1256 1941 1369 1975 Severi
1392 1942 1437 1973 ad
1458 1940 1599 1974 Fabium
1623 1941 1783 1982 Cilonem,
1808 1941 2016 1983 praefectum
2036 1939 2126 1982 urbi,

1255 1992 1359 2024 missa
1389 1991 1592 2024 declaratur.
1621 2010 1657 2015 —
1684 1992 1729 2024 ad
1752 1990 1954 2034 praetorem]
1990 1990 2126 2030 «Quem

1237 2043 1483 2085 praetorem?
1505 2042 1752 2076 urbanumne‘?
1789 2043 1866 2076 Non
1889 2042 2032 2085 opinor;
2057 2049 2127 2074 nec

1256 2093 1351 2126 enim
1383 2093 1458 2126 eius
1486 2093 1521 2125 in
1544 2093 1690 2126 crimine
1715 2093 1877 2135 cognitio.
1925 2090 2014 2125 Olim
2036 2100 2123 2125 sane

1254 2143 1418 2186 proprius
1440 2141 1700 2185 peculiarisque
1723 2143 1884 2185 praetor,
1910 2141 1972 2184 qui
1994 2141 2126 2176 consti-⁵

1254 2193 1337 2226 tutis
1354 2192 1620 2235 quaestionibus
1636 2193 1818 2236 perpetuis
1831 2192 2064 2234 cognosceret
2078 2191 2124 2225 de

1254 2242 1353 2276 falso.
1388 2243 1478 2276 Eum
1511 2243 1569 2276 hic
1597 2242 1739 2285 intelligi
1767 2242 1887 2276 credo.
1923 2242 1998 2276 Etsi
2029 2241 2126 2275 enim

1253 2292 1423 2336 pleraque
1453 2293 1582 2326 iudicia
1610 2294 1647 2327 in
1669 2294 1796 2327 senatu
1819 2294 1880 2327 aut
1901 2292 1998 2336 apud
2017 2300 2127 2340 prae-3

1254 2344 1387 2377 fectum
1410 2342 1528 2384 urbis,
1555 2344 1590 2376 et
1608 2345 1813 2386 praetorum
1832 2343 1992 2387 potestas
2006 2341 2126 2376 immi-

1253 2396 1356 2434 nuta,
1389 2395 1519 2427 mansit
1541 2395 1680 2435 tamen,
1715 2395 1857 2437 opinor,
1881 2392 2013 2428 veteris
2035 2393 2124 2426 ritus

1252 2446 1369 2487 imago
1393 2444 1570 2487 quaedam
1595 2447 1631 2478 et
1653 2444 1792 2478 umbra.
1824 2445 1938 2485 Quam
1959 2442 2125 2478 Ponticus

1251 2496 1310 2529 hic
1333 2504 1397 2539 pro
1418 2505 1457 2529 re
1475 2494 1658 2538 amplexus
1669 2522 1677 2537 ,
1704 2505 1774 2529 non
1791 2496 1867 2530 sine
1883 2503 1948 2529 sua
1963 2492 2123 2528 stende.»

1253 2547 1340 2579 Llrs.
1362 2564 1399 2570 —
1424 2549 1556 2579 senatus
1577 2546 1736 2590 consulto]
1761 2555 1831 2589 quo
1855 2545 2019 2580 Ponticus
2040 2550 2126 2578 con·

1253 2596 1441 2630 demnatus
1472 2598 1537 2630 est.
1573 2597 1635 2630 Est
1664 2598 1784 2631 autem
1806 2597 1876 2630 hoc
1900 2593 2123 2629 celebratum

1251 2645 1337 2680 illud
1359 2647 1393 2679 S.
1413 2647 1452 2680 C.
1469 2645 1727 2690 Turpilianum,
1752 2646 1797 2680 de
1821 2654 1892 2688 quo
1914 2644 2063 2679 Dirksen
2085 2643 2124 2678 in

1252 2696 1400 2731 Manuali
1416 2705 1452 2739 p.
1470 2696 1549 2730 975:
1570 2706 1660 2739 «quo
1675 2698 1709 2730 S.
1726 2697 1764 2730 C.
1777 2695 1975 2730 calumniae
1990 2701 2119 2738 poena,

1252 2756 1360 2790 quam
1381 2747 1654 2789 tergiversantes
1669 2748 1705 2780 et
1719 2746 2024 2790 praevaricatores
2039 2752 2122 2778 sus-

1252 2797 1429 2839 tinebant,
1454 2798 1633 2840 proposita
1657 2797 1712 2830 est
1733 2795 1818 2838 illis,
1847 2796 1908 2838 qui
1931 2794 2121 2829 accusato-

1251 2858 1309 2883 res
1325 2847 1560 2882 subiecissent
1575 2847 1635 2880 aut
1649 2846 1694 2879 ab
1711 2847 1937 2880 accusatione
1953 2844 2120 2887 suscepta

1251 2908 1369 2941 neque
1396 2907 1461 2941 per
1484 2897 1710 2931 abolitionem
1734 2898 1848 2940 sopita
1871 2895 2120 2930 desisterent.»

1254 2967 1289 2973 —
1325 2949 1513 2982 calumniae
1545 2947 1797 2989 condemnatus]
1835 2946 1913 2988 lege
1945 2945 2141 2987 Remmia,·

1252 3000 1351 3034 cuius
1374 2999 1537 3032 meminit
1560 2999 1685 3033 Cicero
1708 3007 1742 3041 p.
1766 2997 1891 3031 Roscio
1913 2997 1992 3030 Am.
2019 2995 2038 3038 S
2061 2995 2117 3029 δῦ.

1252 3050 1304 3084 Cf.
1330 3050 1459 3083 Baiteri
1481 3048 1556 3082 Ind.
1582 3049 1687 3090 Legg.
1711 3057 1747 3091 p.
1764 3046 1841 3081 254.
1874 3047 1949 3087 Quo
1972 3046 2118 3081 auctora

1252 3102 1288 3134 et
1311 3108 1381 3142 quo
1405 3108 1497 3133 anno
1520 3098 1588 3132 lata
1612 3099 1672 3139 sit,
1698 3107 1769 3132 non
1792 3098 1940 3131 constat.
1965 3097 2016 3130 De
2039 3096 2117 3130 eius

1251 3158 1367 3193 poena
1390 3148 1643 3191 Osenbriiggen
1666 3147 1711 3181 ad
1727 3148 1799 3181 Cic.
1817 3146 1840 3181 l.
1858 3145 1881 3180 l.
1906 3144 2044 3180 accedit
2060 3145 2115 3187 iis,

1252 3201 1313 3242 qui
1334 3198 1511 3242 prioribus
1533 3197 1754 3240 temporibus
1770 3195 1994 3230 condemnati
2013 3194 2118 3228 tronti

1251 3251 1372 3283 notam
1393 3249 1428 3282 K
1439 3247 1639 3291 (kalumnia)
1665 3248 1818 3281 inustam
1842 3254 1921 3279 esse
1944 3245 2115 3287 statuunt,

1250 3300 1344 3334 unde
1368 3299 1578 3342 Papinianus
1600 3299 1637 3330 in
1658 3298 1734 3339 Dig.
1758 3297 1820 3338 22,
1844 3297 1876 3336 ὃ,
1903 3294 1945 3328 43
1966 3296 2117 3338 inteqrae

1248 3350 1368 3393 frontis
1388 3349 1550 3382 hominem
1571 3348 1676 3381 vocet
1698 3354 1797 3387 eum,
1829 3345 1889 3388 qui
1919 3343 2116 3379 calumniae

1251 3400 1438 3434 damnatus
1461 3405 1643 3440 nunquam
1666 3397 1720 3430 sit.
1744 3396 1796 3428 De
1811 3394 2034 3438 temporibus
2046 3403 2122 3438 po-

1251 3448 1458 3484 sterioribus
1480 3447 1607 3482 Paulus
1629 3447 1712 3480 Rec.
1737 3446 1831 3479 sent.
1855 3446 1889 3486 5,
1913 3444 1953 3487 4,
1977 3445 2014 3479 44
2043 3443 2122 3486 (041..

1249 3498 1378 3533 Arndts
1399 3506 1436 3541 p.
1457 3496 1549 3539 430);
1579 3496 1642 3538 Qut
1659 3503 1723 3538 per
1744 3495 1950 3529 calunniam
1969 3493 2123 3533 intimi
