2254 3770
683 264 841 310 LIBER
869 264 937 307 111.
983 262 1084 320 cap.
1114 261 1183 307 49.
1211 262 1278 306 50.
1309 261 1376 307 5⁴.
1406 262 1476 307 52.

1898 256 1980 300 ⁴83

194 386 323 431 grave
361 384 413 415 ac
448 370 610 415 serium
644 383 699 415 ex
734 383 788 414 eo
824 375 1011 420 metuas,
1053 369 1126 428 qui
1163 382 1341 413 suorum
1378 369 1472 427 ipse
1500 367 1759 426 flagitiorum
1786 365 1981 425 proditor

195 462 280 492 non
318 446 509 491 virorum
545 445 696 489 animis
730 444 809 489 sed
850 443 1196 488 muliercularum
1234 444 1414 502 adrepit.
1461 442 1585 488 cedat
1622 449 1764 486 tamen
1798 440 1909 484 urbe
1938 446 1982 484 et

195 522 318 567 bonis
356 521 525 565 amissis
562 534 677 578 aqua
704 526 747 565 et
784 520 870 578 igni
901 525 1111 564 arceatur.
1152 518 1268 577 quod
1307 518 1489 577 perinde
1526 531 1686 563 censeo
1721 530 1773 561 ac
1811 516 1848 559 si
1885 515 1982 573 lege

195 596 426 641 maiestatis
455 601 710 640 teneretur.»
745 594 827 652 (5⁴)
858 594 976 638 solus
1006 593 1169 652 Lepido
1194 594 1415 638 Rubellius
1433 593 1620 637 Blandus
1641 606 1667 636 e
1684 590 1982 636 consularibus

194 671 404 724 adsensit3
428 670 559 716 ceteri
580 672 833 715 sententiam
850 670 1064 728 Agrippae
1084 669 1232 719 secuti,
1254 669 1495 728 ductusque
1515 669 1559 712 in
1575 681 1795 713 carcerem
1809 666 2014 710 Priscuss

195 763 245 793 ac
274 748 412 791 statim
444 746 722 791 exanimatus.
766 745 810 789 id
840 744 1034 788 Tiberius
1064 744 1198 788 solitis
1228 744 1309 789 sibi
1345 744 1600 802 ambagibus
1635 741 1751 801 apud
1786 747 1984 786 senatum

194 822 419 873 incusavit,
458 836 557 866 cum
592 821 814 866 extolleret
850 820 1053 878 pietatem
1088 820 1284 878 quamvis
1321 820 1515 864 modicas
1556 817 1762 877 principis
1803 816 1981 860 iniurias

194 899 348 943 acriter
369 897 675 945 ulciscentium,
709 896 1015 954 deprecaretur
1034 901 1118 938 tam
1141 895 1387 952 praecipitis
1417 894 1649 939 verborum
1675 906 1860 951 poenas;
1889 891 1982 935 lau-

194 974 317 1018 daret
344 972 564 1031 Lepidum,
595 986 738 1030 neque
767 970 999 1028 Agrippam
1028 978 1238 1029 argueret.
1270 971 1396 1028 igitur
1423 970 1582 1014 factum
1611 964 1785 1013 s'enatus
1812 965 1983 1011 consul-

194 1058 283 1093 tum
320 1063 374 1093 ne
413 1048 585 1092 decreta
625 1055 794 1105 patrum
834 1052 931 1091 ante
968 1046 1168 1089 decimum
1206 1046 1321 1090 diem
1357 1044 1412 1089 ad
1452 1045 1667 1107 aerarium
1701 1043 1981 1094 deferrentur,
1996 1056 2033 1087 ιο

195 1124 326 1182 idque
354 1125 466 1167 vitae
497 1123 680 1180 spatium
711 1122 920 1166 damnatis
950 1128 1267 1180 prorogaretur.
1305 1120 1383 1165 sed
1413 1134 1498 1165 non
1528 1120 1694 1164 senatui
1723 1119 1898 1163 libertas
1928 1117 1983 1162 ad

194 1199 499 1257 paenitendum
529 1204 630 1249 erat,
661 1211 803 1256 neque
834 1197 1028 1241 Tiberius
1057 1197 1279 1241 interiectu
1313 1196 1518 1254 temporis
1547 1195 1830 1253 mitigabatur.

307 1275 389 1331 (52)
422 1274 465 1317 C.
487 1273 701 1331 Sulpicius
723 1273 771 1315 D.
793 1272 992 1315 Haterius
1017 1271 1216 1316 consules
1246 1277 1496 1330 sequuntur,
1527 1270 1768 1314 inturbidus
1798 1270 1983 1314 externis
2010 1260 2013 1261 ⁷

196 1350 326 1394 rebus
356 1363 512 1398 annus,
544 1349 659 1392 domi
689 1355 890 1405 suspecta
920 1348 1148 1391 severitate
1179 1347 1410 1390 adversum
1438 1346 1599 1398 luxum,
1639 1346 1713 1405 qui
1743 1346 1984 1389 inmensum

195 1431 451 1484 proruperat
471 1423 525 1467 ad
546 1430 698 1468 cuncta
717 1423 814 1482 quis
834 1423 1019 1482 pecunia
1043 1422 1292 1480 prodigitur.
1325 1422 1404 1465 sed
1433 1421 1515 1465 alia
1544 1427 1802 1479 sumptuum,
1835 1432 2033 1479 quam-⁴5

195 1501 259 1544 vis
297 1500 509 1558 graviora,
553 1498 830 1542 dissimulatis
869 1498 1124 1556 plerumque
1165 1498 1313 1555 pretiis
1355 1497 1699 1550 occultabantur;
1742 1496 1903 1541 ventris
1941 1503 1985 1541 et

195 1589 358 1633 ganeae
387 1581 562 1632 paratus
595 1573 787 1618 adsiduis
817 1573 1088 1617 sermonibus
1117 1573 1275 1631 vulgati
1304 1573 1493 1617 fecerant
1521 1587 1668 1617 curam
1697 1587 1752 1616 ne
1780 1572 1982 1631 princeps

196 1651 397 1708 antiquae
426 1649 714 1707 parsimoniae
745 1648 894 1692 durius
925 1648 1179 1692 adverteret.
1211 1662 1306 1691 nam
1337 1648 1567 1705 incipiente
1597 1649 1641 1692 C.
1672 1647 1824 1691 Bibulo
1851 1647 1983 1691 ceteri

195 1739 371 1784 quoque
401 1724 563 1769 aediles
594 1723 887 1768 disseruerant
915 1724 1059 1781 sperni
1090 1723 1397 1781 sumptuariam
1426 1723 1583 1780 legem,
1615 1723 1831 1781 vetitaque
1860 1728 1983 1767 uten-

196 1801 336 1845 silium
373 1800 509 1858 pretia
543 1801 690 1856 augeri
729 1799 772 1841 in
809 1798 921 1849 dies,
958 1812 1038 1843 nec
1073 1798 1364 1842 mediocribus
1394 1797 1598 1842 remediis
1627 1798 1718 1841 sisti
1747 1811 1901 1856 posse;
1940 1803 2031 1842 etio

261 1940 294 1972 2.
319 1939 436 1971 caedat
456 1939 490 1972 M
515 1956 551 1961 —
578 1937 610 1971 4.
634 1937 786 1970 rebellius
806 1939 840 1971 M
859 1955 895 1960 —
922 1938 975 1971 ⁴0.
993 1939 1155 1971 decimum
1175 1937 1285 1971 Aldus
1308 1938 1482 1972 Manutius
1506 1937 1582 1980 (sed
1597 1938 1679 1980 post
1693 1937 1812 1979 diem):
1838 1946 1909 1970 om.
1926 1937 1980 1977 M;

197 2005 262 2030 suo
283 1995 362 2029 loco
385 1996 503 2042 posuit
518 1994 686 2028 Halmius.
707 2013 743 2018 -
765 1995 818 2028 ⁴3.
838 1995 877 2028 G.
895 1995 928 2028 M
946 2012 982 2017 —
1000 1996 1157 2028 Haterius
1178 1995 1386 2028 Rhenanus:
1409 1995 1528 2027 narius
1541 1995 1575 2028 M
1591 2012 1627 2018 —
1654 1994 1708 2027 46.
1733 1994 1935 2026 dissimilalis
1948 1994 1983 2028 M

199 2070 232 2077 —
255 2052 398 2093 praeliis
411 2052 445 2085 M
462 2069 497 2074 —
521 2052 575 2084 20.
597 2051 732 2093 praetia
745 2059 801 2093 pr.
818 2052 853 2085 M
871 2069 906 2074 —
923 2052 1076 2084 remediis
1089 2052 1160 2084 sisti
1177 2052 1347 2084 Pichena:
1372 2051 1509 2084 remedii
1521 2051 1576 2084 isti
1590 2051 1625 2085 M
1640 2050 1696 2093 (iis
1708 2050 1818 2084 resisti
1831 2049 1980 2092 margo).

195 2181 350 2227 γνώμης
371 2180 617 2226 ἐθανατώθη,
642 2181 848 2226 ἐπετίμησέ
868 2191 910 2215 τε
932 2178 1064 2224 αὐτοῖς
1110 2184 1266 2225 princeps
1287 2183 1446 2223 antiquae
1461 2181 1702 2224 parsimoniae]
1726 2180 1891 2214 Similiter
1910 2181 1984 2214 Ve-

197 2234 262 2266 καὶ
285 2230 412 2277 δόγμα
433 2242 470 2265 τι
493 2230 759 2279 παραδοθῆναι
781 2231 957 2266 ἐκέλευσε
978 2231 1064 2276 μήτ’

196 2280 460 2326 ἀποθνήσκειν
482 2281 590 2325 ἐντὸς
612 2283 709 2316 δέκα
730 2280 883 2330 ἡμερῶν
905 2281 974 2316 τὸν
995 2294 1065 2316 κα·-

197 2333 500 2376 ταψηφισθέντα
519 2330 582 2366 ὑπ’
598 2330 745 2373 αὐτῶν,
768 2331 868 2377 μήτε
881 2330 926 2366 τὸ
942 2331 1066 2380 γράμ-

197 2394 255 2427 μα
282 2380 328 2416 τὸ
358 2382 414 2416 ἐπ’
447 2378 550 2426 αὐτῷ
580 2381 788 2427 γενόμενον
814 2383 854 2424 ἐς
875 2381 921 2416 τὸ
943 2381 1066 2427 δημό-

199 2443 286 2466 σιον
302 2430 411 2473 ἐντὸς
425 2430 494 2466 τοῦ
507 2429 628 2466 αὐτοῦ
639 2432 783 2479 χρόνου
797 2429 1064 2467 ἀποτίθεσθαι.

202 2503 238 2508 -
264 2484 309 2515 ad
330 2484 505 2515 aerarium
526 2483 749 2525 deferrentur]
784 2485 823 2516 ln
854 2485 989 2516 aerario
1013 2486 1067 2516 ta-

200 2533 304 2567 bulae
326 2533 490 2576 publicae
514 2535 550 2566 et
571 2536 649 2566 acta
673 2535 829 2567 senatus.
855 2536 927 2567 Liv.
953 2534 1006 2575 39,
1024 2534 1064 2567 4:

197 2592 314 2616 verum
341 2592 417 2615 cum
443 2583 509 2615 sint
535 2584 725 2615 notissimae
750 2583 811 2615 sibi
841 2593 918 2616 cum
938 2584 1069 2616 consule

199 2632 412 2672 inimicitiae,
437 2633 518 2672 quid
539 2632 581 2664 ab
596 2642 633 2665 eo
646 2641 740 2673 posse
755 2641 954 2674 quemquam
970 2634 1069 2675 aequi

199 2686 410 2723 exspectare,
435 2683 493 2723 qui
510 2692 575 2723 per
595 2683 854 2724 infrequentiam
875 2684 994 2725 furtim
1015 2683 1068 2724 fa-

199 2736 288 2765 ctum
301 2736 434 2764 senalus
446 2733 630 2764 consultum
646 2733 691 2765 ad
706 2734 879 2765 aerarium
894 2733 1068 2766 detulerit?

200 2784 273 2816 Nec
296 2783 377 2815 ante
401 2783 491 2822 rata,
517 2782 633 2815 donec
657 2782 783 2815 delata.
808 2783 896 2816 Vide
916 2782 1067 2816 similem

200 2832 306 2864 Taciti
338 2831 457 2864 locum
491 2832 544 2872 ⁴3,
574 2832 617 2864 28
651 2832 696 2865 de
733 2832 852 2866 multis
886 2832 1065 2865 aedilium.

201 2882 287 2914 L1rs.

243 2931 296 2964 52.
316 2932 351 2964 C.
369 2931 547 2973 Sulpicius]
563 2931 689 2971 Galba,
706 2932 931 2974 imperatoris
946 2931 1065 2965 frater.

201 2981 252 3014 Cf.
271 2982 303 3021 6,
322 2980 375 3013 40.
386 2998 422 3003 —
439 2981 637 3023 inturbidus]
653 2981 873 3014 Vocabulum
889 2982 957 3014 hoc
973 2991 1067 3014 nunc

200 3030 297 3073 apud
319 3029 433 3063 solum
450 3031 608 3064 Tacitum
630 3032 823 3073 reperitur,
849 3032 906 3064 hic
927 3033 963 3064 et
977 3033 1066 3064 Ann.

203 3080 243 3113 ⁴4
256 3106 263 3120 ,
288 3080 343 3112 22.
362 3080 448 3113 Hist.
468 3080 500 3120 3,
518 3080 572 3112 39.
593 3098 629 3104 —
651 3082 834 3113 inmensum
852 3081 1067 3123 proruperat]

202 3129 277 3163 Noli
293 3131 429 3162 tentare
444 3130 479 3161 in
492 3131 687 3162 inmensum.
707 3131 819 3172 Supra
832 3140 862 3162 c.
877 3131 937 3163 30:
956 3139 1066 3170 opum,

202 3180 275 3220 quis
301 3180 416 3212 domus
446 3180 506 3211 illa
526 3180 710 3212 inmensum
730 3181 847 3222 viyuit.
882 3197 918 3204 —
947 3181 1070 3212 ventris

202 3232 233 3262 el
253 3229 399 3273 paneae]
428 3230 686 3271 Despicientiae
711 3229 959 3270 significandae
984 3238 1069 3271 ergo

204 3278 363 3312 consulto
379 3278 544 3311 vilissima
557 3278 727 3311 vocabula
741 3278 869 3320 delegit
883 3288 948 3320 pro
966 3287 1070 3321 nepu-

205 3326 317 3361 larum
340 3330 446 3371 atque
469 3327 740 3361 helluationumn
762 3329 842 3370 (quo
859 3328 968 3361 verbo
984 3337 1069 3362 usus

207 3378 262 3410 est
283 3378 407 3412 Cicero
430 3387 514 3411 cum
528 3378 666 3412 senatui
683 3379 811 3420 gratias
827 3379 896 3421 egit
912 3378 931 3420 S
949 3378 1016 3419 43).
1030 3397 1067 3402 -

1115 2234 1298 2275 spasianus
1332 2233 1420 2265 infra
1448 2241 1479 2265 c.
1505 2232 1547 2265 55
1574 2231 1705 2278 dicitur
1733 2232 1871 2271 antiquo
1894 2231 1985 2264 cultu

1114 2285 1278 2324 victuque.
1317 2283 1368 2316 Ci.
1394 2283 1448 2323 42,
1472 2282 1533 2315 53:
1568 2282 1739 2315 libertinus
1766 2282 1906 2315 sestertii
1934 2285 1986 2315 ter

1115 2334 1244 2366 miliens
1262 2342 1429 2374 possessor
1449 2333 1609 2373 antiquae
1624 2332 1854 2373 parsimoniae
1876 2332 1986 2364 laudi-

1116 2383 1175 2415 bus
1188 2383 1436 2416 cumulabatur.
1455 2400 1492 2406 -
1510 2383 1757 2423 sumptuariam
1770 2381 1883 2424 leqem]
1901 2383 1985 2415 Sue-

1117 2434 1231 2466 tonius
1253 2435 1339 2474 Aug.
1358 2432 1419 2466 34:
1447 2433 1532 2474 leqes
1551 2432 1748 2465 retractavit
1770 2435 1800 2465 et
1821 2433 1985 2473 quasdam

1117 2492 1161 2515 ex
1181 2484 1309 2524 inteqro
1331 2483 1462 2523 sanxit,
1486 2486 1525 2514 ut
1545 2484 1794 2522 sumptuariam
1817 2483 1885 2514 cet.
1909 2480 1985 2524 (vi-

1117 2532 1246 2565 delicet
1268 2533 1339 2564 iam
1361 2532 1467 2565 Iulius
1484 2532 1616 2565 Caesar
1630 2532 1866 2574 sumptuarias
1887 2531 1985 2573 prio-

1117 2591 1175 2615 res
1198 2583 1416 2615 severius‘ac
1431 2581 1627 2623 diligentius
1646 2583 1822 2615 sanxerat.
1848 2582 1920 2614 Cic.
1939 2580 1985 2613 ad

1117 2632 1186 2664 Att.
1213 2632 1271 2671 43,
1298 2632 1328 2664 ⁴.
1362 2631 1408 2664 ad
1429 2632 1526 2664 Fam.
1551 2632 1584 2671 7,
1608 2632 1662 2664 26.
1690 2631 1721 2672 9,
1747 2632 1801 2664 45.
1837 2631 1981 2663 sueton.

1119 2682 1221 2714 Caes.
1247 2681 1299 2714 43.
1325 2682 1390 2714 Dio
1413 2681 1467 2722 54,
1485 2681 1531 2723 2.)
1556 2680 1684 2714 Gellius
1706 2682 1739 2721 2,
1757 2681 1811 2722 24,
1837 2681 1896 2714 ⁴4:
1920 2682 1985 2713 Po-

1117 2735 1237 2763 stremo
1252 2731 1307 2764 lex
1321 2731 1408 2763 Iulia
1423 2732 1468 2763 ad
1479 2732 1642 2772 populum
1651 2732 1817 2772 pervenit,
1843 2731 1985 2764 Caesare

1116 2781 1263 2823 Augusto
1284 2782 1485 2822 imperante,
1509 2790 1578 2821 qua
1596 2782 1748 2822 profestis
1769 2782 1901 2823 quidem
1919 2780 1985 2813 die-

1118 2830 1176 2863 bus
1191 2831 1321 2863 ducenti
1335 2831 1518 2872 finiuntur;
1539 2831 1711 2871 Kalendis,
1734 2831 1856 2870 Idibus,
1879 2830 1985 2862 Nonis

1118 2884 1148 2913 et
1170 2881 1246 2912 aliis
1268 2880 1462 2920 quibusdam
1482 2881 1572 2922 festis
1593 2881 1726 2914 trecenti
1732 2889 1745 2920 ;
1772 2881 1895 2921 nuptiis
1917 2889 1984 2912 au-

1118 2934 1182 2962 tem
1203 2933 1234 2962 et
1254 2930 1390 2970 repotiis
1409 2931 1548 2963 sestertii
1568 2931 1668 2963 mille.
1695 2931 1775 2963 Esse
1790 2931 1890 2963 etiam
1905 2930 1986 2963 dicit

1119 2980 1234 3020 Capito
1255 2980 1368 3012 Ateius
1388 2980 1549 3020 edictum,
1574 2981 1686 3014 divine
1706 2980 1846 3022 Auyusti
1867 2988 1913 3012 an
1929 2980 1985 3011 Ti-

1118 3030 1200 3062 berii
1216 3029 1368 3062 Caesaris
1381 3039 1448 3062 non
1461 3032 1544 3063 satis
1558 3031 1782 3070 commemini,
1800 3038 1865 3070 quo
1879 3030 1984 3062 edicto

1116 3088 1177 3120 per
1209 3080 1338 3112 dierum
1369 3082 1488 3113 varias
1519 3081 1750 3113 sollemnitates
1781 3088 1804 3111 a
1833 3080 1985 3112 trecentis

1117 3129 1270 3160 sestertiis
1292 3130 1440 3170 adusque
1461 3131 1527 3163 duo
1548 3131 1699 3163 sestertia
1719 3131 1869 3170 sumptus
1887 3137 1985 3162 cena-

1117 3187 1194 3210 rum
1209 3182 1420 3220 propaqatus
1441 3183 1505 3220 est,
1529 3183 1567 3212 ut
1586 3180 1637 3212 his
1657 3179 1772 3211 sallem
1791 3178 1914 3220 finibus
1933 3179 1985 3212 lu·

1117 3230 1240 3261 muriae
1268 3230 1504 3270 effewescentis
1535 3233 1643 3262 aestus
1674 3230 1892 3262 coerceretur.
1929 3229 1980 3262 Cf.

1119 3278 1273 3311 Macrob.
1301 3280 1439 3313 saturn.
1464 3281 1502 3319 2,
1522 3279 1574 3311 ⁴3.
1595 3297 1630 3302 —
1655 3279 1843 3311 utensilium
1858 3279 1981 3322 pretia]

1119 3329 1261 3362 sueton.
1294 3329 1369 3362 Tib.
1394 3329 1456 3362 34:
1491 3337 1660 3361 annonam
1689 3329 1819 3362 macelli
1852 3332 1985 3363 senatus

1115 3378 1260 3412 arbitrio
1282 3381 1459 3421 quotannis
1484 3379 1733 3420 temperandam
1753 3380 1890 3414 censuit.
1926 3379 1981 3413 Ad
