2254 3770
717 295 873 341 mnan
899 295 988 340 xn.
1032 295 1134 354 Cap.
1163 295 1234 340 28.
1261 296 1330 339 29.
1359 296 1428 342 30.
1456 296 1524 340 3⁴.

1926 295 2009 339 363

230 402 423 447 subsidio
452 403 575 447 victis
604 409 647 448 et
673 409 880 447 terrorem
921 402 1129 447 adversus
1158 402 1361 457 victores,
1402 419 1457 448 ne
1494 404 1660 448 fortuna
1691 403 1788 448 elati
1818 408 2008 446 nostram

228 492 402 537 quoque
431 492 583 536 pacem
611 477 842 531 turbarent.
872 491 971 522 nam
998 477 1063 521 vis
1092 480 1331 531 innumera,
1362 480 1485 539 Lygii
1514 479 1710 538 aliaeque
1738 484 1899 537 gentes,
1931 478 2008 521 ad-

226 553 470 604 ventabant,
502 553 611 597 sama
643 553 742 596 ditis
771 554 910 611 regni,
943 553 1060 611 quod
1080 553 1266 597 Vannius
1296 555 1465 611 triginta
1494 569 1573 613 per
1601 568 1736 598 annos
1766 553 2009 612 praedatio-

225 628 351 672 nibus
378 635 422 673 et
450 628 729 686 vectigalibus
758 635 945 672 auxerat.
977 629 1059 686 ipsi
1089 642 1239 672 manus
1269 630 1444 687 propria
1471 630 1657 688 pedites,
1688 643 1824 687 eques
1854 642 1879 672 e
1909 628 2009 671 Sar-

224 704 346 747 matis
382 703 608 763 Iazygibus
647 710 754 754 erat,
792 703 930 761 impar
968 703 1222 747 multitudini
1257 704 1467 757 hostium3
1513 718 1654 763 eoque
1695 703 1879 749 castellis
1909 712 2040 747 seseli

224 779 448 823 defensare
488 778 735 836 bellumque
771 777 932 822 ducere
973 785 1188 823 statuerat.
1234 780 1315 836 (30)
1347 780 1425 823 sed
1455 781 1634 839 Iazyges
1664 779 1901 824 obsidionis
1930 779 2010 822 im-

224 855 432 913 patientes
462 860 505 897 et
533 853 753 912 proximos
782 867 862 911 per
890 867 1065 912 campos
1094 855 1190 912 vagi
1226 855 1588 899 necessitudinem
1616 869 1786 914 pugnae
1815 851 2007 906 attulere,

222 930 324 988 quia
353 929 512 988 Lygius
542 928 955 987 Hermundurusque
992 928 1075 974 illic
1114 930 1372 987 ingruerant.
1404 930 1530 988 igitur
1561 930 1794 987 degressus
1824 930 2010 974 castellis

221 1005 408 1050 Vannius
445 1003 632 1048 funditur
667 1004 852 1062 proelio,
891 1019 1151 1063 quamquam
1179 1005 1311 1049 rebus
1341 1005 1552 1055 adversis,
1592 1005 1789 1050 laudatus
1819 1005 1935 1064 quod
1968 1012 2011 1049 et

226 1094 413 1139 pugnam
443 1094 569 1123 manu
599 1080 800 1138 capessiit
828 1086 870 1123 et
900 1093 1081 1138 corpore
1111 1080 1294 1125 adverso
1323 1080 1500 1125 vulnera
1531 1081 1712 1138 excepit.
1743 1087 1932 1125 ceterum
1954 1080 2007 1124 ad
2022 1090 2059 1119 ⁴0

222 1155 404 1200 classem
434 1155 478 1198 in
506 1155 701 1198 Danuvio
732 1155 1027 1212 opperientem
1056 1156 1250 1214 perfugit.
1281 1157 1415 1200 secuti
1447 1170 1545 1200 mox
1566 1156 1741 1201 clientes
1762 1163 1804 1200 et
1821 1156 2009 1213 acceptis

222 1231 336 1289 agris
365 1230 408 1273 in
435 1231 653 1274 Pannonia
682 1229 807 1274 locati
837 1237 947 1274 sunt.
978 1245 1158 1289 regnum
1177 1232 1336 1290 Vangio
1367 1245 1418 1276 ac
1445 1232 1549 1276 Sido
1580 1232 1689 1290 inter
1713 1246 1761 1275 se
1781 1231 2007 1289 partivere,

223 1306 396 1364 egregia
434 1305 643 1349 adversus
683 1319 762 1349 nos
801 1304 906 1357 fide,
955 1305 1178 1358 subiectis,
1226 1321 1361 1351 suone
1398 1321 1452 1350 an
1482 1307 1641 1351 servitii
1672 1307 1860 1364 ingenio,
1907 1306 2009 1350 dum

222 1381 563 1439 adipiscerentur
591 1380 908 1432 dominationis,
956 1381 1086 1425 multa
1115 1382 1306 1433 caritate,
1348 1388 1391 1426 et
1425 1383 1588 1426 maiore
1618 1381 1738 1433 odio,
1780 1388 2009 1441 postquam

222 1456 367 1514 adepti
397 1461 508 1499 sunt.

338 1531 418 1588 (3⁴)
451 1534 502 1575 At
530 1532 572 1574 in
601 1533 816 1576 Britannia
835 1532 880 1575 P.
903 1531 1122 1576 Ostorium
1151 1547 1231 1590 pro
1253 1539 1452 1590 praetore
1473 1533 1669 1577 turbidae
1691 1547 1760 1577 res
1781 1547 2007 1591 excepere,

223 1607 370 1651 effusis
409 1607 450 1650 in
488 1621 639 1665 agrum
677 1607 894 1651 sociorum
930 1607 1122 1651 hostibus
1153 1622 1206 1652 eo
1237 1608 1480 1659 violentius,
1520 1608 1636 1665 quod
1667 1622 1823 1652 novum
1854 1609 2010 1653 ducem

223 1683 412 1727 exercitu
443 1683 587 1740 ignoto
618 1689 659 1726 et
689 1689 841 1740 coepta
873 1683 1011 1727 bieme
1035 1683 1191 1726 iturum
1214 1683 1385 1727 obviam
1410 1697 1494 1727 non
1516 1684 1730 1727 rebantur.
1761 1683 1830 1727 ille
1853 1698 2010 1742 gnarus

224 1758 371 1816 primis
391 1758 614 1801 eventibus
642 1764 804 1801 metum
824 1764 897 1801 aut
916 1757 1118 1802 fiduciam
1137 1759 1271 1816 gigni,
1304 1759 1408 1802 citas
1429 1759 1626 1802 cohortes
1648 1759 1776 1816 rapit,
1809 1766 1852 1803 et
1871 1760 2010 1803 caesis

225 1833 299 1891 qui
329 1833 587 1884 restiterant,
620 1833 822 1877 disiectos
853 1841 1144 1885 consectatus,
1177 1848 1231 1878 ne
1262 1848 1411 1877 rursus
1441 1834 1798 1892 conglobarentur
1827 1835 2010 1878 infensa-
2022 1842 2059 1871 20

226 1922 312 1967 que
357 1915 400 1952 et
437 1907 567 1952 infida
602 1922 685 1966 pax
721 1923 806 1952 non
836 1897 934 1953 duci
965 1923 1049 1953 non
1080 1909 1199 1952 militi
1230 1910 1423 1968 requiem
1454 1910 1738 1967 permitteret,
1786 1910 2009 1954 detrahere

283 2043 316 2075 2.
341 2042 406 2074 uisi
427 2051 481 2084 pr.
506 2042 540 2075 M
565 2058 601 2066 -
627 2042 726 2084 Lyqii
748 2041 954 2075 Oberlinus:
979 2042 1050 2083 liyii
1073 2043 1123 2081 M;
1150 2042 1249 2084 Luyii
1271 2041 1499 2076 Muellenhoff
1517 2043 1670 2075 Zeitschr.
1694 2043 1720 2084 f.
1745 2043 1779 2075 d.
1795 2043 1931 2076 Atterth.
1949 2044 2006 2083 IX,

220 2107 257 2140 p.
280 2099 355 2131 253.
380 2117 425 2122 —
446 2099 576 2139 aliaque
598 2100 631 2133 M
655 2116 692 2122 —
723 2100 755 2132 ὅ.
781 2100 947 2141 iaziqibus
971 2100 1075 2141 (aziqi
1097 2100 1131 2132 in
1155 2103 1289 2139 rasura)
1314 2101 1347 2134 M
1373 2119 1409 2124 —
1442 2101 1473 2133 6.
1498 2101 1636 2142 iaziyies
1658 2101 1690 2134 M
1715 2117 1751 2123 —-
1777 2100 1810 2133 8.
1836 2101 1935 2142 ligius
1956 2102 2006 2138 M;
2075 2090 2080 2094 ’

220 2154 300 2186 vide
326 2154 372 2187 ad
394 2164 428 2187 v.
452 2155 485 2187 2.
517 2173 554 2179 -
582 2155 752 2197 degressus
774 2156 974 2189 Ernestius:
1005 2157 1168 2197 digressus
1190 2157 1223 2190 Μ
1245 2174 1280 2179 -
1308 2156 1340 2189 9.
1363 2156 1493 2197 praelio
1517 2165 1711 2197 quanquam
1735 2157 1768 2189 M
1799 2174 1834 2180 —
1866 2157 1919 2189 40.
1949 2166 2009 2189 ca-

216 2211 335 2252 nesciit
354 2211 387 2243 M
413 2229 449 2234 —
473 2214 618 2256 ceterum
640 2212 673 2244 Μ
699 2230 734 2235 -
761 2212 814 2244 Η.
832 2212 933 2244 dauio
955 2213 1006 2250 M3
1031 2213 1186 2244 Danubio
1203 2212 1316 2254 vulgo.
1335 2231 1370 2235 -
1397 2213 1450 2245 ⁴2.
1468 2214 1572 2254 uaqio
1595 2222 1635 2245 ac
1657 2213 1741 2245 sidio
1764 2214 1798 2246 M
1816 2230 1851 2235 —
1879 2212 1932 2246 44.
1951 2214 2010 2245 do-

218 2266 410 2299 minationis
431 2267 566 2299 amicus
588 2268 726 2308 Ryckii:
751 2268 989 2300 dominationes
1012 2269 1061 2306 M;
1087 2269 1343 2301 dominationem
1364 2269 1518 2301 Pichena
1542 2269 1590 2310 (in
1613 2268 1862 2309 adnotatione).
1897 2268 1949 2301 Cf.
1974 2269 2006 2308 3,

220 2323 275 2355 55.
300 2322 332 2362 6,
349 2321 403 2355 45.
424 2339 461 2345 —
487 2323 540 2355 46.
565 2322 727 2355 brittania
751 2323 782 2355 M
808 2341 844 2346 —
872 2324 923 2355 ⁴7.
949 2327 979 2356 et
999 2324 1081 2364 susis
1103 2325 1136 2357 M
1162 2343 1197 2348 —
1224 2325 1275 2357 ⁴8.
1300 2328 1395 2370 cepta
1415 2323 1691 2367 yhiemeillturum
1719 2326 1753 2358 M
1783 2342 1819 2347 —
1854 2324 1954 2357 obuia
1977 2325 2007 2357 M

224 2395 261 2401 —
285 2378 339 2411 20.
363 2378 553 2411 restiterant
574 2379 631 2411 ed.
656 2379 849 2422 Spirensis:
874 2380 1063 2413 restiterunt
1084 2381 1129 2413 M.

223 2484 337 2517 editus
353 2483 398 2516 ab
416 2485 594 2517 Henzenio
610 2484 679 2519 vol.
696 2486 758 2526 111,
775 2494 810 2527 p.
829 2485 890 2518 66:
915 2485 993 2518 Sem.
1011 2487 1091 2519 Pal—

217 2534 306 2575 pelio
329 2535 362 2566 P.
386 2534 412 2575 f.
443 2535 563 2576 Vel(ina
586 2534 690 2576 tribu)
722 2536 851 2575 Histro,
882 2535 1017 2577 ley(ato)
1043 2536 1088 2568 Ti.

224 2585 341 2617 Claudi
358 2585 450 2618 Caes.
467 2586 567 2626 Aug„
590 2594 710 2626 procos
713 2611 778 2618 .....
792 2586 970 2627 pr(aetori)
983 2612 990 2625 ,
1015 2586 1091 2627 tr(i-

222 2635 333 2675 buno)
353 2635 416 2676 pl„
442 2636 663 2677 q(uaest0ri),
687 2637 814 2678 Xvir(o)
839 2636 1010 2678 stlit(ibus)
1035 2637 1091 2669 iu-

222 2685 414 2726 dic(andis)‚
440 2685 606 2726 trobuno)
630 2686 800 2727 mil(itum)
822 2686 986 2728 leqfionis)
1003 2687 1093 2719 XIIII

223 2735 425 2779 Gemssnae),
450 2737 561 2768 comiti
586 2737 631 2768 Ti.
652 2736 743 2769 Caes.
768 2737 867 2778 Aua,
894 2737 929 2770 C.
947 2738 1094 2769 Prierius

221 2785 318 2817 Felix
339 2785 580 2825 Neapolitanus
602 2786 870 2827 beneniciarius).
899 2805 935 2809 —
959 2788 1092 2819 Panno-

224 2835 318 2866 niam
337 2834 555 2876 praesidebat]
581 2835 708 2868 eadem
725 2837 984 2869 constructione
1000 2845 1041 2869 ac
1057 2837 1089 2876 3,

224 2885 277 2918 39.
302 2884 340 2923 4,
365 2886 385 2917 5
410 2887 478 2918 cet.
508 2902 543 2909 —
570 2885 658 2928 ripa]
683 2886 842 2919 Danubii.
859 2904 903 2909 ——
926 2886 1032 2928 Lyqii]
1058 2887 1092 2919 in

225 2934 357 2968 Silesia.
392 2934 443 2968 Cf.
470 2937 588 2968 Germ.
614 2935 668 2968 43.
704 2937 814 2969 Zeuss
837 2937 889 2968 die
911 2937 1093 2969 Deutschen

225 2993 261 3026 p.
281 2984 343 3017 ⁴24
360 2986 396 3016 et
410 2984 486 3017 442.
507 3002 539 3008 —
568 2986 708 3027 triginta
720 2995 782 3026 per
796 2986 911 3028 annos]
936 2986 981 3018 ab
998 2995 1092 3018 anno

226 3043 260 3066 u.
279 3034 342 3065 772
360 3034 405 3065 ad
421 3042 552 3066 annum
569 3035 644 3067 803.
664 3052 699 3058 —
723 3035 891 3067 Sarmatis
904 3036 1091 3077 Iazyyibus]

225 3086 407 3116 Sarmatae
430 3084 574 3124 lazyges
597 3084 642 3116 ad
665 3087 811 3126 pontum
828 3085 1001 3117 Euxinum
1024 3087 1094 3118 ter-

226 3135 414 3174 minosque
431 3133 575 3165 Russiae
593 3135 628 3166 et
643 3135 853 3175 Hungariae.
880 3135 1092 3167 Metanastae

227 3183 310 3216 dicti
332 3183 494 3224 Iazyges,
522 3183 581 3223 qui
603 3182 693 3224 pulsi
710 3193 729 3215 a
747 3182 947 3221 Roxolanis.
972 3183 1093 3216 relicta

226 3234 338 3276 patria
365 3233 411 3265 ad
440 3232 651 3266 Maeotidem
681 3232 864 3274 paludem,
890 3233 996 3266 sedes
1020 3233 1094 3266 col-

226 3282 386 3316 locarunt
406 3284 442 3316 in
465 3282 644 3315 montibus
666 3281 885 3324 saltibusque
901 3291 1007 3324 supra
1023 3284 1094 3316 Da-

229 3332 376 3365 nubium
388 3333 479 3365 inter
489 3332 667 3365 Tibiscum
682 3334 717 3364 et
730 3333 918 3364 Grannum.
938 3332 990 3365 Cf.
1004 3333 1090 3366 Hist.

229 3381 262 3421 3,
285 3383 317 3414 5.
345 3382 428 3414 Plin.
453 3383 493 3415 N.
519 3383 560 3415 H.
586 3381 606 3414 4
630 3381 649 3423 ἓ
672 3381 726 3413 80.

269 3430 322 3464 30.
347 3432 495 3474 clientes]
521 3430 713 3473 Nibelunge
735 3434 796 3465 net
816 3431 877 3465 49:
905 3433 975 3464 sine
996 3434 1093 3475 maye

1140 2486 1209 2518 und
1232 2486 1337 2519 ander
1359 2487 1429 2519 sine
1441 2495 1534 2519 man.
1555 2503 1590 2510 —
1604 2486 1787 2528 paravere]
1811 2487 2008 2528 antiquiore

1141 2536 1253 2569 forma
1271 2545 1291 2569 a
1309 2535 1447 2576 Plauto,
1474 2538 1648 2573 Lucretio.
1674 2536 1834 2569 Sallustio
1850 2536 1935 2578 (lug.
1955 2538 2006 2578 43)

1141 2587 1322 2628 usurpata.
1342 2603 1377 2608 —
1395 2585 1557 2627 subiectis]
1581 2587 1723 2619 Dativus
1739 2586 1796 2619 hic
1812 2587 2009 2628 iungendus

1142 2637 1196 2669 est
1219 2645 1301 2669 cum
1317 2635 1438 2669 verbis
1453 2637 1561 2669 multa
1576 2638 1735 2676 caritate,
1759 2638 1898 2678 percari
1922 2637 2009 2670 sub-

1141 2688 1251 2719 iectis.
1279 2704 1316 2710 —
1341 2696 1441 2719 suone
1463 2696 1509 2719 an
1529 2687 1674 2728 servitii]
1704 2687 1835 2728 Vangio
1862 2696 1904 2719 ac
1927 2687 2008 2720 Sido

1141 2738 1261 2769 utrum
1290 2737 1363 2770 suis
1393 2737 1554 2770 moribus
1580 2738 1734 2779 primum
1759 2737 2007 2776 clementibus,
2057 2740 2060 2743 '

1142 2787 1270 2820 deinde
1305 2788 1439 2820 severis
1472 2791 1577 2829 atque
1607 2788 1785 2821 atrocibus
1815 2788 2011 2820 meruerint

1143 2837 1294 2878 primum
1312 2838 1514 2877 caritatem,
1533 2837 1661 2870 deinde
1678 2838 1810 2877 odium,
1834 2838 2007 2869 incertum

1143 2895 1223 2919 esse
1247 2886 1350 2924 dicit,
1376 2896 1421 2919 an
1445 2888 1525 2928 quia
1549 2888 1578 2919 is
1602 2886 1724 2920 solitus
1742 2896 1817 2920 mos
1833 2888 1938 2928 atque
1954 2887 2010 2918 in—

1143 2937 1285 2977 genium
1308 2937 1465 2969 omnium
1490 2938 1633 2970 omnino
1659 2937 1870 2980 populorum
1893 2936 2010 2969 servili

1143 2987 1291 3028 imperio
1323 2989 1564 3028 assuetorum,
1596 2989 1636 3020 ut
1664 2988 1826 3020 dominos
1857 2988 2009 3029 primum

1143 3037 1281 3075 ament,
1315 3038 1436 3078 postea
1460 3037 1541 3069 odio
1572 3039 1843 3079 persequantur.
1872 3054 1908 3059 —
1934 3037 2010 3069 adi-

1138 3085 1347 3125 piscerentur
1368 3086 1614 3129 dominationis]
1638 3087 1725 3119 Vide
1750 3086 1793 3118 ad
1818 3086 1851 3121 3,
1874 3087 1928 3118 55.

1187 3135 1240 3167 34.
1264 3135 1307 3168 At
1327 3137 1364 3169 in
1385 3137 1566 3170 Britannia
1588 3137 1671 3179 cet.]
1702 3136 1752 3169 Cf.
1778 3136 2010 3178 Lappenberg

1145 3185 1255 3218 Gesch.
1280 3195 1314 3219 v.
1339 3187 1495 3228 Enyland
1518 3189 1549 3227 Ι,
1575 3196 1610 3229 p.
1635 3186 1688 3219 24.
1718 3205 1754 3210 —
1777 3188 1812 3218 P.
1831 3187 2007 3229 Ostorium]

1144 3237 1223 3276 Agr.
1250 3235 1309 3268 ⁴4:
1335 3237 1561 3269 consularium
1588 3237 1717 3277 primus
1738 3235 1840 3268 Aulus
1863 3238 2011 3270 Plautius

1145 3285 1200 3326 (de
1225 3295 1295 3327 quo
1320 3287 1363 3319 cf.
1390 3288 1443 3326 Η,
1469 3287 1521 3327 36)
1549 3287 1759 3326 praepositus
1789 3286 2007 3326 (Britanniae)

1143 3344 1184 3368 ac
1217 3335 1351 3368 subinde
1385 3337 1535 3368 Ostorius
1569 3335 1734 3375 Scapula,
1770 3339 1907 3377 uterque
1929 3337 2008 3368 bello

1143 3385 1304 3426 eqreqius.
1330 3385 1381 3418 Cf.
1408 3385 1495 3417 infra
1519 3393 1550 3417 c.
1572 3384 1626 3425 39.
1648 3401 1684 3408 —
1709 3386 1811 3417 caesis
1832 3387 1889 3425 qui
1910 3387 2006 3418 resti-

1141 3434 1269 3477 terant]
1301 3434 1353 3468 Cf.
1380 3435 1411 3474 4,
1437 3434 1495 3466 38:
1526 3434 1700 3468 exterritis
1721 3436 1778 3476 qm·
1801 3435 2004 3469 obstiterant.
