<?xml version="1.0" encoding="UTF-8"?>
<!DOCTYPE html PUBLIC "-//W3C//DTD XHTML 1.0 Transitional//EN"
    "http://www.w3.org/TR/xhtml1/DTD/xhtml1-transitional.dtd">
<html xmlns="http://www.w3.org/1999/xhtml" xml:lang="en" lang="en">
 <head>
  <title>
</title>
<meta http-equiv="Content-Type" content="text/html;charset=utf-8" />
  <meta name='ocr-system' content='tesseract 3.04.00' />
  <meta name='ocr-capabilities' content='ocr_page ocr_carea ocr_par ocr_line ocrx_word'/>
</head>
<body>
  <div class='ocr_page' id='page_1' title='image "./pcorneliitacitio01taciuoft_0602.png"; bbox 0 0 2254 3770; ppageno 0'>
   <div class='ocr_carea' id='block_1_1' title="bbox 343 286 1652 338">
    <p class='ocr_par' dir='ltr' id='par_1_1' title="bbox 343 286 1652 338">
     <span class='ocr_line' id='line_1_1' title="bbox 343 286 1652 338; baseline 0.006 -9"><span class='ocrx_word' id='word_1_1' title='bbox 343 286 425 330; x_wconf 74' lang='lat'><strong>564</strong></span> <span class='ocrx_word' id='word_1_2' title='bbox 831 291 875 333; x_wconf 93' lang='lat' dir='ltr'><strong>P.</strong></span> <span class='ocrx_word' id='word_1_3' title='bbox 908 289 1158 335; x_wconf 88' lang='lat' dir='ltr'>CORNELII</span> <span class='ocrx_word' id='word_1_4' title='bbox 1186 290 1356 335; x_wconf 86' lang='lat' dir='ltr'><strong>TACITI</strong></span> <span class='ocrx_word' id='word_1_5' title='bbox 1383 293 1652 338; x_wconf 85' lang='lat' dir='ltr'><strong>ANNALIUM</strong></span> 
     </span>
    </p>
   </div>
   <div class='ocr_carea' id='block_1_2' title="bbox 287 394 2133 1818">
    <p class='ocr_par' dir='ltr' id='par_1_2' title="bbox 287 394 2133 1818">
     <span class='ocr_line' id='line_1_2' title="bbox 344 394 2130 468; baseline 0.004 -30"><span class='ocrx_word' id='word_1_6' title='bbox 344 399 387 438; x_wconf 91' lang='lat' dir='ltr'><strong>et</strong></span> <span class='ocrx_word' id='word_1_7' title='bbox 407 394 597 468; x_wconf 87' lang='lat' dir='ltr'><strong>Curtium</strong></span> <span class='ocrx_word' id='word_1_8' title='bbox 617 396 859 440; x_wconf 87' lang='lat' dir='ltr'><strong>Montanum</strong></span> <span class='ocrx_word' id='word_1_9' title='bbox 882 396 1133 442; x_wconf 89' lang='lat' dir='ltr'><strong>detestanda</strong></span> <span class='ocrx_word' id='word_1_10' title='bbox 1154 399 1341 443; x_wconf 88' lang='lat' dir='ltr'><strong>carmina</strong></span> <span class='ocrx_word' id='word_1_11' title='bbox 1362 398 1618 444; x_wconf 85' lang='lat' dir='ltr'>factitantem</span> <span class='ocrx_word' id='word_1_12' title='bbox 1637 399 1845 445; x_wconf 89' lang='lat' dir='ltr'><strong>eludere</strong></span> <span class='ocrx_word' id='word_1_13' title='bbox 1835 414 1996 460; x_wconf 80' lang='lat' dir='ltr'><strong>inpune</strong></span> <span class='ocrx_word' id='word_1_14' title='bbox 2015 401 2130 446; x_wconf 89' lang='lat' dir='ltr'><strong>sine-</strong></span> 
     </span>
     <span class='ocr_line' id='line_1_3' title="bbox 343 472 2130 529; baseline 0.004 -17"><span class='ocrx_word' id='word_1_15' title='bbox 343 477 471 513; x_wconf 90' lang='lat' dir='ltr'><strong>rent.</strong></span> <span class='ocrx_word' id='word_1_16' title='bbox 487 472 710 529; x_wconf 83' lang='lat' dir='ltr'><strong>requirere</strong></span> <span class='ocrx_word' id='word_1_17' title='bbox 751 485 799 515; x_wconf 90' lang='lat' dir='ltr'><strong>se</strong></span> <span class='ocrx_word' id='word_1_18' title='bbox 830 472 872 514; x_wconf 94' lang='lat' dir='ltr'><strong>in</strong></span> <span class='ocrx_word' id='word_1_19' title='bbox 903 479 1054 517; x_wconf 91' lang='lat' dir='ltr'><strong>senatu</strong></span> <span class='ocrx_word' id='word_1_20' title='bbox 1084 473 1374 526; x_wconf 84' lang='lat' dir='ltr'><strong>consularem,</strong></span> <span class='ocrx_word' id='word_1_21' title='bbox 1418 475 1460 518; x_wconf 93' lang='lat' dir='ltr'><strong>in</strong></span> <span class='ocrx_word' id='word_1_22' title='bbox 1489 475 1598 519; x_wconf 86' lang='lat' dir='ltr'><strong>votis</strong></span> <span class='ocrx_word' id='word_1_23' title='bbox 1628 476 1918 529; x_wconf 84' lang='lat' dir='ltr'><strong>sacerdotem,</strong></span> <span class='ocrx_word' id='word_1_24' title='bbox 1964 476 2006 520; x_wconf 91' lang='lat' dir='ltr'><strong>in</strong></span> <span class='ocrx_word' id='word_1_25' title='bbox 2036 476 2130 520; x_wconf 87' lang='lat' dir='ltr'><strong>iure</strong></span> 
     </span>
     <span class='ocr_line' id='line_1_4' title="bbox 342 544 2130 610; baseline 0.006 -24"><span class='ocrx_word' id='word_1_26' title='bbox 342 544 523 589; x_wconf 83' lang='lat' dir='ltr'><strong>iurando</strong></span> <span class='ocrx_word' id='word_1_27' title='bbox 553 546 711 598; x_wconf 90' lang='lat' dir='ltr'><strong>civem,</strong></span> <span class='ocrx_word' id='word_1_28' title='bbox 742 547 822 591; x_wconf 90' lang='lat' dir='ltr'><strong>nisi</strong></span> <span class='ocrx_word' id='word_1_29' title='bbox 854 555 1000 592; x_wconf 88' lang='lat' dir='ltr'><strong>contra</strong></span> <span class='ocrx_word' id='word_1_30' title='bbox 1019 549 1216 593; x_wconf 68' lang='lat' dir='ltr'><strong>instituta</strong></span> <span class='ocrx_word' id='word_1_31' title='bbox 1244 556 1287 594; x_wconf 88' lang='lat' dir='ltr'><strong>et</strong></span> <span class='ocrx_word' id='word_1_32' title='bbox 1315 550 1598 595; x_wconf 81' lang='lat' dir='ltr'><strong>caerimonias</strong></span> <span class='ocrx_word' id='word_1_33' title='bbox 1628 551 1836 595; x_wconf 90' lang='lat' dir='ltr'><strong>maiorum</strong></span> <span class='ocrx_word' id='word_1_34' title='bbox 1866 550 2130 610; x_wconf 86' lang='lat' dir='ltr'><strong>proditorem</strong></span> 
     </span>
     <span class='ocr_line' id='line_1_5' title="bbox 342 619 2131 685; baseline 0.004 -22"><span class='ocrx_word' id='word_1_35' title='bbox 342 619 483 676; x_wconf 90' lang='lat' dir='ltr'><strong>palam</strong></span> <span class='ocrx_word' id='word_1_36' title='bbox 513 627 555 665; x_wconf 93' lang='lat' dir='ltr'><strong>et</strong></span> <span class='ocrx_word' id='word_1_37' title='bbox 585 622 751 666; x_wconf 90' lang='lat' dir='ltr'><strong>hostem</strong></span> <span class='ocrx_word' id='word_1_38' title='bbox 772 622 958 667; x_wconf 87' lang='lat' dir='ltr'><strong>Thrasea</strong></span> <span class='ocrx_word' id='word_1_39' title='bbox 987 624 1208 669; x_wconf 87' lang='lat' dir='ltr'><strong>induisset.</strong></span> <span class='ocrx_word' id='word_1_40' title='bbox 1240 624 1427 683; x_wconf 89' lang='lat' dir='ltr'><strong>denique</strong></span> <span class='ocrx_word' id='word_1_41' title='bbox 1448 639 1578 683; x_wconf 89' lang='lat' dir='ltr'><strong>agere</strong></span> <span class='ocrx_word' id='word_1_42' title='bbox 1599 634 1842 672; x_wconf 85' lang='lat' dir='ltr'><strong>senatorem</strong></span> <span class='ocrx_word' id='word_1_43' title='bbox 1862 633 1905 671; x_wconf 89' lang='lat' dir='ltr'><strong>et</strong></span> <span class='ocrx_word' id='word_1_44' title='bbox 1924 626 2131 685; x_wconf 84' lang='lat' dir='ltr'><strong>principis</strong></span> 
     </span>
     <span class='ocr_line' id='line_1_6' title="bbox 309 695 2131 761; baseline 0.004 -23"><span class='ocrx_word' id='word_1_45' title='bbox 309 695 650 741; x_wconf 74' lang='lat' dir='ltr'><strong>sobtreotatores</strong></span> <span class='ocrx_word' id='word_1_46' title='bbox 680 704 909 756; x_wconf 84' lang='lat' dir='ltr'><strong>protegere</strong></span> <span class='ocrx_word' id='word_1_47' title='bbox 939 698 1088 743; x_wconf 91' lang='lat' dir='ltr'><strong>solitus</strong></span> <span class='ocrx_word' id='word_1_48' title='bbox 1119 701 1301 752; x_wconf 91' lang='lat' dir='ltr'><strong>veniret,</strong></span> <span class='ocrx_word' id='word_1_49' title='bbox 1335 708 1532 746; x_wconf 88' lang='lat' dir='ltr'><strong>censeret</strong></span> <span class='ocrx_word' id='word_1_50' title='bbox 1560 702 1664 760; x_wconf 90' lang='lat' dir='ltr'><strong>quid</strong></span> <span class='ocrx_word' id='word_1_51' title='bbox 1692 702 1846 761; x_wconf 83' lang='lat' dir='ltr'><strong>corrigi</strong></span> <span class='ocrx_word' id='word_1_52' title='bbox 1876 708 1950 747; x_wconf 86' lang='lat' dir='ltr'><strong>aut</strong></span> <span class='ocrx_word' id='word_1_53' title='bbox 1976 701 2131 746; x_wconf 86' lang='lat' dir='ltr'><strong>mutari</strong></span> 
     </span>
     <span class='ocr_line' id='line_1_7' title="bbox 342 770 2129 836; baseline 0.005 -23"><span class='ocrx_word' id='word_1_54' title='bbox 342 770 488 815; x_wconf 90' lang='lat' dir='ltr'><strong>vellet:</strong></span> <span class='ocrx_word' id='word_1_55' title='bbox 519 772 684 817; x_wconf 87' lang='lat' dir='ltr'><strong>facilius</strong></span> <span class='ocrx_word' id='word_1_56' title='bbox 715 773 955 831; x_wconf 85' lang='lat' dir='ltr'><strong>perlaturos</strong></span> <span class='ocrx_word' id='word_1_57' title='bbox 985 775 1151 833; x_wconf 90' lang='lat' dir='ltr'><strong>singula</strong></span> <span class='ocrx_word' id='word_1_58' title='bbox 1180 776 1472 834; x_wconf 87' lang='lat' dir='ltr'><strong>increpantem</strong></span> <span class='ocrx_word' id='word_1_59' title='bbox 1491 790 1622 836; x_wconf 90' lang='lat' dir='ltr'><strong>quam</strong></span> <span class='ocrx_word' id='word_1_60' title='bbox 1641 792 1755 822; x_wconf 89' lang='lat' dir='ltr'><strong>nunc</strong></span> <span class='ocrx_word' id='word_1_61' title='bbox 1784 777 1999 822; x_wconf 88' lang='lat' dir='ltr'><strong>silentium</strong></span> <span class='ocrx_word' id='word_1_62' title='bbox 2027 790 2129 835; x_wconf 87' lang='lat' dir='ltr'><strong>per·</strong></span> 
     </span>
     <span class='ocr_line' id='line_1_8' title="bbox 342 846 2132 909; baseline 0.004 -20"><span class='ocrx_word' id='word_1_63' title='bbox 342 846 498 891; x_wconf 86' lang='lat' dir='ltr'><strong>ferrent</strong></span> <span class='ocrx_word' id='word_1_64' title='bbox 528 849 671 893; x_wconf 90' lang='lat' dir='ltr'><strong>omnia</strong></span> <span class='ocrx_word' id='word_1_65' title='bbox 700 848 954 894; x_wconf 83' lang='lat' dir='ltr'><strong>damnantis.</strong></span> <span class='ocrx_word' id='word_1_66' title='bbox 987 864 1139 908; x_wconf 93' lang='lat' dir='ltr'><strong>pacem</strong></span> <span class='ocrx_word' id='word_1_67' title='bbox 1168 850 1225 894; x_wconf 92' lang='lat' dir='ltr'><strong>illi</strong></span> <span class='ocrx_word' id='word_1_68' title='bbox 1257 865 1335 909; x_wconf 91' lang='lat' dir='ltr'><strong>per</strong></span> <span class='ocrx_word' id='word_1_69' title='bbox 1362 852 1509 897; x_wconf 91' lang='lat' dir='ltr'><strong>orbem</strong></span> <span class='ocrx_word' id='word_1_70' title='bbox 1538 859 1691 905; x_wconf 88' lang='lat' dir='ltr'><strong>terrae,</strong></span> <span class='ocrx_word' id='word_1_71' title='bbox 1725 867 1778 897; x_wconf 91' lang='lat' dir='ltr'><strong>an</strong></span> <span class='ocrx_word' id='word_1_72' title='bbox 1808 853 2008 898; x_wconf 86' lang='lat' dir='ltr'><strong>victorias</strong></span> <span class='ocrx_word' id='word_1_73' title='bbox 2038 852 2132 897; x_wconf 86' lang='lat' dir='ltr'><strong>sine</strong></span> 
     </span>
     <span class='ocr_line' id='line_1_9' title="bbox 341 922 2133 987; baseline 0.004 -22"><span class='ocrx_word' id='word_1_74' title='bbox 341 922 496 967; x_wconf 90' lang='lat' dir='ltr'><strong>damno</strong></span> <span class='ocrx_word' id='word_1_75' title='bbox 527 924 791 969; x_wconf 85' lang='lat' dir='ltr'><strong>exercituum</strong></span> <span class='ocrx_word' id='word_1_76' title='bbox 821 925 1081 983; x_wconf 80' lang='lat' dir='ltr'><strong>displicere?</strong></span> <span class='ocrx_word' id='word_1_77' title='bbox 1118 940 1172 970; x_wconf 93' lang='lat' dir='ltr'><strong>ne</strong></span> <span class='ocrx_word' id='word_1_78' title='bbox 1206 926 1422 972; x_wconf 91' lang='lat' dir='ltr'><strong>hominem</strong></span> <span class='ocrx_word' id='word_1_79' title='bbox 1450 927 1576 972; x_wconf 90' lang='lat' dir='ltr'><strong>bonis</strong></span> <span class='ocrx_word' id='word_1_80' title='bbox 1610 927 1794 987; x_wconf 87' lang='lat' dir='ltr'><strong>publicis</strong></span> <span class='ocrx_word' id='word_1_81' title='bbox 1826 934 2057 980; x_wconf 83' lang='lat' dir='ltr'><strong>maestum,</strong></span> <span class='ocrx_word' id='word_1_82' title='bbox 2089 933 2133 972; x_wconf 87' lang='lat' dir='ltr'><strong>et</strong></span> 
     </span>
     <span class='ocr_line' id='line_1_10' title="bbox 340 998 2130 1062; baseline 0.003 -21"><span class='ocrx_word' id='word_1_83' title='bbox 340 998 414 1056; x_wconf 89' lang='lat' dir='ltr'><strong>qui</strong></span> <span class='ocrx_word' id='word_1_84' title='bbox 443 998 535 1043; x_wconf 87' lang='lat' dir='ltr'><strong>fora</strong></span> <span class='ocrx_word' id='word_1_85' title='bbox 563 1000 728 1044; x_wconf 89' lang='lat' dir='ltr'><strong>theatra</strong></span> <span class='ocrx_word' id='word_1_86' title='bbox 758 1000 915 1058; x_wconf 90' lang='lat' dir='ltr'><strong>templa</strong></span> <span class='ocrx_word' id='word_1_87' title='bbox 945 1015 1023 1059; x_wconf 91' lang='lat' dir='ltr'><strong>pro</strong></span> <span class='ocrx_word' id='word_1_88' title='bbox 1054 1001 1282 1046; x_wconf 90' lang='lat' dir='ltr'><strong>solitudine</strong></span> <span class='ocrx_word' id='word_1_89' title='bbox 1313 1002 1509 1055; x_wconf 87' lang='lat' dir='ltr'><strong>haberet,</strong></span> <span class='ocrx_word' id='word_1_90' title='bbox 1551 1004 1625 1062; x_wconf 90' lang='lat' dir='ltr'><strong>qui</strong></span> <span class='ocrx_word' id='word_1_91' title='bbox 1667 1004 1930 1048; x_wconf 87' lang='lat' dir='ltr'><strong>minitaretur</strong></span> <span class='ocrx_word' id='word_1_92' title='bbox 1958 1002 2130 1048; x_wconf 86' lang='lat' dir='ltr'><strong>exilium</strong></span> 
     </span>
     <span class='ocr_line' id='line_1_11' title="bbox 290 1075 2127 1134; baseline 0.004 -19"><span class='ocrx_word' id='word_1_93' title='bbox 290 1084 326 1113; x_wconf 72' lang='lat'><strong>⁴0</strong></span> <span class='ocrx_word' id='word_1_94' title='bbox 340 1087 483 1127; x_wconf 90' lang='lat' dir='ltr'><strong>suum,</strong></span> <span class='ocrx_word' id='word_1_95' title='bbox 515 1075 757 1119; x_wconf 88' lang='lat' dir='ltr'><strong>ambitionis</strong></span> <span class='ocrx_word' id='word_1_96' title='bbox 788 1089 946 1134; x_wconf 89' lang='lat' dir='ltr'><strong>pravae</strong></span> <span class='ocrx_word' id='word_1_97' title='bbox 977 1084 1219 1134; x_wconf 88' lang='lat' dir='ltr'><strong>compotem</strong></span> <span class='ocrx_word' id='word_1_98' title='bbox 1248 1077 1446 1123; x_wconf 89' lang='lat' dir='ltr'><strong>facerent.</strong></span> <span class='ocrx_word' id='word_1_99' title='bbox 1477 1093 1563 1122; x_wconf 89' lang='lat' dir='ltr'><strong>non</strong></span> <span class='ocrx_word' id='word_1_100' title='bbox 1593 1078 1651 1122; x_wconf 91' lang='lat' dir='ltr'><strong>illi</strong></span> <span class='ocrx_word' id='word_1_101' title='bbox 1676 1078 1871 1124; x_wconf 88' lang='lat' dir='ltr'><strong>consulta</strong></span> <span class='ocrx_word' id='word_1_102' title='bbox 1890 1079 2009 1131; x_wconf 89' lang='lat' dir='ltr'><strong>haec,</strong></span> <span class='ocrx_word' id='word_1_103' title='bbox 2039 1091 2127 1123; x_wconf 88' lang='lat' dir='ltr'><strong>non</strong></span> 
     </span>
     <span class='ocr_line' id='line_1_12' title="bbox 340 1150 2129 1213; baseline 0.003 -20"><span class='ocrx_word' id='word_1_104' title='bbox 340 1150 609 1208; x_wconf 82' lang='lat' dir='ltr'><strong>magistratus</strong></span> <span class='ocrx_word' id='word_1_105' title='bbox 639 1158 711 1195; x_wconf 91' lang='lat' dir='ltr'><strong>aut</strong></span> <span class='ocrx_word' id='word_1_106' title='bbox 739 1153 973 1195; x_wconf 87' lang='lat' dir='ltr'><strong>Romanam</strong></span> <span class='ocrx_word' id='word_1_107' title='bbox 1003 1152 1155 1197; x_wconf 90' lang='lat' dir='ltr'><strong>urbem</strong></span> <span class='ocrx_word' id='word_1_108' title='bbox 1174 1152 1323 1198; x_wconf 89' lang='lat' dir='ltr'><strong>videri.</strong></span> <span class='ocrx_word' id='word_1_109' title='bbox 1355 1154 1631 1213; x_wconf 87' lang='lat' dir='ltr'><strong>abrumperet</strong></span> <span class='ocrx_word' id='word_1_110' title='bbox 1650 1155 1780 1199; x_wconf 90' lang='lat' dir='ltr'><strong>vitam</strong></span> <span class='ocrx_word' id='word_1_111' title='bbox 1799 1154 1854 1199; x_wconf 90' lang='lat' dir='ltr'><strong>ab</strong></span> <span class='ocrx_word' id='word_1_112' title='bbox 1875 1168 1927 1199; x_wconf 89' lang='lat' dir='ltr'><strong>ea</strong></span> <span class='ocrx_word' id='word_1_113' title='bbox 1948 1153 2129 1206; x_wconf 85' lang='lat' dir='ltr'><strong>civitate,</strong></span> 
     </span>
     <span class='ocr_line' id='line_1_13' title="bbox 339 1226 2133 1288; baseline 0.003 -19"><span class='ocrx_word' id='word_1_114' title='bbox 339 1226 462 1269; x_wconf 90' lang='lat' dir='ltr'><strong>cuius</strong></span> <span class='ocrx_word' id='word_1_115' title='bbox 498 1227 716 1271; x_wconf 89' lang='lat' dir='ltr'><strong>caritatem</strong></span> <span class='ocrx_word' id='word_1_116' title='bbox 751 1226 871 1279; x_wconf 89' lang='lat' dir='ltr'><strong>olim,</strong></span> <span class='ocrx_word' id='word_1_117' title='bbox 915 1241 1029 1271; x_wconf 92' lang='lat' dir='ltr'><strong>nunc</strong></span> <span class='ocrx_word' id='word_1_118' title='bbox 1064 1235 1107 1271; x_wconf 90' lang='lat' dir='ltr'><strong>et</strong></span> <span class='ocrx_word' id='word_1_119' title='bbox 1143 1235 1362 1287; x_wconf 90' lang='lat' dir='ltr'><strong>aspectum</strong></span> <span class='ocrx_word' id='word_1_120' title='bbox 1400 1230 1602 1275; x_wconf 86' lang='lat' dir='ltr'><strong>exuisset.</strong></span> <span class='ocrx_word' id='word_1_121' title='bbox 1647 1230 1728 1287; x_wconf 76' lang='lat'>(29)</span> <span class='ocrx_word' id='word_1_122' title='bbox 1767 1244 1866 1275; x_wconf 90' lang='lat' dir='ltr'><strong>cum</strong></span> <span class='ocrx_word' id='word_1_123' title='bbox 1903 1243 1982 1288; x_wconf 89' lang='lat' dir='ltr'><strong>per</strong></span> <span class='ocrx_word' id='word_1_124' title='bbox 2024 1230 2133 1274; x_wconf 85' lang='lat' dir='ltr'><strong>haec</strong></span> 
     </span>
     <span class='ocr_line' id='line_1_14' title="bbox 338 1301 2131 1360; baseline 0.002 -15"><span class='ocrx_word' id='word_1_125' title='bbox 338 1307 467 1360; x_wconf 88' lang='lat' dir='ltr'><strong>atque</strong></span> <span class='ocrx_word' id='word_1_126' title='bbox 496 1301 596 1346; x_wconf 85' lang='lat' dir='ltr'><strong>talia</strong></span> <span class='ocrx_word' id='word_1_127' title='bbox 625 1302 869 1353; x_wconf 89' lang='lat' dir='ltr'><strong>Marcellus,</strong></span> <span class='ocrx_word' id='word_1_128' title='bbox 911 1310 957 1346; x_wconf 94' lang='lat' dir='ltr'><strong>ut</strong></span> <span class='ocrx_word' id='word_1_129' title='bbox 986 1310 1076 1347; x_wconf 89' lang='lat' dir='ltr'><strong>erat</strong></span> <span class='ocrx_word' id='word_1_130' title='bbox 1104 1310 1252 1349; x_wconf 89' lang='lat' dir='ltr'><strong>torvus</strong></span> <span class='ocrx_word' id='word_1_131' title='bbox 1282 1319 1332 1350; x_wconf 90' lang='lat' dir='ltr'><strong>ac</strong></span> <span class='ocrx_word' id='word_1_132' title='bbox 1362 1306 1521 1356; x_wconf 87' lang='lat' dir='ltr'><strong>minax,</strong></span> <span class='ocrx_word' id='word_1_133' title='bbox 1554 1320 1662 1351; x_wconf 90' lang='lat' dir='ltr'><strong>voce</strong></span> <span class='ocrx_word' id='word_1_134' title='bbox 1690 1305 1807 1350; x_wconf 93' lang='lat' dir='ltr'><strong>voltu</strong></span> <span class='ocrx_word' id='word_1_135' title='bbox 1837 1304 1974 1350; x_wconf 89' lang='lat' dir='ltr'><strong>oculis</strong></span> <span class='ocrx_word' id='word_1_136' title='bbox 2003 1304 2131 1349; x_wconf 90' lang='lat' dir='ltr'><strong>arde—</strong></span> 
     </span>
     <span class='ocr_line' id='line_1_15' title="bbox 338 1378 2132 1438; baseline 0.002 -18"><span class='ocrx_word' id='word_1_137' title='bbox 338 1384 498 1429; x_wconf 87' lang='lat' dir='ltr'><strong>sceret,</strong></span> <span class='ocrx_word' id='word_1_138' title='bbox 536 1391 622 1421; x_wconf 91' lang='lat' dir='ltr'><strong>non</strong></span> <span class='ocrx_word' id='word_1_139' title='bbox 663 1378 735 1422; x_wconf 90' lang='lat' dir='ltr'><strong>illa</strong></span> <span class='ocrx_word' id='word_1_140' title='bbox 764 1385 864 1423; x_wconf 90' lang='lat' dir='ltr'><strong>nota</strong></span> <span class='ocrx_word' id='word_1_141' title='bbox 894 1385 937 1422; x_wconf 89' lang='lat' dir='ltr'><strong>et</strong></span> <span class='ocrx_word' id='word_1_142' title='bbox 967 1378 1196 1423; x_wconf 89' lang='lat' dir='ltr'><strong>crebritate</strong></span> <span class='ocrx_word' id='word_1_143' title='bbox 1225 1381 1517 1438; x_wconf 89' lang='lat' dir='ltr'><strong>periculorum</strong></span> <span class='ocrx_word' id='word_1_144' title='bbox 1547 1389 1668 1427; x_wconf 91' lang='lat' dir='ltr'><strong>sueta</strong></span> <span class='ocrx_word' id='word_1_145' title='bbox 1697 1381 1782 1425; x_wconf 92' lang='lat' dir='ltr'><strong>iam</strong></span> <span class='ocrx_word' id='word_1_146' title='bbox 1811 1388 1985 1425; x_wconf 90' lang='lat' dir='ltr'><strong>senatus</strong></span> <span class='ocrx_word' id='word_1_147' title='bbox 2015 1393 2132 1424; x_wconf 87' lang='lat' dir='ltr'><strong>mae-</strong></span> 
     </span>
     <span class='ocr_line' id='line_1_16' title="bbox 287 1453 2132 1513; baseline 0.003 -21"><span class='ocrx_word' id='word_1_148' title='bbox 287 1463 323 1492; x_wconf 71' lang='lat'><strong>⁴5</strong></span> <span class='ocrx_word' id='word_1_149' title='bbox 337 1453 466 1504; x_wconf 85' lang='lat' dir='ltr'><strong>stitia,</strong></span> <span class='ocrx_word' id='word_1_150' title='bbox 500 1453 578 1498; x_wconf 92' lang='lat' dir='ltr'><strong>sed</strong></span> <span class='ocrx_word' id='word_1_151' title='bbox 608 1467 745 1498; x_wconf 88' lang='lat' dir='ltr'><strong>novus</strong></span> <span class='ocrx_word' id='word_1_152' title='bbox 777 1460 819 1498; x_wconf 91' lang='lat' dir='ltr'><strong>et</strong></span> <span class='ocrx_word' id='word_1_153' title='bbox 848 1453 972 1498; x_wconf 94' lang='lat' dir='ltr'><strong>altior</strong></span> <span class='ocrx_word' id='word_1_154' title='bbox 991 1468 1127 1513; x_wconf 92' lang='lat' dir='ltr'><strong>pavor</strong></span> <span class='ocrx_word' id='word_1_155' title='bbox 1147 1469 1299 1500; x_wconf 87' lang='lat' dir='ltr'><strong>manus</strong></span> <span class='ocrx_word' id='word_1_156' title='bbox 1320 1463 1362 1501; x_wconf 91' lang='lat' dir='ltr'><strong>et</strong></span> <span class='ocrx_word' id='word_1_157' title='bbox 1379 1457 1464 1501; x_wconf 88' lang='lat' dir='ltr'><strong>tela</strong></span> <span class='ocrx_word' id='word_1_158' title='bbox 1485 1456 1664 1501; x_wconf 90' lang='lat' dir='ltr'><strong>militum</strong></span> <span class='ocrx_word' id='word_1_159' title='bbox 1686 1455 1973 1502; x_wconf 88' lang='lat' dir='ltr'><strong>cernentibus.</strong></span> <span class='ocrx_word' id='word_1_160' title='bbox 2005 1453 2132 1500; x_wconf 83' lang='lat' dir='ltr'><strong>simul</strong></span> 
     </span>
     <span class='ocr_line' id='line_1_17' title="bbox 336 1528 2133 1591; baseline 0.002 -20"><span class='ocrx_word' id='word_1_161' title='bbox 336 1528 471 1587; x_wconf 90' lang='lat' dir='ltr'><strong>ipsius</strong></span> <span class='ocrx_word' id='word_1_162' title='bbox 499 1528 711 1573; x_wconf 88' lang='lat' dir='ltr'><strong>Thraseae</strong></span> <span class='ocrx_word' id='word_1_163' title='bbox 739 1529 997 1574; x_wconf 88' lang='lat' dir='ltr'><strong>venerabilis</strong></span> <span class='ocrx_word' id='word_1_164' title='bbox 1027 1531 1198 1588; x_wconf 91' lang='lat' dir='ltr'><strong>species</strong></span> <span class='ocrx_word' id='word_1_165' title='bbox 1229 1531 1560 1586; x_wconf 86' lang='lat' dir='ltr'><strong>obversabatur;</strong></span> <span class='ocrx_word' id='word_1_166' title='bbox 1591 1540 1634 1577; x_wconf 91' lang='lat' dir='ltr'><strong>et</strong></span> <span class='ocrx_word' id='word_1_167' title='bbox 1654 1539 1775 1578; x_wconf 88' lang='lat' dir='ltr'><strong>erant</strong></span> <span class='ocrx_word' id='word_1_168' title='bbox 1794 1532 1869 1591; x_wconf 87' lang='lat' dir='ltr'><strong>qui</strong></span> <span class='ocrx_word' id='word_1_169' title='bbox 1890 1531 2133 1576; x_wconf 87' lang='lat' dir='ltr'><strong>Helvidium</strong></span> 
     </span>
     <span class='ocr_line' id='line_1_18' title="bbox 335 1605 2130 1667; baseline 0.002 -20"><span class='ocrx_word' id='word_1_170' title='bbox 335 1618 511 1662; x_wconf 89' lang='lat' dir='ltr'><strong>quoque</strong></span> <span class='ocrx_word' id='word_1_171' title='bbox 533 1605 850 1657; x_wconf 89' lang='lat' dir='ltr'><strong>miserarentur,</strong></span> <span class='ocrx_word' id='word_1_172' title='bbox 881 1606 1077 1650; x_wconf 89' lang='lat' dir='ltr'><strong>innoxiae</strong></span> <span class='ocrx_word' id='word_1_173' title='bbox 1099 1606 1326 1652; x_wconf 89' lang='lat' dir='ltr'><strong>adfinitatis</strong></span> <span class='ocrx_word' id='word_1_174' title='bbox 1346 1622 1508 1666; x_wconf 91' lang='lat' dir='ltr'><strong>poenas</strong></span> <span class='ocrx_word' id='word_1_175' title='bbox 1530 1609 1741 1653; x_wconf 88' lang='lat' dir='ltr'><strong>daturum.</strong></span> <span class='ocrx_word' id='word_1_176' title='bbox 1773 1607 1878 1667; x_wconf 91' lang='lat' dir='ltr'><strong>quid</strong></span> <span class='ocrx_word' id='word_1_177' title='bbox 1898 1605 2130 1666; x_wconf 88' lang='lat' dir='ltr'><strong>Agrippino</strong></span> 
     </span>
     <span class='ocr_line' id='line_1_19' title="bbox 334 1679 2130 1742; baseline 0.002 -19"><span class='ocrx_word' id='word_1_178' title='bbox 334 1679 550 1724; x_wconf 91' lang='lat' dir='ltr'><strong>obiectum</strong></span> <span class='ocrx_word' id='word_1_179' title='bbox 587 1681 669 1724; x_wconf 89' lang='lat' dir='ltr'><strong>nisi</strong></span> <span class='ocrx_word' id='word_1_180' title='bbox 707 1681 869 1725; x_wconf 91' lang='lat' dir='ltr'><strong>tristem</strong></span> <span class='ocrx_word' id='word_1_181' title='bbox 904 1682 1036 1738; x_wconf 91' lang='lat' dir='ltr'><strong>patris</strong></span> <span class='ocrx_word' id='word_1_182' title='bbox 1066 1682 1295 1735; x_wconf 84' lang='lat' dir='ltr'><strong>fortunam,</strong></span> <span class='ocrx_word' id='word_1_183' title='bbox 1337 1684 1510 1742; x_wconf 90' lang='lat' dir='ltr'><strong>quando</strong></span> <span class='ocrx_word' id='word_1_184' title='bbox 1542 1690 1583 1728; x_wconf 91' lang='lat' dir='ltr'><strong>et</strong></span> <span class='ocrx_word' id='word_1_185' title='bbox 1613 1683 1683 1728; x_wconf 91' lang='lat' dir='ltr'><strong>ille</strong></span> <span class='ocrx_word' id='word_1_186' title='bbox 1713 1683 1893 1742; x_wconf 90' lang='lat' dir='ltr'><strong>perinde</strong></span> <span class='ocrx_word' id='word_1_187' title='bbox 1923 1683 2130 1727; x_wconf 86' lang='lat' dir='ltr'><strong>innocens</strong></span> 
     </span>
     <span class='ocr_line' id='line_1_20' title="bbox 334 1755 2130 1818; baseline 0.002 -19"><span class='ocrx_word' id='word_1_188' title='bbox 334 1755 489 1800; x_wconf 90' lang='lat' dir='ltr'><strong>Tiberii</strong></span> <span class='ocrx_word' id='word_1_189' title='bbox 519 1756 697 1801; x_wconf 90' lang='lat' dir='ltr'><strong>saevitia</strong></span> <span class='ocrx_word' id='word_1_190' title='bbox 727 1756 996 1801; x_wconf 90' lang='lat' dir='ltr'><strong>concidisset.</strong></span> <span class='ocrx_word' id='word_1_191' title='bbox 1029 1758 1141 1802; x_wconf 93' lang='lat' dir='ltr'><strong>enim</strong></span> <span class='ocrx_word' id='word_1_192' title='bbox 1167 1773 1272 1804; x_wconf 91' lang='lat' dir='ltr'><strong>vero</strong></span> <span class='ocrx_word' id='word_1_193' title='bbox 1293 1759 1537 1804; x_wconf 89' lang='lat' dir='ltr'><strong>Montanum</strong></span> <span class='ocrx_word' id='word_1_194' title='bbox 1566 1759 1729 1818; x_wconf 91' lang='lat' dir='ltr'><strong>probae</strong></span> <span class='ocrx_word' id='word_1_195' title='bbox 1760 1759 1956 1803; x_wconf 85' lang='lat' dir='ltr'><strong>iuventae</strong></span> <span class='ocrx_word' id='word_1_196' title='bbox 1986 1770 2130 1816; x_wconf 89' lang='lat' dir='ltr'><strong>neque</strong></span> 
     </span>
    </p>
   </div>
   <div class='ocr_carea' id='block_1_3' title="bbox 333 1895 2254 2002">
    <p class='ocr_par' dir='ltr' id='par_1_3' title="bbox 333 1893 2254 2002">
     <span class='ocr_line' id='line_1_21' title="bbox 397 1895 2254 1944; baseline 0.001 -15"><span class='ocrx_word' id='word_1_197' title='bbox 397 1895 431 1929; x_wconf 84' lang='lat'><strong>6.</strong></span> <span class='ocrx_word' id='word_1_198' title='bbox 454 1897 683 1938; x_wconf 70' lang='lat' dir='ltr'><strong>increpantem</strong></span> <span class='ocrx_word' id='word_1_199' title='bbox 705 1897 752 1929; x_wconf 88' lang='lat' dir='ltr'><strong>G:</strong></span> <span class='ocrx_word' id='word_1_200' title='bbox 790 1896 1012 1938; x_wconf 76' lang='lat' dir='ltr'><strong>increpatium</strong></span> <span class='ocrx_word' id='word_1_201' title='bbox 1034 1898 1068 1932; x_wconf 90' lang='lat' dir='ltr'><strong>M</strong></span> <span class='ocrx_word' id='word_1_202' title='bbox 1093 1915 1130 1922; x_wconf 93' lang='lat'>—</span> <span class='ocrx_word' id='word_1_203' title='bbox 1164 1897 1217 1932; x_wconf 89' lang='grc'><strong>43.</strong></span> <span class='ocrx_word' id='word_1_204' title='bbox 1242 1902 1280 1932; x_wconf 78' lang='lat' dir='ltr'><strong>ut</strong></span> <span class='ocrx_word' id='word_1_205' title='bbox 1306 1903 1381 1933; x_wconf 86' lang='lat' dir='ltr'><strong>erat</strong></span> <span class='ocrx_word' id='word_1_206' title='bbox 1411 1900 1581 1933; x_wconf 86' lang='lat' dir='ltr'><strong>Pichena:</strong></span> <span class='ocrx_word' id='word_1_207' title='bbox 1619 1902 1725 1933; x_wconf 77' lang='lat' dir='ltr'><strong>uteret</strong></span> <span class='ocrx_word' id='word_1_208' title='bbox 1746 1900 1781 1934; x_wconf 98' lang='lat' dir='ltr'><strong>M</strong></span> <span class='ocrx_word' id='word_1_209' title='bbox 1802 1916 1847 1924; x_wconf 88' lang='lat'><strong>—-</strong></span> <span class='ocrx_word' id='word_1_210' title='bbox 1870 1898 1925 1933; x_wconf 74' lang='lat'><strong>⁴4.</strong></span> <span class='ocrx_word' id='word_1_211' title='bbox 1949 1897 2128 1932; x_wconf 72' lang='lat' dir='ltr'><strong>crebritate</strong></span> <span class='ocrx_word' id='word_1_212' title='bbox 2251 1916 2254 1944; x_wconf 70' lang='grc' dir='ltr'>Ι</span> 
     </span>
     <span class='ocr_line' id='line_1_22' title="bbox 333 1952 2124 2002; baseline 0 -15"><span class='ocrx_word' id='word_1_213' title='bbox 333 1953 542 1987; x_wconf 87' lang='lat' dir='ltr'><strong>Rhenanus:</strong></span> <span class='ocrx_word' id='word_1_214' title='bbox 566 1952 754 1987; x_wconf 78' lang='lat' dir='ltr'><strong>celebritate</strong></span> <span class='ocrx_word' id='word_1_215' title='bbox 775 1953 810 1988; x_wconf 89' lang='lat' dir='ltr'><strong>M</strong></span> <span class='ocrx_word' id='word_1_216' title='bbox 823 1971 867 1977; x_wconf 97' lang='lat'><strong>—</strong></span> <span class='ocrx_word' id='word_1_217' title='bbox 888 1954 1032 1987; x_wconf 77' lang='lat' dir='ltr'><strong>mestitia</strong></span> <span class='ocrx_word' id='word_1_218' title='bbox 1046 1954 1080 1989; x_wconf 88' lang='lat' dir='ltr'><strong>M</strong></span> <span class='ocrx_word' id='word_1_219' title='bbox 1099 1973 1135 1978; x_wconf 92' lang='lat'>—</span> <span class='ocrx_word' id='word_1_220' title='bbox 1162 1955 1215 1989; x_wconf 91' lang='grc'><strong>46.</strong></span> <span class='ocrx_word' id='word_1_221' title='bbox 1233 1956 1454 1990; x_wconf 79' lang='lat' dir='ltr'><strong>euenerabilis</strong></span> <span class='ocrx_word' id='word_1_222' title='bbox 1468 1958 1503 1992; x_wconf 94' lang='lat' dir='ltr'><strong>M</strong></span> <span class='ocrx_word' id='word_1_223' title='bbox 1521 1975 1556 1982; x_wconf 90' lang='lat'>-</span> <span class='ocrx_word' id='word_1_224' title='bbox 1577 1957 1630 1990; x_wconf 84' lang='grc'><strong>47.</strong></span> <span class='ocrx_word' id='word_1_225' title='bbox 1642 1965 1748 2002; x_wconf 68' lang='lat' dir='ltr'><strong>penas</strong></span> <span class='ocrx_word' id='word_1_226' title='bbox 1763 1956 1797 1991; x_wconf 87' lang='lat' dir='ltr'><strong>M</strong></span> <span class='ocrx_word' id='word_1_227' title='bbox 1815 1974 1852 1980; x_wconf 98' lang='lat'><strong>—</strong></span> <span class='ocrx_word' id='word_1_228' title='bbox 1870 1955 1924 1989; x_wconf 83' lang='grc'><strong>49.</strong></span> <span class='ocrx_word' id='word_1_229' title='bbox 1942 1954 2066 1989; x_wconf 64' lang='lat' dir='ltr'><strong>sevitia</strong></span> <span class='ocrx_word' id='word_1_230' title='bbox 2079 1953 2124 1989; x_wconf 91' lang='lat' dir='ltr'><strong>M.</strong></span> 
     </span>
    </p>
   </div>
   <div class='ocr_carea' id='block_1_4' title="bbox 1254 2077 2132 2325">
    <p class='ocr_par' dir='ltr' id='par_1_4' title="bbox 1254 2077 2132 2325">
     <span class='ocr_line' id='line_1_23' title="bbox 1257 2077 2132 2124; baseline -0.003 -9"><span class='ocrx_word' id='word_1_231' title='bbox 1257 2082 1480 2115; x_wconf 87' lang='lat' dir='ltr'><strong>caerimoniis</strong></span> <span class='ocrx_word' id='word_1_232' title='bbox 1511 2082 1687 2115; x_wconf 89' lang='lat' dir='ltr'><strong>maiorum</strong></span> <span class='ocrx_word' id='word_1_233' title='bbox 1709 2080 1927 2124; x_wconf 83' lang='lat' dir='ltr'><strong>proditorem</strong></span> <span class='ocrx_word' id='word_1_234' title='bbox 1952 2077 2070 2123; x_wconf 86' lang='lat' dir='ltr'><strong>palam</strong></span> <span class='ocrx_word' id='word_1_235' title='bbox 2093 2079 2132 2112; x_wconf 78' lang='lat' dir='ltr'><strong>et</strong></span> 
     </span>
     <span class='ocr_line' id='line_1_24' title="bbox 1256 2129 2132 2173; baseline -0.002 -8"><span class='ocrx_word' id='word_1_236' title='bbox 1256 2133 1395 2166; x_wconf 84' lang='lat' dir='ltr'><strong>hostem</strong></span> <span class='ocrx_word' id='word_1_237' title='bbox 1417 2132 1587 2166; x_wconf 88' lang='lat' dir='ltr'><strong>induisse.</strong></span> <span class='ocrx_word' id='word_1_238' title='bbox 1614 2150 1651 2156; x_wconf 97' lang='lat'>—</span> <span class='ocrx_word' id='word_1_239' title='bbox 1676 2130 1894 2173; x_wconf 75' lang='lat' dir='ltr'><strong>consularem]</strong></span> <span class='ocrx_word' id='word_1_240' title='bbox 1918 2131 1995 2164; x_wconf 76' lang='lat' dir='ltr'><strong>Non</strong></span> <span class='ocrx_word' id='word_1_241' title='bbox 2018 2129 2132 2164; x_wconf 87' lang='lat' dir='ltr'><strong>nomi-</strong></span> 
     </span>
     <span class='ocr_line' id='line_1_25' title="bbox 1255 2180 2128 2217; baseline -0.002 -1"><span class='ocrx_word' id='word_1_242' title='bbox 1255 2184 1359 2216; x_wconf 89' lang='lat' dir='ltr'><strong>natur</strong></span> <span class='ocrx_word' id='word_1_243' title='bbox 1374 2184 1529 2217; x_wconf 84' lang='lat' dir='ltr'><strong>Thrasea</strong></span> <span class='ocrx_word' id='word_1_244' title='bbox 1546 2184 1583 2216; x_wconf 91' lang='lat' dir='ltr'><strong>in</strong></span> <span class='ocrx_word' id='word_1_245' title='bbox 1599 2183 1708 2216; x_wconf 88' lang='lat' dir='ltr'><strong>Fastis</strong></span> <span class='ocrx_word' id='word_1_246' title='bbox 1725 2180 1980 2216; x_wconf 85' lang='lat' dir='ltr'><strong>consularibus.</strong></span> <span class='ocrx_word' id='word_1_247' title='bbox 2007 2181 2128 2215; x_wconf 82' lang='lat' dir='ltr'><strong>Fuisse</strong></span> 
     </span>
     <span class='ocr_line' id='line_1_26' title="bbox 1254 2231 2131 2268; baseline -0.002 -1"><span class='ocrx_word' id='word_1_248' title='bbox 1254 2233 1396 2267; x_wconf 85' lang='lat' dir='ltr'><strong>videtur</strong></span> <span class='ocrx_word' id='word_1_249' title='bbox 1417 2234 1598 2268; x_wconf 84' lang='lat' dir='ltr'><strong>suffectus.</strong></span> <span class='ocrx_word' id='word_1_250' title='bbox 1623 2233 1694 2267; x_wconf 87' lang='lat' dir='ltr'><strong>Sed</strong></span> <span class='ocrx_word' id='word_1_251' title='bbox 1716 2233 1780 2266; x_wconf 82' lang='lat' dir='ltr'><strong>fuit</strong></span> <span class='ocrx_word' id='word_1_252' title='bbox 1801 2232 1898 2266; x_wconf 86' lang='lat' dir='ltr'><strong>haud</strong></span> <span class='ocrx_word' id='word_1_253' title='bbox 1920 2231 2029 2266; x_wconf 88' lang='lat' dir='ltr'><strong>dubie</strong></span> <span class='ocrx_word' id='word_1_254' title='bbox 2044 2239 2131 2265; x_wconf 86' lang='lat' dir='ltr'><strong>con-</strong></span> 
     </span>
     <span class='ocr_line' id='line_1_27' title="bbox 1256 2281 2126 2325; baseline -0.002 -8"><span class='ocrx_word' id='word_1_255' title='bbox 1256 2283 1328 2325; x_wconf 92' lang='lat' dir='ltr'><strong>sul,</strong></span> <span class='ocrx_word' id='word_1_256' title='bbox 1362 2293 1433 2317; x_wconf 89' lang='lat' dir='ltr'><strong>non</strong></span> <span class='ocrx_word' id='word_1_257' title='bbox 1463 2285 1554 2318; x_wconf 88' lang='lat' dir='ltr'><strong>inter</strong></span> <span class='ocrx_word' id='word_1_258' title='bbox 1588 2282 1794 2317; x_wconf 86' lang='lat' dir='ltr'><strong>consulares</strong></span> <span class='ocrx_word' id='word_1_259' title='bbox 1829 2281 1945 2316; x_wconf 86' lang='lat' dir='ltr'><strong>solum</strong></span> <span class='ocrx_word' id='word_1_260' title='bbox 1977 2281 2126 2321; x_wconf 59' lang='lat' dir='ltr'><strong>ascitum</strong></span> 
     </span>
    </p>
   </div>
   <div class='ocr_carea' id='block_1_5' title="bbox 330 2076 1203 2340">
    <p class='ocr_par' dir='ltr' id='par_1_5' title="bbox 330 2076 1203 2331">
     <span class='ocr_line' id='line_1_28' title="bbox 330 2076 1202 2140; baseline 0.002 -27"><span class='ocrx_word' id='word_1_261' title='bbox 330 2077 399 2113; x_wconf 86' lang='grc' dir='ltr'><strong><em>τοῦ</em></strong></span> <span class='ocrx_word' id='word_1_262' title='bbox 433 2078 726 2140; x_wconf 81' lang='grc' dir='ltr'><strong><em>συμβαίνοντος</em></strong></span> <span class='ocrx_word' id='word_1_263' title='bbox 755 2076 816 2113; x_wconf 81' lang='grc' dir='ltr'><strong>ἀεὶ</strong></span> <span class='ocrx_word' id='word_1_264' title='bbox 850 2078 972 2125; x_wconf 77' lang='grc' dir='ltr'><strong><em>ἑαυτῷ</em></strong></span> <span class='ocrx_word' id='word_1_265' title='bbox 1010 2078 1202 2115; x_wconf 81' lang='grc' dir='ltr'><strong><em>δυσκόλου</em></strong></span> 
     </span>
     <span class='ocr_line' id='line_1_29' title="bbox 330 2127 1201 2191; baseline 0.002 -28"><span class='ocrx_word' id='word_1_266' title='bbox 330 2127 487 2164; x_wconf 80' lang='grc' dir='ltr'><strong><em>ἐ’παινον</em></strong></span> <span class='ocrx_word' id='word_1_267' title='bbox 498 2128 672 2177; x_wconf 76' lang='grc' dir='ltr'><strong><em>γράφειν’</em></strong></span> <span class='ocrx_word' id='word_1_268' title='bbox 691 2131 726 2163; x_wconf 82' lang='grc' dir='ltr'><strong>εἰ</strong></span> <span class='ocrx_word' id='word_1_269' title='bbox 735 2129 807 2174; x_wconf 80' lang='grc' dir='ltr'><strong><em>μὲν</em></strong></span> <span class='ocrx_word' id='word_1_270' title='bbox 820 2132 1008 2191; x_wconf 65' lang='grc' dir='ltr'><strong><em>πυρέττοι,</em></strong></span> <span class='ocrx_word' id='word_1_271' title='bbox 1023 2130 1201 2179; x_wconf 75' lang='grc' dir='ltr'><strong><em>πυρετοῦ,</em></strong></span> 
     </span>
     <span class='ocr_line' id='line_1_30' title="bbox 330 2175 1201 2227; baseline 0.002 -13"><span class='ocrx_word' id='word_1_272' title='bbox 330 2182 364 2214; x_wconf 83' lang='grc' dir='ltr'><strong>εἰ</strong></span> <span class='ocrx_word' id='word_1_273' title='bbox 381 2180 412 2214; x_wconf 80' lang='grc' dir='ltr'><strong>δ’</strong></span> <span class='ocrx_word' id='word_1_274' title='bbox 429 2178 582 2223; x_wconf 75' lang='grc' dir='ltr'><strong><em>ἀδοξοῐ,</em></strong></span> <span class='ocrx_word' id='word_1_275' title='bbox 608 2175 776 2223; x_wconf 76' lang='grc' dir='ltr'><strong><em>ἀδοξίας,</em></strong></span> <span class='ocrx_word' id='word_1_276' title='bbox 802 2182 837 2214; x_wconf 83' lang='grc' dir='ltr'><strong>εἰ</strong></span> <span class='ocrx_word' id='word_1_277' title='bbox 851 2180 892 2214; x_wconf 79' lang='grc' dir='ltr'><strong>δὲ</strong></span> <span class='ocrx_word' id='word_1_278' title='bbox 908 2179 1039 2226; x_wconf 83' lang='grc' dir='ltr'><strong><em>φύγοι,</em></strong></span> <span class='ocrx_word' id='word_1_279' title='bbox 1062 2182 1201 2227; x_wconf 80' lang='grc' dir='ltr'><strong><em>φυγῆς.</em></strong></span> 
     </span>
     <span class='ocr_line' id='line_1_31' title="bbox 330 2227 1203 2278; baseline 0.001 -13"><span class='ocrx_word' id='word_1_280' title='bbox 330 2232 404 2266; x_wconf 84' lang='grc' dir='ltr'><strong>Καί</strong></span> <span class='ocrx_word' id='word_1_281' title='bbox 420 2241 512 2265; x_wconf 89' lang='grc' dir='ltr'><strong><em>ποτε</em></strong></span> <span class='ocrx_word' id='word_1_282' title='bbox 522 2230 700 2275; x_wconf 89' lang='grc' dir='ltr'><strong><em>μέλλοντι</em></strong></span> <span class='ocrx_word' id='word_1_283' title='bbox 711 2227 815 2276; x_wconf 80' lang='grc' dir='ltr'><strong><em>αὐτῷ</em></strong></span> <span class='ocrx_word' id='word_1_284' title='bbox 828 2228 1051 2278; x_wconf 81' lang='grc' dir='ltr'><strong><em>ἀριστήσειν</em></strong></span> <span class='ocrx_word' id='word_1_285' title='bbox 1063 2232 1203 2277; x_wconf 78' lang='grc' dir='ltr'><strong><em>ἐπέστη</em></strong></span> 
     </span>
     <span class='ocr_line' id='line_1_32' title="bbox 330 2277 1201 2340; baseline 0.001 -25"><span class='ocrx_word' id='word_1_286' title='bbox 330 2279 352 2315; x_wconf 88' lang='grc' dir='ltr'>ὁ</span> <span class='ocrx_word' id='word_1_287' title='bbox 371 2281 489 2340; x_wconf 84' lang='grc' dir='ltr'><strong><em>λέγων</em></strong></span> <span class='ocrx_word' id='word_1_288' title='bbox 511 2277 570 2315; x_wconf 85' lang='grc' dir='ltr'><strong><em>ὅτι</em></strong></span> <span class='ocrx_word' id='word_1_289' title='bbox 588 2279 744 2326; x_wconf 80' lang='grc' dir='ltr'><strong><em>φεύγειν</em></strong></span> <span class='ocrx_word' id='word_1_290' title='bbox 764 2277 884 2315; x_wconf 77' lang='grc' dir='ltr'><strong><em>αὐτὸν</em></strong></span> <span class='ocrx_word' id='word_1_291' title='bbox 898 2281 1043 2316; x_wconf 81' lang='grc' dir='ltr'><strong><em>κελεύει</em></strong></span> <span class='ocrx_word' id='word_1_292' title='bbox 1058 2283 1201 2340; x_wconf 84' lang='grc' dir='ltr'><strong><em>Νέρων·</em></strong></span> 
     </span>
    </p>
   </div>
   <div class='ocr_carea' id='block_1_6' title="bbox 324 2328 1207 3479">
    <p class='ocr_par' dir='ltr' id='par_1_6' title="bbox 328 2328 1204 2481">
     <span class='ocr_line' id='line_1_33' title="bbox 328 2328 1204 2390; baseline 0.001 -25"><span class='ocrx_word' id='word_1_293' title='bbox 328 2333 393 2365; x_wconf 77' lang='grc' dir='ltr'><strong>καὶ</strong></span> <span class='ocrx_word' id='word_1_294' title='bbox 410 2329 455 2374; x_wconf 88' lang='grc' dir='ltr'><strong>ὃς</strong></span> <span class='ocrx_word' id='word_1_295' title='bbox 468 2328 558 2376; x_wconf 68' lang='grc' dir='ltr'><strong><em>ἔφη,</em></strong></span> <span class='ocrx_word' id='word_1_296' title='bbox 580 2328 743 2374; x_wconf 81' lang='grc' dir='ltr'><strong><em>Οὐκοῦν,</em></strong></span> <span class='ocrx_word' id='word_1_297' title='bbox 771 2328 885 2374; x_wconf 78' lang='grc' dir='ltr'><strong><em>ειπεν,</em></strong></span> <span class='ocrx_word' id='word_1_298' title='bbox 905 2332 945 2366; x_wconf 84' lang='grc' dir='ltr'><strong><em>ἐν</em></strong></span> <span class='ocrx_word' id='word_1_299' title='bbox 955 2329 1096 2390; x_wconf 63' lang='lat' dir='ltr'><strong>’Agunia</strong></span> <span class='ocrx_word' id='word_1_300' title='bbox 1119 2330 1204 2381; x_wconf 86' lang='grc' dir='ltr'><strong><em>ἀρι-</em></strong></span> 
     </span>
     <span class='ocr_line' id='line_1_34' title="bbox 329 2379 1202 2428; baseline 0.001 -12"><span class='ocrx_word' id='word_1_301' title='bbox 329 2380 538 2426; x_wconf 82' lang='grc' dir='ltr'><strong><em>στήσομεν.</em></strong></span> <span class='ocrx_word' id='word_1_302' title='bbox 574 2384 710 2416; x_wconf 85' lang='lat' dir='ltr'><strong>Arrian.</strong></span> <span class='ocrx_word' id='word_1_303' title='bbox 744 2384 783 2424; x_wconf 96' lang='grc'><strong>4,</strong></span> <span class='ocrx_word' id='word_1_304' title='bbox 815 2384 846 2424; x_wconf 92' lang='grc'><strong>4,</strong></span> <span class='ocrx_word' id='word_1_305' title='bbox 875 2384 936 2417; x_wconf 79' lang='lat'><strong>28:</strong></span> <span class='ocrx_word' id='word_1_306' title='bbox 970 2379 1202 2428; x_wconf 77' lang='grc' dir='ltr'><strong><em>Ἀπηγγέλθη</em></strong></span> 
     </span>
     <span class='ocr_line' id='line_1_35' title="bbox 329 2428 1202 2491; baseline -0.001 -24"><span class='ocrx_word' id='word_1_307' title='bbox 329 2429 432 2477; x_wconf 78' lang='grc' dir='ltr'><strong><em>αὐτῷ</em></strong></span> <span class='ocrx_word' id='word_1_308' title='bbox 458 2434 668 2476; x_wconf 84' lang='lat' dir='ltr'><strong>(Agrippino)</strong></span> <span class='ocrx_word' id='word_1_309' title='bbox 695 2428 756 2466; x_wconf 85' lang='grc' dir='ltr'><strong><em>ὅτι</em></strong></span> <span class='ocrx_word' id='word_1_310' title='bbox 779 2433 898 2491; x_wconf 84' lang='grc' dir='ltr'><strong><em>Κρίνῃ</em></strong></span> <span class='ocrx_word' id='word_1_311' title='bbox 922 2433 962 2467; x_wconf 86' lang='grc' dir='ltr'><strong><em>ἐν</em></strong></span> <span class='ocrx_word' id='word_1_312' title='bbox 981 2432 1202 2479; x_wconf 80' lang='grc' dir='ltr'><strong><em>συγκλήτῳ·</em></strong></span> 
     </span>
    </p>

    <p class='ocr_par' dir='ltr' id='par_1_7' title="bbox 324 2477 1204 2582">
     <span class='ocr_line' id='line_1_36' title="bbox 324 2477 1204 2532; baseline 0.001 -16.006"><span class='ocrx_word' id='word_1_313' title='bbox 324 2479 464 2530; x_wconf 77' lang='grc' dir='ltr'><strong><em>Ἀγαθῇ</em></strong></span> <span class='ocrx_word' id='word_1_314' title='bbox 480 2480 592 2530; x_wconf 82' lang='grc' dir='ltr'><strong><em>τύχῃ.</em></strong></span> <span class='ocrx_word' id='word_1_315' title='bbox 614 2479 720 2516; x_wconf 82' lang='grc' dir='ltr'><strong><em>Αλλὰ</em></strong></span> <span class='ocrx_word' id='word_1_316' title='bbox 737 2477 889 2527; x_wconf 76' lang='grc' dir='ltr'><strong><em>ἢλθεν</em></strong></span> <span class='ocrx_word' id='word_1_317' title='bbox 865 2495 890 2527; x_wconf 93' lang='grc' dir='ltr'><strong><em>η</em></strong></span> <span class='ocrx_word' id='word_1_318' title='bbox 903 2484 1055 2527; x_wconf 83' lang='grc' dir='ltr'><strong><em>πέμπτη</em></strong></span> <span class='ocrx_word' id='word_1_319' title='bbox 1071 2482 1204 2532; x_wconf 81' lang='grc' dir='ltr'><strong><em>(ταύτῃ</em></strong></span> 
     </span>
     <span class='ocr_line' id='line_1_37' title="bbox 328 2532 1203 2582; baseline 0 -15"><span class='ocrx_word' id='word_1_320' title='bbox 328 2533 360 2567; x_wconf 78' lang='grc' dir='ltr'><strong>δ’</strong></span> <span class='ocrx_word' id='word_1_321' title='bbox 392 2532 519 2567; x_wconf 79' lang='grc' dir='ltr'><strong><em>ειώθει</em></strong></span> <span class='ocrx_word' id='word_1_322' title='bbox 552 2532 850 2578; x_wconf 85' lang='grc' dir='ltr'><strong><em>γυμνασάμενος</em></strong></span> <span class='ocrx_word' id='word_1_323' title='bbox 883 2533 1203 2582; x_wconf 82' lang='grc' dir='ltr'><strong><em>ψυχρολουτεῖν)·</em></strong></span> 
     </span>
    </p>

    <p class='ocr_par' dir='ltr' id='par_1_8' title="bbox 329 2582 1205 2732">
     <span class='ocr_line' id='line_1_38' title="bbox 329 2582 1205 2644; baseline 0.001 -27"><span class='ocrx_word' id='word_1_324' title='bbox 329 2582 557 2644; x_wconf 79' lang='grc' dir='ltr'><strong><em>ἀπέλθωμεν</em></strong></span> <span class='ocrx_word' id='word_1_325' title='bbox 583 2585 649 2617; x_wconf 78' lang='grc' dir='ltr'><strong>καὶ</strong></span> <span class='ocrx_word' id='word_1_326' title='bbox 675 2584 972 2643; x_wconf 81' lang='grc' dir='ltr'><strong><em>γυμνασθῶμεν.</em></strong></span> <span class='ocrx_word' id='word_1_327' title='bbox 997 2585 1205 2628; x_wconf 90' lang='grc' dir='ltr'><strong><em>Γυμνασα-</em></strong></span> 
     </span>
     <span class='ocr_line' id='line_1_39' title="bbox 330 2629 1205 2679; baseline 0.001 -11"><span class='ocrx_word' id='word_1_328' title='bbox 330 2636 432 2679; x_wconf 83' lang='grc' dir='ltr'><strong><em>μένῳ</em></strong></span> <span class='ocrx_word' id='word_1_329' title='bbox 461 2634 559 2679; x_wconf 82' lang='grc' dir='ltr'><strong><em>λέγει</em></strong></span> <span class='ocrx_word' id='word_1_330' title='bbox 589 2644 646 2676; x_wconf 86' lang='grc' dir='ltr'><strong>τις</strong></span> <span class='ocrx_word' id='word_1_331' title='bbox 672 2631 776 2679; x_wconf 80' lang='grc' dir='ltr'><strong><em>αὐτῷ</em></strong></span> <span class='ocrx_word' id='word_1_332' title='bbox 800 2632 924 2669; x_wconf 80' lang='grc' dir='ltr'><strong><em>ἐλθών</em></strong></span> <span class='ocrx_word' id='word_1_333' title='bbox 948 2629 1009 2668; x_wconf 86' lang='grc' dir='ltr'><strong><em>ὅτι</em></strong></span> <span class='ocrx_word' id='word_1_334' title='bbox 1031 2635 1205 2670; x_wconf 89' lang='grc' dir='ltr'><strong><em>Κατακέ-</em></strong></span> 
     </span>
     <span class='ocr_line' id='line_1_40' title="bbox 330 2681 1202 2743; baseline 0.001 -25"><span class='ocrx_word' id='word_1_335' title='bbox 330 2695 480 2743; x_wconf 84' lang='grc' dir='ltr'><strong><em>κρισαι.</em></strong></span> <span class='ocrx_word' id='word_1_336' title='bbox 509 2684 633 2732; x_wconf 84' lang='grc' dir='ltr'><strong><em>Φυγῇ,</em></strong></span> <span class='ocrx_word' id='word_1_337' title='bbox 666 2687 801 2729; x_wconf 87' lang='grc' dir='ltr'><strong><em>φησίν,</em></strong></span> <span class='ocrx_word' id='word_1_338' title='bbox 826 2681 854 2728; x_wconf 76' lang='grc' dir='ltr'><em>ἢ</em></span> <span class='ocrx_word' id='word_1_339' title='bbox 875 2682 1054 2730; x_wconf 77' lang='grc' dir='ltr'><strong><em>θανάτῳ;</em></strong></span> <span class='ocrx_word' id='word_1_340' title='bbox 1086 2684 1202 2742; x_wconf 76' lang='grc' dir='ltr'><strong><em>Φυγῇ.</em></strong></span> 
     </span>
    </p>

    <p class='ocr_par' dir='ltr' id='par_1_9' title="bbox 329 2722 1207 3479">
     <span class='ocr_line' id='line_1_41' title="bbox 331 2722 1206 2792; baseline 0.002 -24.002"><span class='ocrx_word' id='word_1_341' title='bbox 331 2733 386 2768; x_wconf 85' lang='grc' dir='ltr'><strong>Τὰ</strong></span> <span class='ocrx_word' id='word_1_342' title='bbox 403 2732 628 2792; x_wconf 84' lang='grc' dir='ltr'><strong><em>ὑπάρχοντα</em></strong></span> <span class='ocrx_word' id='word_1_343' title='bbox 641 2737 698 2774; x_wconf 83' lang='grc' dir='ltr'><strong><em>τί,·</em></strong></span> <span class='ocrx_word' id='word_1_344' title='bbox 719 2731 798 2769; x_wconf 80' lang='grc' dir='ltr'><strong>Οὐκ</strong></span> <span class='ocrx_word' id='word_1_345' title='bbox 814 2731 1009 2782; x_wconf 80' lang='grc' dir='ltr'><strong><em>ἀφῃρέθη.</em></strong></span> <span class='ocrx_word' id='word_1_346' title='bbox 1033 2735 1100 2777; x_wconf 86' lang='grc' dir='ltr'><strong>Εἰς</strong></span> <span class='ocrx_word' id='word_1_347' title='bbox 1112 2722 1206 2783; x_wconf 79' lang='grc' dir='ltr'><strong><em>Ἀρί-</em></strong></span> 
     </span>
     <span class='ocr_line' id='line_1_42' title="bbox 330 2781 1202 2833; baseline 0.001 -14"><span class='ocrx_word' id='word_1_348' title='bbox 330 2796 437 2820; x_wconf 82' lang='grc' dir='ltr'><strong><em>κειαν</em></strong></span> <span class='ocrx_word' id='word_1_349' title='bbox 466 2796 536 2819; x_wconf 88' lang='grc' dir='ltr'><strong><em>ουν</em></strong></span> <span class='ocrx_word' id='word_1_350' title='bbox 565 2781 798 2827; x_wconf 78' lang='grc' dir='ltr'><strong><em>ἀπελθόντες</em></strong></span> <span class='ocrx_word' id='word_1_351' title='bbox 827 2783 1109 2833; x_wconf 86' lang='grc' dir='ltr'><strong><em>ἀριστήσωμεν.</em></strong></span> <span class='ocrx_word' id='word_1_352' title='bbox 1151 2786 1202 2820; x_wconf 80' lang='lat' dir='ltr'><strong>Cf.</strong></span> 
     </span>
     <span class='ocr_line' id='line_1_43' title="bbox 331 2836 1203 2879; baseline 0 -9"><span class='ocrx_word' id='word_1_353' title='bbox 331 2847 363 2871; x_wconf 90' lang='lat' dir='ltr'><strong>c.</strong></span> <span class='ocrx_word' id='word_1_354' title='bbox 379 2838 434 2871; x_wconf 77' lang='lat'><strong>29.</strong></span> <span class='ocrx_word' id='word_1_355' title='bbox 460 2838 546 2870; x_wconf 73' lang='lat' dir='ltr'><strong>Lirs.</strong></span> <span class='ocrx_word' id='word_1_356' title='bbox 567 2853 603 2860; x_wconf 85' lang='lat'><strong>——</strong></span> <span class='ocrx_word' id='word_1_357' title='bbox 630 2837 784 2870; x_wconf 79' lang='lat' dir='ltr'><strong>Curtium</strong></span> <span class='ocrx_word' id='word_1_358' title='bbox 806 2836 1015 2879; x_wconf 71' lang='lat' dir='ltr'><strong>Montanum]</strong></span> <span class='ocrx_word' id='word_1_359' title='bbox 1041 2837 1092 2870; x_wconf 84' lang='lat' dir='ltr'><strong>Cf.</strong></span> <span class='ocrx_word' id='word_1_360' title='bbox 1117 2837 1203 2870; x_wconf 89' lang='lat' dir='ltr'><strong>Hist.</strong></span> 
     </span>
     <span class='ocr_line' id='line_1_44' title="bbox 330 2886 1203 2930; baseline -0.001 -9"><span class='ocrx_word' id='word_1_361' title='bbox 330 2888 363 2929; x_wconf 97' lang='lat'><strong>4,</strong></span> <span class='ocrx_word' id='word_1_362' title='bbox 381 2888 435 2921; x_wconf 89' lang='lat'><strong>40.</strong></span> <span class='ocrx_word' id='word_1_363' title='bbox 453 2887 506 2921; x_wconf 77' lang='lat'><strong>42.</strong></span> <span class='ocrx_word' id='word_1_364' title='bbox 527 2904 563 2910; x_wconf 93' lang='lat'><strong>—</strong></span> <span class='ocrx_word' id='word_1_365' title='bbox 586 2887 726 2930; x_wconf 80' lang='lat' dir='ltr'><strong>eludere]</strong></span> <span class='ocrx_word' id='word_1_366' title='bbox 744 2886 919 2928; x_wconf 88' lang='lat' dir='ltr'><strong>absolute,</strong></span> <span class='ocrx_word' id='word_1_367' title='bbox 938 2888 960 2920; x_wconf 87' lang='lat' dir='ltr'><strong>i.</strong></span> <span class='ocrx_word' id='word_1_368' title='bbox 979 2896 1013 2929; x_wconf 86' lang='lat' dir='ltr'><strong>q.</strong></span> <span class='ocrx_word' id='word_1_369' title='bbox 1037 2887 1203 2927; x_wconf 87' lang='lat' dir='ltr'><strong>evadere,</strong></span> 
     </span>
     <span class='ocr_line' id='line_1_45' title="bbox 331 2937 1203 2979; baseline 0 -8"><span class='ocrx_word' id='word_1_370' title='bbox 331 2938 527 2972; x_wconf 89' lang='lat' dir='ltr'><strong>discrimini</strong></span> <span class='ocrx_word' id='word_1_371' title='bbox 559 2946 598 2971; x_wconf 88' lang='lat' dir='ltr'><strong>se</strong></span> <span class='ocrx_word' id='word_1_372' title='bbox 623 2937 853 2979; x_wconf 85' lang='lat' dir='ltr'><strong>subtrahere,</strong></span> <span class='ocrx_word' id='word_1_373' title='bbox 887 2938 1120 2979; x_wconf 78' lang='lat' dir='ltr'><strong>entsehltipfen.</strong></span> <span class='ocrx_word' id='word_1_374' title='bbox 1153 2937 1203 2971; x_wconf 87' lang='lat' dir='ltr'><strong>Cf.</strong></span> 
     </span>
     <span class='ocr_line' id='line_1_46' title="bbox 332 2988 1207 3029; baseline -0.001 -7"><span class='ocrx_word' id='word_1_375' title='bbox 332 2990 417 3023; x_wconf 89' lang='lat' dir='ltr'><strong>Hist.</strong></span> <span class='ocrx_word' id='word_1_376' title='bbox 435 2989 467 3029; x_wconf 88' lang='lat'><strong>3,</strong></span> <span class='ocrx_word' id='word_1_377' title='bbox 487 2988 548 3022; x_wconf 80' lang='lat'><strong>47:</strong></span> <span class='ocrx_word' id='word_1_378' title='bbox 574 2997 683 3021; x_wconf 77' lang='lat' dir='ltr'><strong>vacuo</strong></span> <span class='ocrx_word' id='word_1_379' title='bbox 704 2989 794 3021; x_wconf 84' lang='lat' dir='ltr'><strong>mari</strong></span> <span class='ocrx_word' id='word_1_380' title='bbox 816 2990 960 3022; x_wconf 84' lang='lat' dir='ltr'><strong>eludens.</strong></span> <span class='ocrx_word' id='word_1_381' title='bbox 981 3006 1017 3012; x_wconf 89' lang='lat'><strong>—-</strong></span> <span class='ocrx_word' id='word_1_382' title='bbox 1037 2988 1207 3029; x_wconf 75' lang='lat' dir='ltr'><strong>requirere</strong></span> 
     </span>
     <span class='ocr_line' id='line_1_47' title="bbox 331 3038 1205 3080; baseline 0 -9"><span class='ocrx_word' id='word_1_383' title='bbox 331 3048 364 3072; x_wconf 91' lang='lat' dir='ltr'><strong>se</strong></span> <span class='ocrx_word' id='word_1_384' title='bbox 381 3038 463 3080; x_wconf 68' lang='lat' dir='ltr'><strong>cet]</strong></span> <span class='ocrx_word' id='word_1_385' title='bbox 489 3039 709 3080; x_wconf 86' lang='lat' dir='ltr'><strong>Repetuntur</strong></span> <span class='ocrx_word' id='word_1_386' title='bbox 730 3038 788 3070; x_wconf 90' lang='lat' dir='ltr'><strong>hic</strong></span> <span class='ocrx_word' id='word_1_387' title='bbox 811 3038 935 3071; x_wconf 89' lang='lat' dir='ltr'><strong>ordine</strong></span> <span class='ocrx_word' id='word_1_388' title='bbox 959 3039 1093 3071; x_wconf 87' lang='lat' dir='ltr'><strong>mutato</strong></span> <span class='ocrx_word' id='word_1_389' title='bbox 1113 3047 1205 3080; x_wconf 85' lang='lat' dir='ltr'><strong>quae</strong></span> 
     </span>
     <span class='ocr_line' id='line_1_48' title="bbox 331 3087 1206 3132; baseline -0.003 -9"><span class='ocrx_word' id='word_1_390' title='bbox 331 3098 438 3132; x_wconf 83' lang='lat' dir='ltr'><strong>supra</strong></span> <span class='ocrx_word' id='word_1_391' title='bbox 463 3088 505 3131; x_wconf 92' lang='lat' dir='ltr'><strong>(c.</strong></span> <span class='ocrx_word' id='word_1_392' title='bbox 523 3089 576 3128; x_wconf 74' lang='lat'><strong>22)</strong></span> <span class='ocrx_word' id='word_1_393' title='bbox 595 3088 824 3121; x_wconf 89' lang='lat' dir='ltr'><strong>Cossutianus</strong></span> <span class='ocrx_word' id='word_1_394' title='bbox 847 3088 1023 3121; x_wconf 83' lang='lat' dir='ltr'><strong>Thraseae</strong></span> <span class='ocrx_word' id='word_1_395' title='bbox 1047 3087 1206 3121; x_wconf 82' lang='lat' dir='ltr'><strong>obiecta-</strong></span> 
     </span>
     <span class='ocr_line' id='line_1_49' title="bbox 332 3138 1206 3180; baseline -0.001 -8"><span class='ocrx_word' id='word_1_396' title='bbox 332 3139 411 3172; x_wconf 88' lang='lat' dir='ltr'><strong>bat:</strong></span> <span class='ocrx_word' id='word_1_397' title='bbox 431 3138 602 3180; x_wconf 79' lang='lat' dir='ltr'><strong>principio</strong></span> <span class='ocrx_word' id='word_1_398' title='bbox 625 3138 708 3171; x_wconf 80' lang='lat' dir='ltr'><strong>anni</strong></span> <span class='ocrx_word' id='word_1_399' title='bbox 728 3139 838 3171; x_wconf 83' lang='lat' dir='ltr'><strong>vilare</strong></span> <span class='ocrx_word' id='word_1_400' title='bbox 855 3138 1033 3171; x_wconf 80' lang='lat' dir='ltr'><strong>Thraseam</strong></span> <span class='ocrx_word' id='word_1_401' title='bbox 1053 3138 1206 3172; x_wconf 86' lang='lat' dir='ltr'><strong>sollemne</strong></span> 
     </span>
     <span class='ocr_line' id='line_1_50' title="bbox 331 3187 1206 3228; baseline 0 -7"><span class='ocrx_word' id='word_1_402' title='bbox 331 3190 384 3221; x_wconf 73' lang='lat' dir='ltr'><strong>ius</strong></span> <span class='ocrx_word' id='word_1_403' title='bbox 404 3189 607 3227; x_wconf 76' lang='lat' dir='ltr'><strong>iurandum;</strong></span> <span class='ocrx_word' id='word_1_404' title='bbox 637 3187 940 3228; x_wconf 76' lang='lat' dir='ltr'><strong>nuncupationibus</strong></span> <span class='ocrx_word' id='word_1_405' title='bbox 964 3191 1118 3220; x_wconf 78' lang='lat' dir='ltr'><strong>votorum</strong></span> <span class='ocrx_word' id='word_1_406' title='bbox 1139 3197 1206 3221; x_wconf 83' lang='lat' dir='ltr'><strong>non</strong></span> 
     </span>
     <span class='ocr_line' id='line_1_51' title="bbox 332 3237 1206 3280; baseline -0.001 -9"><span class='ocrx_word' id='word_1_407' title='bbox 332 3239 465 3279; x_wconf 83' lang='lat' dir='ltr'><strong>adesse,</strong></span> <span class='ocrx_word' id='word_1_408' title='bbox 508 3238 661 3280; x_wconf 80' lang='lat' dir='ltr'><strong>quamvis</strong></span> <span class='ocrx_word' id='word_1_409' title='bbox 699 3237 984 3278; x_wconf 72' lang='lat' dir='ltr'><strong>quindecimvirali</strong></span> <span class='ocrx_word' id='word_1_410' title='bbox 1016 3238 1206 3276; x_wconf 59' lang='lat' dir='ltr'><strong>‚sacerdotio</strong></span> 
     </span>
     <span class='ocr_line' id='line_1_52' title="bbox 329 3287 1201 3329; baseline 0 -9"><span class='ocrx_word' id='word_1_411' title='bbox 329 3288 519 3329; x_wconf 77' lang='lat' dir='ltr'><strong>praeditum</strong></span> <span class='ocrx_word' id='word_1_412' title='bbox 527 3296 540 3327; x_wconf 86' lang='lat'><strong>,·</strong></span> <span class='ocrx_word' id='word_1_413' title='bbox 556 3305 575 3311; x_wconf 97' lang='lat'><em>-</em></span> <span class='ocrx_word' id='word_1_414' title='bbox 588 3305 607 3312; x_wconf 95' lang='lat'>-</span> <span class='ocrx_word' id='word_1_415' title='bbox 630 3287 773 3320; x_wconf 70' lang='lat' dir='ltr'><strong>triennio</strong></span> <span class='ocrx_word' id='word_1_416' title='bbox 794 3295 861 3319; x_wconf 89' lang='lat' dir='ltr'><strong>non</strong></span> <span class='ocrx_word' id='word_1_417' title='bbox 883 3287 1035 3320; x_wconf 83' lang='lat' dir='ltr'><strong>introisse</strong></span> <span class='ocrx_word' id='word_1_418' title='bbox 1056 3287 1201 3320; x_wconf 82' lang='lat' dir='ltr'><strong>curiam.</strong></span> 
     </span>
     <span class='ocr_line' id='line_1_53' title="bbox 335 3336 1205 3371; baseline -0.001 0"><span class='ocrx_word' id='word_1_419' title='bbox 335 3339 428 3371; x_wconf 86' lang='lat' dir='ltr'><strong>Haec</strong></span> <span class='ocrx_word' id='word_1_420' title='bbox 459 3338 577 3371; x_wconf 88' lang='lat' dir='ltr'><strong>omnia</strong></span> <span class='ocrx_word' id='word_1_421' title='bbox 608 3346 647 3371; x_wconf 87' lang='lat' dir='ltr'><strong>se</strong></span> <span class='ocrx_word' id='word_1_422' title='bbox 671 3337 875 3370; x_wconf 86' lang='lat' dir='ltr'><strong>desiderare</strong></span> <span class='ocrx_word' id='word_1_423' title='bbox 899 3336 954 3369; x_wconf 91' lang='lat' dir='ltr'><strong>vel</strong></span> <span class='ocrx_word' id='word_1_424' title='bbox 982 3337 1205 3371; x_wconf 86' lang='lat' dir='ltr'><strong>desideratu-</strong></span> 
     </span>
     <span class='ocr_line' id='line_1_54' title="bbox 333 3385 1204 3430; baseline 0 -11"><span class='ocrx_word' id='word_1_425' title='bbox 333 3396 412 3420; x_wconf 91' lang='lat' dir='ltr'><strong>rum</strong></span> <span class='ocrx_word' id='word_1_426' title='bbox 435 3387 542 3421; x_wconf 73' lang='lat' dir='ltr'><strong>fuisse</strong></span> <span class='ocrx_word' id='word_1_427' title='bbox 566 3387 650 3420; x_wconf 88' lang='lat' dir='ltr'><strong>dicit</strong></span> <span class='ocrx_word' id='word_1_428' title='bbox 672 3387 797 3429; x_wconf 89' lang='lat' dir='ltr'><strong>Eprius</strong></span> <span class='ocrx_word' id='word_1_429' title='bbox 820 3385 1021 3426; x_wconf 87' lang='lat' dir='ltr'><strong>Marcellus,</strong></span> <span class='ocrx_word' id='word_1_430' title='bbox 1051 3388 1117 3420; x_wconf 90' lang='lat' dir='ltr'><strong>nisi</strong></span> <span class='ocrx_word' id='word_1_431' title='bbox 1139 3396 1204 3430; x_wconf 89' lang='lat' dir='ltr'><strong>ap-</strong></span> 
     </span>
     <span class='ocr_line' id='line_1_55' title="bbox 333 3435 1205 3479; baseline 0 -10"><span class='ocrx_word' id='word_1_432' title='bbox 333 3438 475 3479; x_wconf 81' lang='lat' dir='ltr'><strong>pareret</strong></span> <span class='ocrx_word' id='word_1_433' title='bbox 504 3436 697 3471; x_wconf 83' lang='lat' dir='ltr'><strong>Thraseam</strong></span> <span class='ocrx_word' id='word_1_434' title='bbox 726 3435 938 3479; x_wconf 80' lang='lat' dir='ltr'><strong>contemptis</strong></span> <span class='ocrx_word' id='word_1_435' title='bbox 971 3435 1136 3469; x_wconf 85' lang='lat' dir='ltr'><strong>institutis</strong></span> <span class='ocrx_word' id='word_1_436' title='bbox 1168 3437 1205 3470; x_wconf 88' lang='lat' dir='ltr'><strong>et</strong></span> 
     </span>
    </p>
   </div>
   <div class='ocr_carea' id='block_1_7' title="bbox 1252 2331 2133 3476">
    <p class='ocr_par' dir='ltr' id='par_1_10' title="bbox 1252 2331 2133 3320">
     <span class='ocr_line' id='line_1_56' title="bbox 1257 2331 2130 2377; baseline -0.002 -11"><span class='ocrx_word' id='word_1_437' title='bbox 1257 2334 1423 2376; x_wconf 88' lang='lat' dir='ltr'><strong>quoniam</strong></span> <span class='ocrx_word' id='word_1_438' title='bbox 1443 2342 1550 2377; x_wconf 89' lang='lat' dir='ltr'><strong>supra</strong></span> <span class='ocrx_word' id='word_1_439' title='bbox 1566 2335 1678 2367; x_wconf 87' lang='lat' dir='ltr'><strong>Nero:</strong></span> <span class='ocrx_word' id='word_1_440' title='bbox 1701 2333 1851 2374; x_wconf 76' lang='lat' dir='ltr'><strong>plerique</strong></span> <span class='ocrx_word' id='word_1_441' title='bbox 1874 2331 1987 2373; x_wconf 77' lang='lat' dir='ltr'><strong>adepti</strong></span> <span class='ocrx_word' id='word_1_442' title='bbox 2007 2339 2130 2364; x_wconf 50' lang='lat' dir='ltr'><strong>cons*</strong></span> 
     </span>
     <span class='ocr_line' id='line_1_57' title="bbox 1255 2380 2131 2425; baseline -0.001 -10"><span class='ocrx_word' id='word_1_443' title='bbox 1255 2383 1361 2416; x_wconf 83' lang='lat' dir='ltr'><strong>latwm</strong></span> <span class='ocrx_word' id='word_1_444' title='bbox 1382 2387 1413 2417; x_wconf 88' lang='lat' dir='ltr'><strong>et</strong></span> <span class='ocrx_word' id='word_1_445' title='bbox 1430 2384 1636 2422; x_wconf 82' lang='lat' dir='ltr'><strong>sacerdotia;</strong></span> <span class='ocrx_word' id='word_1_446' title='bbox 1661 2391 1753 2425; x_wconf 86' lang='lat' dir='ltr'><strong>quae</strong></span> <span class='ocrx_word' id='word_1_447' title='bbox 1770 2381 1957 2415; x_wconf 85' lang='lat' dir='ltr'><strong>manifesto</strong></span> <span class='ocrx_word' id='word_1_448' title='bbox 1972 2381 2009 2414; x_wconf 86' lang='lat' dir='ltr'><strong>in</strong></span> <span class='ocrx_word' id='word_1_449' title='bbox 2023 2380 2131 2414; x_wconf 76' lang='lat' dir='ltr'><strong>Thra-</strong></span> 
     </span>
     <span class='ocr_line' id='line_1_58' title="bbox 1256 2433 2131 2474; baseline -0.002 -8"><span class='ocrx_word' id='word_1_450' title='bbox 1256 2442 1356 2466; x_wconf 89' lang='lat' dir='ltr'><strong>seam</strong></span> <span class='ocrx_word' id='word_1_451' title='bbox 1384 2433 1476 2466; x_wconf 83' lang='lat' dir='ltr'><strong>dicta</strong></span> <span class='ocrx_word' id='word_1_452' title='bbox 1510 2434 1625 2467; x_wconf 78' lang='lat' dir='ltr'><strong>sunt.»</strong></span> <span class='ocrx_word' id='word_1_453' title='bbox 1659 2433 1767 2466; x_wconf 74' lang='lat' dir='ltr'><strong>Dono.</strong></span> <span class='ocrx_word' id='word_1_454' title='bbox 1795 2450 1831 2457; x_wconf 93' lang='lat'><strong>—</strong></span> <span class='ocrx_word' id='word_1_455' title='bbox 1868 2440 1969 2474; x_wconf 71' lang='lat' dir='ltr'><strong>caere</strong></span> <span class='ocrx_word' id='word_1_456' title='bbox 1995 2433 2131 2464; x_wconf 74' lang='lat' dir='ltr'><strong>mate-</strong></span> 
     </span>
     <span class='ocr_line' id='line_1_59' title="bbox 1255 2480 2129 2526; baseline -0.002 -10"><span class='ocrx_word' id='word_1_457' title='bbox 1255 2483 1337 2526; x_wconf 88' lang='lat' dir='ltr'><strong>rem]</strong></span> <span class='ocrx_word' id='word_1_458' title='bbox 1363 2482 1485 2525; x_wconf 86' lang='lat' dir='ltr'><strong>quales</strong></span> <span class='ocrx_word' id='word_1_459' title='bbox 1508 2483 1689 2516; x_wconf 89' lang='lat' dir='ltr'><strong>liberrime</strong></span> <span class='ocrx_word' id='word_1_460' title='bbox 1712 2491 1794 2516; x_wconf 90' lang='lat' dir='ltr'><strong>sese</strong></span> <span class='ocrx_word' id='word_1_461' title='bbox 1810 2481 1984 2524; x_wconf 85' lang='lat' dir='ltr'><strong>gerebant</strong></span> <span class='ocrx_word' id='word_1_462' title='bbox 1996 2480 2129 2514; x_wconf 80' lang='lat' dir='ltr'><strong>veteris</strong></span> 
     </span>
     <span class='ocr_line' id='line_1_60' title="bbox 1255 2529 2126 2576; baseline -0.002 -10"><span class='ocrx_word' id='word_1_463' title='bbox 1255 2534 1308 2566; x_wconf 91' lang='lat' dir='ltr'><strong>rei</strong></span> <span class='ocrx_word' id='word_1_464' title='bbox 1336 2533 1498 2576; x_wconf 86' lang='lat' dir='ltr'><strong>publicae</strong></span> <span class='ocrx_word' id='word_1_465' title='bbox 1529 2532 1760 2575; x_wconf 86' lang='lat' dir='ltr'><strong>temporibus.</strong></span> <span class='ocrx_word' id='word_1_466' title='bbox 1793 2549 1830 2556; x_wconf 93' lang='lat'>—</span> <span class='ocrx_word' id='word_1_467' title='bbox 1865 2531 1999 2572; x_wconf 73' lang='lat' dir='ltr'><strong>solitus]</strong></span> <span class='ocrx_word' id='word_1_468' title='bbox 2029 2529 2126 2571; x_wconf 88' lang='lat' dir='ltr'><strong>olim,</strong></span> 
     </span>
     <span class='ocr_line' id='line_1_61' title="bbox 1256 2581 2131 2626; baseline -0.002 -9"><span class='ocrx_word' id='word_1_469' title='bbox 1256 2586 1447 2626; x_wconf 88' lang='lat' dir='ltr'><strong>antequam</strong></span> <span class='ocrx_word' id='word_1_470' title='bbox 1471 2584 1651 2617; x_wconf 88' lang='lat' dir='ltr'><strong>desineret</strong></span> <span class='ocrx_word' id='word_1_471' title='bbox 1673 2583 1812 2617; x_wconf 88' lang='lat' dir='ltr'><strong>senatui</strong></span> <span class='ocrx_word' id='word_1_472' title='bbox 1834 2581 1975 2616; x_wconf 84' lang='lat' dir='ltr'><strong>adesse.</strong></span> <span class='ocrx_word' id='word_1_473' title='bbox 2002 2597 2039 2606; x_wconf 91' lang='lat'>—</span> <span class='ocrx_word' id='word_1_474' title='bbox 2061 2589 2131 2623; x_wconf 73' lang='grc' dir='ltr'><strong>ρο-</strong></span> 
     </span>
     <span class='ocr_line' id='line_1_62' title="bbox 1255 2631 2132 2676; baseline -0.003 -8"><span class='ocrx_word' id='word_1_475' title='bbox 1255 2644 1325 2668; x_wconf 84' lang='lat' dir='ltr'><strong>cem</strong></span> <span class='ocrx_word' id='word_1_476' title='bbox 1339 2653 1358 2660; x_wconf 92' lang='lat'><em>-</em></span> <span class='ocrx_word' id='word_1_477' title='bbox 1376 2644 1439 2676; x_wconf 80' lang='lat' dir='ltr'><strong>per</strong></span> <span class='ocrx_word' id='word_1_478' title='bbox 1467 2634 1578 2668; x_wconf 87' lang='lat' dir='ltr'><strong>orbem</strong></span> <span class='ocrx_word' id='word_1_479' title='bbox 1600 2633 1721 2676; x_wconf 84' lang='lat' dir='ltr'><strong>terrae]</strong></span> <span class='ocrx_word' id='word_1_480' title='bbox 1750 2632 1921 2666; x_wconf 83' lang='lat' dir='ltr'><strong>Confecto</strong></span> <span class='ocrx_word' id='word_1_481' title='bbox 1943 2631 2132 2666; x_wconf 79' lang='lat' dir='ltr'><strong>Armenia-</strong></span> 
     </span>
     <span class='ocr_line' id='line_1_63' title="bbox 1257 2680 2133 2727; baseline -0.005 -8"><span class='ocrx_word' id='word_1_482' title='bbox 1257 2695 1299 2719; x_wconf 91' lang='lat' dir='ltr'><strong>co</strong></span> <span class='ocrx_word' id='word_1_483' title='bbox 1326 2685 1430 2727; x_wconf 88' lang='lat' dir='ltr'><strong>bello,</strong></span> <span class='ocrx_word' id='word_1_484' title='bbox 1459 2686 1544 2718; x_wconf 89' lang='lat' dir='ltr'><strong>tunc</strong></span> <span class='ocrx_word' id='word_1_485' title='bbox 1568 2685 1670 2726; x_wconf 84' lang='lat' dir='ltr'><strong>quasi</strong></span> <span class='ocrx_word' id='word_1_486' title='bbox 1695 2685 1822 2727; x_wconf 85' lang='lat' dir='ltr'><strong>pacato</strong></span> <span class='ocrx_word' id='word_1_487' title='bbox 1843 2685 2022 2716; x_wconf 87' lang='lat' dir='ltr'><strong>terrarum</strong></span> <span class='ocrx_word' id='word_1_488' title='bbox 2040 2680 2133 2716; x_wconf 72' lang='lat' dir='ltr'><strong>orba</strong></span> 
     </span>
     <span class='ocr_line' id='line_1_64' title="bbox 1256 2731 2131 2776; baseline -0.006 -6"><span class='ocrx_word' id='word_1_489' title='bbox 1256 2738 1380 2770; x_wconf 89' lang='lat' dir='ltr'><strong>Ianum</strong></span> <span class='ocrx_word' id='word_1_490' title='bbox 1403 2735 1529 2769; x_wconf 90' lang='lat' dir='ltr'><strong>clausit</strong></span> <span class='ocrx_word' id='word_1_491' title='bbox 1549 2737 1660 2775; x_wconf 89' lang='lat' dir='ltr'><strong>Nero,</strong></span> <span class='ocrx_word' id='word_1_492' title='bbox 1699 2743 1769 2776; x_wconf 91' lang='lat' dir='ltr'><strong>quo</strong></span> <span class='ocrx_word' id='word_1_493' title='bbox 1801 2732 1963 2767; x_wconf 83' lang='lat' dir='ltr'><strong>trahendi</strong></span> <span class='ocrx_word' id='word_1_494' title='bbox 1991 2731 2131 2766; x_wconf 72' lang='lat' dir='ltr'><strong>nummi</strong></span> 
     </span>
     <span class='ocr_line' id='line_1_65' title="bbox 1256 2779 2129 2828; baseline -0.005 -8"><span class='ocrx_word' id='word_1_495' title='bbox 1256 2788 1424 2827; x_wconf 88' lang='lat' dir='ltr'><strong>Neronis,</strong></span> <span class='ocrx_word' id='word_1_496' title='bbox 1455 2786 1501 2819; x_wconf 86' lang='lat' dir='ltr'><strong>de</strong></span> <span class='ocrx_word' id='word_1_497' title='bbox 1531 2785 1661 2828; x_wconf 86' lang='lat' dir='ltr'><strong>quibus</strong></span> <span class='ocrx_word' id='word_1_498' title='bbox 1691 2786 1772 2827; x_wconf 90' lang='lat' dir='ltr'><strong>post</strong></span> <span class='ocrx_word' id='word_1_499' title='bbox 1794 2783 1880 2817; x_wconf 86' lang='lat' dir='ltr'><strong>alios</strong></span> <span class='ocrx_word' id='word_1_500' title='bbox 1905 2783 1975 2825; x_wconf 79' lang='lat' dir='ltr'><strong>egit</strong></span> <span class='ocrx_word' id='word_1_501' title='bbox 1996 2779 2129 2816; x_wconf 82' lang='lat' dir='ltr'><strong>Eckhel</strong></span> 
     </span>
     <span class='ocr_line' id='line_1_66' title="bbox 1256 2831 2127 2879; baseline -0.006 -9"><span class='ocrx_word' id='word_1_502' title='bbox 1256 2838 1297 2870; x_wconf 94' lang='lat' dir='ltr'><strong>D.</strong></span> <span class='ocrx_word' id='word_1_503' title='bbox 1315 2839 1356 2870; x_wconf 92' lang='lat' dir='ltr'><strong>N.</strong></span> <span class='ocrx_word' id='word_1_504' title='bbox 1373 2837 1437 2877; x_wconf 86' lang='lat' dir='ltr'><strong>VI,</strong></span> <span class='ocrx_word' id='word_1_505' title='bbox 1461 2845 1497 2879; x_wconf 87' lang='lat' dir='ltr'><strong>p.</strong></span> <span class='ocrx_word' id='word_1_506' title='bbox 1516 2836 1592 2869; x_wconf 77' lang='lat'><strong>273.</strong></span> <span class='ocrx_word' id='word_1_507' title='bbox 1618 2836 1658 2867; x_wconf 91' lang='lat' dir='ltr'><strong>In</strong></span> <span class='ocrx_word' id='word_1_508' title='bbox 1681 2843 1805 2867; x_wconf 88' lang='lat' dir='ltr'><strong>eorum</strong></span> <span class='ocrx_word' id='word_1_509' title='bbox 1827 2834 1963 2876; x_wconf 83' lang='lat' dir='ltr'><strong>postica</strong></span> <span class='ocrx_word' id='word_1_510' title='bbox 1981 2831 2127 2874; x_wconf 71' lang='lat' dir='ltr'><strong>legitur:</strong></span> 
     </span>
     <span class='ocr_line' id='line_1_67' title="bbox 1255 2881 2127 2926; baseline -0.005 -7"><span class='ocrx_word' id='word_1_511' title='bbox 1255 2887 1372 2921; x_wconf 79' lang='lat' dir='ltr'><strong>PACE.</strong></span> <span class='ocrx_word' id='word_1_512' title='bbox 1390 2888 1425 2920; x_wconf 88' lang='lat' dir='ltr'><strong>P.</strong></span> <span class='ocrx_word' id='word_1_513' title='bbox 1439 2888 1478 2920; x_wconf 80' lang='lat' dir='ltr'><strong>R.</strong></span> <span class='ocrx_word' id='word_1_514' title='bbox 1495 2885 1641 2919; x_wconf 83' lang='lat' dir='ltr'><strong>TERRA.</strong></span> <span class='ocrx_word' id='word_1_515' title='bbox 1655 2884 1803 2926; x_wconf 79' lang='lat' dir='ltr'><strong>MARIQ.</strong></span> <span class='ocrx_word' id='word_1_516' title='bbox 1817 2883 1960 2917; x_wconf 75' lang='lat' dir='ltr'><strong>PARTA.</strong></span> <span class='ocrx_word' id='word_1_517' title='bbox 1973 2881 2127 2916; x_wconf 67' lang='lat' dir='ltr'><strong>IANVM.</strong></span> 
     </span>
     <span class='ocr_line' id='line_1_68' title="bbox 1256 2930 2129 2975; baseline -0.005 -5"><span class='ocrx_word' id='word_1_518' title='bbox 1256 2938 1413 2971; x_wconf 87' lang='lat' dir='ltr'><strong>CLVSIT.</strong></span> <span class='ocrx_word' id='word_1_519' title='bbox 1438 2937 1524 2970; x_wconf 88' lang='lat' dir='ltr'><strong>item</strong></span> <span class='ocrx_word' id='word_1_520' title='bbox 1542 2936 1660 2969; x_wconf 81' lang='lat' dir='ltr'><strong>PACE.</strong></span> <span class='ocrx_word' id='word_1_521' title='bbox 1678 2936 1712 2968; x_wconf 85' lang='lat' dir='ltr'><strong>P.</strong></span> <span class='ocrx_word' id='word_1_522' title='bbox 1729 2936 1767 2968; x_wconf 83' lang='lat' dir='ltr'><strong>R.</strong></span> <span class='ocrx_word' id='word_1_523' title='bbox 1786 2935 1895 2975; x_wconf 87' lang='lat' dir='ltr'><strong>VBIQ.</strong></span> <span class='ocrx_word' id='word_1_524' title='bbox 1907 2931 2052 2967; x_wconf 77' lang='lat' dir='ltr'><strong>PARTA.</strong></span> <span class='ocrx_word' id='word_1_525' title='bbox 2066 2930 2129 2966; x_wconf 86' lang='grc' dir='ltr'><strong>ΙΔ-</strong></span> 
     </span>
     <span class='ocr_line' id='line_1_69' title="bbox 1254 2983 2128 3025; baseline -0.007 -4"><span class='ocrx_word' id='word_1_526' title='bbox 1254 2988 1362 3021; x_wconf 84' lang='lat' dir='ltr'><strong>NVM.</strong></span> <span class='ocrx_word' id='word_1_527' title='bbox 1377 2987 1426 3020; x_wconf 86' lang='lat' dir='ltr'><strong>CL</strong></span> <span class='ocrx_word' id='word_1_528' title='bbox 1434 2987 1532 3021; x_wconf 88' lang='lat' dir='ltr'><strong>VSIT.</strong></span> <span class='ocrx_word' id='word_1_529' title='bbox 1551 2985 1738 3019; x_wconf 91' lang='lat' dir='ltr'><strong>Suetonius</strong></span> <span class='ocrx_word' id='word_1_530' title='bbox 1754 2985 1836 3018; x_wconf 87' lang='lat' dir='ltr'><strong>Ner.</strong></span> <span class='ocrx_word' id='word_1_531' title='bbox 1851 2983 1913 3017; x_wconf 74' lang='lat'><strong>⁴3:</strong></span> <span class='ocrx_word' id='word_1_532' title='bbox 1938 2984 2060 3016; x_wconf 67' lang='lat' dir='ltr'><strong>Iam</strong></span> <span class='ocrx_word' id='word_1_533' title='bbox 2071 2989 2128 3025; x_wconf 71' lang='lat' dir='ltr'><strong>ae-</strong></span> 
     </span>
     <span class='ocr_line' id='line_1_70' title="bbox 1254 3032 2123 3077; baseline -0.007 -6"><span class='ocrx_word' id='word_1_534' title='bbox 1254 3038 1383 3071; x_wconf 78' lang='lat' dir='ltr'><strong>minum</strong></span> <span class='ocrx_word' id='word_1_535' title='bbox 1397 3037 1527 3077; x_wconf 83' lang='lat' dir='ltr'><strong>clausit,</strong></span> <span class='ocrx_word' id='word_1_536' title='bbox 1548 3039 1721 3076; x_wconf 79' lang='lat' dir='ltr'><strong>tamquam</strong></span> <span class='ocrx_word' id='word_1_537' title='bbox 1735 3034 1826 3067; x_wconf 77' lang='lat' dir='ltr'><strong>nullo</strong></span> <span class='ocrx_word' id='word_1_538' title='bbox 1839 3034 1972 3067; x_wconf 77' lang='lat' dir='ltr'><strong>residuo</strong></span> <span class='ocrx_word' id='word_1_539' title='bbox 1986 3032 2123 3066; x_wconf 78' lang='lat' dir='ltr'><strong>bello.—</strong></span> 
     </span>
     <span class='ocr_line' id='line_1_71' title="bbox 1252 3083 2127 3130; baseline -0.007 -9"><span class='ocrx_word' id='word_1_540' title='bbox 1252 3097 1315 3130; x_wconf 81' lang='lat' dir='ltr'><strong>pro</strong></span> <span class='ocrx_word' id='word_1_541' title='bbox 1330 3088 1502 3121; x_wconf 78' lang='lat' dir='ltr'><strong>solitudine</strong></span> <span class='ocrx_word' id='word_1_542' title='bbox 1516 3085 1658 3128; x_wconf 78' lang='lat' dir='ltr'><strong>haberet]</strong></span> <span class='ocrx_word' id='word_1_543' title='bbox 1675 3094 1745 3118; x_wconf 91' lang='lat' dir='ltr'><strong>non</strong></span> <span class='ocrx_word' id='word_1_544' title='bbox 1761 3085 1872 3127; x_wconf 81' lang='lat' dir='ltr'><strong>magis</strong></span> <span class='ocrx_word' id='word_1_545' title='bbox 1888 3083 2000 3117; x_wconf 87' lang='lat' dir='ltr'><strong>adiret</strong></span> <span class='ocrx_word' id='word_1_546' title='bbox 2016 3089 2127 3124; x_wconf 83' lang='lat' dir='ltr'><strong>quam</strong></span> 
     </span>
     <span class='ocr_line' id='line_1_72' title="bbox 1255 3132 2126 3175; baseline -0.007 -4"><span class='ocrx_word' id='word_1_547' title='bbox 1255 3137 1407 3171; x_wconf 90' lang='lat' dir='ltr'><strong>solitudo</strong></span> <span class='ocrx_word' id='word_1_548' title='bbox 1429 3137 1518 3170; x_wconf 85' lang='lat' dir='ltr'><strong>adiri</strong></span> <span class='ocrx_word' id='word_1_549' title='bbox 1540 3135 1641 3169; x_wconf 87' lang='lat' dir='ltr'><strong>solet.</strong></span> <span class='ocrx_word' id='word_1_550' title='bbox 1670 3152 1706 3159; x_wconf 93' lang='lat'>-</span> <span class='ocrx_word' id='word_1_551' title='bbox 1735 3135 1794 3175; x_wconf 75' lang='lat' dir='ltr'><strong>qui</strong></span> <span class='ocrx_word' id='word_1_552' title='bbox 1814 3134 2028 3168; x_wconf 78' lang='lat' dir='ltr'><strong>minitaretur</strong></span> <span class='ocrx_word' id='word_1_553' title='bbox 2047 3132 2126 3166; x_wconf 59' lang='lat' dir='ltr'><strong>em-</strong></span> 
     </span>
     <span class='ocr_line' id='line_1_73' title="bbox 1254 3181 2126 3229; baseline -0.007 -8"><span class='ocrx_word' id='word_1_554' title='bbox 1254 3188 1335 3221; x_wconf 83' lang='lat' dir='ltr'><strong>lium</strong></span> <span class='ocrx_word' id='word_1_555' title='bbox 1356 3187 1464 3228; x_wconf 79' lang='lat' dir='ltr'><strong>snum]</strong></span> <span class='ocrx_word' id='word_1_556' title='bbox 1489 3187 1590 3229; x_wconf 86' lang='lat' dir='ltr'><strong>quasi</strong></span> <span class='ocrx_word' id='word_1_557' title='bbox 1611 3185 1649 3218; x_wconf 89' lang='lat' dir='ltr'><strong>id</strong></span> <span class='ocrx_word' id='word_1_558' title='bbox 1669 3183 1804 3226; x_wconf 88' lang='lat' dir='ltr'><strong>ubique</strong></span> <span class='ocrx_word' id='word_1_559' title='bbox 1819 3183 2011 3218; x_wconf 83' lang='lat' dir='ltr'><strong>seditiones</strong></span> <span class='ocrx_word' id='word_1_560' title='bbox 2027 3181 2126 3215; x_wconf 85' lang='lat' dir='ltr'><strong>exci-</strong></span> 
     </span>
     <span class='ocr_line' id='line_1_74' title="bbox 1254 3231 2124 3277; baseline -0.008 -6"><span class='ocrx_word' id='word_1_561' title='bbox 1254 3238 1410 3270; x_wconf 87' lang='lat' dir='ltr'><strong>taturum</strong></span> <span class='ocrx_word' id='word_1_562' title='bbox 1436 3236 1545 3277; x_wconf 79' lang='lat' dir='ltr'><strong>foret,</strong></span> <span class='ocrx_word' id='word_1_563' title='bbox 1578 3236 1625 3269; x_wconf 86' lang='lat' dir='ltr'><strong>ita</strong></span> <span class='ocrx_word' id='word_1_564' title='bbox 1654 3236 1694 3268; x_wconf 90' lang='lat' dir='ltr'><strong>ut</strong></span> <span class='ocrx_word' id='word_1_565' title='bbox 1712 3234 1759 3267; x_wconf 88' lang='lat' dir='ltr'><strong>&#39;in</strong></span> <span class='ocrx_word' id='word_1_566' title='bbox 1788 3232 1955 3277; x_wconf 84' lang='lat' dir='ltr'><strong>principis</strong></span> <span class='ocrx_word' id='word_1_567' title='bbox 1977 3231 2124 3265; x_wconf 81' lang='lat' dir='ltr'><strong>exitium</strong></span> 
     </span>
     <span class='ocr_line' id='line_1_75' title="bbox 1255 3287 1421 3320; baseline -0.006 0"><span class='ocrx_word' id='word_1_568' title='bbox 1255 3287 1421 3320; x_wconf 87' lang='lat' dir='ltr'><strong>verteret.</strong></span> 
     </span>
    </p>

    <p class='ocr_par' dir='ltr' id='par_1_11' title="bbox 1254 3329 2122 3476">
     <span class='ocr_line' id='line_1_76' title="bbox 1296 3329 2122 3376; baseline -0.007 -6"><span class='ocrx_word' id='word_1_569' title='bbox 1296 3337 1350 3370; x_wconf 78' lang='lat'><strong>29.</strong></span> <span class='ocrx_word' id='word_1_570' title='bbox 1375 3336 1549 3370; x_wconf 81' lang='lat' dir='ltr'><strong>crebritate</strong></span> <span class='ocrx_word' id='word_1_571' title='bbox 1565 3333 1806 3376; x_wconf 72' lang='lat' dir='ltr'><strong>periculam]</strong></span> <span class='ocrx_word' id='word_1_572' title='bbox 1832 3332 1961 3366; x_wconf 85' lang='lat' dir='ltr'><strong>Dotem</strong></span> <span class='ocrx_word' id='word_1_573' title='bbox 1983 3339 2004 3363; x_wconf 84' lang='lat' dir='ltr'><strong>a</strong></span> <span class='ocrx_word' id='word_1_574' title='bbox 2025 3329 2122 3365; x_wconf 82' lang='lat' dir='ltr'><strong>Rhe-</strong></span> 
     </span>
     <span class='ocr_line' id='line_1_77' title="bbox 1254 3380 2122 3428; baseline -0.007 -9"><span class='ocrx_word' id='word_1_575' title='bbox 1254 3395 1346 3419; x_wconf 85' lang='lat' dir='ltr'><strong>nano</strong></span> <span class='ocrx_word' id='word_1_576' title='bbox 1369 3385 1630 3428; x_wconf 75' lang='lat' dir='ltr'><strong>suppeditatum</strong></span> <span class='ocrx_word' id='word_1_577' title='bbox 1651 3382 1869 3416; x_wconf 81' lang='lat' dir='ltr'><strong>recentiores</strong></span> <span class='ocrx_word' id='word_1_578' title='bbox 1884 3380 2039 3414; x_wconf 83' lang='lat' dir='ltr'><strong>editores</strong></span> <span class='ocrx_word' id='word_1_579' title='bbox 2053 3380 2122 3414; x_wconf 77' lang='lat' dir='ltr'><strong>Er-</strong></span> 
     </span>
     <span class='ocr_line' id='line_1_78' title="bbox 1254 3429 2121 3476; baseline -0.008 -6"><span class='ocrx_word' id='word_1_580' title='bbox 1254 3436 1367 3470; x_wconf 86' lang='lat' dir='ltr'><strong>nestio</strong></span> <span class='ocrx_word' id='word_1_581' title='bbox 1390 3436 1535 3469; x_wconf 83' lang='lat' dir='ltr'><strong>auctore</strong></span> <span class='ocrx_word' id='word_1_582' title='bbox 1557 3432 1788 3476; x_wconf 87' lang='lat' dir='ltr'><strong>spreverunt,</strong></span> <span class='ocrx_word' id='word_1_583' title='bbox 1811 3429 2033 3466; x_wconf 75' lang='lat' dir='ltr'><strong>celebritatem</strong></span> <span class='ocrx_word' id='word_1_584' title='bbox 2052 3436 2121 3473; x_wconf 81' lang='lat' dir='ltr'><strong>pro</strong></span> 
     </span>
    </p>
   </div>
   <div class='ocr_carea' id='block_1_8' title="bbox 2184 2038 2254 3770">
    <p class='ocr_par' dir='ltr' id='par_1_12' title="bbox 2184 2038 2254 3770">
     <span class='ocr_line' id='line_1_79' title="bbox 2184 2038 2254 3770; baseline 0 0"><span class='ocrx_word' id='word_1_585' title='bbox 2184 2038 2254 3770; x_wconf 95' lang='lat' dir='ltr'><strong> </strong></span> 
     </span>
    </p>
   </div>
  </div>
 </body>
</html>
