2254 3770
706 301 863 347 LIBER
891 301 941 345 Π.
989 301 1089 360 Cap.
1118 301 1187 346 78.
1215 301 1284 345 79.
1315 302 1383 347 80.
1413 302 1483 347 84.
1905 303 1988 348 433

194 411 528 471 magnitudinem
564 409 835 469 imperatoris
871 408 1108 454 identidem
1143 409 1344 467 ingerens
1381 417 1424 454 et
1466 425 1561 456 rem
1601 410 1819 469 publicam
1857 412 1988 455 armis

192 489 298 548 peti3
329 487 532 546 ducitque
560 485 746 530 validam
773 498 947 528 manum
976 491 1019 529 et
1047 485 1214 543 proelio
1243 492 1448 543 paratam.
1481 486 1563 543 (80)
1584 500 1666 531 nec
1685 486 1803 536 Piso,
1836 500 1988 544 quam-

192 578 321 624 quam
336 568 487 621 coepta
504 576 632 607 secus
653 561 875 611 cadebant,
897 561 1040 604 omisit
1058 562 1268 606 tutissima
1287 575 1311 605 e
1331 562 1644 620 praesentibus,
1665 561 1744 605 sed
1766 561 1988 606 castellum

193 639 365 686 Ciliciae
386 638 595 682 munitum
615 636 868 687 admodum,
901 637 968 681 cui
993 651 1148 681 nomen
1171 637 1410 688 Celendris,
1443 644 1638 696 occupat.
1670 651 1769 681 nam
1789 637 1988 681 admixtis

191 714 485 760 desertoribus
526 719 569 758 et
604 713 742 756 tirone
780 726 918 770 nuper
957 712 1194 770 intercepto
1235 713 1414 771 suisque
1452 719 1494 757 et
1529 713 1756 758 Plancinae
1802 713 2020 757 servitiiss

189 789 346 836 auxilia
375 789 572 840 Cilicum,
603 802 717 847 quae
747 787 883 846 reguli
904 788 1129 839 miserant,
1163 788 1204 830 in
1225 802 1451 832 numerum
1470 788 1652 846 legionis
1672 795 1988 847 composuerat.

191 865 475 923 Caesarisque
505 878 553 908 se
584 863 769 922 legatum
805 863 1041 907 testabatur
1074 864 1316 922 provincia,
1340 851 1491 923 'quam
1527 864 1564 908 is
1599 864 1805 916 dedisset,
1849 865 1988 909 arceri
2042 877 2048 881 ·

187 955 274 986 non
312 955 338 985 a
375 939 618 999 legionibus
657 940 822 996 (earum
858 939 1020 997 quippe
1050 939 1189 993 accitu
1218 938 1395 997 venire),
1427 940 1504 984 sed
1536 954 1563 983 a
1592 940 1738 984 Sentio
1774 940 1988 998 privatum

189 1016 337 1061 odium
371 1015 489 1060 falsis
530 1014 779 1060 criminibus
814 1021 1000 1072 tegente.
1046 1015 1330 1060 consisterent
1368 1016 1411 1059 in
1448 1016 1563 1066 acie,
1609 1030 1696 1060 non
1733 1016 1986 1074 pugnaturis

188 1092 408 1143 militibus,
439 1091 514 1135 ubi
544 1090 745 1135 Pisonem
774 1090 829 1135 ab
858 1091 964 1149 ipsis
993 1097 1217 1149 parentem
1246 1090 1465 1150 quondam
1500 1091 1780 1150 appellatum,
1818 1092 1854 1135 si
1891 1092 1986 1136 iure
1999 1105 2036 1135 io

189 1174 409 1227 ageretur,
439 1167 673 1226 potiorem,
714 1166 750 1210 si
781 1166 928 1216 armis,
967 1181 1052 1210 non
1092 1167 1325 1211 invalidum
1353 1167 1574 1211 vidissent.
1620 1173 1708 1210 tum
1739 1181 1818 1225 pro
1849 1167 1988 1211 muni-

187 1244 343 1288 mentis
379 1242 540 1288 castelli
575 1241 816 1300 manipulos
847 1242 1052 1300 explicat,
1085 1242 1194 1287 colle
1224 1242 1361 1287 arduo
1390 1249 1433 1287 et
1462 1243 1665 1301 derupto3
1711 1256 1811 1286 nam
1842 1250 1986 1288 cetera

187 1320 295 1363 mari
335 1319 573 1377 cinguntur.
623 1324 770 1362 contra
809 1318 1000 1363 veterani
1039 1318 1262 1363 ordinibus
1300 1332 1352 1362 ac
1390 1318 1597 1363 subsidiis
1626 1318 1840 1363 instructi:
1886 1319 1986 1364 hinc

187 1395 384 1445 militum,
432 1393 532 1438 inde
571 1393 764 1438 locorum
795 1394 1023 1453 asperitas,
1069 1394 1148 1438 sed
1183 1408 1269 1438 non
1300 1394 1488 1445 animus,
1533 1408 1619 1438 non
1649 1408 1771 1452 spes,
1816 1408 1871 1438 ne
1900 1394 1986 1439 tela

187 1471 363 1529 quidem
395 1470 476 1513 nisi
506 1470 691 1527 agrestia
721 1476 794 1513 aut
823 1470 1011 1514 subitum
1029 1470 1072 1513 in
1090 1484 1219 1514 usum
1239 1476 1482 1529 properata.
1511 1475 1559 1513 ut
1577 1483 1737 1514 venere
1756 1470 1800 1513 in
1819 1484 2035 1517 manus.⁴5

186 1560 273 1591 non
301 1545 412 1589 ultra
433 1544 672 1589 dubitatum
692 1559 823 1604 quam
842 1545 947 1589 dum
965 1547 1182 1590 Romanae
1203 1545 1402 1590 cohortes
1423 1546 1466 1589 in
1487 1560 1677 1604 aequum
1699 1546 1983 1591 eniterentur:

186 1627 357 1666 vertunt
385 1627 506 1678 terga
536 1620 859 1679 Cilices-seque
889 1621 1065 1665 castello
1095 1621 1311 1666 claudunt.
1360 1621 1443 1678 (8⁴)
1474 1621 1643 1666 interim
1671 1621 1771 1665 Piso
1801 1621 1985 1666 classem

187 1697 300 1741 haud
330 1695 482 1754 procul
511 1697 810 1754 opperientem
838 1696 1088 1755 adpugnare
1124 1697 1279 1740 frustra
1315 1697 1556 1754 temptavit3
1597 1711 1914 1755 regressusque
1944 1703 1987 1742 et

186 1787 267 1832 pro
286 1773 420 1816 muris
440 1771 570 1816 modo
591 1778 729 1816 semet
748 1771 1025 1824 adflictando,
1056 1771 1187 1816 modo
1208 1772 1398 1830 singulos
1418 1772 1591 1816 nomine
1612 1773 1749 1823 ciens,
1781 1773 1985 1830 praemiis

231 1882 264 1915 3.
286 1881 377 1923 secus
402 1881 436 1913 M
465 1880 567 1922 (secus
588 1880 723 1923 margo)
750 1899 786 1904 —
817 1881 1013 1914 tutissisima
1034 1881 1068 1914 M
1099 1899 1135 1905 -
1172 1880 1206 1914 4.
1232 1881 1398 1914 Celendris
1423 1881 1475 1914 M:
1507 1881 1691 1914 Celenderis
1711 1880 1918 1914 Beroaldus.
1943 1899 1980 1905 —

187 1939 221 1970 7.
242 1937 421 1979 provincia
448 1936 660 1969 Beroaldus:
692 1937 908 1977 prouinciam
937 1938 970 1971 M
996 1955 1031 1960 —
1062 1937 1094 1970 9.
1120 1938 1215 1970 aciae
1240 1938 1295 1976 Μ;
1331 1938 1438 1970 aciem
1459 1935 1676 1970 Doederlein
1698 1936 1777 1970 coll.
1804 1946 1836 1971 c.
1862 1938 1916 1970 46.
1944 1956 1982 1962 —-

187 1994 240 2027 ⁴4.
265 1994 410 2026 militum
430 1993 500 2033 vis,
523 1994 601 2026 inde
622 1994 792 2028 Muretus.
813 2011 848 2016 —
875 1995 929 2027 45.
947 1998 1008 2027 aut
1029 1995 1176 2027 subitum
1196 1995 1232 2027 in
1253 2003 1353 2027 usum
1367 1993 1600 2027 Doederlein:
1625 1997 1686 2027 aut
1709 1995 1766 2037 (ad
1779 1994 1913 2036 margo)
1930 2003 1986 2027 su-

186 2051 289 2083 bitum
309 2059 406 2082 usum
422 2051 471 2090 M;
499 2051 544 2082 ad
557 2050 700 2084 subitum
722 2060 819 2084 usum
840 2050 1051 2092 Beroaldus3
1077 2055 1137 2085 aut
1159 2053 1205 2085 ad
1226 2052 1372 2085 subitum
1392 2061 1491 2084 usum
1508 2051 1779 2085 Weissenborn.
1809 2069 1844 2075 -
1869 2051 1985 2084 uenire

187 2107 234 2140 M.
262 2106 350 2139 Vide
374 2106 420 2139 ad
443 2115 474 2139 c.
492 2106 526 2139 2.
548 2125 584 2131 —
610 2107 663 2140 46.
688 2107 775 2140 enim
797 2111 947 2140 terantur
970 2107 1045 2149 (sic)
1062 2108 1095 2141 M
1113 2126 1149 2132 -
1176 2108 1229 2141 47.
1254 2109 1380 2141 scilices
1402 2108 1529 2150 (prima
1551 2106 1667 2141 littera
1688 2107 1829 2150 punctis
1850 2107 1982 2149 notata)

187 2164 223 2197 M
246 2181 284 2186 —
309 2163 363 2196 48.
389 2163 587 2204 operientem
609 2164 654 2197 M.

189 2245 319 2277 manici
347 2243 472 2277 laudes
503 2245 625 2277 nostra
655 2253 699 2277 ex
726 2246 863 2278 ratione
893 2254 985 2279 nova
1008 2246 1063 2279 est

188 2295 374 2328 sententia.

232 2344 284 2377 80.
320 2344 494 2387 Celendris]
532 2343 715 2378 Celendris
749 2346 823 2378 sive
858 2345 1063 2379 Celenderis

1114 2250 1328 2287 armaverat,
1359 2255 1477 2287 maros
1506 2249 1568 2279 aut
1588 2246 1740 2286 lanceas,
1772 2245 1835 2279 alii
1853 2254 1984 2287 praea-

1113 2301 1209 2331 cutas
1235 2299 1332 2330 sudes
1350 2297 1549 2339 portabant.
1575 2315 1613 2321 —
1642 2296 1679 2328 in
1707 2305 1852 2337 aequum
1878 2298 1986 2329 enite-

1111 2347 1240 2390 rentur]
1264 2349 1300 2380 in
1323 2356 1407 2380 eum
1423 2346 1521 2380 collis
1535 2345 1671 2386 locum,
1695 2346 1758 2379 ubi
1773 2348 1844 2380 iam
1860 2347 1984 2388 aequis

189 2394 361 2437 oppidum
373 2393 513 2428 Ciliciae
528 2403 677 2437 asperae
692 2404 804 2437 prope
817 2396 1060 2437 Anemurium,

190 2445 296 2478 hodie
320 2445 483 2477 celindro.
523 2444 649 2478 Tribus
671 2444 817 2486 syllabis
840 2446 909 2479 hoc
931 2455 1062 2481 nomen

190 2494 379 2527 exhibetur
411 2495 518 2527 etiam
547 2503 566 2527 a
596 2496 793 2537 Pomponio
824 2495 913 2529 Mela
943 2497 975 2535 4,
1006 2496 1060 2529 43.

189 2544 260 2577 Sed
287 2542 507 2590 Κελένδερις
545 2545 620 2578 sive
650 2543 869 2592 Κελενδερίς
902 2546 1063 2580 scribunt

190 2594 336 2631 Strabo.
353 2594 599 2637 Apollodorus,
620 2595 805 2638 Iosephus,
822 2595 1059 2630 Ptolemaeus.

189 2644 292 2687 Apud
316 2644 465 2677 Plinium
484 2646 525 2678 N.
543 2645 585 2678 H.
603 2646 635 2685 ὅ,
654 2644 674 2686 g
691 2645 732 2678 92
757 2647 810 2678 est
831 2647 924 2688 reyio
947 2646 1063 2680 Gelen-

189 2695 304 2728 deritt's
332 2704 409 2728 cum
431 2696 549 2737 oppido
580 2697 616 2728 et
646 2696 683 2728 in
705 2704 853 2729 nummo
877 2697 971 2739 apud
994 2698 1061 2730 Pe-

188 2745 290 2778 lerin.
321 2746 421 2778 Asiae
444 2745 530 2779 Tab.
555 2746 598 2779 73
621 2745 994 2780 ΚΕΛΕΝΔΕΡΙΤων.
1022 2765 1059 2771 -

189 2797 226 2828 in
247 2804 425 2828 numerum
442 2795 589 2838 leyionis]
614 2797 661 2829 Ex
678 2795 804 2829 vexillo
821 2798 974 2830 tironum
989 2796 1063 2829 illo-

190 2854 271 2879 rum
294 2846 553 2886 Romanorum,
585 2847 658 2880 suis
682 2848 718 2879 et
740 2845 926 2879 Plancinae
949 2847 1062 2880 servi-

191 2896 266 2935 tiis,
297 2893 432 2928 auxiliis
455 2894 604 2928 Cilicum
630 2904 740 2929 unam
763 2897 864 2938 quasi
886 2895 1062 2938 legionem

191 2953 255 2979 sex
287 2943 424 2977 milium
457 2945 599 2978 circiter
632 2945 819 2979 hominum
848 2947 1060 2989 composuit,

192 2995 285 3028 inter
299 3002 390 3036 quos
406 2995 527 3027 tamen
540 2994 641 3028 multi
658 2997 789 3038 partim
803 2995 961 3036 barbari,
983 3005 1063 3039 par-

191 3045 255 3077 tim
284 3044 391 3077 servi.
433 3044 552 3078 Simile
581 3047 636 3078 est
664 3044 749 3079 illud
772 3045 939 3079 Catilinae
966 3046 1062 3089 apud

191 3093 330 3127 Sallust.
349 3092 450 3126 Catil.
466 3094 526 3126 56:
553 3094 645 3128 brevi
658 3095 766 3136 spatio
780 3096 924 3138 leyiones
938 3095 1061 3138 (duas)

191 3153 330 3177 nmnero
351 3144 522 3177 hominum
543 3145 748 3185 expleverat.
771 3163 808 3168 —
834 3145 876 3177 ab
896 3146 979 3186 ipsis
992 3154 1063 3186 pa-

192 3196 319 3226 rentem
347 3194 517 3235 quondam
546 3193 760 3235 amellatum]
795 3194 847 3227 Cf.
873 3203 904 3227 c.
930 3195 991 3227 56:
1025 3203 1062 3226 eo

193 3252 297 3284 usque
329 3244 554 3285 corruptionis
580 3247 760 3285 provectus
787 3247 835 3276 est
864 3244 994 3286 (Piso),
1024 3247 1064 3276 ut

195 3301 342 3327 sermone
361 3295 456 3336 vulgi
473 3303 599 3335 parens
618 3294 786 3336 leyionwm
807 3294 994 3327 haberetur.
1021 3310 1058 3318 —

196 3342 262 3374 nist
289 3345 438 3385 agrestia
459 3345 544 3385 cet.]
576 3352 723 3386 prorsus
746 3345 784 3376 ut
807 3343 994 3377 Catilinarii
1017 3343 1062 3376 illi

198 3390 336 3433 (ibid.):
360 3393 495 3427 circiter
510 3402 598 3435 pars
619 3397 745 3435 quarta
765 3396 840 3427 erat
860 3393 1064 3427 nulitaribus

196 3440 302 3474 annis
331 3441 519 3483 metuam
552 3444 671 3484 ceteri,
706 3446 745 3476 ut
772 3452 933 3486 quemque
962 3452 1061 3478 casus

1112 2397 1199 2431 locis
1215 2406 1372 2439 pugnare
1388 2397 1546 2439 possent.
1574 2396 1625 2430 Cf.
1644 2397 1677 2437 4,
1695 2396 1753 2429 68;
1775 2397 1891 2437 aequis
1904 2397 1987 2429 locis

1113 2449 1213 2488 aequi
1235 2448 1282 2480 di.

1155 2498 1210 2530 84.
1236 2497 1444 2540 adpugnare]
1464 2497 1615 2539 Perapte
1630 2496 1772 2529 Tacitus
1785 2496 1855 2529 hoc
1869 2495 1983 2529 verbo

1113 2549 1163 2588 ei,
1187 2549 1228 2580 ut
1248 2548 1406 2587 videtur,
1431 2547 1575 2590 proprio
1597 2555 1686 2580 usus
1709 2548 1780 2586 est,
1813 2548 1853 2579 ut
1875 2547 1985 2588 signi-

1111 2597 1237 2631 ficaret
1262 2606 1419 2639 pugnam
1450 2606 1523 2630 non
1554 2604 1683 2638 reapse
1707 2597 1744 2629 et
1765 2597 1858 2629 serio
1881 2604 1984 2629 com-

1111 2648 1259 2681 missam
1282 2647 1347 2680 sed
1371 2646 1577 2689 experiendi
1594 2646 1706 2687 gratia
1720 2646 1902 2679 tentatam.
1929 2646 1981 2679 Cf.

1111 2697 1151 2736 4,
1176 2697 1230 2730 48.
1255 2698 1311 2736 45,
1330 2697 1383 2730 43.
1409 2698 1544 2730 Rirran.
1580 2696 1742 2729 Tentavit
1762 2696 1866 2737 igitur
1887 2696 1980 2735 Piso,

1111 2755 1176 2787 an,
1209 2747 1295 2779 dum
1319 2747 1460 2779 Sentius
1483 2747 1678 2788 occupatus
1707 2746 1804 2778 esset
1825 2746 1861 2777 in
1885 2744 1980 2777 obsi-

1112 2797 1230 2829 dendo
1250 2795 1394 2829 castello
1406 2821 1414 2836 ,
1440 2796 1516 2829 eius
1532 2794 1645 2828 classe
1661 2795 1697 2827 in
1711 2795 1850 2828 ancoris
1866 2795 1983 2828 stante

1111 2847 1214 2890 potiri
1248 2846 1391 2888 posset:
1432 2854 1515 2879 cum
1550 2846 1619 2878 hoc
1651 2854 1723 2878 nou
1755 2845 1980 2887 procederet,

1113 2895 1315 2930 Celendrim
1337 2903 1524 2936 regressus
1546 2896 1619 2934 est,
1644 2894 1691 2928 ad
1712 2903 1822 2936 quam
1846 2895 1879 2927 ei
1904 2893 1983 2926 adi-

1111 2948 1169 2980 tus
1192 2946 1310 2979 adhuc
1331 2945 1495 2987 patebat,
1519 2954 1586 2988 per
1602 2946 1743 2988 portam
1757 2947 1842 2988 puta
1857 2953 1878 2977 a
1893 2945 1983 2977 Sen-

1112 2996 1215 3029 tianis
1245 3003 1409 3027 aversam
1434 2995 1578 3035 (etenim
1600 2994 1727 3028 Strabo
1750 2994 1810 3035 ⁴4,
1834 3003 1870 3036 p.
1895 2993 1979 3026 670:

1111 3042 1328 3090 Κελένδερις
1357 3042 1468 3086 πόλις
1497 3043 1634 3088 λιμένα
1654 3040 1832 3086 ἔχουσα).
1859 3060 1895 3066 -
1913 3051 1982 3083 pro

1113 3093 1232 3135 muris]
1269 3095 1424 3136 «Accipe
1453 3094 1499 3128 de
1527 3095 1654 3128 Pisone
1684 3095 1774 3127 intra
1797 3091 1982 3126 castellum

1112 3146 1194 3177 ante
1225 3152 1367 3185 muros,
1403 3145 1473 3178 hoc
1502 3146 1574 3184 est,
1610 3146 1692 3177 ante
1721 3144 1813 3177 muri
1834 3142 1981 3176 loricam

1114 3192 1180 3235 (vel
1202 3194 1294 3227 inter
1316 3194 1452 3236 pinnas)
1477 3195 1524 3228 ita
1547 3195 1697 3233 astante,
1722 3194 1759 3225 ut
1780 3201 1890 3234 super
1904 3201 1984 3225 mu-

1111 3252 1172 3277 ros
1194 3245 1357 3278 eminens
1387 3254 1469 3278 cum
1492 3244 1704 3278 adversariis
1726 3241 1880 3283 colloqui
1900 3251 1982 3284 pos-

1112 3295 1187 3335 set,
1210 3296 1251 3327 ut
1272 3295 1359 3328 Hist.
1377 3295 1410 3335 3,
1428 3296 1464 3328 34
1480 3304 1488 3327 t
1514 3295 1701 3328 velamenta
1721 3296 1755 3325 et
1773 3292 1901 3334 infulas
1915 3302 1982 3334 pro

1111 3345 1217 3377 muris
1243 3348 1427 3378 ostentant:
1459 3344 1537 3378 coll.
1568 3346 1658 3377 Ann.
1682 3344 1721 3384 2,
1747 3343 1801 3376 43.
1836 3341 1902 3375 Alii
1923 3343 1982 3376 Pi-

1111 3403 1236 3428 sonem
1260 3398 1360 3429 extra
1383 3395 1567 3429 castellum
1590 3402 1820 3436 progressum
1841 3395 1980 3436 putant,

1111 3443 1189 3479 coll.
1207 3445 1249 3480 ⁴4
1261 3471 1269 3486 ,
1285 3446 1348 3479 25:
1367 3446 1535 3487 proelium
1551 3452 1618 3486 pro
1637 3444 1745 3478 muris
1764 3443 1841 3478 auri
1862 3447 1978 3484 oraim·
