2254 3770
780 273 936 319 LmER
962 273 1030 318 xl.
1076 272 1177 331 Cap.
1206 273 1274 319 22.
1306 273 1374 318 23.

1891 269 1975 314 329

195 386 358 430 Potitus
395 389 437 428 et
475 381 677 427 Aemilius
713 382 967 433 Mamercus,
1008 379 1275 437 sexagesimo
1305 379 1428 423 tertio
1457 393 1570 424 anno
1597 383 1696 437 post
1724 375 1974 435 Tarquinios

196 466 386 511 exactos,
424 464 471 502 ut
507 471 599 501 rem
629 456 852 500 militarem
882 455 1197 500 comitarentur.
1244 455 1340 499 dein
1373 453 1649 512 gliscentibus
1678 453 1858 510 negotiis
1888 451 1975 495 duo

194 535 345 587 additi,
383 534 457 593 qui
487 534 645 577 Romae
675 538 887 576 curarent.
933 545 1033 575 mox
1060 529 1300 588 duplicatus
1330 544 1552 583 numerus,
1588 529 1864 588 stipendiaria
1891 529 1976 573 iam

194 610 312 655 Italia
340 615 383 654 et
412 608 718 653 accedentibus
747 606 1063 666 provinciarum
1092 605 1385 662 vectigalibus.
1423 612 1522 665 post
1551 605 1646 664 lege
1667 604 1810 649 Sullae
1829 605 1975 663 viginti

195 685 325 731 creati
355 683 596 743 supplendo
626 683 811 734 senatui,
856 683 923 726 cui
964 681 1119 726 iudicia
1158 680 1402 725 tradiderat.
1446 689 1489 726 et
1517 695 1781 740 quamquam·
1807 681 2008 739 equites5

193 760 351 805 iudicia
389 759 763 818 reciperavissent‚
805 763 1039 816 quaestura
1067 763 1208 801 tamen
1239 771 1292 801 ex
1321 757 1522 815 dignitate
1553 756 1873 801 candidatorum
1905 762 1977 800 aut

193 836 389 880 facilitate
420 834 694 879 tribuentium
724 833 906 892 gratuito
937 832 1274 884 concedebatur,
1315 832 1455 877 donec
1492 833 1700 877 sententia
1729 831 1976 876 Dolabellae

193 911 311 957 velut
339 909 670 955 venundaretur.

306 987 387 1044 (23)
425 987 471 1029 Α.
503 984 666 1030 vitellio
695 985 739 1028 L.
770 984 970 1042 Vipstano
1010 987 1097 1028 cos.
1132 997 1232 1028 cum
1261 983 1315 1027 de
1346 983 1585 1042 supplendo
1615 990 1766 1028 senatu
1797 983 1979 1041 agitare-

193 1070 280 1115 tur,
310 1063 609 1120 primoresque
641 1059 821 1111 Galliae,
853 1073 966 1118 quae
997 1066 1164 1104 comata
1193 1059 1452 1118 appellatur,
1491 1058 1667 1103 foedera
1695 1065 1739 1103 et
1767 1059 1978 1104 civitatem
1992 1065 2030 1099 ⁴0

193 1140 424 1183 Romanam
455 1136 622 1195 pridem
652 1135 855 1187 assecuti,
888 1135 954 1179 ius
984 1135 1362 1193 adipiscendorum
1396 1135 1438 1178 in
1468 1135 1576 1179 urbe
1606 1134 1817 1178 honorum
1849 1148 1980 1193 expe-

191 1220 348 1263 terent,
395 1212 552 1256 multus
592 1225 645 1255 ea
680 1225 811 1270 super
851 1225 899 1255 re
930 1211 1163 1269 variusque
1193 1224 1350 1254 rumor.
1396 1217 1439 1254 et
1469 1210 1622 1254 studiis
1651 1210 1834 1254 diversis
1864 1210 1978 1268 apud

192 1289 431 1348 principem
461 1286 725 1338 certabatur,
769 1286 1107 1330 asseverantium
1135 1300 1221 1330 non
1250 1286 1360 1330 adeo
1389 1300 1560 1344 aegram
1590 1285 1751 1330 Italiam
1778 1292 1825 1329 ut
1853 1299 1979 1329 sena-

192 1372 282 1409 tum
319 1363 595 1422 suppeditare
635 1362 731 1406 urbi
763 1376 868 1406 suae
899 1362 1109 1420 nequiret.
1163 1361 1386 1406 suffecisse
1417 1361 1518 1405 olim
1547 1361 1768 1420 indigenas
1799 1375 1979 1405 consan-

193 1440 360 1499 guineis
389 1438 580 1498 populis,
613 1451 694 1482 nec
716 1438 936 1496 paenitere
955 1437 1112 1481 veteris
1133 1438 1194 1481 rei
1215 1437 1424 1495 publicae.
1468 1437 1571 1496 quin
1592 1436 1732 1481 adhuc
1751 1437 1976 1481 memorari
1992 1443 2028 1475 ⁴5

193 1514 388 1573 exempla
422 1528 534 1573 quae
574 1514 727 1572 priscis
764 1513 957 1557 moribus
997 1513 1051 1556 ad
1081 1514 1278 1556 virtutem
1309 1520 1350 1556 et
1389 1512 1567 1570 gloriam
1596 1515 1785 1557 Romana
1814 1512 1979 1556 indoles

192 1591 439 1650 prodiderit.
486 1604 538 1634 an
575 1603 728 1649 parum
765 1588 881 1648 quod
913 1588 1058 1633 Veneti
1099 1594 1142 1632 et
1178 1588 1382 1633 Insubres
1414 1588 1577 1633 curiam
1606 1588 1859 1647 inruperint,
1898 1588 1979 1633 nisi

259 1751 290 1783 l.
315 1749 440 1783 Potitus
461 1749 614 1791 Lipsius:
642 1751 741 1789 potus
761 1749 795 1782 M
822 1766 856 1772 -
887 1748 1092 1791 seaeaqesimo
1115 1747 1211 1780 tertio
1234 1748 1288 1781 M:
1322 1747 1419 1780 tertio
1441 1750 1473 1780 et
1494 1747 1699 1789 seoeaqesimo
1722 1747 1912 1780 Bekkerus.
1939 1765 1976 1771 -

192 1806 320 1848 bsleqo
342 1807 386 1839 G:
420 1803 490 1848 leq&
514 1806 547 1839 M
581 1823 617 1829 -
653 1805 769 1837 suillae
791 1805 824 1839 M
858 1822 894 1828 —
932 1805 964 1837 6.
989 1805 1268 1845 receperauissent
1299 1813 1350 1846 pr.
1377 1805 1427 1843 M;
1459 1804 1742 1844 recvperauissent
1763 1812 1855 1836 corr.
1880 1803 1914 1837 M
1938 1820 1973 1826 —

193 1863 226 1895 9.
254 1863 409 1903 Vipstano
432 1863 606 1904 Rupertus
631 1863 743 1904 (epist.
769 1861 811 1896 48
835 1861 880 1894 ad
903 1861 1131 1903 Reinesium):
1157 1862 1300 1902 uipsana
1322 1862 1355 1895 M
1381 1879 1417 1885 —
1453 1862 1506 1894 42.
1530 1870 1587 1894 eas
1607 1870 1661 1903 pr.
1680 1862 1731 1901 M,
1762 1862 1802 1894 ut
1823 1860 1975 1893 videtur.

193 1920 294 1952 Nunc
316 1918 430 1952 littera
454 1919 555 1952 tertia
579 1928 680 1953 erasa
701 1920 766 1952 est.
788 1936 823 1943 -
843 1919 896 1952 43.
922 1927 1061 1961 aeqram
1083 1919 1136 1952 M:
1160 1927 1297 1961 egenam
1313 1917 1570 1960 Oelschlaeger.
1598 1935 1634 1941 -
1661 1917 1714 1951 44.
1739 1916 1979 1959 consanquines

191 1975 226 2008 M
252 1993 288 1999 -
315 1976 370 2009 ⁴5.
391 1975 538 2016 penitere
558 1976 603 2008 M.

192 2113 290 2147 storii
312 2112 445 2146 fiebant
460 2114 654 2146 senatores.
676 2131 710 2137 —
735 2113 897 2155 facilitate
919 2114 1061 2146 tribuen-

192 2162 286 2205 tium]
309 2162 420 2196 libera
443 2172 482 2196 re
505 2163 645 2205 publica
669 2164 893 2196 comitiorum
918 2164 1063 2197 tributo-

193 2222 272 2245 rum
293 2213 376 2255 (Cic.
395 2213 439 2245 ad
456 2214 550 2246 Fam.
570 2214 602 2254 7,
621 2213 690 2255 30),
716 2215 838 2256 postea
863 2215 1061 2256 principum

193 2264 313 2305 specie
343 2265 497 2296 senatus.
534 2265 606 2296 lam
627 2264 662 2296 in
686 2263 873 2297 tribuendo
896 2273 1062 2306 praeser-

193 2313 256 2345 tim
289 2313 358 2345 hoc
391 2313 554 2345 inferiore
584 2314 788 2355 magistratu
817 2323 887 2347 uon
918 2323 1062 2356 semper

193 2361 267 2395 sola
290 2362 440 2403 dignitas
463 2363 708 2405 spectabatur,
738 2363 802 2396 sed
826 2363 974 2397 multum
997 2374 1062 2396 va-

192 2412 289 2445 lebat
312 2414 417 2446 etiam
441 2413 559 2455 populi
580 2413 634 2446 vel
658 2415 826 2456 principis
850 2415 884 2447 in
908 2413 1061 2456 singulos

192 2462 302 2495 favor.
334 2480 370 2486 —
401 2463 568 2505 gratuito]
604 2464 651 2495 ita
685 2465 723 2496 ut
756 2466 945 2506 propterea
978 2463 1062 2496 nulli

194 2513 356 2554 sumptus
379 2514 430 2545 eis
452 2513 732 2554 imponerentur.

235 2562 290 2595 23.
314 2562 353 2595 A.
382 2562 515 2604 Vitellio]
541 2564 577 2596 L.
604 2563 627 2595 f.
651 2566 688 2597 P.
708 2573 743 2596 u.
770 2564 828 2605 qui
852 2566 976 2606 postea
999 2565 1063 2597 im-

194 2613 337 2655 perator
359 2611 471 2645 factus
488 2614 553 2645 est.
574 2630 610 2636 —
629 2613 666 2646 L.
689 2614 855 2655 Vipstano]
873 2613 1060 2647 Publicola.

197 2681 234 2688 -
256 2663 297 2695 ae
318 2663 496 2704 supplendo
518 2663 653 2705 senatu]
686 2663 888 2696 Pertinebat
918 2665 986 2697 hoc
1017 2664 1063 2697 ad

195 2721 368 2745 censurae
392 2721 560 2752 munera,
587 2721 694 2754 quam
716 2712 880 2747 Claudius
904 2723 947 2747 eo
970 2716 1062 2747 tem-

194 2771 281 2805 pore
309 2762 474 2804 singulari
498 2763 613 2796 studio
636 2765 756 2804 gessit.
785 2765 858 2797 lam
881 2773 962 2797 cum
987 2767 1062 2798 eius

194 2813 227 2845 in
251 2814 376 2845 senatu
398 2811 548 2854 legendo
574 2814 762 2846 severitate
788 2814 835 2854 (c.
861 2815 918 2854 25)
942 2813 1062 2856 plures

195 2865 321 2895 senatu
351 2863 437 2894 moti
461 2864 597 2901 essent,
629 2864 826 2904 primorum
850 2863 976 2896 Galliae
1001 2873 1063 2896 co-

194 2914 311 2944 matae
336 2912 450 2944 studia
467 2912 726 2953 excitabantur,
753 2914 813 2954 qui
828 2914 920 2946 hanc
936 2923 1063 2956 oppor-

195 2963 382 2995 tunitatem
405 2971 536 2996 vacuas
560 2964 595 2996 in
620 2965 714 2996 curia
738 2964 843 2998 sedes
867 2965 1063 3006 occupandi

196 3012 323 3054 cupide
339 3013 546 3053 arriperent.
563 3014 659 3045 Zau..
681 3031 715 3037 -
736 3015 964 3054 primoresque
980 3015 1063 3047 Gal-

195 3063 270 3105 liae]
295 3071 338 3095 ex
362 3063 503 3104 antiqua
526 3062 703 3096 Gallorum
725 3063 926 3104 nobilitate,
953 3073 1062 3106 penes

195 3120 285 3154 quos
301 3112 407 3144 etiam
424 3114 508 3144 tunc
523 3112 739 3153 singularum
755 3114 935 3146 civitatum
952 3115 1063 3155 magi—

195 3165 325 3204 stratus
348 3163 459 3194 erant.
494 3162 533 3194 Hi
557 3162 622 3195 sibi
640 3161 722 3195 solis
735 3188 742 3202 ,
767 3171 838 3195 non
855 3164 982 3195 ceteris
997 3172 1063 3205 po-

194 3212 374 3254 pularibus
399 3213 557 3244 tenuiore
581 3211 658 3244 loco
682 3214 783 3250 ortis,
811 3214 863 3245 ius
887 3213 1061 3246 honorum

194 3262 375 3304 petebant.
403 3280 439 3285 —
465 3261 612 3303 comata]
641 3261 886 3303 Transalpina,
921 3265 1062 3304 praeter

1111 2114 1279 2146 Comatae
1297 2111 1423 2145 Galliae
1439 2110 1664 2154 primoribus,
1691 2110 1755 2144 sed
1771 2111 1887 2144 adhuc
1903 2111 1978 2144 sine

1110 2163 1275 2204 suffragio
1305 2165 1340 2195 et
1376 2162 1451 2194 iure
1492 2162 1684 2199 bonorum,
1729 2161 1773 2194 ab
1803 2163 1977 2202 Augusto,

1111 2222 1193 2246 cum
1222 2213 1365 2246 Galliam
1395 2214 1601 2254 peragraret
1632 2211 1695 2253 (cf.
1722 2212 1864 2244 Sueton.
1890 2214 1976 2252 Aug.

1111 2264 1163 2297 47.
1190 2264 1253 2296 Dio
1277 2263 1330 2301 54,
1356 2263 1428 2302 25),
1454 2261 1646 2302 nonnullis,
1679 2263 1739 2303 qui
1762 2261 1806 2294 de
1836 2262 1978 2294 nomine

1112 2315 1240 2346 Romae
1261 2312 1355 2345 bene
1372 2313 1473 2344 erant
1495 2312 1624 2351 meriti,
1650 2312 1720 2344 iam
1735 2314 1816 2344 aute
1832 2311 1877 2344 ab
1894 2310 1978 2343 Iulio

1111 2364 1230 2396 civitas
1254 2364 1335 2396 data
1366 2363 1438 2402 est,
1472 2371 1541 2394 non
1573 2371 1658 2395 vero
1687 2363 1859 2395 universis
1890 2361 1979 2395 illius

1111 2414 1223 2455 gentis
1247 2413 1395 2455 oppidis.
1426 2431 1460 2436 —
1493 2412 1653 2454 suffecisse
1680 2413 1758 2444 olim
1785 2413 1867 2452 cet]
1895 2413 1980 2445 Sen-
2002 2426 2005 2429 ·

1111 2465 1217 2497 tentia
1253 2465 1328 2496 est:
1365 2463 1528 2504 suffecisse
1558 2462 1636 2494 olim
1665 2470 1715 2495 sc.
1749 2463 1886 2495 senatui
1916 2471 1979 2495 ex-

1112 2513 1241 2556 plendo
1263 2514 1450 2554 indiyenas,
1475 2513 1511 2544 h.
1532 2521 1563 2544 e.
1588 2513 1763 2545 Romanos
1780 2514 1897 2551 natos,
1915 2513 1980 2544 Ro-

1111 2571 1236 2596 manos
1266 2564 1418 2603 origine,
1454 2563 1706 2603 consanguineis
1731 2562 1862 2603 populis
1882 2562 1918 2594 h.
1945 2571 1975 2594 e.

1111 2613 1267 2656 populis,
1293 2614 1353 2654 qui
1378 2612 1539 2646 eiusdem
1559 2621 1640 2645 cum
1658 2611 1821 2645 Romanis
1837 2613 1979 2653 sangui-

1112 2664 1184 2702 nis,
1217 2663 1360 2704 0riginis
1389 2664 1518 2695 essent.
1564 2662 1605 2694 Hi
1629 2665 1854 2704 opponuntur
1877 2661 1978 2694 Gallis

1112 2715 1279 2746 externae
1303 2714 1455 2754 originis.
1482 2714 1556 2745 Hoc
1578 2712 1645 2744 sibi
1661 2711 1797 2745 volunt:
1826 2713 1880 2744 «Si
1896 2711 1978 2744 olim

1111 2764 1295 2805 indigenae
1325 2763 1370 2796 ad
1400 2764 1561 2796 senatum
1590 2761 1841 2804 complendum
1870 2761 1979 2795 suffe-

1112 2815 1253 2852 cerunt,
1288 2814 1327 2845 ut
1358 2821 1400 2844 eo
1430 2811 1553 2845 ordine
1578 2811 1849 2845 excluderentur
1871 2812 1978 2844 Latini

1111 2865 1268 2904 sociique
1298 2861 1420 2901 italici,
1454 2870 1672 2903 quamquam
1705 2862 1869 2895 Romanis
1892 2870 1980 2893 con-

1112 2913 1311 2954 sanguinei,
1342 2912 1520 2954 quomodo
1551 2913 1633 2945 terri
1655 2913 1782 2954 poterit
1805 2913 1865 2944 aut
1887 2920 1978 2953 quae

1112 2963 1255 2996 tandem
1273 2962 1464 2995 necessitas
1485 2962 1568 3001 erit,
1592 2964 1631 2994 ut
1646 2962 1751 2995 hodie
1768 2961 1866 3000 Galli,
1892 2969 1979 3001 gens

1113 3015 1275 3050 externa,
1312 3012 1573 3053 recipiantur‘in
1619 3013 1750 3044 Lucem
1788 3011 1868 3043 huic
1901 3009 1978 3042 loco

1112 3061 1298 3094 affundunt
1329 3061 1438 3094 verba
1474 3070 1505 3094 c.
1530 3061 1593 3094 24:
1626 3061 1730 3102 plebei
1761 3062 1980 3102 magistratus

1109 3115 1182 3152 post
1201 3111 1381 3151 patriam,
1407 3112 1517 3143 Latini
1532 3114 1605 3151 post
1617 3110 1769 3151 plebeios,
1795 3113 1979 3142 ceterarum

1110 3161 1230 3193 Italiae
1251 3162 1396 3202 pontium
1410 3164 1484 3201 post
1499 3162 1644 3193 Latinos.
1665 3161 1845 3192 WALTHER.
1867 3177 1900 3182 —
1923 3160 1979 3192 Ve-

1111 3211 1176 3243 neti
1200 3214 1230 3243 el
1250 3210 1401 3243 Insubres
1423 3211 1552 3243 curiam
1575 3209 1774 3250 inruperinl]
1803 3209 1979 3251 Transpa-

1112 3260 1210 3293 danis
1234 3261 1268 3292 iu
1292 3262 1469 3293 civ1tatem
1495 3261 1646 3301 receptis
1671 3260 1716 3300 (p.
1736 3259 1811 3298 330,
1830 3258 1894 3300 ⁴7).
1924 3259 1975 3292 Cf.

195 3311 481 3352 Narbonensem,
499 3312 572 3345 sive
590 3311 775 3351 bracatam,
794 3311 839 3344 de
857 3320 924 3352 qua
941 3311 985 3344 cf.
1004 3312 1057 3352 42,
1112 3311 1174 3343 Dio
1197 3310 1251 3349 4⁴,
1278 3311 1338 3344 36:
1365 3312 1430 3344 καὶ
1452 3314 1534 3351 τοῖς
1556 3306 1744 3350 Γαλάταις
1767 3313 1848 3350 τοῖς
1869 3308 1977 3351 ἐντὸς

196 3359 250 3392 23.
279 3378 313 3384 -
341 3362 493 3404 foedera]
529 3361 643 3403 qualia
678 3363 922 3394 memorantur
954 3362 1059 3394 etiam
1109 3358 1185 3393 τῶν
1207 3357 1370 3394 Ἄλπεων
1398 3357 1491 3406 ὑπὲρ
1514 3357 1582 3392 τὸν
1601 3355 1800 3405 Ἠριδανὸν
1823 3358 1976 3392 οἰκοῦσι

198 3409 284 3442 Hist.
302 3409 338 3451 4,
364 3411 417 3444 67.
445 3428 481 3435 —
505 3412 672 3445 civitatem
693 3412 731 3444 R.
751 3412 883 3452 pridem
905 3410 1058 3454 assecuti]
1110 3407 1180 3455 τὴν
1202 3410 1393 3446 πολιτείαν
1416 3406 1484 3445 ἅτε
1506 3411 1572 3443 καὶ
1593 3405 1713 3457 ἄρξας
1735 3405 1862 3444 aaz&
1884 3407 1977 3445 ἀπέ-
