2254 3770
748 260 793 304 P.
825 232 1075 306 conNELn
1105 259 1275 304 TAcm
1301 242 1581 304 ANNALIUM'

273 365 467 418 dactum3
507 371 726 424 postremo
765 366 894 409 vetita
930 379 1121 410 versura.
1165 365 1396 424 multisque
1437 364 1576 423 plebis
1610 364 1726 409 scitis
1755 363 1924 408 obviam
1955 363 2059 407 itum

273 440 515 493 fraudibu5‚
556 455 668 500 quae
705 441 858 485 totiens
898 455 1123 499 repressae
1163 442 1292 485 miras
1330 454 1410 499 per
1447 447 1561 484 artes
1599 453 1771 484 rursum
1799 438 2058 483 oriebantur.

274 514 353 560 sed
382 521 470 559 tum
502 516 719 561 Gracchus
748 522 938 574 praetor,
980 517 1049 561 cui
1080 531 1132 560 ea
1161 516 1357 575 quaestio
1387 522 1610 566 evenerat,
1652 515 1918 559 multitudine
1946 514 2059 572 peri-

275 590 506 635 clitantium
545 591 749 636 subactus
787 591 946 636 rettulit
974 592 1028 636 ad
1059 598 1274 644 senatum;
1316 590 1559 649 trepidique
1589 597 1732 649 patres
1763 590 1918 648 (neque
1947 590 2060 633 enim

243 666 507 725 aquisquam
535 666 605 710 tali
636 666 762 725 culpa
793 668 967 724 vacuus)
999 668 1166 711 veniam
1199 681 1224 710 a
1253 667 1447 725 principe
1476 666 1685 724 petivere,
1727 672 1769 710 et
1798 664 2062 710 concedente

228 775 231 779 .
274 755 410 786 annus
441 742 483 785 in
514 749 735 800 posterum
765 756 929 801 sexque
959 757 1130 787 menses
1161 742 1268 791 dati,
1308 742 1406 800 quis
1444 741 1683 786 secundum
1710 741 1829 785 iussa
1856 740 1963 798 legis
1993 753 2063 783 ra-

275 817 412 860 tiones
450 817 666 861 familiaris
705 818 890 876 quisque
921 824 1237 877 componerent.
1281 817 1362 874 (47)
1393 817 1491 861 hinc
1521 818 1663 875 inopia
1693 817 1753 860 rei
1785 816 2059 866 nummariae,

275 900 486 937 commoto
517 893 642 936 simul
672 894 862 938 omnium
891 908 991 938 aere
1021 894 1181 943 alieno,
1213 900 1255 937 et
1284 894 1384 952 quia
1414 899 1475 937 tot
1503 893 1712 937 damnatis
1742 891 1955 950 bonisque
1987 904 2062 936 eo-

275 982 369 1012 rum
400 968 627 1012 divenditis
657 970 867 1026 signatum
898 976 1118 1027 argentum
1150 969 1254 1013 fisco
1285 968 1351 1012 vel
1380 969 1546 1013 aerario
1577 968 1845 1012 attinebatur.
1895 967 1948 1010 ad
1979 966 2062 1011 boc

225 1059 262 1089 ω
275 1051 449 1088 senatus
478 1045 833 1102 praescripserat,
867 1045 975 1088 duas
1004 1045 1189 1103 quisque
1221 1044 1406 1088 faenoris
1435 1051 1578 1102 partes
1607 1044 1649 1087 in
1669 1043 1782 1102 agris
1803 1057 1881 1101 per
1900 1042 2062 1087 Italiam

274 1118 530 1164 conlocaret.
574 1119 652 1164 sed
682 1120 919 1164 creditores
949 1121 992 1163 in
1021 1120 1207 1164 solidum
1236 1120 1529 1178 appellabant3
1570 1134 1651 1164 nec
1679 1119 1883 1164 decorum
1915 1118 2063 1177 appel-

274 1195 368 1239 latis
398 1195 591 1258 minuere
620 1195 764 1239 fidem.
796 1197 851 1239 ita
881 1196 1019 1254 primo
1042 1197 1311 1240 concursatio
1333 1202 1375 1239 et
1399 1210 1571 1254 preces;
1603 1195 1702 1239 dein
1723 1202 1916 1253 strepere
1937 1209 2064 1253 prae-

275 1271 378 1314 toris
410 1270 616 1324 tribunal;
648 1285 787 1330 eaque
816 1285 929 1330 quae
960 1271 1152 1315 remedio
1173 1272 1385 1330 quaesita,
1417 1271 1605 1315 venditio
1626 1278 1670 1315 et
1689 1271 1868 1329 emptio,
1899 1271 1942 1314 in
1962 1284 2065 1315 con-

275 1346 452 1390 trarium
494 1348 670 1397 mutari,
719 1348 820 1406 quia
863 1347 1153 1391 faeneratores
1191 1361 1362 1391 omnem
1405 1348 1632 1405 pecuniam
1668 1345 1912 1390 mercandis
1950 1346 2064 1404 agris

225 1437 261 1467 ⁴5
275 1421 567 1469 condiderant.
623 1423 795 1481 vcopiam
833 1422 1049 1467 vendendi
1087 1429 1235 1467 secuta
1270 1422 1448 1472 vilitate,
1492 1429 1651 1481 quanto
1682 1422 1779 1481 quis
1808 1422 2062 1473 obaeratior,

275 1497 446 1555 aegrius
476 1497 783 1549 distrahebant,
815 1498 1023 1557 multique
1051 1498 1228 1542 fortunis
1258 1498 1639 1556 provolvebantur3
1671 1498 1838 1542 eversio
1860 1498 1922 1542 rei
1944 1497 2065 1542 fami-

273 1572 390 1617 liaris
435 1572 681 1631 dignitatem
725 1588 776 1618 ac
819 1574 975 1618 famam
1017 1587 1227 1632 praeceps
1266 1574 1411 1624 dabat,
1459 1573 1598 1618 donec
1626 1573 1718 1617 tulit
1747 1587 1873 1631 opem
1905 1573 2065 1618 Caesar

274 1648 480 1706 disposito
512 1663 589 1707 per
620 1663 790 1693 mensas
821 1649 958 1693 milies
988 1650 1185 1693 sestertio
1206 1649 1402 1708 factaque
1423 1649 1643 1693 mutuandi
1663 1649 1787 1707 copia
1807 1649 1899 1693 sine
1919 1649 2063 1692 usuris

274 1738 353 1782 per
383 1725 627 1775 triennium,
661 1725 696 1768 si
727 1725 896 1769 debitor
925 1725 1085 1783 populo
1117 1725 1159 1767 in
1189 1724 1365 1783 duplum
1387 1725 1575 1783 praediis
1596 1725 1792 1769 cavisset.
1823 1724 1886 1769 sic
1905 1724 2064 1768 refecta

273 259 355 303 282

341 1866 370 1898 4.
395 1862 534 1897 redacta
566 1864 710 1906 (faenus)
743 1864 900 1898 Halmius
932 1864 1021 1907 (coll.
1048 1866 1120 1898 Liv.
1146 1866 1178 1905 7,
1204 1866 1257 1905 27,
1284 1864 1335 1907 3):
1367 1866 1505 1898 redacta
1527 1866 1579 1904 M;
1611 1865 1750 1897 redacta
1771 1862 1887 1906 vulgo.
1915 1881 1951 1887 ——
1977 1864 2009 1897 5.
2034 1866 2066 1896 et

274 1922 326 1954 M:
351 1931 388 1954 eo
412 1922 574 1955 Pichena.
595 1939 630 1944 —
658 1922 689 1954 6.
715 1923 771 1963 qui
794 1923 827 1955 M
853 1940 888 1946 -—
915 1923 946 1954 7.
970 1923 1153 1965 familiams
1173 1923 1295 1965 (littera
1314 1924 1440 1955 interr
1456 1923 1520 1955 ets
1537 1921 1649 1963 erasa)
1667 1923 1718 1960 M;
1742 1921 1927 1963 familiares
1941 1921 2063 1954 ceteri.

274 1996 309 2001 -
339 1978 371 2011 9.
398 1979 578 2012 deuenditis
600 1980 633 2013 M
658 1996 693 2002 —
721 1980 774 2012 ⁴6.
799 1980 953 2021 fortunus
975 1981 1008 2013 M
1029 1998 1062 2002 —-
1091 1980 1142 2013 ⁴7.
1166 1980 1295 2022 famam
1317 1980 1352 2012 in
1368 1988 1530 2021 praeceps
1551 1979 1724 2018 Muretus3
1751 1977 1816 2011 sed
1831 1977 1874 2011 cs.
1892 1975 1930 2016 4,
1949 1977 2004 2011 62.

271 2099 320 2131 ita
353 2102 390 2131 ut
424 2102 549 2139 quarta
579 2108 740 2140 praesens
770 2103 868 2140 esset,
904 2101 1023 2133 solutio
1057 2101 1145 2133 aeris

272 2149 374 2181 alieni
390 2149 579 2190 dispensata
592 2153 650 2182 est.
672 2168 707 2173 —
734 2150 837 2182 vetita
851 2150 1003 2192 versura]
1028 2151 1143 2183 Livius

272 2200 305 2239 7,
330 2199 371 2232 42
397 2200 453 2242 (ad
477 2209 508 2232 a.
536 2209 570 2231 u.
592 2199 685 2241 4⁴2):
717 2201 849 2233 invenio
872 2202 963 2242 apud
985 2202 1144 2242 quosdam

271 2250 309 2282 L.
329 2249 513 2282 Genucium
535 2249 705 2282 tribunum
723 2251 770 2291 pl.
790 2251 900 2283 tulisse
920 2252 965 2283 ad
985 2252 1144 2292 populum

272 2309 313 2333 ne
326 2300 479 2341 fenerare
493 2300 615 2333 liceret.
643 2300 693 2332 Cf.
711 2302 906 2342 Appianum
923 2302 960 2334 B.
980 2302 1017 2334 C.
1038 2303 1068 2339 ⁴,
1087 2301 1140 2334 54:

272 2347 409 2392 Νόμου
438 2347 541 2391 τινὸς
572 2349 736 2383 παλαιοῦ
765 2348 1056 2397 διαγορεύοντος
1086 2347 1143 2394 μή

272 2398 451 2442 δανείζειν
485 2400 544 2433 ἐπὶ
575 2399 706 2442 τόκοις
735 2397 764 2444 ἧ
791 2403 929 2445 ζημίαν
951 2399 1019 2434 τὸν
1042 2397 1143 2434 οὕτω

273 2450 503 2484 δανείσαντα
525 2450 772 2497 προσοφλεῖν.
793 2470 827 2474 -
849 2453 1023 2492 multisque
1041 2452 1146 2493 plebis

273 2503 363 2534 scitis
378 2501 459 2543 cet.]
485 2502 534 2534 De
552 2501 679 2534 talibus
696 2502 777 2535 nihil
794 2502 887 2544 apud
908 2503 1053 2542 Livium,
1078 2503 1143 2535 sed

273 2550 458 2592 aliquoties
483 2552 530 2592 (7,
556 2552 610 2584 28.
639 2553 690 2591 ⁴0,
717 2553 770 2584 23.
796 2553 850 2591 35,
876 2552 934 2590 44)
970 2555 1144 2585 memorat

272 2601 398 2634 iudicia
417 2601 534 2641 populi
557 2602 591 2633 in
613 2602 816 2643 feneratores
834 2603 941 2634 multa
956 2611 1066 2635 severe
1087 2603 1144 2644 fa-

272 2654 339 2692 cta,
364 2652 594 2684 accusantibus
612 2654 766 2693 privatos
785 2653 946 2685 aedilibus
961 2654 1140 2686 curulibus.

276 2721 312 2726 —
339 2702 519 2744 Gracchus]
545 2703 595 2736 Cf.
623 2703 654 2742 4,
683 2704 734 2736 43.
760 2705 791 2743 6,
818 2704 871 2736 38.

318 2753 370 2785 47.
396 2753 471 2784 hinc
499 2753 614 2794 inopia
636 2754 687 2786 rei
708 2755 918 2787 nummariae
942 2754 1023 2796 cet]
1055 2755 1143 2787 Sue-

273 2805 390 2837 tonius
412 2803 486 2836 Tib.
513 2803 571 2837 48:
609 2805 741 2837 Publice
765 2806 1024 2847 munificentiam
1046 2806 1143 2838 exhi-

273 2853 343 2886 buil
365 2853 550 2894 (Tiberius)
573 2856 742 2895 proposito
763 2856 870 2887 milies
892 2857 1037 2888 sestertio
1060 2864 1144 2897 yra-

273 2906 356 2938 tuito
379 2906 414 2937 in
437 2905 571 2937 triennii
595 2909 730 2946 tempu&
746 2924 763 2930 -
776 2925 794 2931 -
811 2907 899 2946 quod
913 2916 1039 2948 mayna
1055 2906 1145 2947 diffi-

273 2956 396 2988 cultata
417 2956 612 2988 nummaria
636 2956 758 2996 populo
781 2957 950 2988 auxilium
969 2956 1145 2998 slaqitante

273 3010 407 3039 coactus
429 3009 476 3038 est
496 3005 624 3047 facere,
648 3014 724 3037 cum
737 3014 798 3046 per
812 3010 945 3038 senatus
960 3007 1145 3039 consultum

273 3057 452 3096 sanxisset,
477 3059 515 3088 ut
535 3055 736 3096 feneratores
752 3056 836 3087 duas
849 3057 1045 3096 patrimonii
1058 3065 1144 3096 par-

274 3110 319 3140 tes
340 3108 376 3139 in
397 3106 465 3139 solo
482 3106 698 3145 collocarent,
724 3106 883 3138 debitores
905 3107 1038 3138 totidem
1058 3107 1146 3138 aeris

274 3157 376 3189 alieni
390 3157 502 3188 statim
517 3156 696 3194 solverent,
721 3164 780 3187 nec
794 3164 846 3187 res
861 3157 1084 3196 expediretur.
1105 3173 1140 3179 -

274 3209 502 3238 commoto--
524 3205 650 3247 alieno]
686 3204 771 3237 dum
806 3205 959 3237 creditor
993 3206 1143 3247 quisque

277 3258 463 3297 pecuniam
489 3255 658 3288 creditam
675 3256 802 3297 repetit
819 3255 947 3287 eodem
964 3257 1141 3297 tempore:

276 3306 320 3337 da
353 3307 418 3347 auf
445 3306 567 3338 einmal
593 3306 685 3338 Allen
714 3305 767 3337 ihr
796 3305 945 3337 Darlehn
967 3306 1145 3347 yekundiyt

275 3356 402 3388 warde.
427 3356 616 3388 Bo'tticher.
645 3374 680 3379 —
706 3355 751 3387 ad
772 3354 842 3396 hoc]
872 3356 911 3386 ut
934 3355 1070 3396 inopiae
1096 3357 1145 3387 rei

278 3407 498 3439 nummariae
523 3405 747 3446 mederetur,
771 3404 998 3447 impediendo
1021 3413 1066 3438 ne
1084 3414 1147 3437 nu-

1194 2102 1371 2133 meratum
1402 2099 1438 2132 in
1468 2099 1559 2131 arcis
1582 2098 1822 2131 feneratorum
1846 2098 2060 2131 remaneret.

1195 2167 1230 2173 —-
1250 2151 1335 2182 duas
1349 2151 1486 2191 quisque
1507 2149 1654 2189 faenoris
1673 2147 1798 2189 partes]
1823 2147 1952 2180 Faenus
1967 2146 2062 2189 apud

1193 2201 1350 2233 Tacitum
1375 2202 1443 2239 est,
1471 2199 1565 2242 quod
1590 2208 1655 2232 nos
1679 2198 1829 2231 dicimus
1850 2198 2064 2238 Kapitalver-

1191 2255 1325 2294 moyen,
1345 2253 1457 2284 totum
1474 2250 1722 2293 patrimonium
1742 2250 1922 2291 (exceptis,
1945 2250 1983 2282 ut
1998 2257 2064 2291 per

1193 2311 1231 2336 se
1255 2301 1472 2343 intelligitur,
1497 2300 1629 2342 fundis)
1655 2299 1721 2333 sub
1746 2299 1868 2332 fenore
1892 2299 2060 2341 positum.

1196 2370 1231 2376 -
1250 2353 1427 2384 creditores
1446 2352 1481 2383 in
1497 2351 1637 2383 solidum
1652 2349 1876 2391 appellabant]
1894 2351 1961 2381 Pro
1978 2348 2064 2382 dua-

1192 2402 1260 2435 bus
1290 2401 1354 2434 illis
1386 2402 1517 2434 fenoris
1551 2400 1711 2443 partibus
1741 2400 1920 2433 concessis
1950 2400 2063 2432 totum

1193 2452 1294 2485 fenus
1318 2451 1529 2494 repetebant
1544 2460 1564 2483 a
1581 2450 1818 2488 debitoribus,
1844 2450 1903 2491 qui
1921 2449 2062 2491 proprie

1193 2503 1358 2543 appellari
1381 2502 1561 2540 dicuntur,
1588 2510 1670 2534 cum
1693 2501 1842 2543 pecunia
1866 2499 2000 2532 credita
2016 2498 2062 2531 ab

1193 2554 1233 2586 iis
1259 2554 1466 2595 reposcitur.
1504 2553 1731 2585 Notissimum
1756 2550 1839 2583 illud
1863 2549 1939 2583 Alfii
1963 2549 2064 2582 fene-

1193 2603 1318 2635 ratoris
1342 2602 1537 2641 Horatiani‚
1564 2603 1690 2642 optima
1711 2602 1850 2633 nomina
1871 2609 1938 2632 non
1952 2599 2065 2640 appel-

1192 2655 1292 2686 lando
1317 2653 1392 2694 fleri
1419 2652 1522 2684 mala.
1556 2652 1606 2684 Cf.
1633 2652 1739 2684 etiam
1765 2651 1836 2696 Cic.
1863 2659 1896 2692 p.
1923 2648 2063 2682 Rabirio

1193 2706 1359 2737 Postumo
1383 2702 1402 2744 ἓ
1427 2703 1488 2735 46:
1514 2705 1551 2734 ut
1572 2702 1714 2734 solidum
1735 2709 1832 2733 suum
1854 2701 1972 2740 cuique
1993 2699 2063 2732 sol-

1191 2758 1304 2786 vatur.
1332 2770 1367 2776 —
1399 2753 1547 2784 minuere
1573 2752 1688 2793 fidem]
1724 2752 1753 2783 si
1788 2749 1958 2783 solvendo
1993 2758 2063 2782 non

1193 2804 1359 2842 fuissent3
1386 2804 1479 2836 ihren
1495 2803 1604 2835 Credit
1618 2812 1664 2835 zu
1677 2802 1879 2834 schwachen.
1902 2818 1936 2822 —
1954 2800 2065 2842 faene-

1191 2858 1322 2886 ratores
1336 2871 1354 2877 -
1370 2871 1388 2877 -
1412 2852 1643 2894 condiderant]
1679 2860 1823 2884 omnem
1858 2851 2060 2892 pecuniam,

1193 2913 1299 2946 quam
1335 2902 1572 2945 qualicunque
1609 2901 1717 2935 modo
1755 2901 1991 2942 redegerant,
2027 2901 2062 2933 in

1193 2962 1274 2987 arca
1292 2953 1486 2991 conditam,
1512 2952 1546 2985 id
1571 2954 1625 2985 est
1652 2952 1852 2990 servatam,
1878 2950 2060 2992 tenebant,

1192 3006 1230 3036 ut
1263 3004 1457 3046 paratiores
1492 3004 1611 3035 essent
1645 3001 1689 3033 ad
1718 3001 1944 3034 occasionem
1966 3000 2061 3034 bene

1194 3054 1355 3094 emendi,
1389 3053 1531 3094 quando
1566 3053 1710 3085 senatus
1741 3050 1942 3084 consultum
1976 3049 2059 3083 illud

1194 3106 1290 3137 esset
1313 3102 1598 3144 exsequendum:
1628 3100 1758 3133 nullam
1782 3102 1886 3141 igitur
1908 3101 1978 3133 iam
2002 3109 2062 3142 pe·

1194 3154 1349 3187 tentibus
1373 3154 1532 3186 mutuam
1555 3151 1703 3189 dabant3
1733 3151 1919 3183 mercandis
1941 3154 2061 3184 autem

1194 3205 1288 3246 agris
1311 3202 1445 3245 explica
1471 3202 1536 3235 «ad
1561 3200 1773 3235 mercandos
1789 3208 1927 3241 agros.»
1948 3198 1984 3224 -ὲ
2002 3209 2063 3232 ae-

1193 3255 1287 3295 9rius
1310 3252 1545 3294 distrahebant]
1571 3253 1652 3294 quia
1677 3252 1872 3293 emptores,
1904 3251 2063 3283 necessi-

1195 3306 1265 3336 tate
1289 3303 1467 3336 vendendi
1488 3303 1643 3344 cognita,
1670 3299 1881 3334 simulabant
1904 3299 1970 3333 sibi
1994 3309 2064 3332 non

1195 3363 1283 3397 opus
1307 3355 1398 3395 agris
1422 3355 1458 3386 et
1480 3353 1545 3386 alia
1569 3351 1714 3391 similia,
1748 3351 1786 3383 ut
1809 3351 1866 3391 fit,
1896 3353 1935 3384 ut
1956 3359 2063 3392 quam

1195 3405 1340 3438 minimo
1363 3404 1478 3446 pretio
1502 3403 1675 3436 emerent.
1702 3401 1781 3434 Em«.
1808 3418 1842 3424 —
1869 3402 1994 3435 eversio
2014 3399 2065 3434 rei
