<?xml version="1.0" encoding="UTF-8"?>
<!DOCTYPE html PUBLIC "-//W3C//DTD XHTML 1.0 Transitional//EN"
    "http://www.w3.org/TR/xhtml1/DTD/xhtml1-transitional.dtd">
<html xmlns="http://www.w3.org/1999/xhtml" xml:lang="en" lang="en">
 <head>
  <title>
</title>
<meta http-equiv="Content-Type" content="text/html;charset=utf-8" />
  <meta name='ocr-system' content='tesseract 3.04.00' />
  <meta name='ocr-capabilities' content='ocr_page ocr_carea ocr_par ocr_line ocrx_word'/>
</head>
<body>
  <div class='ocr_page' id='page_1' title='image "./pcorneliitacitio01taciuoft_0289.png"; bbox 0 0 2254 3770; ppageno 0'>
   <div class='ocr_carea' id='block_1_1' title="bbox 701 279 1388 339">
    <p class='ocr_par' dir='ltr' id='par_1_1' title="bbox 701 279 1388 339">
     <span class='ocr_line' id='line_1_1' title="bbox 701 279 1388 339; baseline 0.003 -14"><span class='ocrx_word' id='word_1_1' title='bbox 701 280 858 326; x_wconf 81' lang='lat' dir='ltr'>LIBER</span> <span class='ocrx_word' id='word_1_2' title='bbox 885 281 949 326; x_wconf 89' lang='lat' dir='ltr'>IV.</span> <span class='ocrx_word' id='word_1_3' title='bbox 994 279 1094 339; x_wconf 88' lang='lat' dir='ltr'>Cap.</span> <span class='ocrx_word' id='word_1_4' title='bbox 1125 280 1193 325; x_wconf 66' lang='lat'>61.</span> <span class='ocrx_word' id='word_1_5' title='bbox 1221 281 1290 326; x_wconf 80' lang='lat'>62.</span> <span class='ocrx_word' id='word_1_6' title='bbox 1320 282 1388 327; x_wconf 83' lang='lat'>63.</span> 
     </span>
    </p>
   </div>
   <div class='ocr_carea' id='block_1_2' title="bbox 1885 280 1961 326">
    <p class='ocr_par' dir='ltr' id='par_1_2' title="bbox 1885 280 1961 326">
     <span class='ocr_line' id='line_1_2' title="bbox 1885 280 1961 326; baseline -0.013 0"><span class='ocrx_word' id='word_1_7' title='bbox 1885 280 1961 326; x_wconf 69' lang='lat'>25⁴</span> 
     </span>
    </p>
   </div>
   <div class='ocr_carea' id='block_1_3' title="bbox 145 385 2016 1201">
    <p class='ocr_par' dir='ltr' id='par_1_3' title="bbox 145 385 2016 1201">
     <span class='ocr_line' id='line_1_3' title="bbox 184 385 1966 447; baseline 0.002 -18"><span class='ocrx_word' id='word_1_8' title='bbox 184 391 313 445; x_wconf 87' lang='lat' dir='ltr'>atque</span> <span class='ocrx_word' id='word_1_9' title='bbox 342 385 491 444; x_wconf 89' lang='lat' dir='ltr'>operit.</span> <span class='ocrx_word' id='word_1_10' title='bbox 536 391 579 430; x_wconf 87' lang='lat' dir='ltr'>et</span> <span class='ocrx_word' id='word_1_11' title='bbox 606 385 665 430; x_wconf 88' lang='lat' dir='ltr'>illi</span> <span class='ocrx_word' id='word_1_12' title='bbox 694 386 872 446; x_wconf 88' lang='lat' dir='ltr'>quidem</span> <span class='ocrx_word' id='word_1_13' title='bbox 901 401 1011 446; x_wconf 90' lang='lat' dir='ltr'>quos</span> <span class='ocrx_word' id='word_1_14' title='bbox 1039 387 1296 445; x_wconf 90' lang='lat' dir='ltr'>principium</span> <span class='ocrx_word' id='word_1_15' title='bbox 1325 388 1478 447; x_wconf 88' lang='lat' dir='ltr'>stragis</span> <span class='ocrx_word' id='word_1_16' title='bbox 1506 388 1550 432; x_wconf 93' lang='lat' dir='ltr'>in</span> <span class='ocrx_word' id='word_1_17' title='bbox 1577 394 1762 433; x_wconf 89' lang='lat' dir='ltr'>mortem</span> <span class='ocrx_word' id='word_1_18' title='bbox 1790 386 1966 432; x_wconf 88' lang='lat' dir='ltr'>adflixe-</span> 
     </span>
     <span class='ocr_line' id='line_1_4' title="bbox 184 457 1967 522; baseline 0.001 -18"><span class='ocrx_word' id='word_1_19' title='bbox 184 467 274 512; x_wconf 78' lang='lat' dir='ltr'>rat,</span> <span class='ocrx_word' id='word_1_20' title='bbox 309 466 357 504; x_wconf 88' lang='lat' dir='ltr'>ut</span> <span class='ocrx_word' id='word_1_21' title='bbox 392 457 464 504; x_wconf 86' lang='lat' dir='ltr'>tali</span> <span class='ocrx_word' id='word_1_22' title='bbox 501 467 634 512; x_wconf 86' lang='lat' dir='ltr'>sorte,</span> <span class='ocrx_word' id='word_1_23' title='bbox 675 461 909 506; x_wconf 88' lang='lat' dir='ltr'>cruciatum</span> <span class='ocrx_word' id='word_1_24' title='bbox 946 461 1149 520; x_wconf 89' lang='lat' dir='ltr'>effugere.</span> <span class='ocrx_word' id='word_1_25' title='bbox 1193 463 1423 507; x_wconf 92' lang='lat' dir='ltr'>miserandi</span> <span class='ocrx_word' id='word_1_26' title='bbox 1464 463 1599 521; x_wconf 86' lang='lat' dir='ltr'>magis</span> <span class='ocrx_word' id='word_1_27' title='bbox 1636 477 1747 522; x_wconf 87' lang='lat' dir='ltr'>quos</span> <span class='ocrx_word' id='word_1_28' title='bbox 1785 462 1967 520; x_wconf 89' lang='lat' dir='ltr'>abrupta</span> 
     </span>
     <span class='ocr_line' id='line_1_5' title="bbox 182 536 1967 597; baseline 0 -17"><span class='ocrx_word' id='word_1_29' title='bbox 182 542 302 594; x_wconf 86' lang='lat' dir='ltr'>parte</span> <span class='ocrx_word' id='word_1_30' title='bbox 333 536 527 594; x_wconf 90' lang='lat' dir='ltr'>corporis</span> <span class='ocrx_word' id='word_1_31' title='bbox 556 536 746 580; x_wconf 93' lang='lat' dir='ltr'>nondum</span> <span class='ocrx_word' id='word_1_32' title='bbox 773 538 858 581; x_wconf 88' lang='lat' dir='ltr'>vita</span> <span class='ocrx_word' id='word_1_33' title='bbox 888 536 1162 590; x_wconf 83' lang='lat' dir='ltr'>deseruerat3</span> <span class='ocrx_word' id='word_1_34' title='bbox 1194 537 1269 596; x_wconf 92' lang='lat' dir='ltr'>qui</span> <span class='ocrx_word' id='word_1_35' title='bbox 1298 552 1378 596; x_wconf 91' lang='lat' dir='ltr'>per</span> <span class='ocrx_word' id='word_1_36' title='bbox 1406 539 1521 583; x_wconf 89' lang='lat' dir='ltr'>diem</span> <span class='ocrx_word' id='word_1_37' title='bbox 1545 539 1658 589; x_wconf 91' lang='lat' dir='ltr'>visu,</span> <span class='ocrx_word' id='word_1_38' title='bbox 1688 552 1769 597; x_wconf 91' lang='lat' dir='ltr'>per</span> <span class='ocrx_word' id='word_1_39' title='bbox 1795 544 1967 582; x_wconf 88' lang='lat' dir='ltr'>noctem</span> 
     </span>
     <span class='ocr_line' id='line_1_6' title="bbox 145 610 1967 670; baseline 0.002 -17"><span class='ocrx_word' id='word_1_40' title='bbox 145 628 148 630; x_wconf 51' lang='lat'>&gt;</span> <span class='ocrx_word' id='word_1_41' title='bbox 181 610 410 655; x_wconf 89' lang='lat' dir='ltr'>ululatibus</span> <span class='ocrx_word' id='word_1_42' title='bbox 437 617 496 655; x_wconf 86' lang='lat' dir='ltr'>et</span> <span class='ocrx_word' id='word_1_43' title='bbox 541 612 699 668; x_wconf 89' lang='lat' dir='ltr'>gemitu</span> <span class='ocrx_word' id='word_1_44' title='bbox 738 612 943 670; x_wconf 90' lang='lat' dir='ltr'>coniuges</span> <span class='ocrx_word' id='word_1_45' title='bbox 982 619 1055 657; x_wconf 92' lang='lat' dir='ltr'>aut</span> <span class='ocrx_word' id='word_1_46' title='bbox 1089 612 1248 657; x_wconf 89' lang='lat' dir='ltr'>liberos</span> <span class='ocrx_word' id='word_1_47' title='bbox 1285 613 1531 658; x_wconf 82' lang='lat' dir='ltr'>noscebant.</span> <span class='ocrx_word' id='word_1_48' title='bbox 1575 614 1659 658; x_wconf 92' lang='lat' dir='ltr'>iam</span> <span class='ocrx_word' id='word_1_49' title='bbox 1690 613 1821 658; x_wconf 88' lang='lat' dir='ltr'>ceteri</span> <span class='ocrx_word' id='word_1_50' title='bbox 1856 613 1967 656; x_wconf 85' lang='lat' dir='ltr'>fama</span> 
     </span>
     <span class='ocr_line' id='line_1_7' title="bbox 181 684 2001 746; baseline 0.001 -16"><span class='ocrx_word' id='word_1_51' title='bbox 181 684 324 736; x_wconf 87' lang='lat' dir='ltr'>exciti,</span> <span class='ocrx_word' id='word_1_52' title='bbox 371 685 440 730; x_wconf 87' lang='lat' dir='ltr'>hic</span> <span class='ocrx_word' id='word_1_53' title='bbox 481 685 669 736; x_wconf 86' lang='lat' dir='ltr'>fratrem,</span> <span class='ocrx_word' id='word_1_54' title='bbox 709 688 1000 746; x_wconf 90' lang='lat' dir='ltr'>propinquum</span> <span class='ocrx_word' id='word_1_55' title='bbox 1038 687 1126 736; x_wconf 89' lang='lat' dir='ltr'>ille,</span> <span class='ocrx_word' id='word_1_56' title='bbox 1169 687 1276 730; x_wconf 89' lang='lat' dir='ltr'>alius</span> <span class='ocrx_word' id='word_1_57' title='bbox 1313 695 1513 746; x_wconf 89' lang='lat' dir='ltr'>parentes</span> <span class='ocrx_word' id='word_1_58' title='bbox 1552 688 1788 733; x_wconf 88' lang='lat' dir='ltr'>lamentari.</span> <span class='ocrx_word' id='word_1_59' title='bbox 1839 688 2001 732; x_wconf 67' lang='lat' dir='ltr'>etiams</span> 
     </span>
     <span class='ocr_line' id='line_1_8' title="bbox 180 759 1965 823; baseline 0.002 -20"><span class='ocrx_word' id='word_1_60' title='bbox 180 774 365 819; x_wconf 85' lang='lat' dir='ltr'>quorum</span> <span class='ocrx_word' id='word_1_61' title='bbox 399 759 569 805; x_wconf 90' lang='lat' dir='ltr'>diversa</span> <span class='ocrx_word' id='word_1_62' title='bbox 608 761 662 805; x_wconf 92' lang='lat' dir='ltr'>de</span> <span class='ocrx_word' id='word_1_63' title='bbox 694 776 824 806; x_wconf 88' lang='lat' dir='ltr'>causa</span> <span class='ocrx_word' id='word_1_64' title='bbox 854 763 979 806; x_wconf 79' lang='lat' dir='ltr'>amici</span> <span class='ocrx_word' id='word_1_65' title='bbox 1009 770 1080 806; x_wconf 88' lang='lat' dir='ltr'>aut</span> <span class='ocrx_word' id='word_1_66' title='bbox 1114 763 1347 806; x_wconf 89' lang='lat' dir='ltr'>necessarii</span> <span class='ocrx_word' id='word_1_67' title='bbox 1378 763 1572 815; x_wconf 89' lang='lat' dir='ltr'>aberant,</span> <span class='ocrx_word' id='word_1_68' title='bbox 1611 777 1772 823; x_wconf 89' lang='lat' dir='ltr'>pavere</span> <span class='ocrx_word' id='word_1_69' title='bbox 1800 769 1965 815; x_wconf 67' lang='lat' dir='ltr'>tamem</span> 
     </span>
     <span class='ocr_line' id='line_1_9' title="bbox 179 835 1964 895; baseline 0.002 -17"><span class='ocrx_word' id='word_1_70' title='bbox 179 835 426 894; x_wconf 88' lang='lat' dir='ltr'>nequedum</span> <span class='ocrx_word' id='word_1_71' title='bbox 464 843 683 894; x_wconf 80' lang='lat' dir='ltr'>comporto</span> <span class='ocrx_word' id='word_1_72' title='bbox 723 851 833 895; x_wconf 90' lang='lat' dir='ltr'>quos</span> <span class='ocrx_word' id='word_1_73' title='bbox 873 837 944 880; x_wconf 91' lang='lat' dir='ltr'>illa</span> <span class='ocrx_word' id='word_1_74' title='bbox 973 838 1037 882; x_wconf 87' lang='lat' dir='ltr'>vis</span> <span class='ocrx_word' id='word_1_75' title='bbox 1072 837 1344 895; x_wconf 88' lang='lat' dir='ltr'>perculisset,</span> <span class='ocrx_word' id='word_1_76' title='bbox 1385 838 1509 882; x_wconf 91' lang='lat' dir='ltr'>latior</span> <span class='ocrx_word' id='word_1_77' title='bbox 1538 853 1591 883; x_wconf 87' lang='lat' dir='ltr'>ex</span> <span class='ocrx_word' id='word_1_78' title='bbox 1620 840 1781 883; x_wconf 90' lang='lat' dir='ltr'>incerto</span> <span class='ocrx_word' id='word_1_79' title='bbox 1811 844 1964 882; x_wconf 88' lang='lat' dir='ltr'>metus.</span> 
     </span>
     <span class='ocr_line' id='line_1_10' title="bbox 179 911 1963 972; baseline 0.002 -18"><span class='ocrx_word' id='word_1_80' title='bbox 179 911 259 968; x_wconf 88' lang='grc'>(63)</span> <span class='ocrx_word' id='word_1_81' title='bbox 290 917 336 954; x_wconf 91' lang='lat' dir='ltr'>ut</span> <span class='ocrx_word' id='word_1_82' title='bbox 365 925 549 969; x_wconf 88' lang='lat' dir='ltr'>coepere</span> <span class='ocrx_word' id='word_1_83' title='bbox 579 912 786 956; x_wconf 83' lang='lat' dir='ltr'>dimoveri</span> <span class='ocrx_word' id='word_1_84' title='bbox 807 912 977 963; x_wconf 87' lang='lat' dir='ltr'>obruta,</span> <span class='ocrx_word' id='word_1_85' title='bbox 1009 926 1244 957; x_wconf 89' lang='lat' dir='ltr'>concursus</span> <span class='ocrx_word' id='word_1_86' title='bbox 1266 913 1319 956; x_wconf 90' lang='lat' dir='ltr'>ad</span> <span class='ocrx_word' id='word_1_87' title='bbox 1342 914 1560 958; x_wconf 88' lang='lat' dir='ltr'>exanimos</span> <span class='ocrx_word' id='word_1_88' title='bbox 1582 914 1963 972; x_wconf 88' lang='lat' dir='ltr'>complectentium,</span> 
     </span>
     <span class='ocr_line' id='line_1_11' title="bbox 178 985 1967 1047; baseline 0.001 -17"><span class='ocrx_word' id='word_1_89' title='bbox 178 985 482 1039; x_wconf 87' lang='lat' dir='ltr'>osculantium;</span> <span class='ocrx_word' id='word_1_90' title='bbox 524 993 566 1030; x_wconf 90' lang='lat' dir='ltr'>et</span> <span class='ocrx_word' id='word_1_91' title='bbox 603 1001 735 1045; x_wconf 82' lang='lat' dir='ltr'>saepe</span> <span class='ocrx_word' id='word_1_92' title='bbox 774 993 1008 1039; x_wconf 88' lang='lat' dir='ltr'>certamen,</span> <span class='ocrx_word' id='word_1_93' title='bbox 1055 988 1090 1031; x_wconf 92' lang='lat' dir='ltr'>si</span> <span class='ocrx_word' id='word_1_94' title='bbox 1131 988 1346 1031; x_wconf 86' lang='lat' dir='ltr'>confusior</span> <span class='ocrx_word' id='word_1_95' title='bbox 1384 989 1513 1033; x_wconf 90' lang='lat' dir='ltr'>facies</span> <span class='ocrx_word' id='word_1_96' title='bbox 1544 996 1585 1033; x_wconf 89' lang='lat' dir='ltr'>et</span> <span class='ocrx_word' id='word_1_97' title='bbox 1622 1003 1702 1047; x_wconf 89' lang='lat' dir='ltr'>par</span> <span class='ocrx_word' id='word_1_98' title='bbox 1729 989 1864 1033; x_wconf 90' lang='lat' dir='ltr'>forma</span> <span class='ocrx_word' id='word_1_99' title='bbox 1894 995 1967 1033; x_wconf 89' lang='lat' dir='ltr'>aut</span> 
     </span>
     <span class='ocr_line' id='line_1_12' title="bbox 177 1062 2016 1122; baseline 0.002 -17"><span class='ocrx_word' id='word_1_100' title='bbox 177 1068 294 1105; x_wconf 88' lang='lat' dir='ltr'>aetas</span> <span class='ocrx_word' id='word_1_101' title='bbox 333 1075 526 1106; x_wconf 90' lang='lat' dir='ltr'>errorem</span> <span class='ocrx_word' id='word_1_102' title='bbox 564 1062 925 1119; x_wconf 85' lang='lat' dir='ltr'>adgnoscentibus</span> <span class='ocrx_word' id='word_1_103' title='bbox 962 1063 1133 1107; x_wconf 82' lang='lat' dir='ltr'>fecerat.</span> <span class='ocrx_word' id='word_1_104' title='bbox 1181 1063 1486 1122; x_wconf 81' lang='lat' dir='ltr'>quinquaginta</span> <span class='ocrx_word' id='word_1_105' title='bbox 1521 1063 1739 1108; x_wconf 91' lang='lat' dir='ltr'>hominum</span> <span class='ocrx_word' id='word_1_106' title='bbox 1768 1064 1882 1108; x_wconf 91' lang='lat' dir='ltr'>milia</span> <span class='ocrx_word' id='word_1_107' title='bbox 1912 1078 1965 1108; x_wconf 92' lang='lat' dir='ltr'>eo</span> <span class='ocrx_word' id='word_1_108' title='bbox 1978 1078 2016 1109; x_wconf 73' lang='lat' dir='ltr'>io</span> 
     </span>
     <span class='ocr_line' id='line_1_13' title="bbox 165 1128 1965 1201; baseline 0.002 -21"><span class='ocrx_word' id='word_1_109' title='bbox 165 1136 528 1201; x_wconf 60' lang='lat' dir='ltr'>Qdebilitata</span> <span class='ocrx_word' id='word_1_110' title='bbox 557 1137 626 1181; x_wconf 93' lang='lat' dir='ltr'>vel</span> <span class='ocrx_word' id='word_1_111' title='bbox 656 1137 810 1181; x_wconf 84' lang='lat' dir='ltr'>obtrita</span> <span class='ocrx_word' id='word_1_112' title='bbox 840 1143 960 1191; x_wconf 91' lang='lat' dir='ltr'>sunt;</span> <span class='ocrx_word' id='word_1_113' title='bbox 992 1128 1749 1197; x_wconf 45' lang='lat' dir='ltr'>cautumqueffiptsst’e‘rfi‘ffi-senatu‘s</span> <span class='ocrx_word' id='word_1_114' title='bbox 1771 1139 1965 1184; x_wconf 91' lang='lat' dir='ltr'>consulto</span> 
     </span>
    </p>
   </div>
   <div class='ocr_carea' id='block_1_4' title="bbox 176 1212 1068 1271">
    <p class='ocr_par' dir='ltr' id='par_1_4' title="bbox 176 1212 1068 1271">
     <span class='ocr_line' id='line_1_14' title="bbox 176 1212 1068 1271; baseline 0.002 -16"><span class='ocrx_word' id='word_1_115' title='bbox 176 1226 231 1257; x_wconf 90' lang='lat' dir='ltr'>ne</span> <span class='ocrx_word' id='word_1_116' title='bbox 260 1213 357 1271; x_wconf 91' lang='lat' dir='ltr'>quis</span> <span class='ocrx_word' id='word_1_117' title='bbox 387 1212 684 1271; x_wconf 88' lang='lat' dir='ltr'>gladiatorium</span> <span class='ocrx_word' id='word_1_118' title='bbox 713 1227 867 1256; x_wconf 91' lang='lat' dir='ltr'>munus</span> <span class='ocrx_word' id='word_1_119' title='bbox 898 1212 1068 1264; x_wconf 88' lang='lat' dir='ltr'>ederet,</span> 
     </span>
    </p>
   </div>
   <div class='ocr_carea' id='block_1_5' title="bbox 1742 1123 1977 1136">
    <p class='ocr_par' dir='ltr' id='par_1_5' title="bbox 1742 1123 1977 1136">
     <span class='ocr_line' id='line_1_15' title="bbox 1742 1123 1977 1136; baseline 0 2634"><span class='ocrx_word' id='word_1_120' title='bbox 1742 1123 1977 1136; x_wconf 95' lang='lat' dir='ltr'> </span> 
     </span>
    </p>
   </div>
   <div class='ocr_carea' id='block_1_6' title="bbox 1101 1214 1965 1273">
    <p class='ocr_par' dir='ltr' id='par_1_6' title="bbox 1101 1214 1965 1273">
     <span class='ocr_line' id='line_1_16' title="bbox 1101 1214 1965 1273; baseline 0.002 -17"><span class='ocrx_word' id='word_1_121' title='bbox 1101 1214 1168 1257; x_wconf 92' lang='lat' dir='ltr'>cui</span> <span class='ocrx_word' id='word_1_122' title='bbox 1199 1214 1338 1258; x_wconf 92' lang='lat' dir='ltr'>minor</span> <span class='ocrx_word' id='word_1_123' title='bbox 1367 1215 1774 1273; x_wconf 90' lang='lat' dir='ltr'>quadringentorum</span> <span class='ocrx_word' id='word_1_124' title='bbox 1801 1215 1965 1259; x_wconf 91' lang='lat' dir='ltr'>milium</span> 
     </span>
    </p>
   </div>
   <div class='ocr_carea' id='block_1_7' title="bbox 177 1287 1966 1349">
    <p class='ocr_par' dir='ltr' id='par_1_7' title="bbox 177 1287 1966 1349">
     <span class='ocr_line' id='line_1_17' title="bbox 177 1287 1966 1349; baseline 0.001 -18"><span class='ocrx_word' id='word_1_125' title='bbox 177 1301 267 1339; x_wconf 89' lang='lat' dir='ltr'>res,</span> <span class='ocrx_word' id='word_1_126' title='bbox 296 1301 408 1331; x_wconf 86' lang='lat' dir='ltr'>neve</span> <span class='ocrx_word' id='word_1_127' title='bbox 439 1287 793 1346; x_wconf 87' lang='lat' dir='ltr'>amphitheatrum</span> <span class='ocrx_word' id='word_1_128' title='bbox 822 1288 1114 1346; x_wconf 89' lang='lat' dir='ltr'>imponeretur</span> <span class='ocrx_word' id='word_1_129' title='bbox 1143 1289 1223 1332; x_wconf 92' lang='lat' dir='ltr'>nisi</span> <span class='ocrx_word' id='word_1_130' title='bbox 1254 1289 1345 1333; x_wconf 91' lang='lat' dir='ltr'>solo</span> <span class='ocrx_word' id='word_1_131' title='bbox 1375 1290 1583 1334; x_wconf 89' lang='lat' dir='ltr'>firmitatis</span> <span class='ocrx_word' id='word_1_132' title='bbox 1613 1297 1841 1349; x_wconf 88' lang='lat' dir='ltr'>spectatae.</span> <span class='ocrx_word' id='word_1_133' title='bbox 1880 1290 1966 1334; x_wconf 87' lang='lat' dir='ltr'>Ati-</span> 
     </span>
    </p>
   </div>
   <div class='ocr_carea' id='block_1_8' title="bbox 1873 1344 2024 1362">
    <p class='ocr_par' dir='ltr' id='par_1_8' title="bbox 1873 1344 2024 1362">
     <span class='ocr_line' id='line_1_18' title="bbox 1873 1344 2024 1362; baseline 0 -1"><span class='ocrx_word' id='word_1_134' title='bbox 1873 1344 2024 1362; x_wconf 48' lang='grc' dir='ltr'>Μ</span> 
     </span>
    </p>
   </div>
   <div class='ocr_carea' id='block_1_9' title="bbox 170 1358 1965 1432">
    <p class='ocr_par' dir='ltr' id='par_1_9' title="bbox 170 1358 1965 1432">
     <span class='ocr_line' id='line_1_19' title="bbox 170 1358 1965 1432; baseline 0.003 -28"><span class='ocrx_word' id='word_1_135' title='bbox 170 1362 796 1432; x_wconf 56' lang='lat' dir='ltr'>Q</span> <span class='ocrx_word' id='word_1_136' title='bbox 837 1370 1027 1407; x_wconf 89' lang='lat' dir='ltr'>ceterum</span> <span class='ocrx_word' id='word_1_137' title='bbox 1057 1363 1137 1407; x_wconf 90' lang='lat' dir='ltr'>sub</span> <span class='ocrx_word' id='word_1_138' title='bbox 1168 1371 1383 1409; x_wconf 88' lang='lat' dir='ltr'>recentem</span> <span class='ocrx_word' id='word_1_139' title='bbox 1409 1365 1574 1410; x_wconf 90' lang='lat' dir='ltr'>cladem</span> <span class='ocrx_word' id='word_1_140' title='bbox 1602 1372 1781 1424; x_wconf 88' lang='lat' dir='ltr'>patuere</span> <span class='ocrx_word' id='word_1_141' title='bbox 1810 1358 1965 1424; x_wconf 81' lang='lat' dir='ltr'>proce-</span> 
     </span>
    </p>
   </div>
   <div class='ocr_carea' id='block_1_10' title="bbox 176 1437 2013 1647">
    <p class='ocr_par' dir='ltr' id='par_1_10' title="bbox 176 1437 2013 1647">
     <span class='ocr_line' id='line_1_20' title="bbox 176 1437 2013 1499; baseline 0.003 -19"><span class='ocrx_word' id='word_1_142' title='bbox 176 1452 271 1481; x_wconf 94' lang='lat' dir='ltr'>rum</span> <span class='ocrx_word' id='word_1_143' title='bbox 305 1437 477 1488; x_wconf 90' lang='lat' dir='ltr'>domus,</span> <span class='ocrx_word' id='word_1_144' title='bbox 515 1438 699 1481; x_wconf 88' lang='lat' dir='ltr'>fomenta</span> <span class='ocrx_word' id='word_1_145' title='bbox 744 1444 786 1482; x_wconf 92' lang='lat' dir='ltr'>et</span> <span class='ocrx_word' id='word_1_146' title='bbox 814 1438 970 1482; x_wconf 92' lang='lat' dir='ltr'>medici</span> <span class='ocrx_word' id='word_1_147' title='bbox 1000 1439 1160 1496; x_wconf 90' lang='lat' dir='ltr'>passim</span> <span class='ocrx_word' id='word_1_148' title='bbox 1189 1439 1393 1496; x_wconf 90' lang='lat' dir='ltr'>praebiti;</span> <span class='ocrx_word' id='word_1_149' title='bbox 1435 1440 1598 1499; x_wconf 84' lang='lat' dir='ltr'>fuitque</span> <span class='ocrx_word' id='word_1_150' title='bbox 1628 1441 1733 1484; x_wconf 91' lang='lat' dir='ltr'>urbs</span> <span class='ocrx_word' id='word_1_151' title='bbox 1761 1455 1840 1499; x_wconf 90' lang='lat' dir='ltr'>per</span> <span class='ocrx_word' id='word_1_152' title='bbox 1869 1440 1963 1484; x_wconf 90' lang='lat' dir='ltr'>illos</span> <span class='ocrx_word' id='word_1_153' title='bbox 1976 1454 2013 1485; x_wconf 74' lang='lat'>⁴5</span> 
     </span>
     <span class='ocr_line' id='line_1_21' title="bbox 177 1512 1964 1575; baseline 0.002 -19"><span class='ocrx_word' id='word_1_154' title='bbox 177 1512 287 1563; x_wconf 91' lang='lat' dir='ltr'>dies,</span> <span class='ocrx_word' id='word_1_155' title='bbox 319 1527 580 1572; x_wconf 90' lang='lat' dir='ltr'>quamquam</span> <span class='ocrx_word' id='word_1_156' title='bbox 609 1519 772 1557; x_wconf 89' lang='lat' dir='ltr'>maesta</span> <span class='ocrx_word' id='word_1_157' title='bbox 800 1513 927 1563; x_wconf 90' lang='lat' dir='ltr'>facie,</span> <span class='ocrx_word' id='word_1_158' title='bbox 959 1521 1153 1558; x_wconf 87' lang='lat' dir='ltr'>veterum</span> <span class='ocrx_word' id='word_1_159' title='bbox 1182 1514 1380 1558; x_wconf 88' lang='lat' dir='ltr'>institutis</span> <span class='ocrx_word' id='word_1_160' title='bbox 1401 1516 1570 1567; x_wconf 90' lang='lat' dir='ltr'>similis,</span> <span class='ocrx_word' id='word_1_161' title='bbox 1601 1517 1675 1575; x_wconf 92' lang='lat' dir='ltr'>qui</span> <span class='ocrx_word' id='word_1_162' title='bbox 1695 1530 1847 1574; x_wconf 89' lang='lat' dir='ltr'>magna</span> <span class='ocrx_word' id='word_1_163' title='bbox 1866 1522 1964 1575; x_wconf 86' lang='lat' dir='ltr'>post</span> 
     </span>
     <span class='ocr_line' id='line_1_22' title="bbox 176 1588 1328 1647; baseline 0.001 -15"><span class='ocrx_word' id='word_1_164' title='bbox 176 1588 340 1647; x_wconf 90' lang='lat' dir='ltr'>proelia</span> <span class='ocrx_word' id='word_1_165' title='bbox 370 1589 540 1632; x_wconf 89' lang='lat' dir='ltr'>saucios</span> <span class='ocrx_word' id='word_1_166' title='bbox 569 1588 789 1646; x_wconf 82' lang='lat' dir='ltr'>largitione</span> <span class='ocrx_word' id='word_1_167' title='bbox 819 1595 862 1632; x_wconf 90' lang='lat' dir='ltr'>et</span> <span class='ocrx_word' id='word_1_168' title='bbox 890 1602 994 1633; x_wconf 89' lang='lat' dir='ltr'>cura</span> <span class='ocrx_word' id='word_1_169' title='bbox 1023 1589 1328 1633; x_wconf 87' lang='lat' dir='ltr'>sustentabant.</span> 
     </span>
    </p>
   </div>
   <div class='ocr_carea' id='block_1_11' title="bbox 177 1728 1964 1831">
    <p class='ocr_par' dir='ltr' id='par_1_11' title="bbox 177 1728 1964 1831">
     <span class='ocr_line' id='line_1_23' title="bbox 239 1728 1964 1773; baseline 0.001 -12"><span class='ocrx_word' id='word_1_170' title='bbox 239 1729 271 1762; x_wconf 84' lang='lat'>7.</span> <span class='ocrx_word' id='word_1_171' title='bbox 294 1728 452 1769; x_wconf 81' lang='lat' dir='ltr'>periculis</span> <span class='ocrx_word' id='word_1_172' title='bbox 476 1729 548 1770; x_wconf 88' lang='lat' dir='ltr'>(sic)</span> <span class='ocrx_word' id='word_1_173' title='bbox 572 1730 629 1762; x_wconf 81' lang='lat' dir='ltr'>sed</span> <span class='ocrx_word' id='word_1_174' title='bbox 651 1729 684 1762; x_wconf 89' lang='lat' dir='ltr'>M</span> <span class='ocrx_word' id='word_1_175' title='bbox 708 1729 906 1771; x_wconf 83' lang='lat' dir='ltr'>(perculisset</span> <span class='ocrx_word' id='word_1_176' title='bbox 927 1728 1060 1770; x_wconf 87' lang='lat' dir='ltr'>margo)</span> <span class='ocrx_word' id='word_1_177' title='bbox 1082 1746 1117 1752; x_wconf 89' lang='lat'>—-</span> <span class='ocrx_word' id='word_1_178' title='bbox 1144 1729 1175 1761; x_wconf 86' lang='lat'>9.</span> <span class='ocrx_word' id='word_1_179' title='bbox 1198 1729 1301 1771; x_wconf 81' lang='lat' dir='ltr'>facies</span> <span class='ocrx_word' id='word_1_180' title='bbox 1323 1733 1355 1763; x_wconf 87' lang='lat' dir='ltr'>et</span> <span class='ocrx_word' id='word_1_181' title='bbox 1372 1739 1439 1772; x_wconf 81' lang='lat' dir='ltr'>par</span> <span class='ocrx_word' id='word_1_182' title='bbox 1461 1731 1673 1764; x_wconf 86' lang='lat' dir='ltr'>Beroaldus:</span> <span class='ocrx_word' id='word_1_183' title='bbox 1697 1731 1801 1773; x_wconf 74' lang='lat' dir='ltr'>facies</span> <span class='ocrx_word' id='word_1_184' title='bbox 1822 1732 1878 1764; x_wconf 83' lang='lat' dir='ltr'>sed</span> <span class='ocrx_word' id='word_1_185' title='bbox 1895 1740 1964 1772; x_wconf 86' lang='lat' dir='ltr'>par</span> 
     </span>
     <span class='ocr_line' id='line_1_24' title="bbox 177 1783 1962 1831; baseline 0.002 -14"><span class='ocrx_word' id='word_1_186' title='bbox 177 1784 299 1818; x_wconf 34' lang='lat' dir='ltr'>M..Cf.</span> <span class='ocrx_word' id='word_1_187' title='bbox 324 1794 397 1817; x_wconf 85' lang='lat' dir='ltr'>var.</span> <span class='ocrx_word' id='word_1_188' title='bbox 423 1783 504 1818; x_wconf 86' lang='lat' dir='ltr'>lect.</span> <span class='ocrx_word' id='word_1_189' title='bbox 530 1785 575 1818; x_wconf 91' lang='lat' dir='ltr'>ad</span> <span class='ocrx_word' id='word_1_190' title='bbox 598 1786 636 1827; x_wconf 98' lang='grc'>2,</span> <span class='ocrx_word' id='word_1_191' title='bbox 661 1786 715 1818; x_wconf 85' lang='grc'>56.</span> <span class='ocrx_word' id='word_1_192' title='bbox 745 1804 780 1809; x_wconf 97' lang='grc'><strong>-</strong></span> <span class='ocrx_word' id='word_1_193' title='bbox 805 1785 858 1818; x_wconf 89' lang='grc'>42.</span> <span class='ocrx_word' id='word_1_194' title='bbox 882 1794 1003 1818; x_wconf 83' lang='lat' dir='ltr'>manus</span> <span class='ocrx_word' id='word_1_195' title='bbox 1023 1786 1057 1819; x_wconf 87' lang='grc' dir='ltr'><strong>Μ</strong></span> <span class='ocrx_word' id='word_1_196' title='bbox 1082 1803 1118 1809; x_wconf 93' lang='grc'>-</span> <span class='ocrx_word' id='word_1_197' title='bbox 1152 1786 1206 1819; x_wconf 87' lang='grc'>45.</span> <span class='ocrx_word' id='word_1_198' title='bbox 1226 1786 1353 1827; x_wconf 82' lang='lat' dir='ltr'>prebeti</span> <span class='ocrx_word' id='word_1_199' title='bbox 1375 1788 1407 1821; x_wconf 91' lang='lat' dir='ltr'>M</span> <span class='ocrx_word' id='word_1_200' title='bbox 1431 1787 1584 1831; x_wconf 78' lang='lat' dir='ltr'>(praebiti</span> <span class='ocrx_word' id='word_1_201' title='bbox 1606 1788 1739 1830; x_wconf 84' lang='lat' dir='ltr'>margo)</span> <span class='ocrx_word' id='word_1_202' title='bbox 1766 1806 1802 1812; x_wconf 86' lang='lat'><em>-</em></span> <span class='ocrx_word' id='word_1_203' title='bbox 1829 1789 1882 1822; x_wconf 89' lang='grc'>46.</span> <span class='ocrx_word' id='word_1_204' title='bbox 1906 1788 1962 1820; x_wconf 83' lang='lat' dir='ltr'>in-</span> 
     </span>
    </p>
   </div>
   <div class='ocr_carea' id='block_1_12' title="bbox 174 1839 762 1875">
    <p class='ocr_par' dir='ltr' id='par_1_12' title="bbox 174 1839 762 1875">
     <span class='ocr_line' id='line_1_25' title="bbox 174 1839 762 1875; baseline 0.002 -2"><span class='ocrx_word' id='word_1_205' title='bbox 174 1841 296 1874; x_wconf 78' lang='lat' dir='ltr'>stitutis</span> <span class='ocrx_word' id='word_1_206' title='bbox 316 1839 528 1874; x_wconf 85' lang='lat' dir='ltr'>Beroaldus:</span> <span class='ocrx_word' id='word_1_207' title='bbox 553 1841 696 1874; x_wconf 80' lang='lat' dir='ltr'>instituti</span> <span class='ocrx_word' id='word_1_208' title='bbox 718 1841 762 1875; x_wconf 84' lang='lat' dir='ltr'>M.</span> 
     </span>
    </p>
   </div>
   <div class='ocr_carea' id='block_1_13' title="bbox 169 1966 1044 3454">
    <p class='ocr_par' dir='ltr' id='par_1_13' title="bbox 169 1966 1044 2947">
     <span class='ocr_line' id='line_1_26' title="bbox 177 1966 1042 2008; baseline 0 -9"><span class='ocrx_word' id='word_1_209' title='bbox 177 1966 264 1999; x_wconf 89' lang='lat' dir='ltr'>Hist.</span> <span class='ocrx_word' id='word_1_210' title='bbox 281 1967 322 1999; x_wconf 85' lang='grc' dir='ltr'>Π.</span> <span class='ocrx_word' id='word_1_211' title='bbox 341 1966 464 2008; x_wconf 80' lang='lat' dir='ltr'>fragm.</span> <span class='ocrx_word' id='word_1_212' title='bbox 482 1966 536 2006; x_wconf 88' lang='grc'>29,</span> <span class='ocrx_word' id='word_1_213' title='bbox 556 1967 569 1999; x_wconf 97' lang='grc'><strong>4</strong></span> <span class='ocrx_word' id='word_1_214' title='bbox 586 1967 664 2000; x_wconf 88' lang='lat' dir='ltr'>Kr.:</span> <span class='ocrx_word' id='word_1_215' title='bbox 689 1966 956 2000; x_wconf 81' lang='lat' dir='ltr'>concurrentium</span> <span class='ocrx_word' id='word_1_216' title='bbox 977 1976 1042 1999; x_wconf 80' lang='lat' dir='ltr'>un-</span> 
     </span>
     <span class='ocr_line' id='line_1_27' title="bbox 176 2016 1044 2059; baseline 0.002 -11"><span class='ocrx_word' id='word_1_217' title='bbox 176 2017 275 2059; x_wconf 82' lang='lat' dir='ltr'>dique</span> <span class='ocrx_word' id='word_1_218' title='bbox 295 2017 394 2049; x_wconf 80' lang='lat' dir='ltr'>virile</span> <span class='ocrx_word' id='word_1_219' title='bbox 407 2020 438 2049; x_wconf 83' lang='lat' dir='ltr'>et</span> <span class='ocrx_word' id='word_1_220' title='bbox 450 2016 608 2050; x_wconf 77' lang='lat' dir='ltr'>muliebre</span> <span class='ocrx_word' id='word_1_221' title='bbox 621 2026 722 2051; x_wconf 82' lang='lat' dir='ltr'>secus.</span> <span class='ocrx_word' id='word_1_222' title='bbox 748 2019 799 2050; x_wconf 91' lang='lat' dir='ltr'>De</span> <span class='ocrx_word' id='word_1_223' title='bbox 816 2017 925 2050; x_wconf 90' lang='lat' dir='ltr'>altero</span> <span class='ocrx_word' id='word_1_224' title='bbox 942 2017 1044 2050; x_wconf 91' lang='lat' dir='ltr'>dum-</span> 
     </span>
     <span class='ocr_line' id='line_1_28' title="bbox 173 2067 1040 2110; baseline 0.002 -12"><span class='ocrx_word' id='word_1_225' title='bbox 173 2068 268 2099; x_wconf 82' lang='lat' dir='ltr'>taxat</span> <span class='ocrx_word' id='word_1_226' title='bbox 290 2075 377 2099; x_wconf 85' lang='lat' dir='ltr'>sexu</span> <span class='ocrx_word' id='word_1_227' title='bbox 400 2067 629 2109; x_wconf 89' lang='lat' dir='ltr'>Sempronius</span> <span class='ocrx_word' id='word_1_228' title='bbox 652 2067 779 2101; x_wconf 87' lang='lat' dir='ltr'>Asellio</span> <span class='ocrx_word' id='word_1_229' title='bbox 807 2077 862 2110; x_wconf 87' lang='lat' dir='ltr'>ap.</span> <span class='ocrx_word' id='word_1_230' title='bbox 890 2067 973 2101; x_wconf 90' lang='lat' dir='ltr'>Gell.</span> <span class='ocrx_word' id='word_1_231' title='bbox 999 2069 1040 2101; x_wconf 92' lang='lat' dir='ltr'>N.</span> 
     </span>
     <span class='ocr_line' id='line_1_29' title="bbox 171 2117 1043 2159; baseline 0.001 -9"><span class='ocrx_word' id='word_1_232' title='bbox 171 2117 212 2150; x_wconf 79' lang='lat' dir='ltr'>A.</span> <span class='ocrx_word' id='word_1_233' title='bbox 237 2117 276 2156; x_wconf 88' lang='grc'>2,</span> <span class='ocrx_word' id='word_1_234' title='bbox 303 2117 355 2157; x_wconf 87' lang='grc'>43,</span> <span class='ocrx_word' id='word_1_235' title='bbox 381 2117 420 2149; x_wconf 83' lang='lat'>5:</span> <span class='ocrx_word' id='word_1_236' title='bbox 450 2117 558 2150; x_wconf 85' lang='lat' dir='ltr'>Orare</span> <span class='ocrx_word' id='word_1_237' title='bbox 579 2119 686 2158; x_wconf 74' lang='lat' dir='ltr'>coepit</span> <span class='ocrx_word' id='word_1_238' title='bbox 707 2119 768 2159; x_wconf 91' lang='lat' dir='ltr'>(Ti.</span> <span class='ocrx_word' id='word_1_239' title='bbox 796 2118 984 2159; x_wconf 89' lang='lat' dir='ltr'>Gracchus)</span> <span class='ocrx_word' id='word_1_240' title='bbox 1008 2119 1043 2151; x_wconf 84' lang='lat' dir='ltr'>id</span> 
     </span>
     <span class='ocr_line' id='line_1_30' title="bbox 174 2167 1040 2210; baseline 0.002 -12"><span class='ocrx_word' id='word_1_241' title='bbox 174 2167 320 2207; x_wconf 86' lang='lat' dir='ltr'>quidem,</span> <span class='ocrx_word' id='word_1_242' title='bbox 354 2170 391 2198; x_wconf 84' lang='lat' dir='ltr'>ut</span> <span class='ocrx_word' id='word_1_243' title='bbox 423 2175 456 2199; x_wconf 81' lang='lat' dir='ltr'>se</span> <span class='ocrx_word' id='word_1_244' title='bbox 490 2168 696 2208; x_wconf 80' lang='lat' dir='ltr'>defenderent</span> <span class='ocrx_word' id='word_1_245' title='bbox 730 2168 911 2210; x_wconf 77' lang='lat' dir='ltr'>liberosque</span> <span class='ocrx_word' id='word_1_246' title='bbox 945 2177 1020 2201; x_wconf 83' lang='lat' dir='ltr'>suos</span> <span class='ocrx_word' id='word_1_247' title='bbox 1029 2178 1040 2207; x_wconf 87' lang='lat'><em>;</em></span> 
     </span>
     <span class='ocr_line' id='line_1_31' title="bbox 173 2217 1042 2259; baseline 0.003 -11"><span class='ocrx_word' id='word_1_248' title='bbox 173 2225 266 2255; x_wconf 80' lang='lat' dir='ltr'>eum,</span> <span class='ocrx_word' id='word_1_249' title='bbox 301 2224 397 2255; x_wconf 83' lang='lat' dir='ltr'>quem</span> <span class='ocrx_word' id='word_1_250' title='bbox 429 2217 526 2249; x_wconf 85' lang='lat' dir='ltr'>virile</span> <span class='ocrx_word' id='word_1_251' title='bbox 563 2226 653 2250; x_wconf 84' lang='lat' dir='ltr'>secus</span> <span class='ocrx_word' id='word_1_252' title='bbox 682 2222 751 2250; x_wconf 88' lang='lat' dir='ltr'>tum</span> <span class='ocrx_word' id='word_1_253' title='bbox 781 2221 816 2250; x_wconf 80' lang='lat' dir='ltr'>in</span> <span class='ocrx_word' id='word_1_254' title='bbox 839 2227 876 2251; x_wconf 89' lang='lat' dir='ltr'>eo</span> <span class='ocrx_word' id='word_1_255' title='bbox 898 2222 1042 2259; x_wconf 80' lang='lat' dir='ltr'>tempore</span> 
     </span>
     <span class='ocr_line' id='line_1_32' title="bbox 172 2266 1043 2309; baseline 0.006 -12"><span class='ocrx_word' id='word_1_256' title='bbox 172 2266 321 2306; x_wconf 84' lang='lat' dir='ltr'>habebat,</span> <span class='ocrx_word' id='word_1_257' title='bbox 338 2267 477 2306; x_wconf 75' lang='lat' dir='ltr'>produci</span> <span class='ocrx_word' id='word_1_258' title='bbox 491 2268 584 2300; x_wconf 79' lang='lat' dir='ltr'>iussit</span> <span class='ocrx_word' id='word_1_259' title='bbox 596 2269 783 2309; x_wconf 79' lang='lat' dir='ltr'>populoque</span> <span class='ocrx_word' id='word_1_260' title='bbox 804 2271 1043 2302; x_wconf 80' lang='lat' dir='ltr'>commendavit</span> 
     </span>
     <span class='ocr_line' id='line_1_33' title="bbox 169 2317 1041 2360; baseline 0.006 -13"><span class='ocrx_word' id='word_1_261' title='bbox 169 2325 272 2357; x_wconf 81' lang='lat' dir='ltr'>prope</span> <span class='ocrx_word' id='word_1_262' title='bbox 293 2318 384 2358; x_wconf 75' lang='lat' dir='ltr'>flens.</span> <span class='ocrx_word' id='word_1_263' title='bbox 410 2317 526 2350; x_wconf 90' lang='lat' dir='ltr'>Livius</span> <span class='ocrx_word' id='word_1_264' title='bbox 541 2318 596 2356; x_wconf 85' lang='grc'>26,</span> <span class='ocrx_word' id='word_1_265' title='bbox 614 2318 674 2351; x_wconf 84' lang='grc'>47;</span> <span class='ocrx_word' id='word_1_266' title='bbox 701 2319 879 2352; x_wconf 78' lang='lat' dir='ltr'>liberorum</span> <span class='ocrx_word' id='word_1_267' title='bbox 894 2321 1041 2360; x_wconf 83' lang='lat' dir='ltr'>capitum</span> 
     </span>
     <span class='ocr_line' id='line_1_34' title="bbox 173 2363 1038 2409; baseline 0.006 -12"><span class='ocrx_word' id='word_1_268' title='bbox 173 2366 269 2398; x_wconf 80' lang='lat' dir='ltr'>virile</span> <span class='ocrx_word' id='word_1_269' title='bbox 301 2375 392 2398; x_wconf 84' lang='lat' dir='ltr'>secus</span> <span class='ocrx_word' id='word_1_270' title='bbox 420 2367 465 2398; x_wconf 87' lang='lat' dir='ltr'>ad</span> <span class='ocrx_word' id='word_1_271' title='bbox 495 2368 603 2400; x_wconf 81' lang='lat' dir='ltr'>decem</span> <span class='ocrx_word' id='word_1_272' title='bbox 630 2363 724 2400; x_wconf 69' lang='lat' dir='ltr'>vriitia</span> <span class='ocrx_word' id='word_1_273' title='bbox 746 2372 858 2409; x_wconf 84' lang='lat' dir='ltr'>capta.</span> <span class='ocrx_word' id='word_1_274' title='bbox 896 2370 1038 2402; x_wconf 87' lang='lat' dir='ltr'>Sueton.</span> 
     </span>
     <span class='ocr_line' id='line_1_35' title="bbox 173 2414 1042 2458; baseline 0.006 -11"><span class='ocrx_word' id='word_1_275' title='bbox 173 2415 258 2455; x_wconf 84' lang='lat' dir='ltr'>Aug.</span> <span class='ocrx_word' id='word_1_276' title='bbox 289 2414 348 2448; x_wconf 83' lang='lat'>44:</span> <span class='ocrx_word' id='word_1_277' title='bbox 381 2416 580 2449; x_wconf 79' lang='lat' dir='ltr'>athletarum</span> <span class='ocrx_word' id='word_1_278' title='bbox 606 2419 791 2458; x_wconf 84' lang='lat' dir='ltr'>spectaculo</span> <span class='ocrx_word' id='word_1_279' title='bbox 817 2419 973 2451; x_wconf 81' lang='lat' dir='ltr'>muliebre</span> <span class='ocrx_word' id='word_1_280' title='bbox 995 2428 1042 2452; x_wconf 84' lang='lat' dir='ltr'>se-</span> 
     </span>
     <span class='ocr_line' id='line_1_36' title="bbox 173 2466 1040 2510; baseline 0.007 -14"><span class='ocrx_word' id='word_1_281' title='bbox 173 2473 232 2497; x_wconf 87' lang='lat' dir='ltr'>cus</span> <span class='ocrx_word' id='word_1_282' title='bbox 254 2473 363 2497; x_wconf 79' lang='lat' dir='ltr'>omnes</span> <span class='ocrx_word' id='word_1_283' title='bbox 384 2466 568 2499; x_wconf 81' lang='lat' dir='ltr'>summovit.</span> <span class='ocrx_word' id='word_1_284' title='bbox 594 2484 628 2490; x_wconf 89' lang='lat'><strong>—</strong></span> <span class='ocrx_word' id='word_1_285' title='bbox 654 2471 692 2500; x_wconf 79' lang='lat' dir='ltr'>ut</span> <span class='ocrx_word' id='word_1_286' title='bbox 713 2470 774 2501; x_wconf 83' lang='lat' dir='ltr'>tali</span> <span class='ocrx_word' id='word_1_287' title='bbox 797 2468 892 2510; x_wconf 84' lang='lat' dir='ltr'>sorte]</span> <span class='ocrx_word' id='word_1_288' title='bbox 918 2470 952 2502; x_wconf 93' lang='lat' dir='ltr'>in</span> <span class='ocrx_word' id='word_1_289' title='bbox 970 2471 1040 2502; x_wconf 90' lang='lat' dir='ltr'>tam</span> 
     </span>
     <span class='ocr_line' id='line_1_37' title="bbox 174 2514 1038 2559; baseline 0.006 -12"><span class='ocrx_word' id='word_1_290' title='bbox 174 2514 312 2548; x_wconf 83' lang='lat' dir='ltr'>funesta</span> <span class='ocrx_word' id='word_1_291' title='bbox 344 2514 442 2548; x_wconf 86' lang='lat' dir='ltr'>clade</span> <span class='ocrx_word' id='word_1_292' title='bbox 475 2518 591 2549; x_wconf 90' lang='lat' dir='ltr'>tamen</span> <span class='ocrx_word' id='word_1_293' title='bbox 621 2518 883 2558; x_wconf 86' lang='lat' dir='ltr'>quodammodo</span> <span class='ocrx_word' id='word_1_294' title='bbox 908 2519 1038 2559; x_wconf 86' lang='lat' dir='ltr'>felices,</span> 
     </span>
     <span class='ocr_line' id='line_1_38' title="bbox 173 2565 1040 2609; baseline 0.005 -11"><span class='ocrx_word' id='word_1_295' title='bbox 173 2565 299 2598; x_wconf 85' lang='lat' dir='ltr'>saltem</span> <span class='ocrx_word' id='word_1_296' title='bbox 324 2566 439 2599; x_wconf 92' lang='lat' dir='ltr'>minus</span> <span class='ocrx_word' id='word_1_297' title='bbox 470 2567 678 2607; x_wconf 88' lang='lat' dir='ltr'>miserandi,</span> <span class='ocrx_word' id='word_1_298' title='bbox 712 2571 878 2609; x_wconf 87' lang='lat' dir='ltr'>quoniam</span> <span class='ocrx_word' id='word_1_299' title='bbox 903 2571 1040 2602; x_wconf 89' lang='lat' dir='ltr'>crucia-</span> 
     </span>
     <span class='ocr_line' id='line_1_39' title="bbox 174 2615 1036 2662; baseline 0.007 -16"><span class='ocrx_word' id='word_1_300' title='bbox 174 2616 249 2647; x_wconf 82' lang='lat' dir='ltr'>tum</span> <span class='ocrx_word' id='word_1_301' title='bbox 267 2615 432 2657; x_wconf 82' lang='lat' dir='ltr'>effugere.</span> <span class='ocrx_word' id='word_1_302' title='bbox 452 2634 486 2639; x_wconf 81' lang='lat'>-</span> <span class='ocrx_word' id='word_1_303' title='bbox 506 2617 686 2650; x_wconf 81' lang='lat' dir='ltr'>ululatibus</span> <span class='ocrx_word' id='word_1_304' title='bbox 702 2622 732 2650; x_wconf 85' lang='lat' dir='ltr'>et</span> <span class='ocrx_word' id='word_1_305' title='bbox 745 2621 869 2660; x_wconf 75' lang='lat' dir='ltr'>yemitu</span> <span class='ocrx_word' id='word_1_306' title='bbox 886 2620 967 2662; x_wconf 85' lang='lat' dir='ltr'>cet.]</span> <span class='ocrx_word' id='word_1_307' title='bbox 987 2620 1036 2652; x_wconf 81' lang='lat' dir='ltr'>Cf.</span> 
     </span>
     <span class='ocr_line' id='line_1_40' title="bbox 172 2664 1039 2710; baseline 0.005 -12"><span class='ocrx_word' id='word_1_308' title='bbox 172 2664 269 2698; x_wconf 89' lang='lat' dir='ltr'>Plinii</span> <span class='ocrx_word' id='word_1_309' title='bbox 292 2666 379 2707; x_wconf 91' lang='lat' dir='ltr'>Epp.</span> <span class='ocrx_word' id='word_1_310' title='bbox 405 2666 437 2703; x_wconf 85' lang='lat'>6,</span> <span class='ocrx_word' id='word_1_311' title='bbox 456 2667 509 2705; x_wconf 85' lang='grc'>20,</span> <span class='ocrx_word' id='word_1_312' title='bbox 529 2667 586 2699; x_wconf 75' lang='grc' dir='ltr'>44ε</span> <span class='ocrx_word' id='word_1_313' title='bbox 612 2668 751 2700; x_wconf 80' lang='lat' dir='ltr'>Audires</span> <span class='ocrx_word' id='word_1_314' title='bbox 772 2670 919 2702; x_wconf 82' lang='lat' dir='ltr'>ululatus</span> <span class='ocrx_word' id='word_1_315' title='bbox 943 2670 1039 2710; x_wconf 80' lang='lat' dir='ltr'>femi-</span> 
     </span>
     <span class='ocr_line' id='line_1_41' title="bbox 172 2715 1039 2758; baseline 0.008 -13"><span class='ocrx_word' id='word_1_316' title='bbox 172 2723 313 2754; x_wconf 81' lang='lat' dir='ltr'>narum,</span> <span class='ocrx_word' id='word_1_317' title='bbox 347 2715 513 2755; x_wconf 82' lang='lat' dir='ltr'>infantum</span> <span class='ocrx_word' id='word_1_318' title='bbox 536 2718 734 2758; x_wconf 80' lang='lat' dir='ltr'>quiritatus,</span> <span class='ocrx_word' id='word_1_319' title='bbox 764 2719 924 2751; x_wconf 85' lang='lat' dir='ltr'>clamores</span> <span class='ocrx_word' id='word_1_320' title='bbox 946 2720 1039 2751; x_wconf 81' lang='lat' dir='ltr'>viro-</span> 
     </span>
     <span class='ocr_line' id='line_1_42' title="bbox 172 2765 1041 2811; baseline 0.007 -16"><span class='ocrx_word' id='word_1_321' title='bbox 172 2773 269 2796; x_wconf 81' lang='lat' dir='ltr'>rum:</span> <span class='ocrx_word' id='word_1_322' title='bbox 293 2765 352 2797; x_wconf 84' lang='lat' dir='ltr'>alii</span> <span class='ocrx_word' id='word_1_323' title='bbox 373 2770 546 2806; x_wconf 81' lang='lat' dir='ltr'>parentes,</span> <span class='ocrx_word' id='word_1_324' title='bbox 572 2767 632 2798; x_wconf 85' lang='lat' dir='ltr'>alii</span> <span class='ocrx_word' id='word_1_325' title='bbox 654 2768 786 2807; x_wconf 83' lang='lat' dir='ltr'>liberos,</span> <span class='ocrx_word' id='word_1_326' title='bbox 812 2769 872 2801; x_wconf 85' lang='lat' dir='ltr'>alii</span> <span class='ocrx_word' id='word_1_327' title='bbox 887 2771 1041 2811; x_wconf 68' lang='lat' dir='ltr'>coniuges</span> 
     </span>
     <span class='ocr_line' id='line_1_43' title="bbox 171 2814 1034 2856; baseline 0.007 -11"><span class='ocrx_word' id='word_1_328' title='bbox 171 2814 305 2846; x_wconf 73' lang='lat' dir='ltr'>vocibus</span> <span class='ocrx_word' id='word_1_329' title='bbox 336 2815 567 2856; x_wconf 75' lang='lat' dir='ltr'>requirebant,</span> <span class='ocrx_word' id='word_1_330' title='bbox 601 2817 733 2849; x_wconf 80' lang='lat' dir='ltr'>vocibus</span> <span class='ocrx_word' id='word_1_331' title='bbox 754 2819 971 2851; x_wconf 77' lang='lat' dir='ltr'>noscitabant.</span> <span class='ocrx_word' id='word_1_332' title='bbox 1000 2835 1034 2842; x_wconf 95' lang='lat'><strong>—</strong></span> 
     </span>
     <span class='ocr_line' id='line_1_44' title="bbox 172 2864 1039 2910; baseline 0.007 -14"><span class='ocrx_word' id='word_1_333' title='bbox 172 2864 356 2907; x_wconf 81' lang='lat' dir='ltr'>noscebant]</span> <span class='ocrx_word' id='word_1_334' title='bbox 381 2864 416 2897; x_wconf 88' lang='lat' dir='ltr'>id</span> <span class='ocrx_word' id='word_1_335' title='bbox 440 2867 495 2898; x_wconf 86' lang='lat' dir='ltr'>est</span> <span class='ocrx_word' id='word_1_336' title='bbox 517 2875 666 2900; x_wconf 86' lang='lat' dir='ltr'>noscere</span> <span class='ocrx_word' id='word_1_337' title='bbox 691 2868 900 2908; x_wconf 82' lang='lat' dir='ltr'>studebant,</span> <span class='ocrx_word' id='word_1_338' title='bbox 927 2878 1039 2910; x_wconf 88' lang='lat' dir='ltr'>quae-</span> 
     </span>
     <span class='ocr_line' id='line_1_45' title="bbox 172 2914 310 2947; baseline -0.007 0"><span class='ocrx_word' id='word_1_339' title='bbox 172 2914 310 2947; x_wconf 87' lang='lat' dir='ltr'>rebant.</span> 
     </span>
    </p>

    <p class='ocr_par' dir='ltr' id='par_1_14' title="bbox 173 2964 1039 3454">
     <span class='ocr_line' id='line_1_46' title="bbox 217 2964 1038 3010; baseline 0.007 -15"><span class='ocrx_word' id='word_1_340' title='bbox 217 2964 271 2996; x_wconf 84' lang='lat'>63.</span> <span class='ocrx_word' id='word_1_341' title='bbox 297 2964 463 3005; x_wconf 77' lang='lat' dir='ltr'>confusior</span> <span class='ocrx_word' id='word_1_342' title='bbox 484 2965 586 3005; x_wconf 84' lang='lat' dir='ltr'>facies</span> <span class='ocrx_word' id='word_1_343' title='bbox 608 2969 639 2998; x_wconf 84' lang='lat' dir='ltr'>et</span> <span class='ocrx_word' id='word_1_344' title='bbox 658 2976 725 3007; x_wconf 87' lang='lat' dir='ltr'>par</span> <span class='ocrx_word' id='word_1_345' title='bbox 742 2968 823 3010; x_wconf 88' lang='lat' dir='ltr'>cet.]</span> <span class='ocrx_word' id='word_1_346' title='bbox 848 2969 882 3001; x_wconf 89' lang='lat' dir='ltr'>Si</span> <span class='ocrx_word' id='word_1_347' title='bbox 906 2969 1038 3002; x_wconf 92' lang='lat' dir='ltr'>codicis</span> 
     </span>
     <span class='ocr_line' id='line_1_47' title="bbox 173 3013 1038 3058; baseline 0.005 -11"><span class='ocrx_word' id='word_1_348' title='bbox 173 3015 346 3055; x_wconf 87' lang='lat' dir='ltr'>scriptura</span> <span class='ocrx_word' id='word_1_349' title='bbox 377 3013 446 3055; x_wconf 84' lang='lat' dir='ltr'>(sed</span> <span class='ocrx_word' id='word_1_350' title='bbox 469 3015 548 3056; x_wconf 81' lang='lat' dir='ltr'>par)</span> <span class='ocrx_word' id='word_1_351' title='bbox 579 3018 728 3056; x_wconf 86' lang='lat' dir='ltr'>genuina</span> <span class='ocrx_word' id='word_1_352' title='bbox 753 3020 867 3058; x_wconf 87' lang='lat' dir='ltr'>esset,</span> <span class='ocrx_word' id='word_1_353' title='bbox 900 3027 940 3051; x_wconf 91' lang='lat' dir='ltr'>ea</span> <span class='ocrx_word' id='word_1_354' title='bbox 971 3018 1038 3051; x_wconf 88' lang='lat' dir='ltr'>loci</span> 
     </span>
     <span class='ocr_line' id='line_1_48' title="bbox 173 3063 1039 3108; baseline 0.002 -10"><span class='ocrx_word' id='word_1_355' title='bbox 173 3064 345 3098; x_wconf 90' lang='lat' dir='ltr'>sententia</span> <span class='ocrx_word' id='word_1_356' title='bbox 368 3063 477 3101; x_wconf 80' lang='lat' dir='ltr'>foret,</span> <span class='ocrx_word' id='word_1_357' title='bbox 504 3065 704 3099; x_wconf 80' lang='lat' dir='ltr'>confusiore</span> <span class='ocrx_word' id='word_1_358' title='bbox 724 3068 868 3108; x_wconf 89' lang='lat' dir='ltr'>quidem</span> <span class='ocrx_word' id='word_1_359' title='bbox 885 3070 1039 3100; x_wconf 86' lang='lat' dir='ltr'>mortuo-</span> 
     </span>
     <span class='ocr_line' id='line_1_49' title="bbox 173 3114 1036 3159; baseline 0.003 -13"><span class='ocrx_word' id='word_1_360' title='bbox 173 3123 252 3147; x_wconf 90' lang='lat' dir='ltr'>rum</span> <span class='ocrx_word' id='word_1_361' title='bbox 288 3114 375 3146; x_wconf 88' lang='lat' dir='ltr'>facie</span> <span class='ocrx_word' id='word_1_362' title='bbox 412 3122 568 3145; x_wconf 87' lang='lat' dir='ltr'>errorem</span> <span class='ocrx_word' id='word_1_363' title='bbox 603 3115 784 3148; x_wconf 88' lang='lat' dir='ltr'>hominum</span> <span class='ocrx_word' id='word_1_364' title='bbox 814 3117 859 3148; x_wconf 90' lang='lat' dir='ltr'>ad</span> <span class='ocrx_word' id='word_1_365' title='bbox 888 3126 1036 3159; x_wconf 89' lang='lat' dir='ltr'>corpora</span> 
     </span>
     <span class='ocr_line' id='line_1_50' title="bbox 173 3163 1036 3204; baseline 0.005 -10"><span class='ocrx_word' id='word_1_366' title='bbox 173 3163 396 3204; x_wconf 82' lang='lat' dir='ltr'>agnoscenda</span> <span class='ocrx_word' id='word_1_367' title='bbox 442 3166 727 3197; x_wconf 84' lang='lat' dir='ltr'>concurrentium</span> <span class='ocrx_word' id='word_1_368' title='bbox 770 3175 835 3198; x_wconf 80' lang='lat' dir='ltr'>non</span> <span class='ocrx_word' id='word_1_369' title='bbox 880 3166 1036 3199; x_wconf 89' lang='lat' dir='ltr'>adiutum</span> 
     </span>
     <span class='ocr_line' id='line_1_51' title="bbox 174 3213 1037 3253; baseline 0.002 -7"><span class='ocrx_word' id='word_1_370' title='bbox 174 3221 271 3251; x_wconf 79' lang='lat' dir='ltr'>esse,</span> <span class='ocrx_word' id='word_1_371' title='bbox 295 3214 351 3245; x_wconf 81' lang='lat' dir='ltr'>sed</span> <span class='ocrx_word' id='word_1_372' title='bbox 374 3214 493 3244; x_wconf 90' lang='lat' dir='ltr'>tamen</span> <span class='ocrx_word' id='word_1_373' title='bbox 517 3214 592 3253; x_wconf 85' lang='lat' dir='ltr'>pari</span> <span class='ocrx_word' id='word_1_374' title='bbox 618 3213 726 3246; x_wconf 82' lang='lat' dir='ltr'>torma</span> <span class='ocrx_word' id='word_1_375' title='bbox 751 3217 812 3247; x_wconf 88' lang='lat' dir='ltr'>aut</span> <span class='ocrx_word' id='word_1_376' title='bbox 834 3217 948 3248; x_wconf 89' lang='lat' dir='ltr'>aetate</span> <span class='ocrx_word' id='word_1_377' title='bbox 973 3216 1037 3248; x_wconf 89' lang='lat' dir='ltr'>de-</span> 
     </span>
     <span class='ocr_line' id='line_1_52' title="bbox 175 3261 1038 3306; baseline 0.005 -12"><span class='ocrx_word' id='word_1_378' title='bbox 175 3265 294 3303; x_wconf 85' lang='lat' dir='ltr'>ceptos</span> <span class='ocrx_word' id='word_1_379' title='bbox 311 3271 419 3303; x_wconf 86' lang='lat' dir='ltr'>saepe</span> <span class='ocrx_word' id='word_1_380' title='bbox 435 3261 554 3303; x_wconf 87' lang='lat' dir='ltr'>plures</span> <span class='ocrx_word' id='word_1_381' title='bbox 571 3262 615 3295; x_wconf 86' lang='lat' dir='ltr'>de</span> <span class='ocrx_word' id='word_1_382' title='bbox 633 3263 760 3296; x_wconf 90' lang='lat' dir='ltr'>eodem</span> <span class='ocrx_word' id='word_1_383' title='bbox 778 3273 925 3306; x_wconf 90' lang='lat' dir='ltr'>corpore</span> <span class='ocrx_word' id='word_1_384' title='bbox 942 3265 1038 3298; x_wconf 84' lang='lat' dir='ltr'>velut</span> 
     </span>
     <span class='ocr_line' id='line_1_53' title="bbox 175 3312 1037 3354; baseline 0.003 -10"><span class='ocrx_word' id='word_1_385' title='bbox 175 3312 228 3344; x_wconf 86' lang='lat' dir='ltr'>sui</span> <span class='ocrx_word' id='word_1_386' title='bbox 258 3313 428 3353; x_wconf 89' lang='lat' dir='ltr'>cuiusque</span> <span class='ocrx_word' id='word_1_387' title='bbox 458 3313 642 3354; x_wconf 90' lang='lat' dir='ltr'>propinqui</span> <span class='ocrx_word' id='word_1_388' title='bbox 674 3315 842 3346; x_wconf 81' lang='lat' dir='ltr'>certasse.</span> <span class='ocrx_word' id='word_1_389' title='bbox 880 3316 924 3347; x_wconf 85' lang='lat' dir='ltr'>At</span> <span class='ocrx_word' id='word_1_390' title='bbox 947 3315 1037 3347; x_wconf 88' lang='lat' dir='ltr'>hanc</span> 
     </span>
     <span class='ocr_line' id='line_1_54' title="bbox 175 3361 1037 3398; baseline 0.006 -6"><span class='ocrx_word' id='word_1_391' title='bbox 175 3368 244 3393; x_wconf 87' lang='lat' dir='ltr'>non</span> <span class='ocrx_word' id='word_1_392' title='bbox 274 3370 352 3395; x_wconf 86' lang='lat' dir='ltr'>esse</span> <span class='ocrx_word' id='word_1_393' title='bbox 378 3361 445 3394; x_wconf 89' lang='lat' dir='ltr'>loci</span> <span class='ocrx_word' id='word_1_394' title='bbox 469 3362 712 3396; x_wconf 85' lang='lat' dir='ltr'>condicionem</span> <span class='ocrx_word' id='word_1_395' title='bbox 735 3363 834 3397; x_wconf 81' lang='lat' dir='ltr'>facile</span> <span class='ocrx_word' id='word_1_396' title='bbox 859 3366 913 3398; x_wconf 89' lang='lat' dir='ltr'>est</span> <span class='ocrx_word' id='word_1_397' title='bbox 934 3365 1037 3397; x_wconf 87' lang='lat' dir='ltr'>intel-</span> 
     </span>
     <span class='ocr_line' id='line_1_55' title="bbox 175 3407 1036 3454; baseline 0.007 -12"><span class='ocrx_word' id='word_1_398' title='bbox 175 3407 278 3443; x_wconf 80' lang='lat' dir='ltr'>lectu.</span> <span class='ocrx_word' id='word_1_399' title='bbox 323 3412 554 3454; x_wconf 87' lang='lat' dir='ltr'>Nequaquam</span> <span class='ocrx_word' id='word_1_400' title='bbox 587 3413 682 3447; x_wconf 87' lang='lat' dir='ltr'>enim</span> <span class='ocrx_word' id='word_1_401' title='bbox 718 3413 895 3447; x_wconf 81' lang='lat' dir='ltr'>confusior</span> <span class='ocrx_word' id='word_1_402' title='bbox 927 3414 1036 3449; x_wconf 81' lang='lat' dir='ltr'>facies</span> 
     </span>
    </p>
   </div>
   <div class='ocr_carea' id='block_1_14' title="bbox 1084 1967 1962 3451">
    <p class='ocr_par' dir='ltr' id='par_1_15' title="bbox 1084 1967 1962 3451">
     <span class='ocr_line' id='line_1_56' title="bbox 1094 1967 1957 2013; baseline 0.005 -13"><span class='ocrx_word' id='word_1_403' title='bbox 1094 1968 1168 2009; x_wconf 88' lang='lat' dir='ltr'>pari</span> <span class='ocrx_word' id='word_1_404' title='bbox 1192 1967 1325 2002; x_wconf 86' lang='lat' dir='ltr'>formae</span> <span class='ocrx_word' id='word_1_405' title='bbox 1350 1970 1410 2002; x_wconf 90' lang='lat' dir='ltr'>aut</span> <span class='ocrx_word' id='word_1_406' title='bbox 1433 1970 1538 2003; x_wconf 88' lang='lat' dir='ltr'>aetati</span> <span class='ocrx_word' id='word_1_407' title='bbox 1553 1970 1711 2013; x_wconf 89' lang='lat' dir='ltr'>opposita</span> <span class='ocrx_word' id='word_1_408' title='bbox 1731 1979 1810 2004; x_wconf 87' lang='lat' dir='ltr'>esse</span> <span class='ocrx_word' id='word_1_409' title='bbox 1829 1971 1957 2013; x_wconf 87' lang='lat' dir='ltr'>potest.</span> 
     </span>
     <span class='ocr_line' id='line_1_57' title="bbox 1094 2019 1961 2063; baseline 0.002 -12"><span class='ocrx_word' id='word_1_410' title='bbox 1094 2019 1126 2051; x_wconf 90' lang='lat' dir='ltr'>Si</span> <span class='ocrx_word' id='word_1_411' title='bbox 1163 2027 1232 2060; x_wconf 89' lang='lat' dir='ltr'>qua</span> <span class='ocrx_word' id='word_1_412' title='bbox 1266 2021 1395 2052; x_wconf 88' lang='lat' dir='ltr'>mortui</span> <span class='ocrx_word' id='word_1_413' title='bbox 1429 2020 1536 2054; x_wconf 88' lang='lat' dir='ltr'>facies</span> <span class='ocrx_word' id='word_1_414' title='bbox 1571 2020 1664 2054; x_wconf 90' lang='lat' dir='ltr'>mole</span> <span class='ocrx_word' id='word_1_415' title='bbox 1699 2020 1814 2063; x_wconf 90' lang='lat' dir='ltr'>aliqua</span> <span class='ocrx_word' id='word_1_416' title='bbox 1845 2020 1961 2053; x_wconf 89' lang='lat' dir='ltr'>obruti</span> 
     </span>
     <span class='ocr_line' id='line_1_58' title="bbox 1094 2069 1962 2112; baseline 0.002 -11"><span class='ocrx_word' id='word_1_417' title='bbox 1094 2069 1273 2102; x_wconf 80' lang='lat' dir='ltr'>confusior</span> <span class='ocrx_word' id='word_1_418' title='bbox 1296 2070 1472 2110; x_wconf 89' lang='lat' dir='ltr'>redditur,</span> <span class='ocrx_word' id='word_1_419' title='bbox 1498 2072 1715 2112; x_wconf 87' lang='lat' dir='ltr'>investigatio</span> <span class='ocrx_word' id='word_1_420' title='bbox 1737 2071 1812 2104; x_wconf 76' lang='lat' dir='ltr'>veri</span> <span class='ocrx_word' id='word_1_421' title='bbox 1836 2080 1877 2103; x_wconf 88' lang='lat' dir='ltr'>ea</span> <span class='ocrx_word' id='word_1_422' title='bbox 1901 2071 1962 2103; x_wconf 91' lang='lat' dir='ltr'>de-</span> 
     </span>
     <span class='ocr_line' id='line_1_59' title="bbox 1093 2118 1961 2161; baseline 0.005 -11"><span class='ocrx_word' id='word_1_423' title='bbox 1093 2118 1225 2151; x_wconf 89' lang='lat' dir='ltr'>bilitate</span> <span class='ocrx_word' id='word_1_424' title='bbox 1257 2120 1403 2161; x_wconf 91' lang='lat' dir='ltr'>perinde</span> <span class='ocrx_word' id='word_1_425' title='bbox 1428 2129 1470 2153; x_wconf 89' lang='lat' dir='ltr'>ac</span> <span class='ocrx_word' id='word_1_426' title='bbox 1493 2120 1719 2153; x_wconf 90' lang='lat' dir='ltr'>similitudine</span> <span class='ocrx_word' id='word_1_427' title='bbox 1744 2121 1876 2154; x_wconf 81' lang='lat' dir='ltr'>formae</span> <span class='ocrx_word' id='word_1_428' title='bbox 1901 2122 1961 2154; x_wconf 83' lang='lat' dir='ltr'>aut</span> 
     </span>
     <span class='ocr_line' id='line_1_60' title="bbox 1092 2170 1960 2212; baseline 0.002 -11"><span class='ocrx_word' id='word_1_429' title='bbox 1092 2170 1217 2202; x_wconf 85' lang='lat' dir='ltr'>aetatis</span> <span class='ocrx_word' id='word_1_430' title='bbox 1251 2170 1462 2211; x_wconf 84' lang='lat' dir='ltr'>impeditur:</span> <span class='ocrx_word' id='word_1_431' title='bbox 1500 2171 1616 2212; x_wconf 90' lang='lat' dir='ltr'>itaque</span> <span class='ocrx_word' id='word_1_432' title='bbox 1651 2172 1752 2203; x_wconf 85' lang='lat' dir='ltr'>etiam</span> <span class='ocrx_word' id='word_1_433' title='bbox 1782 2171 1960 2203; x_wconf 89' lang='lat' dir='ltr'>confusior</span> 
     </span>
     <span class='ocr_line' id='line_1_61' title="bbox 1092 2219 1957 2260; baseline 0.005 -10"><span class='ocrx_word' id='word_1_434' title='bbox 1092 2219 1198 2251; x_wconf 85' lang='lat' dir='ltr'>iacies</span> <span class='ocrx_word' id='word_1_435' title='bbox 1230 2221 1408 2260; x_wconf 86' lang='lat' dir='ltr'>agnituros</span> <span class='ocrx_word' id='word_1_436' title='bbox 1440 2221 1473 2252; x_wconf 92' lang='lat' dir='ltr'>in</span> <span class='ocrx_word' id='word_1_437' title='bbox 1505 2229 1663 2253; x_wconf 90' lang='lat' dir='ltr'>errorem</span> <span class='ocrx_word' id='word_1_438' title='bbox 1689 2220 1789 2254; x_wconf 84' lang='lat' dir='ltr'>facile</span> <span class='ocrx_word' id='word_1_439' title='bbox 1813 2220 1957 2254; x_wconf 88' lang='lat' dir='ltr'>inducit.</span> 
     </span>
     <span class='ocr_line' id='line_1_62' title="bbox 1091 2270 1956 2312; baseline 0.002 -11"><span class='ocrx_word' id='word_1_440' title='bbox 1091 2270 1229 2302; x_wconf 87' lang='lat' dir='ltr'>Tacitus</span> <span class='ocrx_word' id='word_1_441' title='bbox 1253 2271 1356 2310; x_wconf 83' lang='lat' dir='ltr'>igitur</span> <span class='ocrx_word' id='word_1_442' title='bbox 1379 2270 1413 2302; x_wconf 94' lang='lat' dir='ltr'>id</span> <span class='ocrx_word' id='word_1_443' title='bbox 1438 2271 1552 2312; x_wconf 85' lang='lat' dir='ltr'>potius</span> <span class='ocrx_word' id='word_1_444' title='bbox 1570 2271 1688 2303; x_wconf 89' lang='lat' dir='ltr'>dicere</span> <span class='ocrx_word' id='word_1_445' title='bbox 1706 2272 1789 2303; x_wconf 87' lang='lat' dir='ltr'>mihi</span> <span class='ocrx_word' id='word_1_446' title='bbox 1807 2271 1956 2311; x_wconf 90' lang='lat' dir='ltr'>videtur,</span> 
     </span>
     <span class='ocr_line' id='line_1_63' title="bbox 1092 2319 1958 2362; baseline 0.002 -11"><span class='ocrx_word' id='word_1_447' title='bbox 1092 2319 1215 2352; x_wconf 81' lang='lat' dir='ltr'>taciem</span> <span class='ocrx_word' id='word_1_448' title='bbox 1247 2320 1429 2352; x_wconf 92' lang='lat' dir='ltr'>hominum</span> <span class='ocrx_word' id='word_1_449' title='bbox 1453 2322 1555 2353; x_wconf 88' lang='lat' dir='ltr'>ruina</span> <span class='ocrx_word' id='word_1_450' title='bbox 1579 2321 1825 2362; x_wconf 82' lang='lat' dir='ltr'>amphitheatri</span> <span class='ocrx_word' id='word_1_451' title='bbox 1849 2320 1958 2353; x_wconf 91' lang='lat' dir='ltr'>obru-</span> 
     </span>
     <span class='ocr_line' id='line_1_64' title="bbox 1091 2369 1958 2412; baseline 0.002 -11"><span class='ocrx_word' id='word_1_452' title='bbox 1091 2370 1208 2402; x_wconf 89' lang='lat' dir='ltr'>torum</span> <span class='ocrx_word' id='word_1_453' title='bbox 1231 2369 1470 2403; x_wconf 79' lang='lat' dir='ltr'>confusiorem</span> <span class='ocrx_word' id='word_1_454' title='bbox 1494 2370 1600 2403; x_wconf 80' lang='lat' dir='ltr'>fuisse</span> <span class='ocrx_word' id='word_1_455' title='bbox 1622 2379 1729 2412; x_wconf 88' lang='lat' dir='ltr'>quam</span> <span class='ocrx_word' id='word_1_456' title='bbox 1753 2372 1791 2403; x_wconf 85' lang='lat' dir='ltr'>ut</span> <span class='ocrx_word' id='word_1_457' title='bbox 1808 2371 1958 2404; x_wconf 88' lang='lat' dir='ltr'>exanimi</span> 
     </span>
     <span class='ocr_line' id='line_1_65' title="bbox 1090 2421 1958 2462; baseline 0.003 -12"><span class='ocrx_word' id='word_1_458' title='bbox 1090 2428 1154 2460; x_wconf 91' lang='lat' dir='ltr'>pro</span> <span class='ocrx_word' id='word_1_459' title='bbox 1179 2421 1276 2451; x_wconf 89' lang='lat' dir='ltr'>certo</span> <span class='ocrx_word' id='word_1_460' title='bbox 1303 2421 1445 2460; x_wconf 85' lang='lat' dir='ltr'>agnosci</span> <span class='ocrx_word' id='word_1_461' title='bbox 1469 2421 1661 2462; x_wconf 89' lang='lat' dir='ltr'>potuerint,</span> <span class='ocrx_word' id='word_1_462' title='bbox 1686 2423 1717 2452; x_wconf 86' lang='lat' dir='ltr'>et</span> <span class='ocrx_word' id='word_1_463' title='bbox 1739 2429 1862 2462; x_wconf 88' lang='lat' dir='ltr'>parem</span> <span class='ocrx_word' id='word_1_464' title='bbox 1886 2421 1958 2453; x_wconf 83' lang='lat' dir='ltr'>for-</span> 
     </span>
     <span class='ocr_line' id='line_1_66' title="bbox 1091 2471 1957 2504; baseline 0.003 -4"><span class='ocrx_word' id='word_1_465' title='bbox 1091 2478 1186 2501; x_wconf 86' lang='lat' dir='ltr'>mam</span> <span class='ocrx_word' id='word_1_466' title='bbox 1222 2471 1282 2502; x_wconf 90' lang='lat' dir='ltr'>aut</span> <span class='ocrx_word' id='word_1_467' title='bbox 1315 2472 1466 2502; x_wconf 82' lang='lat' dir='ltr'>aetatem</span> <span class='ocrx_word' id='word_1_468' title='bbox 1503 2471 1711 2503; x_wconf 84' lang='lat' dir='ltr'>necessariis</span> <span class='ocrx_word' id='word_1_469' title='bbox 1747 2473 1807 2502; x_wconf 88' lang='lat' dir='ltr'>aut</span> <span class='ocrx_word' id='word_1_470' title='bbox 1835 2472 1957 2504; x_wconf 89' lang='lat' dir='ltr'>amicis</span> 
     </span>
     <span class='ocr_line' id='line_1_67' title="bbox 1090 2521 1958 2562; baseline 0.003 -12"><span class='ocrx_word' id='word_1_471' title='bbox 1090 2528 1198 2561; x_wconf 87' lang='lat' dir='ltr'>saepe</span> <span class='ocrx_word' id='word_1_472' title='bbox 1222 2521 1453 2562; x_wconf 87' lang='lat' dir='ltr'>imposuisse,</span> <span class='ocrx_word' id='word_1_473' title='bbox 1484 2522 1523 2552; x_wconf 90' lang='lat' dir='ltr'>ut</span> <span class='ocrx_word' id='word_1_474' title='bbox 1550 2521 1584 2553; x_wconf 92' lang='lat' dir='ltr'>in</span> <span class='ocrx_word' id='word_1_475' title='bbox 1608 2521 1703 2553; x_wconf 91' lang='lat' dir='ltr'>idem</span> <span class='ocrx_word' id='word_1_476' title='bbox 1728 2521 1880 2553; x_wconf 89' lang='lat' dir='ltr'>cadaver</span> <span class='ocrx_word' id='word_1_477' title='bbox 1902 2522 1958 2554; x_wconf 90' lang='lat' dir='ltr'>in-</span> 
     </span>
     <span class='ocr_line' id='line_1_68' title="bbox 1091 2570 1958 2612; baseline 0.002 -10"><span class='ocrx_word' id='word_1_478' title='bbox 1091 2570 1248 2603; x_wconf 89' lang='lat' dir='ltr'>cidentes</span> <span class='ocrx_word' id='word_1_479' title='bbox 1283 2570 1338 2602; x_wconf 89' lang='lat' dir='ltr'>alii</span> <span class='ocrx_word' id='word_1_480' title='bbox 1373 2571 1467 2603; x_wconf 89' lang='lat' dir='ltr'>aliud</span> <span class='ocrx_word' id='word_1_481' title='bbox 1503 2580 1631 2612; x_wconf 91' lang='lat' dir='ltr'>corpus</span> <span class='ocrx_word' id='word_1_482' title='bbox 1666 2579 1858 2611; x_wconf 84' lang='lat' dir='ltr'>agnoscere</span> <span class='ocrx_word' id='word_1_483' title='bbox 1889 2571 1958 2604; x_wconf 90' lang='lat' dir='ltr'>sibi</span> 
     </span>
     <span class='ocr_line' id='line_1_69' title="bbox 1090 2621 1957 2662; baseline 0.002 -11"><span class='ocrx_word' id='word_1_484' title='bbox 1090 2621 1152 2652; x_wconf 90' lang='lat' dir='ltr'>visi</span> <span class='ocrx_word' id='word_1_485' title='bbox 1176 2621 1257 2653; x_wconf 90' lang='lat' dir='ltr'>sint.</span> <span class='ocrx_word' id='word_1_486' title='bbox 1283 2621 1449 2653; x_wconf 64' lang='lat' dir='ltr'>Hsnanns.</span> <span class='ocrx_word' id='word_1_487' title='bbox 1471 2638 1505 2643; x_wconf 93' lang='lat'>——-</span> <span class='ocrx_word' id='word_1_488' title='bbox 1525 2621 1773 2662; x_wconf 74' lang='lat' dir='ltr'>quinquaqinta</span> <span class='ocrx_word' id='word_1_489' title='bbox 1790 2622 1957 2653; x_wconf 81' lang='lat' dir='ltr'>hominum</span> 
     </span>
     <span class='ocr_line' id='line_1_70' title="bbox 1088 2669 1957 2712; baseline 0.002 -11"><span class='ocrx_word' id='word_1_490' title='bbox 1088 2670 1183 2702; x_wconf 82' lang='lat' dir='ltr'>mitia</span> <span class='ocrx_word' id='word_1_491' title='bbox 1207 2670 1288 2712; x_wconf 91' lang='lat' dir='ltr'>cet.]</span> <span class='ocrx_word' id='word_1_492' title='bbox 1314 2672 1456 2702; x_wconf 87' lang='lat' dir='ltr'>Sueton.</span> <span class='ocrx_word' id='word_1_493' title='bbox 1475 2670 1549 2702; x_wconf 88' lang='lat' dir='ltr'>Tib.</span> <span class='ocrx_word' id='word_1_494' title='bbox 1567 2669 1628 2702; x_wconf 81' lang='lat'>40:</span> <span class='ocrx_word' id='word_1_495' title='bbox 1652 2674 1828 2703; x_wconf 79' lang='lat' dir='ltr'>revocante</span> <span class='ocrx_word' id='word_1_496' title='bbox 1845 2670 1957 2712; x_wconf 84' lang='lat' dir='ltr'>(Tibe-</span> 
     </span>
     <span class='ocr_line' id='line_1_71' title="bbox 1089 2719 1956 2761; baseline 0.002 -10"><span class='ocrx_word' id='word_1_497' title='bbox 1089 2719 1179 2751; x_wconf 88' lang='lat' dir='ltr'>rium</span> <span class='ocrx_word' id='word_1_498' title='bbox 1203 2719 1247 2752; x_wconf 89' lang='lat' dir='ltr'>ab</span> <span class='ocrx_word' id='word_1_499' title='bbox 1273 2719 1383 2752; x_wconf 85' lang='lat' dir='ltr'>insula</span> <span class='ocrx_word' id='word_1_500' title='bbox 1408 2720 1564 2761; x_wconf 86' lang='lat' dir='ltr'>Capreis)</span> <span class='ocrx_word' id='word_1_501' title='bbox 1589 2721 1724 2752; x_wconf 84' lang='lat' dir='ltr'>assidua</span> <span class='ocrx_word' id='word_1_502' title='bbox 1746 2720 1956 2753; x_wconf 68' lang='lat' dir='ltr'>obtestatione</span> 
     </span>
     <span class='ocr_line' id='line_1_72' title="bbox 1084 2769 1955 2811; baseline 0.002 -11"><span class='ocrx_word' id='word_1_503' title='bbox 1084 2769 1207 2809; x_wconf 85' lang='lat' dir='ltr'>populo</span> <span class='ocrx_word' id='word_1_504' title='bbox 1238 2773 1375 2810; x_wconf 86' lang='lat' dir='ltr'>propter</span> <span class='ocrx_word' id='word_1_505' title='bbox 1406 2770 1554 2809; x_wconf 76' lang='lat' dir='ltr'>cladem,</span> <span class='ocrx_word' id='word_1_506' title='bbox 1591 2779 1659 2811; x_wconf 84' lang='lat' dir='ltr'>qua</span> <span class='ocrx_word' id='word_1_507' title='bbox 1693 2771 1783 2810; x_wconf 82' lang='lat' dir='ltr'>apud</span> <span class='ocrx_word' id='word_1_508' title='bbox 1815 2771 1955 2802; x_wconf 79' lang='lat' dir='ltr'>Fidenas</span> 
     </span>
     <span class='ocr_line' id='line_1_73' title="bbox 1087 2820 1955 2861; baseline 0.002 -11"><span class='ocrx_word' id='word_1_509' title='bbox 1087 2827 1192 2858; x_wconf 86' lang='lat' dir='ltr'>supra</span> <span class='ocrx_word' id='word_1_510' title='bbox 1213 2820 1331 2860; x_wconf 71' lang='lat' dir='ltr'>viqinti</span> <span class='ocrx_word' id='word_1_511' title='bbox 1354 2820 1523 2851; x_wconf 84' lang='lat' dir='ltr'>hominum</span> <span class='ocrx_word' id='word_1_512' title='bbox 1545 2820 1639 2852; x_wconf 83' lang='lat' dir='ltr'>mitia</span> <span class='ocrx_word' id='word_1_513' title='bbox 1660 2820 1863 2861; x_wconf 63' lang='lat' dir='ltr'>¹qladiatorio</span> <span class='ocrx_word' id='word_1_514' title='bbox 1878 2829 1955 2852; x_wconf 82' lang='lat' dir='ltr'>mu-</span> 
     </span>
     <span class='ocr_line' id='line_1_74' title="bbox 1086 2869 1956 2910; baseline 0.002 -10"><span class='ocrx_word' id='word_1_515' title='bbox 1086 2877 1163 2900; x_wconf 80' lang='lat' dir='ltr'>nere</span> <span class='ocrx_word' id='word_1_516' title='bbox 1193 2869 1426 2908; x_wconf 74' lang='lat' dir='ltr'>amphitheatri</span> <span class='ocrx_word' id='word_1_517' title='bbox 1460 2869 1563 2901; x_wconf 84' lang='lat' dir='ltr'>ruina</span> <span class='ocrx_word' id='word_1_518' title='bbox 1598 2872 1786 2910; x_wconf 79' lang='lat' dir='ltr'>perierant,</span> <span class='ocrx_word' id='word_1_519' title='bbox 1823 2870 1956 2902; x_wconf 76' lang='lat' dir='ltr'>transiit</span> 
     </span>
     <span class='ocr_line' id='line_1_75' title="bbox 1086 2919 1955 2953; baseline 0.001 -3"><span class='ocrx_word' id='word_1_520' title='bbox 1086 2920 1121 2951; x_wconf 76' lang='lat' dir='ltr'>in</span> <span class='ocrx_word' id='word_1_521' title='bbox 1149 2920 1376 2950; x_wconf 80' lang='lat' dir='ltr'>continentem.</span> <span class='ocrx_word' id='word_1_522' title='bbox 1414 2919 1574 2952; x_wconf 87' lang='lat' dir='ltr'>Eundem</span> <span class='ocrx_word' id='word_1_523' title='bbox 1607 2928 1795 2953; x_wconf 88' lang='lat' dir='ltr'>numerum</span> <span class='ocrx_word' id='word_1_524' title='bbox 1818 2920 1955 2952; x_wconf 89' lang='lat' dir='ltr'>occiso-</span> 
     </span>
     <span class='ocr_line' id='line_1_76' title="bbox 1088 2968 1954 3009; baseline 0.001 -9"><span class='ocrx_word' id='word_1_525' title='bbox 1088 2977 1186 3008; x_wconf 87' lang='lat' dir='ltr'>rum,</span> <span class='ocrx_word' id='word_1_526' title='bbox 1220 2968 1348 3009; x_wconf 91' lang='lat' dir='ltr'>quibus</span> <span class='ocrx_word' id='word_1_527' title='bbox 1371 2969 1509 3002; x_wconf 85' lang='lat' dir='ltr'>Tacitus</span> <span class='ocrx_word' id='word_1_528' title='bbox 1539 2970 1646 3002; x_wconf 88' lang='lat' dir='ltr'>etiam</span> <span class='ocrx_word' id='word_1_529' title='bbox 1668 2970 1867 3003; x_wconf 88' lang='lat' dir='ltr'>debilitatos</span> <span class='ocrx_word' id='word_1_530' title='bbox 1889 2969 1954 3001; x_wconf 91' lang='lat' dir='ltr'>ad-</span> 
     </span>
     <span class='ocr_line' id='line_1_77' title="bbox 1088 3018 1953 3061; baseline 0 -10"><span class='ocrx_word' id='word_1_531' title='bbox 1088 3019 1184 3057; x_wconf 87' lang='lat' dir='ltr'>didit,</span> <span class='ocrx_word' id='word_1_532' title='bbox 1211 3018 1354 3050; x_wconf 72' lang='lat' dir='ltr'>exhibet</span> <span class='ocrx_word' id='word_1_533' title='bbox 1370 3019 1510 3051; x_wconf 86' lang='lat' dir='ltr'>Orosius</span> <span class='ocrx_word' id='word_1_534' title='bbox 1527 3020 1558 3059; x_wconf 86' lang='lat'>7,</span> <span class='ocrx_word' id='word_1_535' title='bbox 1577 3019 1609 3053; x_wconf 79' lang='lat'>4.</span> <span class='ocrx_word' id='word_1_536' title='bbox 1633 3038 1667 3043; x_wconf 96' lang='lat'><strong>—</strong></span> <span class='ocrx_word' id='word_1_537' title='bbox 1693 3028 1813 3051; x_wconf 80' lang='lat' dir='ltr'>munus</span> <span class='ocrx_word' id='word_1_538' title='bbox 1836 3018 1953 3061; x_wconf 82' lang='lat' dir='ltr'>ederet]</span> 
     </span>
     <span class='ocr_line' id='line_1_78' title="bbox 1088 3069 1955 3110; baseline 0.003 -11"><span class='ocrx_word' id='word_1_539' title='bbox 1088 3076 1242 3109; x_wconf 89' lang='lat' dir='ltr'>quocum</span> <span class='ocrx_word' id='word_1_540' title='bbox 1267 3069 1301 3100; x_wconf 89' lang='lat' dir='ltr'>in</span> <span class='ocrx_word' id='word_1_541' title='bbox 1332 3069 1527 3110; x_wconf 89' lang='lat' dir='ltr'>municipiis</span> <span class='ocrx_word' id='word_1_542' title='bbox 1551 3070 1647 3102; x_wconf 85' lang='lat' dir='ltr'>certe</span> <span class='ocrx_word' id='word_1_543' title='bbox 1672 3070 1855 3102; x_wconf 89' lang='lat' dir='ltr'>coniuncta</span> <span class='ocrx_word' id='word_1_544' title='bbox 1879 3070 1955 3102; x_wconf 82' lang='lat' dir='ltr'>erat</span> 
     </span>
     <span class='ocr_line' id='line_1_79' title="bbox 1087 3118 1955 3160; baseline 0.001 -11"><span class='ocrx_word' id='word_1_545' title='bbox 1087 3118 1335 3159; x_wconf 86' lang='lat' dir='ltr'>amphitheatri</span> <span class='ocrx_word' id='word_1_546' title='bbox 1359 3120 1560 3152; x_wconf 86' lang='lat' dir='ltr'>exstructio.</span> <span class='ocrx_word' id='word_1_547' title='bbox 1581 3137 1615 3142; x_wconf 97' lang='lat'><strong>—</strong></span> <span class='ocrx_word' id='word_1_548' title='bbox 1637 3120 1955 3160; x_wconf 66' lang='lat' dir='ltr'>quadringentorum</span> 
     </span>
     <span class='ocr_line' id='line_1_80' title="bbox 1086 3167 1953 3209; baseline 0.002 -10"><span class='ocrx_word' id='word_1_549' title='bbox 1086 3167 1224 3209; x_wconf 78' lang='lat' dir='ltr'>milium]</span> <span class='ocrx_word' id='word_1_550' title='bbox 1257 3170 1421 3201; x_wconf 90' lang='lat' dir='ltr'>monetae</span> <span class='ocrx_word' id='word_1_551' title='bbox 1446 3168 1595 3202; x_wconf 85' lang='lat' dir='ltr'>Gallicae</span> <span class='ocrx_word' id='word_1_552' title='bbox 1619 3169 1741 3208; x_wconf 91' lang='lat'>80,000</span> <span class='ocrx_word' id='word_1_553' title='bbox 1765 3167 1892 3206; x_wconf 88' lang='lat' dir='ltr'>librae;</span> <span class='ocrx_word' id='word_1_554' title='bbox 1923 3169 1953 3202; x_wconf 89' lang='lat' dir='ltr'>is</span> 
     </span>
     <span class='ocr_line' id='line_1_81' title="bbox 1087 3218 1950 3258; baseline 0.003 -9"><span class='ocrx_word' id='word_1_555' title='bbox 1087 3219 1166 3249; x_wconf 88' lang='lat' dir='ltr'>ante</span> <span class='ocrx_word' id='word_1_556' title='bbox 1206 3218 1402 3258; x_wconf 85' lang='lat' dir='ltr'>Augustum</span> <span class='ocrx_word' id='word_1_557' title='bbox 1441 3228 1570 3252; x_wconf 89' lang='lat' dir='ltr'>census</span> <span class='ocrx_word' id='word_1_558' title='bbox 1617 3219 1728 3251; x_wconf 81' lang='lat' dir='ltr'>fuerat</span> <span class='ocrx_word' id='word_1_559' title='bbox 1774 3219 1950 3258; x_wconf 86' lang='lat' dir='ltr'>equester.</span> 
     </span>
     <span class='ocr_line' id='line_1_82' title="bbox 1087 3267 1950 3309; baseline 0.003 -11"><span class='ocrx_word' id='word_1_560' title='bbox 1087 3267 1206 3299; x_wconf 69' lang='lat' dir='ltr'>Osann.</span> <span class='ocrx_word' id='word_1_561' title='bbox 1225 3285 1268 3291; x_wconf 91' lang='lat'>—-</span> <span class='ocrx_word' id='word_1_562' title='bbox 1282 3268 1516 3309; x_wconf 78' lang='lat' dir='ltr'>imponeretur]</span> <span class='ocrx_word' id='word_1_563' title='bbox 1542 3269 1563 3299; x_wconf 90' lang='lat' dir='ltr'>i.</span> <span class='ocrx_word' id='word_1_564' title='bbox 1584 3276 1614 3299; x_wconf 91' lang='lat' dir='ltr'>e.</span> <span class='ocrx_word' id='word_1_565' title='bbox 1633 3268 1950 3308; x_wconf 80' lang='lat' dir='ltr'>superstrueretur.</span> 
     </span>
     <span class='ocr_line' id='line_1_83' title="bbox 1087 3317 1948 3357; baseline 0.002 -9"><span class='ocrx_word' id='word_1_566' title='bbox 1087 3317 1206 3348; x_wconf 89' lang='lat' dir='ltr'>Horat.</span> <span class='ocrx_word' id='word_1_567' title='bbox 1226 3317 1295 3350; x_wconf 85' lang='lat' dir='ltr'>sat.</span> <span class='ocrx_word' id='word_1_568' title='bbox 1315 3318 1346 3357; x_wconf 92' lang='grc'>4,</span> <span class='ocrx_word' id='word_1_569' title='bbox 1363 3319 1395 3356; x_wconf 84' lang='grc'>5,</span> <span class='ocrx_word' id='word_1_570' title='bbox 1414 3319 1473 3350; x_wconf 73' lang='lat'>26:</span> <span class='ocrx_word' id='word_1_571' title='bbox 1499 3317 1688 3357; x_wconf 78' lang='lat' dir='ltr'>impositum</span> <span class='ocrx_word' id='word_1_572' title='bbox 1709 3317 1802 3348; x_wconf 77' lang='lat' dir='ltr'>saxis</span> <span class='ocrx_word' id='word_1_573' title='bbox 1818 3317 1948 3351; x_wconf 74' lang='lat' dir='ltr'>Anxur.</span> 
     </span>
     <span class='ocr_line' id='line_1_84' title="bbox 1088 3366 1951 3408; baseline 0.002 -10"><span class='ocrx_word' id='word_1_574' title='bbox 1088 3383 1123 3389; x_wconf 91' lang='lat'><em>-</em></span> <span class='ocrx_word' id='word_1_575' title='bbox 1141 3369 1290 3400; x_wconf 81' lang='lat' dir='ltr'>veterum</span> <span class='ocrx_word' id='word_1_576' title='bbox 1304 3368 1461 3400; x_wconf 82' lang='lat' dir='ltr'>institutis</span> <span class='ocrx_word' id='word_1_577' title='bbox 1476 3366 1600 3408; x_wconf 81' lang='lat' dir='ltr'>similis]</span> <span class='ocrx_word' id='word_1_578' title='bbox 1625 3366 1695 3399; x_wconf 90' lang='lat' dir='ltr'>Liv.</span> <span class='ocrx_word' id='word_1_579' title='bbox 1714 3367 1747 3407; x_wconf 88' lang='grc'>2,</span> <span class='ocrx_word' id='word_1_580' title='bbox 1765 3366 1826 3400; x_wconf 73' lang='lat'>47:</span> <span class='ocrx_word' id='word_1_581' title='bbox 1850 3369 1951 3400; x_wconf 83' lang='lat' dir='ltr'>Man-</span> 
     </span>
     <span class='ocr_line' id='line_1_85' title="bbox 1085 3415 1952 3451; baseline 0.003 -3"><span class='ocrx_word' id='word_1_582' title='bbox 1085 3415 1148 3449; x_wconf 77' lang='lat' dir='ltr'>ltus</span> <span class='ocrx_word' id='word_1_583' title='bbox 1177 3417 1290 3450; x_wconf 82' lang='lat' dir='ltr'>consul</span> <span class='ocrx_word' id='word_1_584' title='bbox 1317 3418 1447 3451; x_wconf 77' lang='lat' dir='ltr'>saucios</span> <span class='ocrx_word' id='word_1_585' title='bbox 1475 3417 1616 3449; x_wconf 85' lang='lat' dir='ltr'>militum</span> <span class='ocrx_word' id='word_1_586' title='bbox 1642 3417 1807 3450; x_wconf 83' lang='lat' dir='ltr'>curandos</span> <span class='ocrx_word' id='word_1_587' title='bbox 1834 3418 1952 3451; x_wconf 81' lang='lat' dir='ltr'>dividit</span> 
     </span>
    </p>
   </div>
  </div>
 </body>
</html>
