2254 3770
714 285 867 330 LIBER
896 285 999 330 xvi.
1039 284 1140 343 cap.
1172 284 1239 328 32.
1269 283 1336 328 33.
1380 282 1447 327 34.

1886 280 1968 324 567

183 394 329 453 specie
358 393 565 438 bonarum
595 392 748 436 artium
776 391 904 436 falsos
935 398 978 436 et
1006 391 1216 436 amicitiae
1238 390 1421 434 fallaces.
1468 389 1550 445 (33)
1576 387 1689 432 idem
1711 393 1851 430 tamen
1873 386 1967 430 dies

184 476 228 515 et
254 469 480 514 honestum
510 466 751 526 exemplum
779 466 872 510 tulit
903 467 1038 511 Cassii
1068 465 1378 524 Asclepiodoti,
1414 465 1488 523 qui
1517 463 1807 521 magnitudine
1836 475 1967 519 opum

185 545 443 604 praecipuus
471 544 583 588 inter
609 542 836 602 Bithynos,
868 556 955 600 quo
986 541 1196 600 obsequio
1226 539 1449 584 florentem
1481 540 1690 583 Soranum
1721 537 1967 582 celebrave—

184 626 269 673 rat,
307 620 521 665 labentem
561 632 648 662 non
684 616 897 668 deseruit,
938 622 1179 674 exutusque
1209 615 1407 659 omnibus
1446 614 1623 658 fortunis
1653 619 1696 657 et
1724 613 1767 655 in
1796 611 1967 661 exilium

185 701 323 747 actus,
355 694 569 753 aequitate
599 693 730 737 deum
759 705 861 749 erga
891 692 1004 735 bona
1033 690 1231 748 malaque
1253 690 1520 734 documenta.
1551 689 1763 732 Thraseae
1784 688 2001 730 Sorano-5

185 783 271 829 que
300 776 344 814 et
372 768 577 814 Serviliae
606 768 732 812 datur
760 766 908 811 mortis
937 766 1170 810 arbitrium.
1201 765 1422 809 Helvidius
1452 771 1495 809 et
1517 763 1728 808 Paconius
1756 761 1874 805 Italia
1894 761 1970 804 de-

185 845 411 904 pelluntur.
441 845 664 888 Montanus
693 842 803 901 patri
833 855 1067 886 concessus
1097 846 1178 891 est,
1210 840 1430 898 praedicto
1460 854 1515 884 ne
1534 840 1578 882 in
1597 853 1644 883 re
1664 853 1705 896 p.
1727 837 1969 881 haberetur.

186 919 508 965 accusatoribus
528 918 658 977 Eprio
679 924 722 961 et
742 917 994 962 Cossutiano
1015 916 1301 975 quinquagies
1322 915 1564 959 sestertium
1586 913 1774 971 singulis,
1797 912 1970 957 Ostorio

185 995 422 1040 duodecies
442 1001 484 1039 et
503 993 750 1052 quaestoria
770 992 950 1050 insignia
969 991 1222 1035 tribuuntur.
1254 990 1335 1047 (34)
1357 997 1445 1034 tum
1462 989 1515 1033 ad
1531 989 1760 1033 Thraseam
1780 989 1821 1030 in
1839 987 1972 1031 hortis

185 1077 381 1128 agentem
411 1075 616 1128 quaestor
644 1067 832 1112 consulis
858 1067 1015 1110 missus
1034 1072 1366 1124 vesperascente
1396 1065 1479 1108 iam
1500 1065 1583 1108 die.
1614 1064 1838 1108 illustrium
1860 1062 2022 1106 viro-⁴0

186 1160 282 1190 rum
311 1145 650 1202 feminarumque
681 1149 830 1187 coetus
859 1142 1107 1199 frequentes
1136 1148 1293 1199 egerat,
1325 1141 1507 1184 maxime
1533 1141 1718 1184 intentus
1742 1139 1971 1189 Demetrio,

187 1221 376 1282 Cynicae
404 1219 676 1263 institutionis
708 1218 896 1271 doctori3
928 1231 1027 1262 cum
1056 1231 1161 1275 quo,
1193 1223 1240 1260 ut
1259 1217 1500 1261 coniectare
1522 1223 1613 1260 erat
1632 1215 1861 1258 intentione
1882 1213 1974 1256 vul-

187 1305 256 1340 tus
286 1302 329 1340 et
357 1294 531 1346 auditis,
562 1294 599 1337 si
628 1307 714 1352 qua
743 1293 899 1338 clarius
923 1292 1308 1351 proloquebantur‚
1339 1291 1395 1335 de
1414 1298 1566 1335 natura
1585 1291 1752 1334 animae
1773 1296 1815 1333 et
1834 1289 1973 1332 disso-

189 1371 370 1416 ciatione
402 1369 575 1428 spiritus
607 1369 887 1427 corporisque
918 1367 1180 1426 inquirebat,
1220 1367 1359 1411 donec
1387 1367 1560 1410 advenit
1586 1365 1795 1409 Domitius
1826 1365 1975 1408 Caeci-

165 1438 347 1498 lianus,
379 1459 433 1490 ex
461 1444 620 1487 intimis
651 1444 819 1495 amicis,
852 1450 894 1487 et
923 1443 960 1487 ei
992 1442 1097 1502 quid
1126 1449 1300 1486 senatus
1329 1442 1569 1486 censuisset
1597 1440 1807 1499 exposuit.
1849 1440 2024 1496 igituris

187 1520 341 1565 flentes
361 1520 700 1578 quiritantesque
721 1519 795 1576 qui
825 1517 1003 1562 aderant
1030 1518 1246 1562 facessere
1269 1531 1454 1575 propere
1475 1516 1661 1560 Thrasea
1679 1529 1763 1559 neu
1783 1514 1975 1573 pericula

254 1617 287 1650 3.
312 1616 463 1657 bythinos
483 1616 518 1649 M
543 1633 578 1639 —
604 1614 636 1648 4.
661 1614 822 1648 labentem
843 1615 893 1648 M:
920 1613 1085 1647 labantem
1107 1612 1174 1645 alii.
1202 1630 1238 1635 —
1263 1613 1297 1645 5.
1322 1610 1492 1653 aequitate
1514 1608 1570 1644 dm
1587 1612 1620 1645 M
1641 1628 1678 1634 —
1703 1611 1734 1644 8.
1761 1612 1853 1657 eprio
1877 1611 1910 1644 M
1935 1628 1971 1633 —-

187 1674 221 1707 9.
246 1682 270 1706 a
291 1673 459 1705 thr-oseam
480 1672 514 1704 M
539 1689 575 1694 —
601 1671 655 1704 40.
680 1671 822 1703 consulis
843 1671 894 1704 M:
921 1670 1074 1703 Caesaris
1095 1670 1260 1702 Ritterus.
1279 1686 1315 1691 -
1342 1669 1396 1701 44.
1420 1665 1709 1709 frequente'eqerat
1730 1668 1763 1700 M
1789 1685 1825 1690 —
1850 1665 1978 1699 intentu

189 1730 221 1763 M
245 1746 282 1752 —
309 1728 363 1762 43.
387 1731 511 1773 nature
531 1728 565 1761 M
592 1746 627 1751 —
653 1727 706 1760 46.
725 1727 986 1768 quiritantesque
1000 1726 1207 1759 Rhenanus:
1235 1725 1501 1767 queritantesque
1523 1725 1575 1763 M;
1601 1727 1833 1765 querentesque
1848 1722 1916 1756 alii.
1935 1740 1970 1746 —

185 1785 350 1827 facescere
371 1785 405 1818 M
430 1802 466 1808 —
491 1793 558 1816 neu
577 1785 630 1817 M:
656 1792 714 1816 nec
736 1782 950 1825 Nipperdey.

187 1874 242 1906 ier
261 1873 327 1914 fuit
348 1880 428 1904 usus
448 1871 563 1904 edendi
589 1871 785 1912 Tempestate
807 1879 903 1910 mea;
938 1870 1060 1904 Circeis

187 1925 272 1955 nata
287 1922 399 1963 forent
409 1930 455 1954 an
467 1921 647 1953 Lucrinum
659 1921 704 1952 ad
718 1929 841 1952 saxum
852 1920 1059 1960 Rutupinove

188 1973 279 2006 edita
298 1972 403 2013 fundo
426 1971 559 2011 Ostrea,
582 1970 723 2003 callebat
734 1971 846 2011 primo
861 1971 1060 2011 deprendere

187 2031 318 2062 morsu,
344 2022 387 2054 Et
401 2021 498 2054 semel
512 2021 634 2062 aspecti
648 2021 726 2053 litus
740 2020 868 2053 dicebat
882 2021 997 2053 echini.
1019 2038 1055 2044 —

187 2072 368 2115 concessus]
386 2071 619 2112 condonatus,
637 2080 754 2113 neque
770 2071 976 2104 interfectus
992 2079 1059 2103 nec

190 2126 227 2157 in
249 2122 411 2156 exsilium
434 2123 546 2154 actus.
574 2139 610 2144 —
636 2130 676 2154 ne
697 2121 734 2153 in
755 2130 794 2153 re
811 2130 847 2162 p.
871 2120 1059 2162 haberetur]

188 2173 352 2215 Accipio,
376 2173 416 2204 ut
438 2172 570 2205 Romae
594 2170 740 2212 quidem
765 2179 845 2204 esse
869 2171 901 2203 ei
924 2169 1059 2209 liceret,

190 2223 255 2256 sed
278 2220 401 2265 procul
424 2220 469 2254 ab
492 2221 626 2253 honore
650 2221 746 2253 omni
763 2222 798 2253 et
820 2219 971 2262 publicis
986 2229 1062 2253 mu-

191 2272 337 2307 neribus
358 2273 465 2305 vitam
490 2273 611 2313 ageret
631 2272 816 2314 privatam.
843 2272 929 2303 Lirs.

234 2323 287 2357 34.
315 2325 471 2364 quaestor
491 2322 634 2354 consulis
650 2322 779 2364 missus]
802 2322 970 2363 quoniam
987 2322 1064 2353 erat

191 2372 393 2413 consulum,
419 2373 479 2414 qui
501 2372 639 2406 senatui
662 2371 914 2414 praesidebant
934 2372 976 2411 (c.
995 2370 1060 2410 30),

192 2423 340 2465 exsequi
370 2431 462 2464 quae
493 2422 637 2454 senatus
668 2422 867 2454 censuerat.
903 2420 988 2453 lude
1017 2419 1062 2451 ab

193 2482 286 2506 anno
314 2481 350 2505 u.
376 2481 407 2505 c.
432 2471 497 2504 746
528 2470 693 2504 consules
722 2471 826 2504 binos
856 2472 1064 2512 quaestores

193 2522 396 2556 habuerunt
417 2522 507 2554 teste
530 2521 641 2553 Dione
658 2520 714 2561 48,
731 2520 793 2553 43:
819 2516 878 2561 οἷς
900 2516 1064 2566 πρώτοις

193 2570 264 2606 δύο
293 2571 488 2617 ἑκατέροις
516 2573 687 2613 ταμιεΐαι
717 2571 977 2614 συνεγένοντο.
1011 2568 1062 2602 Cf.

195 2622 281 2657 Plin.
307 2622 394 2664 Epp.
419 2620 452 2661 4,
479 2621 533 2660 45,
558 2621 612 2653 40.
632 2621 684 2652 42.
710 2620 744 2659 8,
761 2621 815 2660 23,
834 2621 866 2652 5.
892 2620 1065 2659 Quaesto-

195 2681 255 2706 res
284 2673 405 2704 autem
435 2672 506 2704 iam
528 2670 596 2704 sub
620 2669 759 2703 Tiberio
781 2669 958 2703 interdum
983 2670 1066 2702 mit-

197 2721 364 2755 tebantur
392 2720 438 2754 ad
460 2721 584 2754 mortis
607 2720 857 2753 necessitatem
879 2720 963 2753 viris
986 2718 1066 2752 illu-

196 2771 328 2806 stribus
351 2769 640 2804 denuntiandam.
679 2770 743 2803 Dio
766 2770 823 2807 58.
849 2769 888 2808 4,
913 2770 950 2801 5:
983 2766 1067 2801 Τῶν

196 2820 226 2854 δ’
253 2815 378 2854 ἄλλων
406 2818 542 2852 πολλοὶ
563 2820 629 2852 καὶ
656 2815 871 2862 ὀνομαστοὶ.
893 2815 1068 2875 ἐφθάρη-

198 2881 285 2911 σαν,
307 2863 362 2903 ὦν
377 2870 441 2903 καὶ
456 2867 572 2910 Γάῐος
583 2866 750 2910 Ῥοῦφος
764 2869 950 2912 Γεμίνιος.
976 2864 1068 2900 ἀσε-

198 2921 307 2961 βείας
334 2917 408 2978 γὰρ
438 2931 477 2961 ες
505 2917 574 2952 τὸν
598 2918 775 2966 Τιβέριον
806 2917 1003 2962 ἐγκληθεὶς
1018 2936 1068 2943 --

199 2971 265 3003 καὶ
287 2970 424 3013 μαθων
445 2967 514 3003 τὸν
536 2970 678 3012 ταμίαν
700 2968 760 3002 ἐπὶ
781 2966 977 3002 δικαιώσει
998 2964 1069 3002 αὖ-

199 3018 268 3054 zoe
292 3017 464 3066 παρόντα
483 3015 602 3060 αὐτός
617 3029 657 3052 τε
673 3016 813 3052 ἑαυτὸν
815 3014 980 3075 ε’τρωσε,
1005 3019 1070 3051 καὶ

201 3070 332 3114 ἐκείνῳ
370 3067 415 3102 τὸ
447 3068 601 3117 τραῦμα
635 3066 780 3111 δείξας,
815 3064 1069 3112 Ἇπάγγειλον,

200 3117 378 3167 ἔφη,τῇ
406 3121 601 3167 γερουσία,
625 3114 686 3152 ὅτι
708 3115 808 3166 ἀνὴρ
831 3113 953 3160 οὕτως
975 3115 1073 3151 ἀπο-

202 3168 375 3214 θνήσκει.
405 3189 440 3194 -
467 3169 646 3211 Demetrio]
672 3171 806 3202 Seneca
830 3169 875 3201 de
898 3168 1019 3201 Benef.
1038 3169 1071 3208 7,

204 3221 244 3262 8,
268 3221 309 3253 2:
344 3220 448 3253 Paulo
478 3222 555 3252 ante
582 3220 788 3252 Demetrium
815 3218 946 3258 rettuli,
978 3226 1075 3258 quem

204 3271 285 3303 mihi
305 3271 437 3303 videtur
457 3279 571 3302 rerum
591 3274 719 3301 natura
734 3271 854 3302 nostris
869 3268 979 3301 tulisse
992 3271 1076 3301 tem-

204 3320 359 3362 poribus,
382 3324 420 3353 ut
442 3320 622 3352 ostenderet
641 3328 700 3351 nec
724 3319 819 3351 illum
841 3327 864 3350 a
885 3318 978 3350 nobis
998 3327 1075 3351 cor-

207 3371 319 3412 rumpi
346 3379 406 3403 nec
433 3378 493 3402 nos
521 3369 650 3402 abillo
672 3368 798 3410 corrigi
818 3376 934 3408 posse:
963 3368 1076 3400 virum

209 3424 366 3461 emactae,
390 3420 464 3454 licet
482 3422 577 3462 neqet
590 3419 677 3460 ipse,
701 3418 884 3460 sapientiae
895 3419 1077 3460 firmaeque

1107 1869 1143 1901 in
1167 1869 1233 1909 his,
1259 1877 1345 1910 quae
1358 1868 1552 1909 proposuit,
1577 1867 1798 1907 constantiae,
1822 1867 1978 1907 eloquen-

1108 1920 1176 1952 tiae
1202 1928 1280 1951 vero
1310 1920 1397 1958 eius,
1431 1927 1516 1959 quae
1545 1927 1598 1950 res
1628 1917 1827 1958 fortissimas
1854 1918 1978 1956 deceat,

1108 1980 1176 2003 non
1202 1969 1421 2002 concinnatae
1448 1977 1508 2000 nec
1537 1968 1572 2000 in
1593 1967 1696 2000 verba
1718 1968 1893 2007 sollicitae,
1924 1968 1980 1999 sed

1109 2019 1234 2061 ingenti
1256 2019 1386 2057 animo,
1414 2021 1519 2058 prout
1544 2018 1684 2058 impetus
1705 2017 1799 2057 tulit,
1829 2025 1882 2049 res
1902 2025 1981 2049 suas

1107 2069 1345 2111 prosequentis.
1370 2069 1455 2100 Huic
1469 2077 1536 2100 non
1551 2067 1662 2100 dubito
1678 2068 1758 2108 quin
1769 2067 1980 2108 providentia

1110 2123 1141 2153 et
1175 2119 1275 2151 talem
1302 2120 1409 2152 vitam
1438 2123 1468 2150 et
1501 2117 1602 2150 tatem
1628 2117 1757 2149 dicendi
1788 2117 1981 2158 facultatem

1111 2170 1251 2209 dederit,
1283 2177 1324 2200 ne
1353 2171 1415 2200 aut
1440 2168 1628 2208 exemplum
1659 2167 1765 2200 seculo
1787 2170 1900 2199 nostro
1922 2170 1983 2199 aut

1110 2220 1295 2252 convicium
1323 2219 1452 2251 deesset.
1492 2217 1591 2250 Idem
1616 2217 1661 2250 de
1685 2216 1814 2249 eodem
1837 2217 1899 2258 Ep.
1925 2217 1979 2253 20.

1112 2270 1152 2302 9:
1176 2278 1243 2301 non
1261 2271 1460 2309 praeceptor
1474 2269 1567 2308 veri,
1591 2268 1646 2299 sed
1661 2268 1760 2300 testis.
1787 2267 1847 2308 Ep.
1868 2267 1922 2304 62,
1940 2266 1978 2298 3:

1111 2320 1336 2358 Demetrium,
1364 2319 1518 2350 virorum
1546 2318 1725 2357 optimum,
1754 2325 1881 2349 mecum
1911 2315 1982 2348 cir-

1112 2370 1259 2410 cumfero
1281 2371 1313 2401 et
1333 2368 1457 2401 relictis
1478 2367 1692 2408 conchyliatis
1707 2376 1782 2399 cum
1804 2367 1860 2398 illo
1882 2366 1983 2399 semi-

1112 2420 1201 2452 nudo
1215 2420 1345 2460 loquor,
1370 2419 1464 2450 illum
1479 2419 1641 2450 admiror.
1673 2418 1795 2458 Quidni
1811 2417 1983 2449 admirer?

1116 2470 1190 2502 Vidi
1211 2469 1293 2501 nihil
1314 2470 1343 2501 ei
1359 2470 1474 2501 deesse.
1500 2469 1635 2501 Vocem
1651 2468 1727 2500 eius
1742 2468 1861 2508 magni
1877 2467 1983 2499 animi

1114 2519 1160 2552 ad
1174 2520 1351 2552 Neronem
1366 2518 1475 2551 refert
1485 2519 1654 2550 Arrianus
1667 2518 1680 2549 4
1692 2543 1699 2555 ,
1713 2518 1767 2556 25,
1781 2518 1823 2549 22
1837 2527 1844 2548 :
1866 2513 1983 2548 Ἄπει-

1114 2567 1192 2610 λεῖς
1220 2578 1291 2611 μοι
1311 2565 1493 2607 θάνατον,
1525 2568 1590 2600 σοὶ
1610 2565 1642 2599 δ’
1667 2563 1692 2609 ἦ
1716 2564 1845 2607 φύσις.
1884 2565 1982 2599 Cons.

1115 2619 1314 2653 Philostrat.
1338 2618 1496 2660 Apollon.
1521 2618 1554 2658 4,
1579 2619 1633 2651 25.
1658 2619 1722 2650 Dio
1746 2617 1800 2656 66,
1826 2617 1889 2649 43;
1919 2617 1985 2648 καὶ

1116 2667 1261 2709 πάντας
1276 2664 1413 2701 αὐτίκα
1430 2669 1471 2708 (a.
1489 2677 1524 2700 u.
1542 2667 1616 2709 824)
1634 2664 1725 2707 τοὺς
1739 2663 1985 2707 φιλοσόφους

1116 2716 1140 2753 ὅ
1164 2715 1475 2760 Οὐεσπασιανός,
1510 2715 1608 2761 πλὴν
1642 2716 1710 2751 τοῦ
1742 2717 1984 2757 Μουσωνίου,

1117 2770 1160 2804 ἐκ
1182 2767 1251 2813 τῆς
1261 2766 1409 2812 Ῥώμης
1432 2767 1624 2811 ἐξέβαλεν,
1648 2765 1716 2800 τὸν
1732 2766 1772 2800 δὲ
1788 2765 1835 2810 δὴ
1852 2764 1987 2810 Δημή-

1117 2830 1222 2867 τριον
1244 2821 1311 2853 καὶ
1332 2817 1400 2853 τὸν
1418 2816 1604 2853 Οστίλιον
1619 2819 1685 2851 καὶ
1699 2817 1739 2859 ἐς
1754 2816 1899 2861 νήσους
1918 2828 1988 2850 κα-

1118 2869 1319 2904 τέκλεισεν.
1338 2889 1358 2895 -
1373 2889 1393 2894 -
1408 2866 1459 2913 τῷ
1497 2868 1538 2902 δὲ
1571 2868 1775 2913 Δημητρίῳ
1813 2866 1902 2910 μηδ’
1936 2863 1989 2909 ὣς

1119 2916 1314 2953 ὑπείκοντι
1344 2918 1540 2952 εκέλευσεν
1568 2916 1592 2951 ὁ
1616 2914 1907 2958 Οὐεσπασιανὸς
1929 2915 1989 2949 λε-

1120 2969 1263 3013 χθῆναι
1287 2965 1346 3002 ὅτι
1369 2967 1418 3003 σὺ
1441 2969 1513 3012 μὲν
1537 2967 1662 3002 πάντα
1684 2970 1825 3008 ποιεῖς,
1859 2966 1922 2999 ι’να
1945 2977 1990 3000 σε

1120 3017 1354 3061 ἀποκτείνω,
1386 3018 1458 3064 ἐγώ
1490 3019 1531 3053 δὲ
1562 3017 1659 3053 κύνα
1682 3015 1919 3052 ὖλακτοῦντα
1942 3014 1988 3051 οὐ

1121 3068 1287 3112 φονεύω.
1306 3089 1338 3095 -·
1362 3071 1504 3111 Cynicae
1518 3070 1743 3111 institutionis]
1759 3069 1804 3101 de
1821 3077 1889 3110 qua
1905 3069 1990 3101 tunc

1122 3123 1328 3162 resurgente
1345 3119 1550 3153 consulendi
1570 3120 1680 3152 Ritter
1696 3121 1732 3151 et
1749 3117 1881 3152 Preller
1902 3119 1988 3151 nist.

1123 3170 1236 3212 philos
1273 3179 1308 3213 p.
1327 3170 1403 3204 436.
1428 3168 1602 3203 Iuvenalis
1627 3168 1679 3207 43,
1699 3168 1780 3201 42⁴:
1805 3169 1847 3200 Et
1862 3167 1919 3208 qui
1933 3176 1992 3199 nec

1124 3220 1263 3261 Cynicos
1288 3229 1348 3253 nec
1376 3220 1488 3252 Stoica
1517 3220 1675 3260 dogmata
1705 3218 1782 3259 leqit
1808 3218 1835 3250 A
1864 3217 1993 3257 Cynicis

1123 3270 1237 3302 tunica
1251 3271 1423 3303 distantia.
1445 3287 1481 3292 —
1506 3269 1672 3302 Domitius
1688 3267 1910 3308 Caecilianus]
1924 3267 1992 3300 hoc

1125 3328 1194 3352 uno
1210 3319 1287 3353 loco
1304 3320 1532 3353 memoratus.
1552 3337 1588 3342 -—
1612 3327 1678 3351 neu
1692 3317 1900 3360 --miscere]
1923 3318 1992 3354 Re-

1126 3369 1307 3402 tineudum
1333 3370 1408 3402 erat
1430 3369 1498 3400 hoc
1515 3366 1814 3408 σολοικοφανὲς,
1839 3367 1991 3400 maxime

1125 3419 1207 3461 quia
1235 3418 1348 3453 simile
1373 3420 1427 3452 est
1454 3416 1539 3451 illud
1561 3418 1593 3459 4,
1618 3417 1680 3450 35;
1711 3425 1777 3451 neu
1796 3420 1936 3451 mortem
1956 3417 1992 3450 in
