2254 3770
311 311 394 356 276

796 315 841 358 Ρ.
873 313 1123 358 CORNELII
1151 315 1324 359 TACITI
1351 316 1620 362 ANNALIUM

312 421 456 465 verit.»
508 421 561 478 (9)
593 420 828 465 constantia
857 421 1078 473 orationis,
1119 429 1162 466 et
1197 425 1299 480 quia
1334 430 1531 481 repertus
1561 430 1652 468 erat
1681 427 1755 484 qui
1786 425 1960 470 efferret
1986 439 2100 484 quae

312 511 462 542 omnes
492 497 632 541 animo
663 496 893 554 agitabant,
935 510 988 541 eo
1025 511 1165 556 usque
1202 505 1381 555 potuere
1414 506 1462 543 ut
1490 506 1763 545 accusatores
1793 501 1904 553 eius,
1944 500 2100 546 additis

310 587 423 631 quae
454 579 551 617 ante
583 568 862 631 deliquerant,
894 572 1020 617 exilio
1050 580 1123 617 aut
1152 580 1288 617 morte
1317 573 1609 619 multarentur.

422 649 605 693 Secutae
635 635 975 692 dehinc-Tiberii
1004 648 1170 692 litterae
1203 649 1243 691 in
1280 650 1376 693 Sex.
1408 651 1611 695 Vistilium
1647 652 1928 710 praetorium,
1968 666 2099 712 quem

277 725 449 768 sDruso
479 724 595 768 fratri
625 737 851 782 percarum
882 725 924 767 in
954 724 1174 768 cohortem
1205 739 1327 769 suam
1363 726 1647 771 transtulerat.
1690 742 1822 773 causa
1851 727 2098 772 offensionis

307 799 470 845 Vistilio
500 798 592 852 fuit,
632 814 712 844 seu
742 808 1044 858 composuerat
1073 801 1288 859 quaedam
1319 802 1360 845 in
1396 802 1440 846 C.
1473 803 1701 847 Caesarem
1737 810 1784 847 ut
1822 803 2096 862 impudicum,

250 877 252 880 ’
308 879 400 919 sive
439 875 537 920 ficto
575 875 718 920 habita
757 875 880 920 fides.
926 883 1054 935 atque
1085 876 1140 921 ob
1175 876 1220 920 id
1252 877 1447 922 convictu
1484 879 1687 938 principis
1725 878 1964 938 prohibitus
2001 894 2100 925 cum

307 951 431 996 senili
461 966 590 995 manu
618 951 779 996 ferrum
807 952 1117 1010 temptavisset,
1157 952 1315 1010 obligat
1350 967 1504 1007 venas;
1544 962 1834 1014 precatusque
1868 969 1948 1014 per
1981 955 2100 1000 codi-

306 1026 439 1080 cillos,
472 1027 621 1071 immiti
651 1028 872 1086 rescripto,
904 1042 1037 1072 venas
1068 1027 1254 1072 resolvit.

420 1104 659 1148 Acervatim
688 1118 742 1148 ex
776 1118 828 1148 eo
862 1103 1023 1148 Annius
1061 1103 1212 1156 Pollio,
1255 1104 1415 1163 Appius
1452 1105 1640 1157 Silanus,
1682 1107 1845 1151 Scauro
1884 1107 2098 1153 Mamerco

306 1179 434 1223 simul
462 1174 515 1224 ac
545 1180 704 1225 Sabino
735 1179 936 1231 Calvisio,
976 1180 1208 1223 maiestatis
1246 1179 1532 1238 postulantur,
1572 1187 1615 1225 et
1648 1182 1890 1227 Vinicianus
1920 1182 2096 1227 Pollioni

305 1257 414 1314 patri
459 1256 745 1308 adiciebatur,
788 1255 890 1300 clari
933 1259 1070 1313 genus
1113 1262 1155 1299 et
1195 1255 1371 1314 quidam
1416 1256 1594 1300 summis
1633 1256 1880 1302 honoribus
1930 1265 2099 1303 contre-

304 1339 590 1391 muerantque
626 1339 771 1390 patres
802 1333 914 1389 (nam
944 1338 1102 1389 quotus
1132 1331 1318 1389 quisque
1348 1330 1575 1376 adfinitatis
1605 1340 1678 1376 aut
1705 1333 1915 1378 amicitiae
1945 1340 2006 1379 tot
2034 1334 2096 1378 in·-

304 1407 502 1452 lustrium
540 1408 730 1453 virorum
766 1421 921 1466 expers
958 1407 1117 1463 erat?)‚
1159 1407 1200 1449 ni
1233 1406 1399 1457 Celsus,
1442 1408 1633 1453 urbanae
1663 1409 1849 1453 cohortis
1888 1409 2095 1463 tribunus,

254 1490 395 1528 ustum
432 1485 541 1529 inter
577 1484 760 1535 indices,
801 1483 984 1541 Appium
1022 1490 1064 1526 et
1101 1482 1330 1527 Calvisium
1371 1483 1604 1527 discrimini
1647 1485 1890 1530 exemisset.
1939 1486 2099 1531 Caesar

304 1560 506 1605 Pollionis
537 1574 589 1605 ac
617 1560 822 1605 Viniciani
853 1558 1092 1617 Scaurique
1122 1572 1316 1609 causam,
1357 1565 1403 1603 ut
1438 1559 1532 1617 ipse
1562 1574 1660 1604 cum
1697 1567 1847 1605 senatu
1884 1568 2094 1614 nosceret,

305 1635 477 1688 distulit,
510 1635 619 1680 datis
650 1635 910 1695 quibusdam
940 1636 982 1677 in
1013 1635 1222 1678 Scaurum
1251 1634 1443 1679 tristibus
1472 1635 1594 1679 notis.

417 1712 499 1770 (40)
530 1713 591 1757 Ne
621 1711 804 1756 feminae
834 1711 1007 1770 quidem
1040 1717 1209 1755 exortes
1240 1710 1432 1769 periculi.
1477 1711 1580 1769 quia
1609 1711 1887 1771 occupandae
1918 1712 1981 1757 rei
2016 1727 2097 1771 pu-

379 1885 413 1918 2.
444 1882 514 1917 on'is
541 1885 576 1918 M
610 1901 646 1907 —
685 1884 719 1918 4.
750 1884 917 1917 uesliliwm
947 1884 999 1922 Μ;
1033 1883 1097 1916 sed
1126 1882 1207 1916 vide
1237 1892 1271 1916 v.
1296 1883 1328 1916 6.
1361 1901 1396 1907 -
1430 1883 1463 1916 6.
1495 1883 1620 1916 uistilio
1649 1884 1701 1918 M:
1741 1885 1873 1919 Vestilio
1905 1883 2021 1927 vulgo.
2056 1903 2093 1909 —

303 1941 336 1974 8.
362 1941 563 1974 temtavisset
584 1941 618 1974 M
652 1958 688 1964 —
719 1940 845 1982 obligat
873 1948 975 1972 venas
996 1940 1171 1972 Baiterus:
1208 1939 1360 1981 obleyatu
1381 1947 1485 1972 uenas
1508 1940 1561 1982 (ex
1585 1941 1834 1983 geminatione)
1858 1942 1892 1976 M
1916 1941 2095 1984 (obligauit

303 1997 444 2039 margo)
483 2016 519 2021 —
557 1994 742 2039 {scotusque
764 1997 798 2030 M
824 2014 859 2019 —
886 1997 918 2029 9.
942 1995 1080 2029 immitti
1104 1997 1138 2030 M
1164 2014 1199 2019 --
1226 1997 1279 2029 44.
1305 1996 1444 2029 clauisio
1468 1997 1502 2030 M
1533 1996 1686 2039 (caluisio
1709 1997 1848 2040 margo)
1875 2016 1911 2022 —
1938 1998 1991 2032 42.
2015 1999 2095 2032 adi-

302 2054 437 2087 cebatur
461 2054 533 2096 (sic)
558 2055 592 2087 M
618 2072 653 2077 —
679 2056 946 2087 contremuerunt
969 2062 1054 2094 quae
1076 2054 1110 2087 M
1135 2070 1171 2076 —
1199 2054 1251 2086 45.
1278 2053 1455 2086 caliusium
1476 2053 1510 2087 M
1534 2054 1721 2096 (caluisium
1738 2055 1871 2098 margo)
1898 2072 1933 2079 —
1961 2055 2015 2089 46.
2039 2057 2096 2089 ui-

302 2112 429 2146 ciniam·
449 2112 486 2144 h.
511 2110 534 2144 l.
560 2120 613 2154 pr.
639 2112 673 2145 M
699 2129 734 2135 —
762 2112 813 2145 48.
841 2111 922 2152 quia
944 2112 1120 2145 Muretus:
1147 2119 1218 2151 qua
1240 2111 1284 2145 M.

303 2268 344 2303 ἐν
366 2271 448 2310 τοῖς
470 2264 652 2310 ὑπάτοις
674 2266 794 2316 φανῇ.
821 2268 872 2302 Cf.
890 2268 932 2310 4,
953 2268 1006 2302 74.
1027 2286 1062 2292 —-
1088 2268 1174 2302 idem

299 2320 388 2362 tln'is]
413 2319 486 2353 scil.
512 2319 686 2352 amicitiae
711 2320 746 2352 et
769 2319 978 2352 officiorum.

348 2371 380 2404 9.
405 2371 486 2404 Sex.
515 2370 683 2410 Vistilium*
696 2370 916 2411 praetorium]
938 2371 1078 2412 patrem
1101 2370 1175 2403 for-

303 2423 398 2455 tasse
420 2419 575 2454 Vistiliae
609 2421 784 2463 praetoria
809 2419 937 2453 familia
960 2421 1099 2462 genitae
1124 2421 1172 2463 (2,

302 2472 370 2513 85).
396 2471 447 2505 Cf.
472 2473 581 2505 Inscr.
607 2472 646 2504 R.
671 2472 780 2514 Neap.
806 2481 841 2504 n.
864 2471 966 2504 7436:
993 2471 1086 2504 SEX.
1114 2472 1175 2504 VI-

303 2522 413 2555 STILI
440 2522 534 2554 SEX.
562 2522 599 2554 L.
625 2521 791 2554 FELICIS
814 2521 1007 2555 GOGNATI.
1044 2539 1080 2545 -—
1116 2530 1174 2554 co-

301 2571 438 2615 hortem]
464 2572 539 2606 scil.
564 2572 771 2605 amicorum.
805 2573 855 2605 Ita
881 2574 977 2606 enim
999 2572 1175 2606 vocabant

304 2621 467 2665 exemplo
507 2622 706 2664 praetoriae
742 2622 908 2655 cohortis.
955 2623 1090 2656 Seneca
1128 2623 1172 2656 de

304 2672 415 2707 Clem.
442 2673 474 2711 4,
501 2672 561 2705 4οι
598 2672 792 2705 Sallustium
821 2676 852 2706 et
882 2673 1030 2706 Cocceios
1052 2676 1083 2706 et
1103 2674 1174 2706 De-

301 2724 388 2757 illios
418 2726 448 2756 et
481 2726 586 2755 totam
616 2724 782 2756 cohortem
808 2724 940 2764 primae
967 2723 1175 2756 admissionis

302 2783 346 2807 ew
375 2773 647 2806 adversariorum
675 2773 794 2806 castris
821 2774 1014 2815 conscripsit
1035 2775 1174 2816 (Augu—

303 2822 403 2862 stus).
444 2821 509 2857 Ubi
541 2822 642 2856 vides
675 2822 796 2865 plures
834 2822 940 2857 fuisse
977 2824 1173 2856 amicorum

304 2874 468 2907 cohortes
493 2872 549 2915 (cs.
576 2874 719 2906 Sueton.
745 2872 821 2906 Tib.
846 2873 900 2907 46.
928 2873 1033 2916 Calig.
1061 2873 1112 2915 49)
1138 2874 1173 2906 et

304 2924 405 2966 quasi
433 2923 575 2965 gradus.
608 2924 695 2956 Lips.
732 2923 782 2956 Cf.
809 2924 841 2964 4,
866 2924 920 2957 29.
949 2941 984 2947 -
1022 2924 1173 2956 convictu

299 2973 463 3015 principis
479 2972 679 3015 prohibitus]
711 2973 763 3006 Cf.
789 2973 822 3013 6,
847 2974 901 3007 29.
928 2991 972 2997 -
996 2977 1174 3015 precatus-

303 3025 375 3065 que]
400 3022 476 3058 scil.
502 3025 541 3055 ut
562 3021 629 3055 sibi
651 3023 897 3064 ignosceretur
919 3025 1061 3066 vitaque
1086 3032 1174 3057 con-

304 3074 504 3107 cederetur.
523 3089 559 3096 —
585 3072 712 3105 Annius
725 3072 838 3115 Pollio]
863 3073 984 3107 consul
1003 3073 1172 3108 suffectus

302 3133 334 3156 a.
352 3133 388 3157 u.
406 3123 470 3157 773
494 3122 585 3166 (vide
609 3121 655 3155 ad
678 3121 710 3161 3,
735 3122 807 3163 23),
834 3131 932 3164 avus,
957 3125 997 3157 ut
1019 3124 1170 3164 videtur,

303 3174 402 3207 Annii
416 3172 580 3207 Pollionis
591 3172 636 3205 de
650 3172 782 3213 quous,
796 3172 849 3205 56.
860 3173 896 3205 ’74
908 3197 914 3205 .
926 3173 1031 3212 46,30
1045 3174 1169 3215 agitur.

305 3240 342 3248 -
357 3223 482 3264 Appius
500 3220 646 3264 Silanus]
663 3221 764 3254 cuius
780 3221 929 3255 caedem
946 3222 1013 3256 sub
1027 3222 1171 3256 Claudio

304 3283 324 3306 a
346 3274 510 3307 Narcisso
533 3273 663 3306 factam
686 3272 806 3304 narrat
826 3271 889 3303 Dio
913 3272 967 3312 60,
987 3272 1040 3306 44.
1067 3273 1119 3306 Cf.
1137 3272 1169 3313 4,

304 3323 357 3357 68.
375 3324 430 3363 44,
447 3323 501 3357 29.
523 3340 559 3346 -
585 3323 715 3355 Scauro
736 3321 916 3363 Mamerco]
942 3322 993 3355 Cf.
1014 3323 1045 3362 4,
1064 3322 1117 3355 43.
1137 3322 1169 3362 3,

303 3373 356 3406 23.
371 3373 425 3406 34.
440 3373 494 3406 66.
509 3372 541 3413 6,
555 3372 651 3405 29.—
666 3370 777 3412 simul]
788 3369 877 3403 Vide
894 3370 937 3403 ad
951 3370 983 3410 3,
998 3371 1093 3404 64.-
1109 3372 1173 3405 Sae

303 3421 379 3454 bino
394 3421 548 3464 Calvisio]
574 3421 624 3455 Cf.
646 3420 679 3461 4,
698 3419 752 3454 46.
778 3419 864 3453 Hist.
890 3420 922 3458 4,
947 3419 1002 3453 48.
1022 3437 1057 3443 --
1080 3421 1171 3454 Vini-

302 3470 430 3514 cianus]
452 3471 497 3506 Μ.
513 3471 648 3505 Annius
666 3469 875 3511 Vinicianus,
892 3469 994 3502 Annii
1009 3467 1170 3503 Pollionis

1226 2267 1335 2308 filius,
1371 2268 1479 2301 frater
1512 2267 1646 2301 Arvalis
1677 2267 1744 2302 sub
1774 2267 1928 2311 Caligula
1960 2268 2096 2310 (Marini

1224 2318 1291 2351 Atti
1325 2319 1372 2351 de'
1395 2318 1520 2360 fratelli
1542 2318 1661 2351 Arvali
1690 2318 1762 2352 tab.
1787 2319 1881 2360 vm,
1916 2318 1979 2352 ubi
2006 2318 2094 2352 falso

1224 2370 1272 2402 M.
1294 2369 1422 2402 Ennius
1446 2369 1634 2402 Vinicianus
1656 2369 1812 2410 dicitur),
1836 2371 1918 2412 post
1939 2370 2001 2403 Gai
2024 2371 2094 2403 exi-

1225 2421 1301 2452 tum
1317 2419 1442 2461 dignus
1460 2419 1655 2462 principatu
1671 2419 1831 2461 habitus,
1855 2420 1892 2453 in
1909 2418 2094 2462 Claudium

1225 2479 1308 2503 cum
1330 2469 1559 2503 Scriboniano
1583 2470 1778 2503 coniuravit
1799 2478 1911 2512 seque
1939 2469 2016 2514 ipso
2037 2471 2095 2504 in-

1223 2521 1376 2553 teremit.
1402 2519 1453 2553 Cf.
1479 2520 1543 2552 Dio
1567 2520 1622 2561 60,
1648 2521 1701 2553 45.
1729 2537 1765 2543 -
1791 2520 1901 2554 Celsus
1921 2529 1956 2553 u.
1974 2529 2004 2554 c.
2029 2521 2094 2554 tri-

1225 2570 1347 2613 bunus]
1378 2570 1428 2603 Cf.
1455 2578 1485 2603 c.
1512 2569 1572 2610 44,
1603 2569 1666 2603 uhi
1686 2570 1790 2603 Iulius
1812 2570 1922 2604 Celsus
1941 2570 2094 2604 tribunus

1224 2622 1382 2653 vocatur.
1402 2637 1437 2643 —
1464 2621 1620 2663 nosceret]
1644 2629 1709 2663 pro
1732 2622 1956 2662 cognosceret,
1980 2620 2020 2654 ut
2034 2620 2089 2662 ⁴2,

1224 2670 1277 2704 60.
1303 2671 1389 2703 item
1411 2670 1501 2703 notio
1525 2678 1556 2703 c.
1583 2671 1624 2703 42
1648 2671 1684 2703 et
1706 2669 1738 2711 3,
1763 2669 1817 2703 59.

1268 2721 1321 2754 40.
1346 2720 1433 2763 Fufii
1455 2720 1595 2763 Gemini]
1621 2718 1775 2754 consulis
1797 2728 1829 2753 a.
1848 2719 1924 2753 782.
1950 2718 2000 2753 Cf.
2018 2719 2084 2760 8,4

1224 2779 1278 2812 sq.
1304 2772 1340 2803 et
1361 2770 1442 2803 vide
1471 2770 1516 2802 ad
1546 2770 1583 2810 4,
1610 2771 1663 2803 42.
1689 2787 1725 2793 -
1758 2768 1854 2811 haec]
1887 2777 1960 2802 non
1990 2769 2089 2810 Vilia,

1222 2822 1262 2853 ut
1283 2822 1380 2853 ratus
1404 2822 1460 2854 est
1481 2819 1698 2859 Waltherus,
1725 2819 1790 2853 sed
1806 2828 1849 2852 ea
1865 2819 1982 2852 omnia
1997 2827 2090 2862 quae

1223 2871 1364 2903 narrata
1388 2871 1470 2903 sunt
1491 2869 1573 2903 indo
1590 2878 1610 2902 a
1626 2870 1739 2912 capite
1755 2869 1927 2902 secundo.
1947 2887 1984 2893 —
2009 2871 2093 2911 aput

1219 2919 1414 2962 principem]
1439 2918 1544 2952 delati
1567 2920 1643 2953 sine
1667 2920 1811 2952 senatus
1827 2919 2087 2961 cognitione.—

1221 2971 1325 3004 Iulius
1346 2969 1516 3012 Marinus]
1547 2971 1580 3003 Is
1603 2977 1780 3011 nusquam
1802 2971 1989 3012 praeterea
2011 2977 2091 3003 me-

1223 3022 1391 3055 moratur.
1420 3038 1456 3044 -
1482 3020 1633 3054 Curtium
1653 3019 1816 3062 Atticum]
1841 3020 1999 3062 equitem
2020 3021 2091 3054 Ro-

1223 3080 1370 3105 manum
1392 3079 1435 3104 ex
1457 3069 1661 3104 illustribus.
1693 3070 1726 3103 Is
1749 3077 1893 3112 quoque
1911 3068 2091 3103 Tiberium

1224 3123 1379 3165 Capreas
1408 3121 1596 3155 comitatus
1619 3120 1706 3153 erat.
1738 3119 1789 3153 Cf.
1814 3119 1853 3160 4,
1879 3119 1933 3154 58.
1961 3136 1999 3143 —
2027 3127 2091 3153 sua

1223 3172 1388 3214 exempla]
1403 3171 1553 3206 Phaedr.
1573 3171 1604 3210 4,
1621 3170 1683 3203 26:
1699 3169 1771 3203 Sua
1786 3170 1923 3211 quisquo
1937 3170 2090 3212 eoempla

1223 3222 1312 3255 debet
1334 3230 1440 3262 aequo
1463 3221 1575 3254 animo
1597 3220 1684 3261 pati.
1712 3236 1747 3242 -
1778 3218 1994 3262 consultores]
2022 3227 2089 3252 au-

1223 3274 1352 3305 ctores.
1377 3269 1513 3304 Sallust.
1534 3279 1586 3304 or.
1602 3268 1799 3312 Philippii:
1822 3277 1936 3310 prava
1954 3270 2089 3310 incepta

1221 3321 1459 3354 consutoribus
1487 3329 1600 3354 nomae
1626 3327 1704 3353 osso.
1736 3319 1790 3351 Fr.
1815 3318 1900 3352 Hist.
1925 3319 1996 3352 inc.
2019 3317 2084 3352 54:

1220 3372 1306 3405 talia
1335 3372 1484 3413 incepta,
1519 3371 1556 3404 ni
1590 3370 1626 3402 in
1654 3369 1870 3403 consultorem
1897 3369 2084 3410 vertissent,

1219 3423 1270 3455 rei
1288 3431 1324 3462 p.
1345 3424 1469 3462 postem
1488 3421 1635 3463 factura.
1661 3437 1697 3443 -
1722 3419 1759 3452 L.
1777 3418 1861 3461 Piso]
1885 3417 2084 3461 praefectus

1219 3469 1338 3511 urbis3
1362 3468 1457 3503 unde
1479 3477 1544 3513 pro
1566 3468 1720 3511 ponufeae
1741 3468 1878 3511 Lipsius
1899 3475 1943 3502 ae
1964 3466 2085 3503 Mure-
