2254 3770
338 302 421 347 450
811 307 856 351 Ρ.
889 306 1136 352 CORNELII
1165 308 1337 352 TACITI
1364 308 1630 355 ANNALIUM

339 409 502 455 adlatos
531 411 599 455 vel
628 411 788 456 ibidem
816 420 1011 472 repertos
1040 428 1192 459 versus
1222 422 1448 460 conectere
1477 422 1606 475 atque
1636 417 1770 476 ipsius
1789 418 1922 462 verba
1941 413 2117 477 quoquo

341 486 469 530 modo
498 486 661 545 prolata
691 488 905 547 supplere.
949 489 1067 548 quod
1097 491 1266 549 speeies
1295 491 1390 549 ipsa
1418 493 1652 535 carminum
1677 492 1820 545 docet,
1853 507 1938 537 non
1958 493 2118 551 impetu

339 567 383 605 et
411 562 607 607 instinctu
637 577 717 608 nec
746 578 822 608 ore
850 578 936 608 uno
966 563 1115 610 fluens.
1162 566 1288 609 etiam
1318 567 1551 624 sapientiae
1573 568 1819 612 doctoribus
1849 575 2017 626 tempus
2039 568 2119 612 im·-

338 638 549 695 pertiebat
576 645 675 696 post
703 639 874 697 epulas,
906 647 1038 699 utque
1066 641 1278 686 contraria
1296 641 1638 686 adseverantium
1657 643 1873 688 discordia
1893 643 2116 687 frueretur.

305 723 419 758 enee
458 713 636 758 deerant
669 715 743 773 qui
783 729 859 760 ore
895 716 1101 775 vultuque
1143 717 1250 761 tristi
1290 717 1401 761 inter
1438 717 1748 762 oblectamenta
1787 719 1905 777 regia
1935 718 2118 777 spectari

337 796 555 847 cuperent.

449 865 531 922 (47)
562 866 651 911 Sub
681 866 796 910 idem
825 872 994 925 tempus
1024 866 1106 912 levi
1136 868 1254 912 initio
1275 874 1394 911 atrox
1413 868 1571 913 caedes
1591 876 1682 913 orta
1710 870 1819 914 inter
1838 869 2014 914 colonos
2032 870 2118 914 Nu·
2186 883 2193 889 ·

335 941 506 985 cerinos
535 942 926 1000 Pompeianosque,
959 942 1208 1001 gladiatorio
1239 943 1503 1002 spectaculo,
1535 944 1650 1002 quod
1683 945 1896 989 Livineius
1918 944 2115 1004 Regulus,

335 1030 465 1074 quem
494 1023 656 1061 motum
685 1024 835 1062 senatu
866 1018 1026 1070 rettuli,
1060 1018 1228 1064 edebat.
1273 1018 1434 1077 quippe
1464 1020 1678 1078 oppidana
1705 1019 1876 1064 lascivia
1906 1020 1949 1064 in
1979 1021 2116 1065 vicem

284 1092 598 1137 aoincessentes
635 1094 815 1151 probra,
861 1093 961 1139 dein
1001 1108 1122 1146 saxa,
1169 1100 1387 1152 postremo
1423 1094 1580 1138 sermm
1621 1109 1865 1153 sumpsere,
1909 1095 2116 1140 validiore

333 1170 690 1227 Pompeianorum
718 1169 866 1228 plebe,
904 1169 1018 1228 apud
1048 1183 1158 1228 quos
1189 1169 1480 1228 spectaculum
1510 1170 1727 1215 edebatur.
1774 1185 1876 1229 ergo
1905 1171 2115 1230 deportati

333 1251 431 1289 sunt
458 1245 502 1288 in
531 1245 683 1289 urbem
712 1243 831 1288 multi
861 1258 885 1289 e
914 1245 1137 1289 Nucerinis
1166 1251 1317 1290 trunco
1346 1259 1425 1304 per
1453 1245 1631 1290 vulnera
1660 1260 1862 1305 corpore,
1907 1260 1958 1292 ac
1987 1246 2117 1305 pleri-

332 1334 418 1379 que
446 1319 681 1365 liberorum
709 1326 783 1364 aut
810 1327 1034 1378 parentum
1063 1327 1222 1365 mortes
1253 1320 1479 1366 deflebant.
1525 1322 1645 1366 cuius
1675 1322 1736 1367 rei
1767 1321 1971 1367 iudicium
1998 1322 2116 1381 prin-

331 1410 434 1454 ceps
465 1396 649 1448 senatui,
682 1402 856 1440 senatus
887 1396 1134 1441 consulibus
1162 1397 1367 1455 permisit.
1399 1403 1441 1441 et
1470 1411 1618 1441 rursus
1650 1411 1698 1442 re
1728 1397 1780 1441 ad
1801 1403 1945 1455 patres
1969 1397 2112 1450 relata,

279 1481 316 1512 ιε
329 1472 529 1530 prohibiti
561 1471 732 1530 publice
754 1472 797 1515 in
817 1472 970 1517 decem
990 1487 1124 1517 annos
1145 1473 1238 1517 eius
1259 1472 1374 1517 modi
1396 1478 1520 1517 coetu
1541 1473 1803 1531 Pompeiani,
1836 1472 2112 1532 collegiaque,
2184 1488 2185 1491 ¹

393 1614 424 1646 4.
449 1613 577 1646 ablatos
598 1613 632 1646 M
649 1630 685 1636 —-
711 1612 742 1646 3.
767 1621 827 1645 nec
849 1615 961 1645 tenore
981 1621 1047 1646 uno
1064 1611 1250 1646 Acidalius.
1268 1630 1304 1636 —
1322 1611 1530 1653 impertiebat
1551 1613 1604 1646 M:
1628 1611 1841 1652 impartiebat
1857 1611 1924 1646 alii.
1943 1629 1979 1636 ·-
2005 1612 2039 1647 4.
2055 1613 2115 1647 ad-

325 1670 547 1703 severantium
569 1667 796 1702 Puteolanus:
823 1670 1023 1702 adseuerant
1044 1672 1114 1701 tum
1136 1670 1168 1702 M
1187 1686 1223 1692 —
1248 1669 1413 1702 discordia
1432 1669 1603 1710 frueretur
1623 1668 1906 1711 Bezzenberger:
1931 1669 2115 1703 discordiae

324 1729 480 1760 rueretur
494 1727 526 1760 M
542 1725 592 1768 (ut
613 1725 787 1758 contraria
808 1725 1075 1757 adseverantium
1091 1725 1258 1757 discordia
1280 1728 1452 1758 erueretur
1467 1725 1655 1766 Broterius)
1683 1742 1719 1749 —
1745 1725 1777 1758 7.
1797 1725 1891 1758 initio
1908 1719 2109 1759 Ernestiu's:

323 1783 461 1817 intentio
477 1783 527 1822 M;
553 1782 758 1815 contentione
780 1780 847 1814 alii.
863 1799 899 1804 —
917 1782 948 1815 8.
967 1781 1134 1814 Livineius
1156 1782 1309 1824 Lipsius:
1335 1781 1521 1814 libidineius
1543 1782 1577 1815 M
1602 1799 1637 1805 -
1665 1781 1717 1814 40.
1742 1781 1932 1814 incessentes
1953 1781 2108 1824 Lipsius:
2158 1772 2164 1777 ’

322 1841 499 1873 incessente
519 1840 570 1880 M;
595 1840 778 1881 ingerentes
801 1837 926 1871 Haase.
948 1856 983 1862 —
1011 1838 1063 1871 44.
1090 1838 1253 1880 deportati
1274 1839 1324 1872 M:
1348 1839 1512 1880 reportati
1535 1837 1682 1880 Lipsius.
1710 1855 1745 1861 —
1772 1838 1826 1871 ⁴2.
1843 1837 1938 1871 multi
1959 1837 1988 1880 e]
2009 1837 2113 1885 multe

324 1905 378 1940 pr.
404 1897 438 1932 M
463 1914 499 1919 —
524 1896 578 1929 45.
603 1898 675 1941 cetu
696 1895 740 1930 M.

1240 2004 1428 2029 versorum
1449 1995 1611 2030 versibus
1627 1994 1861 2038 conglutinata
1877 2004 1958 2030 esse
1974 2004 2016 2029 ea
2032 2004 2111 2030 car-

321 2002 359 2031 ut
381 1997 518 2039 quidam
536 1999 678 2038 putant,
703 1970 816 2028 aliena
828 2004 892 2036 pro
907 1995 976 2028 suis
990 1995 1101 2029 edidit.
1131 1996 1191 2028 Ve-

1242 2046 1349 2078 mina.
1370 2065 1405 2070 -
1425 2049 1501 2087 post
1519 2046 1635 2087 epulas
1650 2050 1751 2087 utque
1765 2046 1848 2089 cet.]
1863 2044 2108 2089 Philosophiae

321 2058 399 2083 nere
420 2049 456 2081 in
477 2056 598 2081 manus
618 2056 709 2080 meas
727 2047 911 2089 pugillares
932 2046 1092 2088 libellique
1116 2056 1192 2080 cum

322 2091 518 2141 quibusdam
539 2098 717 2131 notissimis
737 2097 885 2131 versibus
898 2097 1001 2138 ipsius
1015 2098 1193 2140 chirogra-

317 2150 383 2191 pho
413 2149 562 2190 seriptis,
592 2151 630 2181 ut
657 2147 756 2190 facile
787 2151 966 2189 appareret
987 2156 1054 2181 non
1076 2151 1192 2180 trans-

321 2200 405 2233 latos
435 2202 494 2233 aut
516 2199 660 2232 dictante
682 2199 796 2240 aliquo
818 2202 985 2240 exceptos,
1017 2199 1073 2232 sed
1089 2199 1192 2240 plane

321 2251 418 2292 quasi
446 2259 470 2282 a
499 2250 664 2292 cogitante
686 2252 786 2290 atque
811 2252 989 2291 perierante
1010 2252 1189 2282 exaratos:

319 2301 369 2334 ita
390 2300 498 2333 multa
519 2303 550 2333 et
571 2300 678 2333 deleta
699 2302 730 2332 et
756 2299 893 2332 inducta
916 2303 946 2333 et
967 2299 1192 2340 superscripta

318 2352 463 2385 inerant.
498 2367 531 2374 -
566 2359 698 2392 quoquo
731 2350 847 2390 modo]
875 2349 1038 2383 versibus
1065 2350 1191 2383 incon-

321 2402 401 2435 ditis
439 2401 475 2434 et
511 2399 688 2434 interdum
725 2401 861 2433 mancis
898 2399 990 2442 pede
1027 2409 1097 2433 uno
1134 2399 1191 2433 vel

319 2450 490 2494 pluribus.
522 2465 558 2474 ·-
590 2450 710 2491 species
736 2451 812 2491 ipsa
840 2450 1047 2492 carminum]
1074 2452 1190 2484 Pauca

321 2501 499 2544 quaedam
522 2500 716 2543 fragmenta
733 2501 934 2543 supersunt.
960 2501 1093 2533 Seneca
1110 2501 1188 2534 Nat.

321 2552 462 2592 Quaest.
488 2552 519 2592 4,
537 2551 572 2591 5,
590 2552 629 2584 6:
655 2551 823 2592 alioquin,
848 2554 886 2584 ut
900 2550 949 2583 ait
961 2551 1051 2584 Nero
1068 2550 1191 2584 Caesar

319 2602 543 2641 disertissime,
581 2601 701 2635 Colla
743 2601 1019 2642 Cytheriacae
1052 2601 1190 2642 splen-

320 2654 415 2687 dent
444 2652 614 2694 aqitata
633 2651 855 2685 columbae.
882 2650 1010 2685 Plinius
1026 2651 1067 2684 N.
1086 2651 1127 2684 H.
1146 2650 1187 2684 37

319 2702 339 2746 ὅ
362 2704 422 2737 30:
457 2701 622 2735 Domitius
649 2701 738 2734 Nero
770 2702 807 2734 in
841 2701 957 2734 ceteris
988 2701 1078 2734 vitae
1109 2709 1189 2734 suae

315 2752 477 2794 portentis
511 2751 652 2792 capillos
684 2759 813 2792 quoque
841 2752 1010 2792 Poppaeae
1039 2751 1190 2793 coniuqis

316 2810 398 2836 suae
418 2802 478 2834 hoc
499 2801 631 2834 nomine
655 2801 893 2842 adoptaverat,
917 2801 1062 2842 quodam
1087 2801 1188 2834 etiam

317 2852 466 2886 carmine
487 2852 649 2884 sucinos
671 2851 879 2892 appellando.
912 2849 1027 2884 Schol.
1047 2849 1092 2883 ad
1116 2851 1187 2884 Lu-

318 2912 397 2937 can.
422 2902 454 2942 3,
479 2901 536 2935 26⁴
572 2901 618 2934 ad
646 2909 773 2934 vocem
804 2901 948 2944 Tigrim:
983 2901 1035 2933 De
1056 2900 1116 2933 hoc
1139 2901 1188 2933 ait

316 2953 405 2986 Nero
420 2952 454 2984 in
465 2951 577 2992 primo
591 2951 675 2983 libro
686 2947 889 2993 (Ἀλώσεως
900 2947 1011 2984 Ἰλίου
1028 2959 1056 2984 s.
1072 2950 1187 2997 Τρωΐ·

315 2998 407 3043 nav,
437 3002 580 3035 Sueten.
610 3002 691 3033 Ner.
723 3000 776 3033 38.
814 3001 878 3034 Dio
901 3001 956 3039 62,
986 3000 1027 3033 48
1051 3001 1087 3033 et
1108 3001 1181 3042 29):

317 3052 444 3094 Quique
469 3053 684 3092 pererratam
709 3050 886 3083 subductus
914 3050 1051 3083 Persida
1079 3050 1186 3092 Tigris

315 3101 445 3135 Deserit
466 3103 496 3134 et
517 3100 612 3142 tanai
635 3102 806 3133 terrarum
828 3102 954 3132 tractus
968 3099 1079 3140 hiatu,
1104 3100 1185 3133 Red-

315 3152 363 3184 dit
394 3151 561 3193 quaesitas
593 3150 664 3183 iam
695 3158 763 3182 non
797 3148 1028 3189 quaerentibus
1062 3151 1181 3184 undas.

315 3202 447 3243 Atque,
483 3200 514 3234 si
546 3199 637 3233 fides
670 3197 884 3232 scholiastae
920 3197 1028 3232 Persii
1062 3200 1094 3240 4,
1126 3200 1179 3241 93,

315 3250 462 3284 Neronis
485 3251 567 3284 sunt
589 3249 697 3283 etiam
713 3247 876 3282 versiculi
892 3246 938 3280 illi
953 3247 1098 3282 famosi:
1123 3251 1184 3284 Βο-

313 3300 480 3341 recyntius
508 3288 592 3333 Aius
623 3299 666 3332 Et
698 3299 757 3341 qui
788 3298 977 3331 mazeum
1009 3297 1185 3333 cirin-ebat

313 3350 425 3383 Nerea
440 3349 570 3391 delphin
583 3365 603 3373 -·
614 3366 634 3373 -
649 3348 758 3382 Torva
771 3347 991 3382 Mimalloneis
1005 3348 1184 3388 implerunt

314 3407 442 3432 cornua
463 3398 585 3432 bombis
607 3399 676 3431 cet.
702 3396 754 3431 Cf.
779 3397 886 3430 etiam
909 3395 1054 3429 Martial.
1071 3397 1105 3437 8,
1123 3397 1179 3438 70,

315 3447 348 3481 8.
376 3465 412 3472 —
435 3456 495 3482 nec
515 3456 574 3481 ore
595 3446 678 3490 uno]
708 3444 821 3480 Facile
844 3444 1038 3488 apparebat
1061 3454 1105 3479 ex
1126 3445 1182 3479 di-

1241 2096 1358 2130 studio
1374 2096 1617 2138 incumbebat,
1642 2098 1679 2130 at
1695 2106 1765 2130 non
1782 2106 1886 2131 mane
1903 2098 1940 2131 et
1953 2096 2106 2138 sobrius,

1241 2146 1306 2180 sed
1336 2148 1416 2189 post
1448 2146 1570 2189 epulas
1593 2147 1687 2181 bene
1714 2148 1817 2190 potus
1840 2156 1907 2181 nec
1930 2146 1997 2181 alio
2021 2156 2109 2181 con-

1239 2196 1316 2230 silio
1339 2197 1405 2230 nisi
1426 2197 1466 2229 ut
1479 2196 1708 2240 philosophos
1723 2196 1896 2239 litigantes
1911 2197 2107 2231 irrideret.-

1241 2247 1402 2280 sinnam..
1423 2265 1459 2270 —
1477 2256 1536 2280 nec
1551 2248 1688 2281 deerant
1703 2248 1761 2288 qui
1776 2248 1861 2288 cet]
1884 2245 2109 2282 Falsos'stoi-

1242 2305 1303 2330 cos
1338 2296 1477 2330 deridet
1505 2299 1662 2339 Tacitus,
1698 2298 1758 2340 qui
1784 2298 1860 2340 ipsa
1882 2306 1947 2331 sua
1970 2297 2107 2332 tristitia

1241 2347 1502 2381 oblectamento
1532 2357 1612 2382 esse
1643 2347 1833 2391 cupiebant
1854 2349 1984 2382 Neroni
2006 2352 2106 2383 cete-

1240 2400 1360 2441 risque
1390 2408 1503 2441 aeque
1534 2398 1673 2433 lascivis
1696 2399 1772 2432 eius
1794 2399 1962 2433 convivis.
1989 2417 2025 2424 ——
2049 2408 2108 2433 ore

1238 2449 1408 2491 vultuque]
1441 2450 1535 2482 Haec
1557 2449 1628 2482 duo
1650 2448 1822 2482 vocabula
1846 2450 1894 2482 ita
1915 2450 2107 2492 iunguntur

1241 2501 1344 2533 etiam
1376 2508 1396 2532 a
1425 2500 1522 2533 Livio
1546 2500 1578 2540 7,
1604 2499 1665 2533 33:
1695 2507 1835 2533 vesanos
1860 2499 1971 2533 nullm
1991 2502 2024 2533 et
2047 2499 2106 2543 ffl-

1238 2550 1349 2583 rentia
1371 2559 1451 2588 ora;
1482 2549 1549 2583 sibi
1577 2551 1803 2593 opponuntur
1833 2559 1853 2583 a
1881 2550 1999 2584 Tacito
2020 2550 2103 2592 Agr.

1239 2599 1299 2634 44:
1318 2599 1408 2632 Nihil
1421 2603 1526 2633 metus
1537 2600 1571 2633 in
1585 2600 1695 2639 eultu;
1713 2600 1829 2642 ,qratia
1840 2600 2102 2641 omssnpenemt.

1281 2649 1336 2682 47.
1372 2650 1436 2682 levi
1463 2650 1559 2683 initio
1593 2653 1697 2682 atrox
1728 2650 1843 2683 caedes
1873 2649 1970 2693 ma]
2002 2647 2102 2683 nont.

1238 2698 1324 2732 Hist.
1350 2699 1382 2739 4,
1407 2699 1469 2732 80:
1492 2708 1602 2740 panio
1622 2700 1757 2733 interim
1779 2700 1874 2733 initio
1887 2716 1938 2725 --
1951 2703 2028 2733 orta
2049 2707 2104 2733 n-

1237 2749 1317 2782 ditio
1333 2757 1440 2791 prope
1460 2749 1535 2783 urbi
1557 2750 1687 2783 excidio
1706 2750 1783 2792 fuit
1806 2751 1839 2792 2,
1857 2750 1917 2784 68:
1942 2750 2033 2792 apud
2048 2749 2104 2783 vi-

1235 2802 1341 2833 ctores
1361 2804 1438 2834 orta
1459 2801 1574 2834 seditio
1591 2801 1719 2834 ludicro
1734 2801 1839 2835 initio.
1859 2818 1896 2825 -
1920 2801 2104 2834 Nucerinos

1234 2850 1524 2892 Pompeianosque]
1546 2851 1582 2884 in
1601 2851 1813 2894 Campania:
1839 2850 1978 2884 illorum
1999 2850 2103 2894 oppi-

1236 2899 1322 2934 dum
1349 2901 1517 2941 Nuceria,
1555 2900 1660 2934 hodie
1689 2902 1832 2935 Nocere.
1868 2918 1903 2926 —
1937 2901 2103 2934 Licinum

1235 2950 1387 2992 Regulus]
1410 2949 1502 2984 filius
1524 2950 1672 2985 fortasse
1697 2951 1790 2990 eius,
1814 2952 1875 2993 qui
1898 2951 1962 2985 Cn.
1983 2951 2102 2985 Pisoni

1234 3009 1296 3033 reo
1324 2999 1434 3033 adfuit
1457 3000 1505 3042 (3,
1531 3000 1598 3041 44).
1626 3019 1662 3026 -
1693 3000 1821 3043 rettuli]
1850 3001 1887 3034 in
1915 3000 2100 3044 deperdita

1234 3050 1333 3092 parte
1349 3049 1547 3084 Annalium.
1564 3067 1600 3074 -
1626 3049 1805 3093 oppidana]
1828 3049 1915 3084 Vide
1931 3049 1977 3083 ad
1992 3050 2025 3090 6,
2041 3049 2096 3083 ⁴⁸.

1236 3100 1436 3133 —invicem
1456 3100 1665 3143 incessentes]
1688 3108 1739 3134 se.
1766 3099 1817 3134 CI.
1841 3099 1895 3141 43,
1912 3100 1950 3133 2:
1974 3099 2099 3133 inun-

1232 3153 1279 3184 tes
1307 3150 1457 3184 invicem.
1494 3149 1579 3184 Plin.
1605 3139 1706 3196 Epp.‘
1717 3151 1749 3190 7,
1781 3150 1844 3191 20,
1871 3150 1910 3184 7:
1943 3152 1983 3182 ut
2007 3149 2098 3182 iiivi-

1231 3208 1301 3232 cem
1315 3199 1489 3234 ardentius
1502 3200 1752 3242 daiam-
1706 3194 1953 3240 -sumpserel
1963 3197 2014 3232 Ex
2027 3197 2097 3232 hoc

1231 3248 1342 3282 verbo
1382 3257 1468 3291 per
1485 3257 1631 3291 zeugma
1668 3248 1878 3285 eliciendum
1908 3248 2018 3281 iacere
2049 3247 2096 3282 ad

1231 3297 1341 3331 verba
1362 3298 1490 3339 probra
1513 3299 1548 3331 et
1569 3307 1668 3332 saxa.
1686 3315 1723 3322 -
1747 3298 1909 3332 validiore
1927 3298 2097 3339 Pompeia-

1231 3357 1351 3382 norum
1370 3347 1473 3391 plebe]
1497 3349 1666 3391 Superest
1686 3348 1790 3382 huius
1806 3347 2006 3381 certaminis
2021 3355 2095 3381 me-

1232 3398 1344 3431 moria
1374 3398 1409 3431 in
1432 3396 1687 3431 contumelioso
1714 3394 1813 3430 titulo
1836 3396 2012 3439 Pompeiis
2031 3405 2093 3431 se-

1230 3448 1344 3489 perto,
1361 3447 1563 3490 lusos-„Lau
1579 3454 1614 3481 ιι.
1631 3445 1734 3481 δ464ι
1756 3453 1913 3481 mum.
1933 3453 2090 3481 ησωιιΔ.
