2254 3770
283 274 367 318 494
771 279 816 322 P.
848 278 1099 323 CORNELII
1128 279 1298 324 TACITI
1327 280 1595 326 ANNALIUM

283 382 553 441 compulsum
580 383 719 428 ferunt
747 390 794 427 ut
823 384 1047 428 instantem
1070 385 1298 431 Corbuloni
1316 386 1531 432 fateretur.
1563 402 1645 434 nec
1665 403 1689 433 a
1712 388 1954 434 Corbulone
1972 404 2074 448 pro-

281 465 496 517 peratum,
530 474 616 518 quo
647 459 924 517 gliscentibus
954 461 1156 518 periculis
1187 462 1314 506 etiam
1343 462 1524 506 subsidii
1553 463 1647 508 laus
1671 472 1910 523 augeretur.
1942 478 2074 523 expe-

281 534 362 578 diri
392 541 534 580 tamen
564 535 704 579 itineri
735 535 901 593 singula
930 536 1045 580 milia
1065 551 1117 581 ex
1138 537 1273 580 tribus
1294 536 1534 595 legionibus
1556 546 1599 583 et
1618 539 1773 584 alarios
1794 540 2071 598 octingentos,

278 624 428 668 parem
457 625 685 654 numerum
715 625 740 655 e
770 610 1018 655 cohortibus
1049 612 1181 656 iussit.
1224 612 1305 669 (Μ)
1332 619 1374 656 at
1393 613 1645 672 Vologeses,
1677 616 1873 674 quamvis
1893 615 2074 660 obsessa

247 696 304 730 aa
334 688 465 731 Paeto
495 687 648 730 itinera
678 686 777 731 hinc
806 687 1015 744 peditatu,
1050 687 1151 732 inde
1181 688 1327 746 equite
1358 689 1618 747 accepisset,
1650 690 1751 735 nibil
1781 697 1942 735 mutato
1971 705 2074 736 con-

277 762 390 814 silio,
431 762 508 806 sed
538 762 579 806 vi
610 776 662 807 ac
690 756 817 805 minis
849 762 988 806 alares
1018 763 1244 815 exterruit,
1284 763 1542 822 legionarios
1572 765 1763 817 obtrivit,
1796 780 1882 810 uno
1911 773 2073 810 tantum

277 838 527 882 centurione
558 837 774 896 Tarquitio
805 838 1037 882 Crescente
1067 839 1235 890 turrim,
1276 839 1319 882 in
1349 853 1436 898 qua
1465 841 1730 898 praesidium
1759 842 1963 899 agitabat,
1995 841 2076 890 dee

274 913 588 958 fendereauso
626 913 822 971 factaque
852 913 1026 972 saepius
1057 914 1282 971 eruptione
1313 922 1355 959 et
1385 916 1525 960 caesis
1555 917 1628 975 qui
1660 916 1942 961 barbarorum
1970 930 2071 975 pro-

272 989 370 1047 pius
413 988 816 1047 suggrediebantur,
858 989 998 1033 donec
1035 989 1195 1047 ignium
1230 990 1344 1034 iactu
1374 991 1765 1036 circumveniretur.
1811 992 2004 1050 peditum
2034 991 2070 1036 si

223 1076 259 1106 io
273 1065 370 1124 quis
408 1065 593 1123 integer,
636 1064 869 1123 longinqua
909 1071 951 1108 et
986 1065 1097 1116 avia,
1141 1065 1351 1109 vulnerati
1390 1073 1528 1111 castra
1571 1068 1832 1126 repetivere,
1871 1068 2068 1112 virtutem

271 1141 404 1199 regis,
437 1140 659 1184 saevitiam
688 1146 731 1184 et
761 1140 908 1198 copias
933 1140 1142 1198 gentium,
1177 1147 1329 1185 cuncta
1347 1148 1464 1186 metu
1485 1142 1754 1195 extollentes,
1785 1142 1894 1187 facili
1915 1142 2071 1187 credu-

269 1216 385 1260 litate
416 1230 589 1268 eorum,
623 1216 696 1274 qui
728 1215 883 1260 eadem
911 1215 1138 1273 pavebant.
1181 1230 1235 1260 ne
1265 1216 1353 1260 dux
1383 1217 1560 1276 quidem
1585 1218 1716 1262 obniti
1747 1218 1958 1270 adversis,
1990 1217 2070 1263 sed

272 1298 425 1337 cuncta
452 1291 628 1336 militiae
657 1291 803 1335 munia
827 1291 1096 1343 deseruerat,
1129 1292 1272 1336 missis
1293 1293 1447 1337 iterum
1467 1293 1522 1338 ad
1544 1293 1832 1339 Corbulonem
1850 1293 2067 1352 precibus,

269 1368 436 1413 veniret
471 1381 679 1426 propere,
720 1367 841 1425 signa
872 1374 915 1411 et
951 1366 1117 1425 aquilas
1148 1373 1190 1412 et
1219 1381 1375 1413 nomen
1404 1369 1619 1428 reliquum
1649 1369 1826 1415 infelicis
1856 1369 2069 1414 exercitus

220 1453 256 1483 ⁴5
270 1450 482 1489 tueretur:
522 1458 570 1488 se
599 1443 729 1487 fidem
768 1442 955 1495 interim,
994 1442 1134 1487 donec
1164 1443 1251 1487 vita
1279 1444 1543 1502 subpeditet,
1585 1451 1839 1490 retenturos.
1886 1445 1968 1502 (⁴2)
1998 1444 2068 1489 ille
2118 1479 2121 1482 .

268 1520 487 1564 interritus
517 1525 561 1564 et
588 1525 710 1577 parte
741 1518 963 1577 copiarum
993 1517 1108 1576 apud
1129 1519 1297 1563 Suriam
1317 1519 1485 1573 relicta,
1518 1527 1564 1564 ut
1582 1521 1845 1564 munimenta
1865 1519 2067 1579 Euphrati

268 1596 453 1654 inposita
482 1595 790 1655 retinerentur,
823 1607 909 1652 qua
929 1594 1170 1652 proximum
1193 1601 1235 1639 et
1255 1596 1564 1640 commeatibus
1586 1610 1672 1640 non
1694 1610 1893 1654 egenum,
1926 1595 2066 1654 regio-

267 1686 367 1717 nem
398 1672 750 1729 Commagenam,
784 1670 897 1714 exim
928 1669 1261 1728 Cappadociam,
1304 1670 1402 1715 inde
1433 1672 1657 1716 Armenios
1687 1672 1847 1730 petivit.
1891 1671 2067 1716 comita-

268 1748 422 1793 bantur
452 1747 686 1792 exercitum
725 1752 899 1804 praeter
937 1744 1020 1789 alia
1049 1751 1173 1790 sueta
1201 1745 1314 1791 bello
1346 1760 1497 1804 magna
1526 1747 1592 1790 vis
1623 1746 1884 1791 camelorum
1913 1752 2065 1790 onusta

216 1831 254 1863 20
267 1824 483 1874 frumenti,
530 1829 576 1866 ut
612 1821 738 1867 simul
778 1821 946 1866 hostem
984 1821 1226 1880 famemque
1266 1821 1514 1880 depelleret.
1568 1823 1752 1880 primum
1792 1821 2064 1881 eperculsis

333 1952 363 1984 l.
389 1952 482 1985 Fort.
506 1954 545 1984 ut
564 1950 633 1983 vim
653 1951 842 1983 instantem.
869 1948 921 1982 Cf.
946 1957 977 1981 c.
1005 1948 1064 1981 ⁴3:
1088 1948 1140 1980 vis
1160 1948 1189 1980 si
1210 1949 1393 1990 inarueret.
1421 1966 1457 1972 —
1487 1949 1519 1981 2.
1544 1948 1679 1982 subsidii
1701 1948 1931 1983 Puteolanus:
1956 1949 2064 1983 subsi-

265 2009 330 2042 diis
350 2009 384 2042 M
410 2026 446 2032 -—
472 2008 504 2041 3.
528 2007 647 2041 iteneri
669 2008 702 2041 M
727 2025 763 2031 -
795 2007 827 2039 5.
851 2006 953 2039 nichil
975 2006 1009 2040 M
1034 2023 1070 2029 —-
1103 2006 1136 2039 6.
1160 2006 1217 2039 sed
1240 2004 1370 2039 delevit
1392 2006 1560 2039 Faernus.
1588 2023 1624 2031 —
1653 2006 1686 2040 8.
1710 2007 1867 2048 factaque
1890 2007 1944 2040 M:
1967 2007 2062 2048 facta

264 2064 491 2100 Puteolanus.
511 2082 547 2088 -
573 2064 763 2105 orruptione
784 2064 819 2097 M
844 2080 879 2086 -
904 2063 987 2096 cesis
1008 2063 1041 2097 M
1066 2079 1102 2086 -
1124 2064 1262 2104 prorius
1278 2061 1351 2104 (sic)
1373 2063 1407 2096 M
1432 2079 1468 2086 —
1496 2063 1550 2095 44.
1574 2063 1728 2096 seuitiam
1750 2064 1784 2098 M
1809 2081 1846 2088 —
1872 2064 1925 2097 43.
1947 2060 2064 2105 ῥοίδια

264 2123 299 2157 Μ
324 2141 361 2146 -
386 2123 442 2155 45.
466 2119 542 2155 uita
561 2122 596 2155 M
622 2139 658 2145 -
684 2121 738 2154 46,
762 2119 888 2162 eufrati
909 2120 956 2154 M.

263 2232 298 2271 5,
323 2231 378 2270 43,
403 2229 445 2263 49
469 2230 505 2262 et
527 2229 560 2269 8,
582 2228 615 2268 9,
633 2226 686 2260 44.
706 2244 742 2250 —
768 2225 957 2269 instantem]
981 2224 1137 2268 Intellige

262 2282 401 2321 hostem,
437 2279 534 2322 quod
564 2279 725 2322 proxime
750 2277 944 2320 praecedit.
971 2294 1007 2299 —
1033 2276 1140 2309 tribus

262 2330 457 2374 legionibus]
481 2330 602 2370 tertia,
629 2330 728 2361 sexta
753 2329 789 2360 et
804 2327 956 2360 decima.
983 2326 1034 2360 Cf.
1054 2335 1084 2359 c.
1104 2326 1135 2359 6.

266 2401 302 2407 —
328 2379 524 2425 cohortibus]
549 2377 776 2411 auxiliaribus
800 2378 992 2411 sociorum.

306 2434 360 2466 Μ.
384 2433 440 2466 sed
460 2431 495 2464 vi
518 2429 600 2472 cet.]
628 2430 767 2463 Tacitus
790 2429 947 2461 imitatur
969 2429 1134 2467 Graecos,

262 2484 324 2526 qui
347 2482 477 2516 eodem
499 2490 567 2514 usu
596 2489 662 2522 per
685 2478 849 2512 voculam
872 2474 970 2510 ἀλλά
993 2477 1137 2520 partici-

260 2535 360 2577 pium
375 2535 411 2567 et
425 2532 576 2566 verbum
594 2530 732 2563 finitum
748 2527 926 2571 copulant.
952 2527 1003 2561 Cf.
1022 2528 1137 2560 Hero-

262 2584 335 2617 dot.
355 2584 386 2624 4,
413 2583 492 2616 ⁴3⁴:
525 2580 680 2627 Πέρσας
701 2578 742 2612 δὲ
766 2576 852 2611 οἶδα
874 2577 1033 2621 νόμοισι
1054 2587 1135 2609 τοι-

262 2633 363 2676 οῐςδε
383 2633 645 2681 χρεωμένους,
669 2628 874 2674 ἀγάλματα
894 2628 966 2673 μὲν
986 2629 1051 2662 καὶ
1066 2639 1135 2671 νη-

262 2684 331 2728 οὺς
352 2685 419 2718 καὶ
439 2681 600 2728 βωμοὺς
614 2678 687 2716 οὐκ
701 2681 742 2715 ἐν
758 2678 866 2725 νόμῳ
882 2680 1134 2723 ποιευμένους

263 2734 459 2783 ἱδρύεσθαι
469 2759 478 2776 ,
499 2730 597 2767 ἀλλὰ
618 2733 683 2765 καὶ
699 2735 802 2765 τοῖσι
817 2730 970 2765 ποιεῦσι
984 2731 1133 2776 μωρίην

261 2786 501 2833 ἐπιφέρουσι.
527 2785 670 2818 WAL'm.
701 2783 762 2816 Est
783 2782 872 2815 levis
895 2780 1131 2821 anacoluthia,

261 2838 297 2871 in
332 2845 403 2880 qua
435 2836 565 2869 frustra
595 2834 710 2866 haesit
740 2834 905 2865 Faernus.
945 2831 1051 2865 Plene
1082 2831 1133 2864 sic

261 2888 409 2921 dixisset
438 2886 606 2928 scriptor:
643 2884 726 2916 nihil
757 2886 887 2916 mutato
915 2882 1051 2915 consilio
1077 2882 1134 2914 sed

259 2938 385 2971 itinere
409 2936 629 2974 continuato,
653 2934 687 2966 vi
711 2935 779 2966 cet.
806 2951 843 2957 —
865 2933 1023 2973 factaque
1038 2949 1087 2956 --
1103 2935 1134 2964 et

259 2986 379 3029 caesis]
409 2985 574 3019 Similiter
604 2983 671 3017 sibi
697 2982 917 3025 respondent
938 2979 1131 3024 particulae

261 3046 388 3079 que--
404 3039 435 3070 et
458 3034 531 3077 (vel
553 3034 610 3075 ac)
639 3033 679 3074 4,
705 3033 743 3065 3:
776 3040 874 3073 seque
904 3041 944 3064 ac
973 3031 1129 3064 maiores.

260 3088 299 3129 4,
324 3087 386 3122 34:
420 3089 450 3120 et
471 3089 610 3126 uterque
632 3083 811 3124 opibusque
833 3085 932 3122 atque
952 3080 1133 3114 honoribus

255 3138 466 3180 per-viquere.
492 3135 546 3176 ⁴2,
563 3135 623 3167 37:
647 3134 777 3175 ipsique
793 3135 824 3165 et
838 3131 985 3173 coniuyi.
1002 3149 1036 3155 —
1055 3130 1131 3163 lon-

258 3190 387 3230 pinque
409 3190 440 3221 et
461 3185 553 3228 avia]
578 3183 653 3218 scil.
668 3184 825 3225 petivere,
846 3181 941 3223 quod
958 3190 1001 3214 ex
1015 3180 1129 3213 verbo

258 3239 440 3279 repetivere
462 3233 721 3271 assumendum
744 3234 810 3266 est.
842 3231 893 3265 Cf.
920 3232 952 3272 t,
972 3232 1031 3264 ⁴7:
1055 3231 1130 3264 hinc

258 3292 379 3322 vestem
406 3297 507 3321 arma
535 3285 680 3320 tentoria
704 3283 825 3326 (emi),
860 3282 935 3315 hinc
955 3282 1130 3315 saevitiam

258 3339 489 3372 centurionum
503 3341 534 3370 et
546 3337 740 3369 vacationes
753 3340 929 3366 munerum
942 3331 1072 3364 redimi.
1089 3347 1125 3354 -—-

258 3388 352 3430 faciti
379 3385 590 3428 credulitate]
621 3384 755 3419 Eadem
777 3381 889 3416 verba
918 3388 1026 3422 supra
1048 3381 1128 3413 iun-

1233 2226 1286 2258 ⁴2.
1313 2224 1581 2267 Commaqenam]
1606 2225 1919 2268 septentrionalem
1938 2227 2060 2268 syriae

1187 2278 1343 2318 partem,
1369 2276 1469 2309 cuius
1486 2278 1592 2319 caput
1606 2277 1800 2318 Samosata,
1831 2277 1937 2310 hodie
1953 2277 2061 2310 Semi-

1186 2329 1249 2358 sat.
1283 2326 1333 2359 Cf.
1359 2327 1392 2366 2,
1419 2326 1473 2359 56.
1502 2344 1538 2350 —
1571 2330 1691 2359 onusta
1719 2327 1894 2370 frumenti]
1926 2327 2059 2360 Eadem

1188 2377 1451 2409 constructione
1477 2375 1618 2410 Plautus
1641 2376 1717 2410 Aul.
1743 2377 1782 2418 4,
1807 2379 1846 2418 2,
1872 2377 1912 2411 4:
1942 2377 2060 2411 aulam

1187 2430 1340 2459 onustam
1362 2428 1453 2460 auri.
1482 2444 1518 2451 --
1554 2427 1726 2470 Paccium]
1751 2428 1909 2461 Orfitum.
1945 2429 2059 2471 Supra

1187 2477 1239 2517 ⁴3,
1259 2477 1301 2509 36
1325 2477 1374 2517 ei,
1396 2477 1502 2518 primi
1520 2477 1584 2518 pili
1605 2477 1729 2510 honore
1740 2478 1933 2519 perfuncto,
1957 2487 2059 2520 prae-

1186 2527 1357 2560 sidiorum
1370 2536 1493 2560 curam
1509 2537 1530 2560 a
1543 2527 1744 2561 Corbulone
1762 2529 1964 2562 mandatam
1977 2537 2057 2562 esse

1186 2577 1282 2610 dixit.
1319 2578 1481 2611 «Eadem
1505 2587 1607 2619 cura,
1634 2580 1672 2611 ut
1694 2578 1845 2620 videtur,
1870 2587 1967 2612 nunc
1988 2578 2056 2613 sub

1184 2629 1291 2660 Paeto
1314 2636 1429 2669 aeque
1454 2628 1675 2671 improspere
1699 2629 1839 2662 functus
1863 2631 1899 2662 et
1916 2629 2057 2662 omissis

1184 2678 1369 2720 praesidiis
1392 2678 1529 2719 fugiens
1549 2680 1705 2712 occurrit
1721 2678 1923 2712 Corbuloni.
1949 2679 2056 2712 Primi

1184 2727 1242 2770 pili
1272 2729 1516 2761 centurionem
1547 2730 1687 2763 Tacitus
1717 2732 1865 2772 propter
1892 2729 2055 2762 ordinem

1184 2779 1326 2812 militiae
1358 2788 1441 2812 eum
1470 2779 1640 2821 appellat,
1677 2789 1748 2813 non
1778 2780 1874 2823 quod
1903 2789 1943 2813 re
1969 2788 2055 2813 vera

1183 2831 1337 2873 primum
1371 2829 1482 2872 pilum
1512 2832 1597 2864 tunc
1627 2830 1759 2864 duxit.»
1791 2832 1925 2864 Rirrsn.
1956 2848 1992 2855 —
2020 2838 2055 2864 u

1182 2881 1246 2913 nisi
1275 2880 1455 2914 victoribus
1486 2881 1645 2914 immitem
1673 2883 1758 2923 esse]
1787 2882 1809 2914 i.
1835 2890 1867 2914 e.
1892 2890 1931 2915 se
1963 2881 2055 2923 fugi-

1182 2931 1261 2963 tivis
1291 2931 1464 2963 immitem
1490 2932 1525 2963 et
1551 2932 1690 2964 nonnisi
1713 2930 1905 2964 victoribus
1929 2932 2052 2964 mitem

1183 2988 1274 3013 esse.
1310 2980 1475 3021 «profugi
1504 2982 1599 3014 Paeti
1628 2981 1756 3015 milites
1785 2990 1805 3014 a
1836 2980 2048 3021 Corbulone,

1182 3038 1290 3071 quem
1324 3029 1470 3062 obvium
1504 3030 1737 3072 habuissent,
1783 3031 1893 3074 recipi
1926 3032 2051 3073 cupie—

1182 3080 1288 3118 bant;
1314 3081 1344 3114 is
1368 3082 1486 3113 autem
1510 3084 1737 3115 severitatem
1761 3083 1917 3115 imitatus
1935 3083 1991 3115 est
2005 3082 2046 3122 Q,

1181 3128 1309 3163 Metelli
1335 3129 1568 3171 Macedonici,
1602 3133 1662 3174 qui
1692 3133 1726 3165 in
1757 3132 1920 3175 Hispania
1944 3131 2050 3174 quin-

1181 3189 1250 3222 que
1290 3180 1477 3219 cohortes,
1517 3190 1609 3223 quae
1653 3181 1815 3215 hostibus
1853 3182 2045 3222 cesserant,

1179 3231 1432 3263 testamentum
1454 3230 1571 3264 facere
1595 3232 1710 3265 iussas
1733 3231 1779 3264 ad
1800 3231 1918 3264 locum
1940 3239 2047 3265 recu-

1178 3279 1376 3322 perandum
1400 3281 1512 3321 misit,
1544 3281 1698 3315 minatus
1721 3290 1782 3315 eas
1804 3290 1871 3314 non
1890 3281 1956 3313 nisi
1972 3284 2048 3321 post

1176 3330 1355 3363 victoriam
1376 3333 1562 3374 receptum
1583 3332 1636 3365 iri.
1662 3333 1770 3365 Doan.
1791 3349 1826 3356 —
1844 3330 2046 3374 praecipua]

1178 3381 1270 3413 inter
1291 3388 1440 3414 coronas
1461 3380 1630 3415 militares
1646 3379 1872 3414 nobilissima.
1896 3379 1982 3413 Plin.
1999 3381 2041 3414 N.

259 3435 457 3480 guntarit,
471 3436 505 3471 ὁ.
520 3433 768 3477 -retenturosl
782 3441 822 3468 ae
839 3433 876 3466 et
889 3429 1017 3465 milites
1028 3438 1126 3464 auos.
1178 3430 1220 3463 Η.
1239 3429 1280 3462 ⁴6
1304 3429 1324 3472 g
1340 3430 1359 3463 7
1377 3439 1385 3463 :
1413 3431 1538 3465 civicae
1558 3439 1721 3472 cereum,
1746 3430 1890 3464 militm
1909 3430 2045 3464 wenti·
