2254 3770
726 310 882 355 LIBER
909 311 978 355 XI.
1024 309 1125 369 Cap.
1157 310 1223 355 47.
1254 311 1321 355 ¹18.
1352 311 1419 355 ⁴9.

1888 305 1972 351 325

186 418 406 479 Sanquinii
436 418 618 470 alacres,
651 417 754 462 dum
784 417 971 462 Corbulo
1001 417 1219 471 adventat,
1257 418 1499 463 inferiorem
1530 418 1799 464 Germaniam
1827 418 1972 462 incur-

186 509 338 541 savere
366 493 477 539 duce
509 493 753 546 Gannasco,
785 494 859 553 qui
888 494 1059 538 natione
1081 494 1353 547 Canninefas,
1385 494 1602 540 auxiliaris
1623 501 1666 540 et
1685 494 1759 538 diu
1778 493 1969 545 meritus,

185 576 284 630 post
319 569 554 628 transsuga,
597 569 764 614 levibus
804 569 983 627 navigiis
1023 569 1356 628 praedabundus
1387 570 1604 615 Gallorum
1641 570 1824 614 maxime
1853 582 1973 614 oram

186 645 395 698 vastabat,
431 659 518 689 non
546 645 719 703 ignarus
750 644 860 689 dites
891 652 934 689 et
963 645 1143 690 inbelles
1172 659 1283 690 esse.
1329 652 1372 690 at
1401 646 1586 691 Corbulo
1615 645 1879 705 provinciam
1908 645 1974 688 in-

185 735 359 780 gressus
390 734 543 779 magna
571 734 669 765 cum
700 734 803 765 cura
832 727 875 764 et
903 735 1003 765 mox
1033 721 1183 779 gloria,
1225 722 1293 765 cui
1323 722 1582 780 principium
1610 722 1680 766 illa
1708 720 1855 766 militia
1883 720 2001 773 fuit‚⁵

183 798 379 842 triremes
409 795 531 841 alveo
561 795 713 848 Rheni,
746 802 911 840 ceteras
932 796 1120 849 navium,
1151 802 1198 840 ut
1218 810 1418 856 quaeque
1444 797 1629 850 habiles,
1661 811 1741 857 per
1760 796 1974 842 aestuaria

186 879 228 918 et
256 872 394 917 fossas
424 871 587 930 adegit;
617 870 916 937 luntribusque
945 871 1379 931 hostium·depressis
1409 879 1452 917 et
1481 873 1703 918 exturbato
1734 873 1970 926 GannascO,

185 948 259 993 ubi
288 947 529 1006 praesentia
558 947 660 991 satis
681 939 927 1005 ¹composita
955 954 1073 1000 sunt,

1105 947 1298 1006 legiones
1319 962 1501 1007 operum
1526 956 1569 994 et
1596 949 1755 994 laboris
1783 949 1971 1007 ignavaS,

184 1023 532 1084 populationibus
566 1022 793 1074 laetantes,
835 1029 1026 1067 veterem
1066 1023 1120 1067 ad
1157 1038 1322 1068 morem
1359 1024 1549 1077 reduxit,
1590 1039 1644 1069 ne
1675 1025 1773 1084 quis
1802 1025 1972 1083 agmine

185 1099 418 1145 decederet
446 1113 528 1143 nec
555 1112 743 1157 pugnam
772 1098 853 1142 nisi
883 1098 1027 1142 iussus
1058 1099 1207 1144 iniret:
1239 1100 1462 1152 stationes,
1493 1100 1682 1158 vigiliae,
1714 1101 1867 1144 diurna
1895 1114 1973 1145 no-
1985 1111 2022 1142 ιο

185 1182 420 1234 cturnaque
459 1175 603 1219 munia
642 1175 686 1218 in
717 1174 844 1218 armis
875 1174 1154 1232 agitabantur.
1198 1175 1424 1234 feruntque
1453 1175 1644 1228 militem,
1687 1176 1790 1235 quia
1816 1175 1975 1220 vallum

183 1265 270 1295 non
313 1251 546 1303 accinctus,
593 1256 721 1309 atque
762 1249 912 1302 alium,
958 1250 1060 1308 quia
1101 1250 1290 1309 pugione
1330 1257 1491 1295 tantum
1531 1253 1748 1297 accinctus
1785 1251 1970 1304 foderet,

183 1333 319 1371 morte
349 1326 533 1385 punitos.
580 1340 692 1384 quae
722 1325 871 1377 nimia,
904 1331 946 1369 et
974 1325 1185 1370 incertum
1214 1340 1268 1370 an
1298 1326 1403 1370 salso
1430 1327 1560 1379 iacta,
1593 1328 1803 1386 originem
1830 1334 1974 1372 tamen

185 1417 209 1447 e
240 1403 468 1446 severitate
500 1401 622 1446 ducis
651 1407 841 1454 traxere3
879 1390 1175 1460 intentumque
1205 1408 1247 1445 et
1275 1403 1438 1461 magnis
1469 1402 1637 1447 delictis
1666 1403 1974 1448 inexorabilem

184 1478 313 1530 scias,
345 1478 413 1522 cui
443 1483 604 1521 tantum
639 1477 880 1535 asperitatis
910 1477 1038 1521 etiam
1067 1477 1276 1522 adversus
1305 1477 1416 1523 levia
1444 1478 1713 1523 credebatur.
1745 1478 1827 1536 (⁴9)
1858 1485 1973 1523 cete-
1986 1488 2023 1519 ⁴5

183 1569 280 1597 rum
319 1553 356 1597 is
385 1559 525 1597 terror
552 1552 707 1597 milites
738 1552 970 1611 hostesque
1000 1554 1042 1596 in
1073 1553 1292 1598 diversum
1321 1553 1472 1598 affecit.
1517 1568 1597 1598 nos
1626 1555 1824 1598 virtutem
1853 1555 1974 1598 auxi-

183 1643 300 1681 mus,
348 1628 518 1673 barbari
557 1628 758 1673 ferociam
797 1628 1021 1687 infregere.

1081 1635 1124 1673 et
1161 1629 1276 1672 natio
1305 1629 1540 1673 Frisiorum
1569 1636 1667 1687 post
1695 1629 1975 1674 rebellionem

187 1704 311 1750 clade
340 1705 386 1748 L.
406 1705 580 1763 Apronii
611 1712 807 1762 coeptam
836 1704 1000 1749 infensa
1029 1711 1101 1748 aut
1129 1704 1239 1748 male
1269 1703 1373 1756 fida,
1406 1704 1515 1748 datis
1536 1704 1760 1749 obsidibus
1780 1704 1976 1750 consedit

187 1780 302 1838 apud
339 1794 466 1838 agros
496 1795 521 1824 a
552 1779 794 1824 Corbulone
824 1780 1077 1838 descriptos.
1122 1779 1239 1823 idem
1275 1786 1485 1832 senatum,
1526 1781 1817 1837 magistratus,
1853 1780 1974 1838 leges

184 1856 388 1914 inposuit.
427 1869 479 1900 ac
497 1869 551 1900 ne
571 1856 689 1899 iussa
708 1862 931 1908 exuerent,
962 1855 1226 1914 praesidium
1245 1856 1497 1907 immunivit,
1529 1855 1672 1900 missis
1693 1856 1767 1914 qui
1788 1856 2025 1900 maioresso

250 1990 282 2022 4.
308 1989 447 2022 alacrex
475 1998 530 2032 pr.
555 1990 588 2023 M
612 2007 648 2012 —
682 1990 714 2022 2.
740 1989 911 2031 canincfas
932 1990 978 2024 M.
1012 1989 1100 2023 Vide
1124 1989 1171 2023 ad
1193 1989 1231 2030 4,
1256 1989 1310 2023 73.
1338 2006 1375 2014 —·
1409 1989 1593 2022 auxiliaris
1614 1993 1644 2022 et
1666 1989 1724 2022 diu
1743 1990 1883 2023 meritus
1903 1991 1975 2023 Pu-

185 2045 363 2081 teolanus:
388 2046 560 2079 auviliare
581 2055 625 2080 ew
647 2047 706 2079 diu
726 2047 853 2079 meritis
875 2047 932 2089 (ex
954 2048 1073 2080 tamen
1096 2056 1140 2080 ex
1163 2046 1394 2088 correctione)
1411 2047 1463 2085 M;
1489 2047 1661 2079 auxiliare
1681 2055 1739 2079 aes
1759 2046 1818 2078 diu
1837 2047 1977 2079 meritus

184 2105 383 2142 Mercerus;
414 2103 586 2136 auxiliare
613 2104 811 2144 stipendium
840 2104 978 2136 meritus
999 2104 1174 2146 Bipontini
1198 2105 1234 2137 et
1255 2104 1406 2136 Baebius
1430 2101 1518 2145 (coll.
1543 2104 1580 2143 2,
1606 2103 1667 2136 52:
1703 2103 1739 2134 in
1766 2103 1885 2135 castris
1906 2104 1975 2136 Ro-

183 2160 294 2193 manis
315 2159 508 2192 auxiliaria
528 2160 692 2200 stipendia
713 2159 882 2201 meritus);
908 2161 1091 2193 auxiliaris
1112 2170 1156 2193 ex
1178 2161 1237 2193 diu
1257 2160 1384 2193 meritis
1405 2158 1473 2192 alii.
1495 2177 1531 2182 —-
1557 2159 1588 2192 6.
1607 2158 1681 2191 reni
1695 2159 1729 2192 M
1747 2176 1783 2182 —
1800 2161 1926 2204 αξιοι-ας
1939 2159 1975 2192 Μ

187 2234 224 2240 -
250 2224 375 2258 queque
397 2216 431 2249 M
454 2233 491 2239 —
517 2217 668 2249 estuaria
689 2218 722 2250 Μ
748 2234 784 2240 -
810 2217 842 2250 7.
867 2217 1096 2259 luntribusque
1116 2218 1167 2251 M:
1194 2217 1412 2259 lintribusque
1435 2216 1556 2249 ceteri.
1586 2215 1637 2248 Cf.
1657 2216 1711 2247 Fr.
1728 2214 1924 2248 Buecheler
1937 2216 1974 2248 in

185 2273 296 2308 Musei
327 2272 439 2306 Rhen.
463 2273 505 2305 N.
531 2273 564 2305 S.
589 2273 652 2313 XI,
687 2282 723 2315 p.
747 2274 811 2306 297
842 2283 897 2315 sq.
932 2292 969 2298 —
999 2275 1032 2307 8.
1057 2275 1204 2316 iqnauas
1233 2275 1284 2308 M:
1318 2275 1460 2316 ignaras
1480 2271 1704 2306 Puteolanus.
1738 2271 1789 2305 Cf.
1815 2272 1974 2305 Heraeus

184 2339 220 2372 p.
245 2329 309 2362 428
331 2337 411 2370 sqq.
446 2346 480 2352 —
518 2329 571 2362 44.
603 2327 708 2362 milite
741 2338 833 2362 corr.
866 2331 918 2363 M:
954 2331 1072 2364 milites
1101 2340 1155 2373 pr.
1180 2331 1214 2364 M
1246 2348 1282 2354 -
1321 2330 1375 2364 43.
1407 2330 1499 2362 iacta
1524 2328 1733 2362 Rhenanus:
1768 2330 1847 2361 acta
1875 2327 1910 2361 M
1933 2344 1970 2350 —

186 2384 240 2418 44.
265 2388 421 2417 tracaeere
444 2383 570 2426 (littera
591 2395 610 2418 c
633 2387 764 2427 puncto
788 2386 918 2428 notata)
942 2388 977 2420 M
1003 2405 1038 2411 —
1072 2388 1202 2420 delectis
1223 2388 1257 2421 M
1283 2406 1334 2432 -.
1352 2387 1405 2420 45.
1431 2387 1519 2420 levia
1544 2385 1781 2418 accredebalur
1802 2383 1971 2417 Halmius.

189 2459 224 2465 —
250 2441 304 2473 46.
329 2440 506 2473 aucaeimus
528 2440 652 2483 (littera
675 2451 694 2474 c
717 2443 855 2484 punctis
871 2443 999 2485 notata)
1023 2444 1057 2477 M
1083 2461 1118 2467 —
1146 2444 1198 2476 48.
1223 2446 1352 2485 ceptam
1374 2444 1408 2477 M
1426 2461 1463 2467 —-
1489 2442 1544 2475 49.
1567 2441 1740 2475 corbulone
1760 2442 1795 2476 M
1812 2459 1847 2466 —
1872 2449 1975 2474 sena-

187 2500 259 2531 tum
280 2495 512 2530 Puteolanus:
536 2501 671 2531 senalus
692 2499 726 2532 M
751 2517 787 2523 —
815 2500 870 2532 20.
894 2499 1080 2533 immunibit
1101 2509 1155 2543 pr.
1180 2500 1226 2533 M.

187 2594 264 2642 γῶν
286 2594 333 2630 τά
356 2606 397 2630 τε
419 2595 685 2644 στρατεύματα
711 2596 968 2646 συνεκρότησε
990 2600 1056 2633 καὶ

188 2646 262 2681 τῶν
283 2645 490 2694 βαρβάρων
513 2643 654 2690 ἄλλους
672 2658 712 2682 τε
727 2650 793 2682 καὶ
809 2647 878 2691 οὓς
893 2649 1057 2684 ἐκάλουν

188 2696 371 2740 Καύχους
404 2695 610 2733 ἐκάκωσεν.
648 2717 685 2733 -,-
723 2701 905 2733 auxiliaris
937 2705 967 2734 et
1000 2703 1058 2734 diu

187 2748 350 2791 mer-itus]
386 2748 583 2783 «auxiliaris
618 2750 654 2783 et
686 2750 831 2792 quidem
865 2750 1057 2784 multorum

189 2799 464 2842 stipendiorum,
494 2800 589 2833 unde
620 2802 717 2833 tanto
741 2802 854 2833 maior
876 2801 1058 2843 transfugii

189 2849 327 2892 culpa.»
349 2867 385 2873 —
410 2850 476 2892 cui]
500 2850 575 2883 scil.
599 2852 746 2894 qloriae,
771 2860 842 2884 non
867 2852 1055 2885 Corbuloni.

192 2920 229 2926 -
247 2901 420 2934 aestuaria
433 2904 465 2934 et
479 2901 594 2944 fossas]
618 2911 684 2944 per
700 2903 910 2935 Drusianam
927 2902 1058 2936 fossam

190 2953 226 2984 et
247 2949 363 2990 lacus,
396 2952 456 2992 qui
478 2950 599 2993 plures
622 2954 724 2991 tunc,
757 2953 791 2984 in
815 2961 927 2985 unum
950 2953 1059 2985 meri-

190 2999 367 3034 dionalem
400 3001 634 3042 (Zuyder-See)
665 3002 859 3034 coiverunt.
897 3003 983 3034 Lips.
1019 3019 1056 3024 —

190 3051 313 3084 laboris
326 3050 479 3093 ignavas]
493 3051 544 3084 Cf.
559 3052 591 3090 3,
603 3051 664 3084 48:
683 3052 824 3093 impiger
837 3052 988 3085 militiae.
1004 3050 1057 3092 44,

191 3101 253 3133 33:
277 3100 357 3133 laeti
375 3101 506 3141 praeda
527 3104 558 3133 et
579 3101 733 3134 laborum
754 3109 876 3142 seqnes.
914 3101 999 3133 Hist.
1026 3102 1057 3140 4,

191 3150 251 3183 87:
281 3150 434 3183 urbanae
459 3151 600 3183 militiae
628 3151 779 3192 impiger.
823 3167 858 3174 -
889 3151 1059 3190 stationes,

191 3200 338 3242 vigiliae]
362 3200 449 3232 Vide
473 3200 519 3232 ad
542 3201 573 3240 4,
591 3200 645 3232 28.
667 3219 703 3224 —
728 3209 795 3232 non
816 3200 994 3241 accinctus]
1013 3200 1060 3232 Ex

195 3249 376 3292 disciplina
399 3249 538 3282 militari
562 3251 638 3282 erat
662 3259 743 3282 cum
766 3248 878 3291 gladio
902 3258 991 3291 opus
1014 3248 1062 3282 fa-

196 3308 291 3332 cere.
327 3300 493 3341 Vegetius
523 3300 563 3340 3,
594 3300 633 3332 8:
669 3300 787 3332 milites
818 3300 931 3341 qladio
964 3300 1063 3332 cincti

195 3349 317 3390 fossam
344 3351 510 3391 aperiunt.
544 3352 629 3383 Lm.
659 3369 695 3374 —
724 3349 888 3392 puqione]
919 3350 1058 3391 Ioseph.

198 3397 282 3431 Bell.
307 3399 382 3433 lud.
405 3399 444 3439 3,
468 3402 502 3440 5,
527 3401 567 3434 5:
594 3401 634 3433 οἱ
655 3401 759 3442 πεζοὶ
783 3396 963 3433 ὁδεύουσι
985 3410 1063 3443 μα-

1107 2611 1176 2647 ρον
1210 2599 1252 2634 δὲ
1285 2596 1411 2634 αὐτῶν
1445 2596 1490 2632 τὸ
1524 2595 1634 2632 λαιὸν
1669 2595 1784 2640 ξίφος
1816 2596 1975 2640 (gladius)

1109 2649 1255 2695 πολλῷ,
1284 2648 1329 2684 τὸ
1359 2648 1432 2697 γὰρ
1459 2648 1559 2682 κατὰ
1585 2645 1709 2691 δεξιὸν
1738 2648 1863 2691 (pugio)
1887 2655 1976 2681 σπι-

1107 2699 1239 2744 θαμῆς
1255 2699 1303 2734 ου’
1322 2699 1437 2733 πλέον
1451 2695 1532 2739 οέχει
1546 2698 1684 2743 μῆκος.
1705 2716 1739 2723 -
1759 2698 1864 2741 iacta]
1882 2697 1975 2731 fama

1108 2751 1300 2793 divulgata,
1325 2753 1364 2785 ut
1385 2751 1418 2791 3,
1443 2751 1482 2783 8:
1511 2751 1540 2784 si
1562 2759 1644 2783 vera
1665 2752 1786 2790 essent,
1812 2757 1898 2790 quae
1919 2749 1976 2780 ia-

1106 2805 1271 2834 cercntur.

1151 2852 1204 2885 49.
1230 2852 1322 2884 clade
1343 2851 1380 2884 L.
1404 2849 1555 2892 Apronii]
1580 2849 1631 2883 Cf.
1651 2848 1685 2890 4,
1703 2849 1745 2882 72
1761 2857 1840 2890 sqq.
1862 2866 1898 2871 —
1922 2856 1976 2880 se-

1107 2901 1235 2943 natum]
1261 2902 1326 2941 Qui
1347 2900 1553 2943 praeierunt
1574 2899 1655 2932 lect.
1672 2903 1822 2939 senatus,
1847 2899 1892 2931 ita
1916 2897 1977 2930 de·

1109 2952 1273 2986 tendunt:
1301 2950 1443 2983 «Plures
1466 2951 1609 2984 senatus
1631 2949 1727 2982 haud
1750 2949 1858 2982 dubie
1881 2947 1978 2981 insti-

1109 3003 1174 3034 tuit
1193 3002 1227 3034 in
1244 3000 1402 3042 pluribus
1419 3001 1550 3042 pagis.»
1574 3000 1708 3033 Verum
1724 3001 1868 3033 senatus
1883 3005 1977 3030 unus

1109 3053 1170 3084 uni
1192 3051 1323 3084 nationi
1356 3050 1539 3084 suffecisse
1562 3050 1703 3083 videtur
1731 3050 1838 3090 atque
1866 3055 1977 3089 pago-

1108 3110 1188 3134 rum
1226 3099 1443 3142 singulorum
1480 3099 1616 3142 singula
1653 3098 1799 3132 concilia
1837 3096 1978 3140 publica

1110 3152 1297 3185 senatuum
1321 3151 1463 3184 nomine
1478 3151 1536 3184 vix
1553 3151 1715 3192 dignatus
1731 3149 1837 3182 esset.
1857 3164 1894 3171 —
1912 3148 1979 3180 im—

1110 3201 1260 3243 munivit]
1284 3200 1435 3240 ibidem,
1460 3202 1496 3234 in
1519 3209 1643 3234 eorum
1665 3199 1794 3232 finibus
1810 3198 1975 3237 munivit;

1110 3254 1150 3284 ut
1170 3249 1382 3292 ἐντειχίζειν
1405 3249 1572 3298 φρούρια
1601 3249 1760 3290 Xenoph.
1787 3248 1918 3289 Cyrop.
1941 3247 1974 3287 3,

1113 3302 1144 3339 4,
1161 3301 1216 3333 27.
1236 3319 1273 3325 —
1296 3302 1440 3335 maiores
1462 3299 1619 3341 Chaucos}
1642 3298 1727 3331 Plin.
1746 3299 1785 3331 N.
1805 3299 1846 3331 H.
1864 3297 1918 3338 46,
1935 3298 1949 3331 4
1966 3307 1975 3330 :

1112 3351 1338 3392 Chaucorum,
1370 3353 1427 3392 qui
1455 3352 1600 3384 maiores
1626 3350 1834 3390 minoresque
1861 3347 1979 3390 appel-

1110 3401 1236 3434 lantur.
1266 3401 1317 3434 Illi
1344 3402 1449 3435 sedes
1479 3399 1660 3433 habebant
1689 3399 1780 3432 inter
1802 3397 1978 3440 Visurgim

198 3448 524 3496 χαιροφοροῦντες
544 3446 839 3498 ἀμφοτέρωθεν·
871 3447 1063 3497 μακρότε-
1113 3452 1148 3484 et
1177 3449 1308 3492 Albim,
1342 3451 1379 3484 hi
1406 3452 1497 3485 inter
1522 3450 1693 3484 Amisiam
1722 3450 1758 3482 et
1787 3448 1975 3491 Visurgim.
