2254 3770
299 270 354 315 32
776 272 820 315 Ρ.
852 271 1101 316 CORNELII
1130 271 1300 315 TACITI
1329 270 1598 315 ANNALIUM

301 378 573 421 inseruerunt
592 377 764 435 digitos,
797 385 842 421 ut
871 391 1006 422 vacua
1035 378 1234 422 dentibus
1265 391 1339 421 ora
1367 377 1646 434 contingeret;
1677 375 1746 420 alii
1766 382 1941 421 curvata
1961 375 2082 419 senio
2114 423 2117 425 ,

299 452 494 497 membra
523 452 815 497 ostendebant.
865 453 1142 498 adsistentem
1173 454 1433 504 contionem,
1474 452 1575 510 quia
1607 452 1815 509 permixta
1844 450 2080 501 videbatur,

300 528 527 573 discedere
558 529 600 571 in
628 527 868 586 manipulos
899 528 1036 574 iubet:
1069 530 1131 573 sic
1161 528 1314 572 melius
1344 527 1586 579 audituros,
1620 541 1898 585 responsum;
1928 525 2082 571 vexilla

299 604 523 662 praeferri,
556 612 602 648 ut
631 604 671 648 id
703 603 853 648 saltem
882 604 1148 670 discerneret
1177 604 1394 648 cohortes:
1426 602 1547 647 tarde
1577 602 1942 661 obtemperavere.
1984 609 2085 646 tunc

268 694 325 724 aa
362 680 635 724 veneratione
670 680 846 737 Augusti
890 694 1015 742 ors-us
1058 679 1174 724 flexit
1217 679 1272 723 ad
1316 678 1514 723 victorias
1555 678 1879 736 triumphosque
1915 677 2082 728 Tiberii,

299 756 545 814 praecipuis
574 755 774 799 laudibus
805 754 1029 799 celebrans
1053 769 1165 813 quae
1195 761 1298 812 aput
1329 754 1578 798 Germanias
1608 753 1688 797 illis
1718 768 1818 798 cum
1846 753 2085 811 legionibus

298 830 585 888 pulcherrima
614 830 797 875 fecisset.
846 830 990 875 Italiae
1020 831 1119 874 inde
1159 844 1439 881 consensum,
1484 829 1714 873 Galliarum
1741 829 1872 873 fidem
1906 827 2084 880 extollit3

299 906 356 949 nil
386 921 570 964 usquam
599 895 815 950 turbidum
845 912 918 949 aut
946 905 1125 950 discors.
1171 905 1338 949 silentio
1360 904 1469 949 haec
1487 904 1556 948 vel
1575 918 1793 948 murmure
1813 903 1983 947 modico
2009 909 2086 947 au-

298 981 386 1025 dita
415 989 524 1026 sunt.
585 982 665 1039 (35)
697 988 743 1025 ut
771 980 1026 1025 seditionem
1055 981 1203 1038 attigit,
1235 980 1309 1024 ubi
1339 980 1550 1024 modestia
1578 979 1786 1030 militaris,
1825 979 1898 1023 ubi
1928 978 2086 1022 veteris

249 1074 286 1104 ⁴0
300 1056 549 1115 disciplinae
579 1057 731 1108 decus,
775 1071 963 1115 quonam
993 1056 1203 1108 tribunos,
1244 1070 1331 1113 quo
1362 1055 1635 1100 centuriones
1664 1055 1932 1112 exegissent,
1974 1053 2086 1111 rogi-

299 1141 411 1184 tans,
443 1132 604 1176 nudant
634 1132 822 1176 universi
854 1146 1054 1190 corpora,
1089 1132 1311 1176 cicatrices
1342 1145 1396 1175 ex
1416 1130 1682 1182 vulneribus,
1714 1130 1944 1174 verberum
1963 1136 2086 1173 notas

299 1207 575 1266 exprobrant3
605 1222 705 1251 mox
734 1207 976 1252 indiscretis
1003 1207 1181 1251 vocibus
1211 1207 1349 1265 pretia
1368 1207 1657 1258 vacationum,
1690 1206 1906 1263 angustias
1927 1206 2087 1263 stipen-

299 1284 380 1334 dii,
427 1283 627 1328 duritiam
656 1297 857 1342 operum,
904 1297 956 1328 ac
992 1283 1177 1341 propriis
1219 1282 1462 1326 nominibus
1494 1282 1687 1325 incusant
1715 1280 1891 1332 vallum,
1936 1280 2085 1331 fossas,

298 1358 443 1417 pabuli
472 1360 677 1403 materiae
706 1359 917 1417 lignorum
946 1358 1168 1417 adgestus,
1202 1364 1243 1401 et
1271 1357 1307 1401 si
1337 1371 1424 1415 qua
1453 1358 1534 1401 alia
1564 1372 1618 1401 ex
1646 1357 1902 1401 necessitate
1921 1363 1994 1400 aut
2013 1355 2089 1400 ad—

248 1451 285 1482 is
298 1439 450 1479 versus
489 1435 622 1478 otium
662 1441 902 1478 castrorum
939 1440 1216 1492 quaeruntur.
1267 1433 1559 1476 atrocissimus
1590 1439 1891 1477 veteranorum
1927 1431 2089 1476 clamor

299 1510 534 1562 oriebatur,
567 1510 642 1568 qui
672 1510 833 1554 tricena
863 1517 936 1553 aut
964 1523 1095 1567 supra
1125 1508 1338 1566 stipendia
1358 1515 1652 1559 numerantes,
1683 1507 1930 1552 mederetur
1949 1507 2086 1558 sessis,

298 1600 383 1630 neu
412 1593 594 1629 mortem
624 1585 666 1628 in
697 1585 834 1629 isdem
862 1584 1099 1636 laboribus,
1132 1584 1210 1628 sed
1240 1584 1370 1627 finem
1399 1591 1485 1627 tam
1511 1584 1723 1628 exercitae
1750 1582 1925 1627 militiae
1945 1596 2087 1641 neque

298 1661 471 1720 inopem
500 1661 696 1719 requiem
725 1660 914 1704 orabant.
946 1659 1067 1718 fuere
1097 1659 1226 1705 etiam
1255 1659 1329 1718 qui
1359 1659 1542 1716 legatam
1571 1673 1596 1702 a
1626 1659 1725 1703 divo
1746 1661 1935 1716 Augusto
1954 1671 2089 1716 pecu-

298 1737 413 1781 niam
431 1743 726 1795 reposcerent,
758 1735 906 1779 faustis
927 1735 970 1778 in
991 1735 1292 1787 Germanicum
1313 1734 1546 1788 ominibus;
1577 1741 1619 1778 et
1644 1734 1679 1778 si
1701 1733 1828 1778 vellet
1847 1733 2085 1791 imperium,

246 1830 286 1862 20
298 1819 519 1871 promptos
548 1819 829 1856 ostentavere.
860 1817 950 1855 tum
970 1825 1086 1861 vero,
1119 1811 1243 1870 quasi
1273 1809 1440 1855 scelere
1469 1795 1845 1862 contaminaretur,
1876 1822 2087 1867 praeceps

339 1966 371 1998 ὅ.
395 1965 604 1998 uereratione
627 1965 677 2004 M,
702 1963 820 2006 priore
843 1972 864 1995 r
885 1963 973 1995 mire
993 1963 1154 1995 correcta
1177 1971 1219 1995 ex
1239 1971 1281 2002 n,
1307 1963 1406 1995 cuius
1428 1963 1604 2005 posterior
1620 1970 1701 2004 pars
1725 1970 1825 1995 erasa
1843 1963 1909 1995 est.
1930 1980 1967 1986 —
1985 1962 2088 1996 etexit

296 2023 329 2056 M
353 2021 465 2064 (flexit
485 2020 624 2062 margo)
658 2038 694 2044 —
724 2019 907 2061 triumphos
928 2019 1096 2059 quat-iberti
1122 2019 1155 2052 M
1184 2018 1235 2060 (in
1259 2019 1417 2059 margine
1441 2018 1519 2061 que)
1546 2035 1583 2042 -
1608 2018 1641 2051 8.
1665 2027 1873 2051 murmurem
1894 2018 1947 2059 M,
1972 2016 2086 2051 littera

296 2076 390 2110 finali
413 2079 544 2120 puncto
566 2077 696 2109 notata.
725 2094 761 2100 —
795 2077 848 2109 ti.
873 2077 1021 2109 universi
1045 2076 1196 2117 Lipsius:
1229 2076 1391 2108 unimrsa
1413 2076 1447 2108 M
1472 2093 1508 2098 —
1542 2076 1596 2108 ta.
1621 2075 1809 2115 exprobant
1830 2075 1863 2107 M
1889 2092 1925 2097 —
1950 2075 2088 2115 praetia

295 2136 511 2167 vocationum
532 2134 566 2168 M
591 2151 627 2157 —
660 2133 712 2166 ⁴4.
732 2133 851 2174 papuli
873 2133 907 2166 M
931 2150 968 2156 —
994 2133 1048 2165 47.
1071 2133 1167 2164 istem
1189 2133 1222 2165 M
1241 2150 1277 2155 —
1303 2132 1356 2164 49.
1374 2131 1525 2164 omnibus
1546 2140 1601 2173 pr.
1619 2132 1653 2165 M
1672 2149 1708 2154 -—
1727 2132 1782 2164 20.
1802 2133 1975 2171 promptos
1997 2130 2090 2163 Rhe-

297 2200 427 2225 nanus:
447 2194 601 2232 promtas
615 2189 700 2232 (sic)
724 2191 775 2229 M}
794 2193 954 2231 prompta
969 2190 1149 2228 Heinsius;
1171 2192 1344 2230 promptas
1357 2197 1411 2222 res
1424 2187 1586 2222 Walther
1601 2187 1679 2221 coll.
1698 2188 1739 2220 ⁴2
1751 2213 1760 2228 ,
1785 2188 1827 2220 ⁴2
1843 2189 2085 2228 promptasque

296 2255 350 2281 res
372 2249 554 2280 ostentante
577 2246 758 2289 (Carene).
786 2264 823 2269 —
849 2246 1063 2279 ostendauere
1085 2254 1139 2288 pr.
1164 2245 1209 2279 M.

296 2366 398 2399 verba
421 2365 539 2398 Tiberii
561 2365 712 2398 Caesaris
733 2364 899 2397 iuravere.
925 2381 961 2387 —
985 2364 1032 2396 sic
1053 2363 1169 2396 melius

298 2417 483 2456 audituros,
499 2415 702 2456 responsum]
718 2415 740 2447 i.
755 2424 786 2447 e.
800 2423 993 2455 responsum
1005 2415 1059 2446 est
1071 2423 1091 2445 a
1103 2412 1167 2445 mi-

297 2465 415 2499 litibus
432 2464 713 2505 contumacibus,
735 2465 782 2496 sic
798 2465 830 2505 (i.
850 2473 883 2497 e.
902 2465 1017 2497 sinon
1034 2463 1166 2496 diducti

297 2517 333 2549 in
364 2514 563 2557 manipulos
599 2514 665 2547 sed
698 2523 805 2556 quam
835 2514 989 2546 maxime
1019 2512 1166 2546 conferti

299 2575 413 2609 eoque
442 2564 600 2607 loquenti
629 2565 813 2606 propiores
836 2563 1026 2605 adstarent)
1052 2563 1168 2596 melius

297 2625 331 2649 se
352 2616 525 2648 audituros
547 2613 621 2647 scil.
647 2614 787 2647 ducem.
818 2613 1042 2647 Recusabant
1062 2613 1167 2654 igitur

298 2665 445 2705 milites,
482 2673 526 2697 ne
559 2665 595 2697 in
626 2663 824 2706 manipulos
855 2663 1098 2701 discederent,
1130 2661 1165 2694 id

298 2715 394 2758 quod
410 2715 556 2757 apparet
567 2723 610 2747 ex
621 2712 742 2746 verbis
757 2714 978 2756 proximis.—
994 2713 1029 2745 id
1039 2711 1165 2753 saltem]

297 2764 423 2797 vexilla
446 2763 614 2806 praeferri
638 2762 752 2803 iubet,
777 2765 834 2802 ut,
860 2764 891 2795 si
913 2763 949 2795 in
968 2760 1165 2804 manipulos

297 2813 482 2848 discedere
507 2812 657 2853 nollent,
683 2812 848 2845 cohortes
872 2813 968 2845 certe
989 2811 1167 2845 discerne-

295 2865 429 2897 rentur.
449 2881 484 2887 —
510 2872 534 2895 α
554 2862 774 2905 veneratione]
798 2861 992 2895 honorifice
1012 2862 1164 2904 primum

296 2914 474 2956 quaedam
504 2911 642 2946 locutus
671 2914 725 2945 est
752 2912 797 2945 de
829 2913 903 2944 divo
925 2913 1097 2953 Augusto,
1127 2912 1167 2943 ut

296 2974 366 2997 non
396 2964 472 2997 sine
506 2964 581 2996 arte
605 2963 724 2995 iuncta
747 2970 830 2995 cum
853 2960 946 2995 filiali
968 2963 1097 3004 pietate
1120 2961 1166 2993 ad

296 3015 372 3047 eius
402 3021 650 3047 successorem
678 3013 855 3045 transiret.
883 3029 918 3035 —
949 3012 998 3044 nit
1024 3020 1166 3052 usquam

296 3063 464 3097 turbidam
491 3066 551 3095 aut
573 3062 707 3102 discors]
739 3062 803 3094 Dio
827 3062 882 3102 57,
907 3062 944 3094 7:
979 3057 1166 3102 ἀσφαλῶς

297 3111 421 3146 πάντα
443 3110 491 3146 τὰ
506 3109 580 3145 τῶν
591 3108 787 3154 Ῥωμαίων
803 3112 857 3151 εἰς
871 3109 941 3154 τὴν
956 3107 1166 3155 ἡγεμονίαν

296 3160 416 3197 αὐτοῦ
443 3163 591 3205 (Tiberii)
616 3159 917 3208 συνεφρόνησεν.

340 3214 393 3246 35.
419 3212 636 3255 eoeprobrant]
661 3221 731 3244 non
754 3211 894 3251 verbis,
919 3211 985 3244 sed
1009 3210 1166 3252 gestibus

297 3264 392 3305 ipsis.
410 3280 444 3286 -
462 3264 636 3303 materiae,
660 3261 837 3303 liquorum]
859 3260 1021 3303 Ulpianus
1033 3262 1164 3302 Digest.

297 3312 351 3351 32,
377 3313 418 3344 55
444 3321 515 3354 pr.:
549 3312 645 3354 Liyni
674 3311 853 3352 appellatio
875 3319 992 3343 nomen
1014 3310 1168 3352 generale

297 3365 359 3402 est,
384 3362 438 3394 sed
460 3362 506 3394 sic
528 3365 718 3402 separatur,
741 3363 779 3393 ut
799 3360 842 3392 sit
863 3360 992 3400 aliquid
1010 3360 1165 3400 materia,

299 3410 426 3452 aliquid
447 3411 591 3453 liqnum:
622 3410 810 3444 materia
830 3413 876 3443 est
898 3418 984 3451 quae
1006 3410 1051 3442 ad
1072 3410 1167 3442 aedi-

1213 2362 1398 2404 ficandum,
1422 2361 1623 2402 fulciendum
1648 2361 1694 2402 (in
1709 2369 1749 2393 re
1765 2359 1903 2393 militari
1919 2361 2026 2393 etiam
2042 2358 2089 2392 ad

1217 2414 1348 2452 turres,
1382 2411 1510 2451 vallos,
1543 2412 1742 2451 machinas,
1774 2412 1948 2444 tormenta
1972 2410 2087 2444 confi-

1216 2461 1351 2503 cienda)
1368 2462 1555 2494 necessaria
1569 2465 1615 2494 est
1622 2470 1635 2500 ,·
1650 2462 1681 2493 li
1687 2470 1812 2503 qnam
1827 2461 1988 2502 quidquid
2001 2470 2088 2494 conn-

1215 2512 1353 2544 burendi
1374 2520 1478 2543 eausa
1497 2515 1659 2552 paratum
1675 2514 1730 2544 est.
1752 2529 1788 2534 —
1812 2511 1970 2543 adversus
1984 2511 2088 2544 olivam

1215 2561 1413 2603 castrorum]
1438 2562 1571 2594 Seneca
1595 2561 1658 2603 Ep.
1677 2561 1731 2599 48,
1749 2561 1788 2593 6:
1812 2561 1907 2594 Miles
1928 2561 1963 2593 in
1977 2560 2088 2593 media

1213 2621 1296 2653 pace
1318 2611 1465 2644 decurrit
1494 2611 1563 2643 sine
1584 2611 1652 2643 ullo
1674 2611 1778 2650 hoste,
1809 2610 1935 2643 vallum
1955 2611 2036 2643 iacit
2056 2613 2088 2643 et

1214 2669 1419 2702 supervacuo
1448 2660 1562 2693 labore
1590 2660 1754 2700 lassatur,
1784 2663 1821 2692 ut
1847 2660 1998 2702 sufficere
2026 2669 2087 2693 ne-

1215 2712 1357 2745 cessario
1376 2711 1490 2751 possit.
1516 2709 1567 2743 Cf.
1585 2710 1657 2742 Liv.
1675 2710 1730 2749 39,
1747 2710 1780 2742 2.
1801 2727 1837 2732 —
1862 2719 1927 2742 neu
1947 2713 2087 2743 mortem

1216 2761 1298 2804 cet.]
1319 2759 1484 2802 singulari
1508 2759 1735 2801 brachylogia
1758 2759 1892 2792 dictum
1909 2761 1975 2801 est,
1993 2769 2085 2802 quae

1216 2811 1381 2854 exprimit
1403 2811 1595 2843 concitatos
1619 2808 1768 2842 militum
1792 2809 1953 2842 affectus.
1978 2808 2084 2843 Plene

1216 2863 1266 2895 sic
1289 2861 1486 2894 diceretur:
1513 2868 1604 2892 «neu
1627 2861 1779 2891 mortem
1803 2861 1972 2901 oppetere
1995 2860 2086 2892 sine-

1215 2912 1285 2951 ret,
1317 2910 1382 2943 sed
1414 2910 1566 2949 faceret,
1600 2910 1638 2941 ut
1660 2908 1768 2941 finem
1793 2910 1864 2941 tam
1887 2907 2084 2942 laboriosae

1215 2960 1357 2994 militiae
1382 2968 1497 3001 neque
1521 2959 1663 3000 inopem
1688 2959 1725 2991 et
1746 2959 1822 2991 sine
1846 2958 2014 3000 praemiis
2029 2967 2086 2991 re-

1215 3012 1335 3053 quiem
1347 3010 1668 3043 nanciscerentur.»
1687 3025 1719 3031 -
1735 3007 1950 3050 reposcerent]
1968 3011 2006 3042 ut
2017 3007 2084 3041 sibi

1215 3061 1393 3100 debitam
1425 3068 1494 3101 qua
1523 3057 1756 3101 postulatione
1780 3056 1884 3090 simul
1905 3057 2085 3099 significa-

1215 3111 1300 3144 bant
1322 3110 1418 3152 ipsos
1434 3108 1680 3142 Germanicum
1696 3116 1761 3150 pro
1776 3106 1930 3149 legitimo
1946 3107 2085 3149 imperii

1215 3159 1348 3193 herede
1372 3158 1518 3192 habere.
1538 3174 1574 3181 —
1597 3160 1767 3198 promptos
1786 3156 1997 3199 ostentavere]
2022 3166 2081 3197 se3

1217 3210 1259 3243 ct.
1285 3209 1324 3250 14,
1350 3210 1410 3242 59:
1444 3208 1677 3242 exstimulatur
1705 3210 1743 3239 ut
1773 3207 1843 3248 (se)
1879 3209 2022 3239 erectum
2053 3209 2085 3238 οι

1214 3261 1366 3303 fidentem
1387 3259 1493 3291 animi
1514 3258 1704 3291 ostenderet.
1734 3257 1786 3297 ⁴2,
1806 3257 1819 3288 4
1837 3265 1845 3289 :
1868 3264 1964 3288 suam
1980 3265 2085 3296 quao-

1217 3319 1279 3350 que
1300 3309 1519 3347 nobilitatem,
1547 3307 1710 3349 formam,
1735 3315 1810 3347 opes
1831 3306 2023 3338 contendere
2043 3314 2085 3338 ac

1217 3361 1353 3401 dianam
1376 3359 1437 3399 (se)
1468 3361 1560 3390 tanto
1587 3358 1800 3389 mammonin
1822 3358 1996 3388 ostentare.
2032 3355 2083 3388 De

1217 3418 1256 3442 re
1280 3408 1324 3442 cf.
1348 3408 1412 3441 Dio
1435 3408 1489 3448 57,
1513 3408 1552 3441 5:
1582 3403 1650 3439 τόν
1678 3415 1719 3439 τε
1742 3403 1915 3452 Τιβέριον
1941 3404 2084 3449 ἐκακη-
