2254 3770
282 264 363 310 ¹108

755 269 810 313 Ρ..
833 267 1083 313 CORNELII
1111 268 1282 314 TACITI
1311 268 1579 315 ANNALIUM

283 372 617 428 Cheruscorum,
650 375 760 420 illius
791 375 978 420 consiliis
1007 380 1126 434 gesta
1154 388 1267 434 quae
1295 389 1504 434 prospere
1524 375 1774 430 ceciderint,
1804 376 2055 429 testabatur:

281 450 539 494 vaecordem
567 451 802 495 Arminium
841 457 883 496 et
912 464 1055 495 rerum
1084 451 1276 495 nescium
1306 449 1486 495 alienam
1516 450 1694 509 gloriam
1723 452 1766 495 in
1794 466 1842 496 se
1873 451 2055 503 trahere,

281 525 482 582 quoniam
514 531 599 570 tres
628 539 787 571 vacuas
816 525 1006 584 legiones
1036 532 1078 571 et
1106 525 1263 571 ducem
1281 525 1442 571 fraudis
1462 526 1655 584 ignarum
1673 527 1853 587 perfidia
1873 527 2059 587 decepe-

281 599 355 651 rit,
388 614 541 658 magna
570 614 668 645 cum
697 600 819 645 clade
849 601 1100 646 Germaniae
1130 607 1171 646 et
1199 601 1429 660 ignominia
1457 615 1554 654 sua,
1585 615 1683 647 cum
1713 603 1918 655 coniunx,
1960 617 2059 648 cum

251 673 393 719 sfilius
423 675 515 719 eius
545 676 765 720 servitium
798 675 939 721 adhuc
966 676 1159 721 tolerent.

1209 683 1251 721 at
1280 691 1328 721 se
1356 676 1586 722 duodecim
1614 677 1853 736 legionibus
1882 679 2061 737 petitum

282 749 393 794 duce
423 749 591 795 Tiberio
621 750 839 795 inlibatam
868 751 1174 797 Germanorum
1203 751 1380 810 gloriam
1410 752 1674 805 servavisse,
1714 768 1811 799 mox
1839 753 2061 799 condicio-

281 824 408 869 nibus
447 826 598 884 aequis
638 825 901 880 discessum;
946 841 1089 886 neque
1127 827 1347 886 paenitere
1377 827 1493 887 quod
1534 827 1725 886 ipsorum
1763 828 1807 872 in
1835 843 1962 873 manu
1992 829 2057 882 sit,

281 900 492 958 integrum
530 901 759 946 adversum
788 904 1000 947 Romanos
1039 902 1198 947 bellum
1233 917 1287 947 an
1316 916 1468 961 pacem
1498 903 1761 949 incruentam
1788 903 1945 948 malint.
1993 903 2060 949 his

279 975 458 1020 vocibus
487 977 707 1022 instinctos
737 978 949 1023 exercitus
977 979 1178 1037 propriae
1208 992 1383 1037 quoque
1413 993 1569 1024 causae
1593 978 1881 1032 stimulabant,
1913 993 2058 1037 cuma

231 1067 268 1097 ιο
282 1051 507 1096 Cheruscis
536 1052 916 1112 Langobardisque
955 1068 1034 1112 pro
1075 1054 1248 1112 antiquo
1278 1054 1437 1099 decore
1472 1060 1545 1099 aut
1582 1055 1742 1100 recenti
1778 1054 1973 1100 libertate
2018 1063 2061 1100 et

281 1133 428 1171 contra
457 1128 679 1185 augendae
710 1127 984 1173 dominationi
1014 1135 1259 1174 certaretur.
1309 1143 1394 1174 non
1414 1129 1518 1174 alias
1549 1130 1709 1175 maiore
1738 1130 1850 1175 mole
1881 1144 2067 1176 concur-1

282 1217 378 1246 sum
408 1216 548 1261 neque
579 1203 778 1262 ambiguo
807 1205 942 1263 magis
965 1211 1141 1256 eventu,
1172 1204 1275 1248 fusis
1297 1205 1510 1264 utrimque
1531 1204 1690 1249 dextris
1712 1205 1925 1250 cornibuS.
1963 1219 2064 1265 spe-

281 1277 542 1337 rabaturque
572 1293 742 1323 rursum
770 1294 932 1338 pugna,
973 1280 1015 1323 ni
1045 1279 1335 1325 Maroboduus
1365 1286 1504 1325 castra
1538 1281 1580 1323 in
1611 1279 1741 1325 colles
1771 1280 2061 1326 subduxisset.

282 1353 326 1397 id
355 1354 524 1411 signum
551 1354 739 1412 perculsi
768 1355 864 1409 suit;
904 1361 946 1400 et
975 1356 1219 1414 transfugiis
1254 1355 1456 1415 paulatim
1487 1356 1672 1401 nudatus
1701 1356 1744 1400 in
1772 1356 2065 1402 Marcomanos

349 1506 380 1539 4.
403 1506 605 1540 caeciderint
625 1507 659 1541 M
681 1525 725 1531 —
746 1506 779 1541 4.
803 1507 975 1550 iqnomina
996 1509 1031 1542 M
1047 1526 1091 1533 —
1112 1509 1145 1542 5.
1168 1509 1256 1551 filios
1277 1509 1310 1543 M
1333 1508 1433 1551 (tilius
1454 1507 1586 1551 margo)
1606 1526 1642 1533 -
1660 1511 1698 1542 at
1718 1509 1748 1542 si
1769 1509 1803 1543 M
1819 1507 1871 1551 (At
1884 1517 1918 1542 se
1932 1507 2064 1551 margo)

286 1578 322 1588 -
341 1562 373 1596 9.
390 1572 489 1596 cause
509 1565 582 1597 M-
609 1564 662 1597 40.
685 1566 808 1598 recenti
830 1565 981 1608 Lipsius:
1005 1569 1133 1599 recente
1155 1567 1189 1600 M
1207 1584 1243 1590 -
1269 1566 1322 1599 43.
1342 1566 1389 1608 ni]
1412 1575 1454 1600 ne
1475 1567 1509 1601 M
1528 1584 1563 1590 —
1583 1565 1638 1600 ⁴4.
1653 1574 1910 1599 marcomannos
1923 1565 1976 1604 M3
2000 1564 2065 1599 sed

284 1619 328 1652 ci.
353 1628 385 1652 c.
411 1619 465 1652 62.
491 1621 608 1654 Germ.
632 1619 686 1654 42.
712 1621 868 1655 Monum.
892 1623 1022 1664 Ancyr.
1047 1622 1132 1656 Tab.
1157 1623 1221 1664 VI,
1246 1622 1278 1656 3.

284 1752 427 1785 victoria
440 1755 566 1785 nostra.
588 1771 624 1777 -
648 1761 763 1786 rerum
776 1754 937 1797 nescium]
963 1755 1151 1797 experien-

285 1804 332 1836 tia
370 1803 595 1844 destitutum,
634 1805 673 1836 ut
704 1813 819 1836 rerum
855 1805 1044 1845 imperitum
1077 1805 1149 1838 Cic.

285 1854 390 1886 Tusc.
415 1853 448 1892 4,
473 1853 528 1886 42.
554 1870 590 1876 -—
616 1853 759 1896 vacuas]
794 1856 874 1895 post
896 1855 977 1886 Vari
999 1856 1151 1887 mortem

286 1903 377 1936 duce
408 1903 611 1943 destitutas,
648 1904 708 1945 qui
741 1904 886 1946 insuper
915 1905 990 1946 ipse
1021 1904 1152 1937 fraudis

285 1953 389 1987 fuerit
411 1954 564 1995 ignarus.
604 1954 690 1987 Mire
714 1955 834 1987 autem
857 1954 1016 1988 Walther
1043 1955 1153 1998 expli-

287 2005 344 2037 cat
359 2004 497 2044 otiosas,
523 2003 568 2036 ad
584 2003 755 2046 proelium
774 2013 844 2037 non
860 2006 1013 2047 paratas.
1039 2006 1151 2038 Immo

286 2055 320 2087 in
352 2054 611 2096 expeditionem
646 2054 824 2096 profectae
855 2056 954 2087 erant
984 2054 1152 2088 adversus

286 2104 455 2147 populum
471 2104 735 2145 Germanicum,
754 2106 814 2146 qui
827 2104 870 2137 ad
884 2105 1040 2147 speciem
1054 2114 1153 2138 arma

287 2155 458 2188 adversus
492 2156 667 2187 Romanos
701 2155 857 2196 ceperat.
904 2156 968 2188 Dio
999 2156 1060 2195 56,
1098 2155 1151 2189 49.

287 2207 410 2246 Neque
433 2214 518 2237 vero
543 2213 625 2237 cum
647 2205 863 2247 Wopkensio
895 2207 931 2239 et
952 2206 1154 2248 interpreti-

287 2255 356 2288 bus
379 2254 506 2288 Italicis
529 2255 635 2296 atque
653 2254 789 2288 Gallicis
808 2257 934 2298 exponi
957 2257 1074 2298 potest
1088 2265 1155 2288 non

283 2306 417 2348 plenas,
443 2304 665 2346 incomptam
692 2304 795 2338 nobis
819 2307 874 2339 est
895 2306 1062 2347 emblem,
1086 2306 1155 2339 sich

287 2356 381 2389 selbst
401 2355 599 2388 iiberlassen.
629 2373 665 2378 —
691 2356 866 2397 deceperit]
900 2365 965 2398 per
987 2365 1151 2398 zeugma:

288 2407 385 2449 prius
419 2405 560 2447 decepit
589 2406 720 2438 Varum
754 2414 796 2438 ac
829 2406 1074 2448 desperatione
1109 2406 1154 2439 ad

289 2464 415 2489 necem
439 2455 506 2488 sibi
529 2456 819 2489 consciscendam
842 2457 976 2498 adegit;
1006 2458 1079 2490 tres
1102 2456 1155 2489 le-

290 2508 411 2549 giones
427 2505 567 2538 delevit.
590 2525 623 2530 -
649 2507 933 2549 coniunx-filius]
957 2506 1153 2540 Thusnelda

291 2558 327 2590 et
349 2555 585 2589 Thumelicus.
612 2556 663 2590 Cf.
690 2558 723 2597 4,
749 2558 802 2590 57.
828 2557 881 2590 58.
911 2576 946 2581 -
973 2560 1009 2590 at
1030 2566 1063 2590 se
1083 2558 1153 2590 XII.

289 2607 351 2649 leq.
374 2607 529 2647 petitum]
555 2606 605 2639 Cf.
624 2606 745 2639 Vellei.
763 2608 795 2647 2,
821 2607 895 2640 409.
922 2607 999 2640 440.
1019 2625 1055 2630 -
1080 2617 1157 2640 con-

290 2657 470 2690 dicionibus
506 2657 620 2696 aequis
653 2657 844 2699 discessum]
889 2659 968 2699 post
1004 2665 1156 2699 aequam

290 2715 417 2751 pacem
454 2706 583 2739 factam
621 2708 657 2739 et
693 2708 889 2740 Romanum
927 2708 963 2739 et
999 2715 1038 2739 se
1071 2715 1157 2740 suos

290 2760 480 2798 utrumque
505 2757 540 2788 in
563 2757 651 2789 fines
674 2756 824 2790 redisse.
852 2774 888 2781 —
914 2765 1019 2799 neque
1037 2758 1157 2798 paeni-

291 2807 374 2849 tere]
409 2815 474 2849 per
496 2804 676 2850 λιτότητα
704 2807 772 2840 hoc
802 2807 952 2840 dictum:
989 2815 1157 2849 magnum

292 2857 359 2891 sibi
390 2857 555 2890 meritum
586 2866 702 2899 neque
734 2857 899 2899 exiguum
929 2857 1158 2890 commodum

291 2908 328 2941 id
350 2908 425 2940 iure
449 2916 491 2939 ac
514 2908 638 2940 merito
654 2907 785 2948 videri,
811 2907 906 2949 quod
922 2908 989 2950 ipsi
1004 2907 1160 2941 debeant

292 2956 499 3001 populares,
526 2957 621 2999 quod
643 2957 851 2999 perfecerit,
884 2959 921 2990 ut
943 2957 1094 2991 liberum
1118 2958 1159 2990 iis

293 3009 354 3048 sit,
390 3009 508 3040 utrum
541 3016 668 3049 pacem
703 3006 824 3040 malint
854 3008 929 3040 sine
964 3007 1078 3048 bello,
1114 3017 1159 3040 an

293 3057 430 3092 bellum
453 3066 596 3099 gerere,
629 3057 665 3089 id
687 3058 782 3099 quod
807 3059 941 3099 integra
970 3067 1033 3101 spe
1057 3057 1160 3092 liceat

294 3109 432 3149 facere,
459 3106 747 3150 quandoquidem
772 3109 929 3141 nondum
952 3111 1056 3142 antea
1078 3109 1160 3141 victi

294 3168 314 3191 a
339 3159 503 3192 Romanis
533 3158 614 3192 sint.
643 3176 677 3181 —
708 3167 772 3199 pro
803 3159 941 3200 antiquo
972 3159 1104 3202 decore]
1139 3168 1159 3192 a

296 3208 496 3241 Cheruscis.
517 3225 552 3231 —
579 3211 639 3241 aut
660 3207 782 3241 recenti
797 3208 962 3250 libertate]
987 3217 1006 3240 a
1023 3209 1161 3250 Lango-

295 3258 433 3297 bardis,
470 3259 530 3299 qui
560 3266 674 3300 nuper
701 3267 720 3291 e
751 3266 857 3299 regno
881 3257 1085 3291 Marobodui
1114 3258 1160 3291 ad

295 3309 490 3341 Arminium
514 3308 730 3342 defecerant.
757 3325 792 3331 -
818 3307 952 3349 contra]
976 3307 1070 3350 apud
1086 3309 1160 3341 Ma-

298 3357 511 3392 roboduum.
532 3377 567 3383 —
585 3357 800 3401 sperabatur]
824 3359 863 3391 ut
881 3366 1007 3400 saepe,
1033 3366 1160 3400 exspe-

299 3407 470 3442 ctabatur.
508 3426 544 3433 —
580 3407 791 3452 transfugiis]
836 3408 876 3441 ut
912 3403 1160 3450 αὐτομολίαις

1200 1754 1308 1787 Thuc.
1335 1754 1367 1794 4,
1392 1753 1467 1787 442.
1493 1753 1534 1787 Η.
1553 1754 1586 1794 2,
1612 1752 1644 1786 3.
1662 1753 1703 1787 4:
1734 1753 1876 1795 crebris,
1899 1753 1994 1786 utin
2014 1753 2066 1786 ci-

1198 1805 1257 1837 vili
1271 1804 1368 1844 bello,
1393 1804 1598 1846 transfuqiis.
1623 1805 1663 1836 H.
1683 1804 1716 1843 3,
1736 1804 1795 1836 6⁴:
1821 1803 1938 1836 crebra
1951 1806 2066 1836 trans-

1197 1854 1294 1896 fugia
1315 1854 1535 1887 tribunorum.
1560 1855 1633 1887 lam
1649 1854 1766 1887 Livius
1782 1854 1837 1894 22,
1862 1853 1924 1887 43:
1949 1857 2067 1887 trans-

1198 1905 1295 1946 fugia
1329 1904 1553 1945 impeditiora.
1592 1921 1627 1927 -—
1665 1903 1745 1945 paci
1779 1903 1953 1946 firmator]
1991 1904 2068 1937 Hoc

1201 1954 1411 1987 mutandum
1439 1963 1510 1987 non
1533 1954 1609 1986 erat
1635 1954 1671 1986 in
1693 1954 1908 1996 genetivum.
1947 1952 1998 1987 Cf.
2022 1954 2063 1987 A.

1202 2005 1233 2044 4,
1258 2003 1320 2037 24ε
1353 2007 1463 2037 rector
1483 2004 1604 2036 iuveni.
1641 2004 1674 2044 2,
1699 2004 1758 2037 67:
1784 2004 1893 2037 liberis
1913 2007 2065 2037 tutorem.

1201 2054 1233 2094 3,
1260 2053 1318 2087 ⁴4:
1344 2057 1451 2086 custos
1472 2054 1584 2087 saluti.
1624 2053 1765 2094 45,149:
1796 2054 1928 2087 initium
1949 2053 2068 2087 coniu-

1199 2104 1337 2137 rationi.
1377 2105 1464 2138 Hist.
1489 2105 1521 2145 4,
1546 2104 1609 2137 88:
1629 2104 1797 2137 ministros
1818 2104 1911 2137 bello.
1946 2103 1978 2144 4,
2004 2104 2064 2137 ⁴9:

1201 2163 1339 2188 causam
1360 2154 1529 2195 seditioni,
1553 2155 1658 2196 atque
1682 2153 1776 2187 alibi.
1811 2154 1994 2188 Efficacius
2015 2153 2068 2187 sic

1203 2205 1352 2247 exprimi
1375 2204 1564 2237 arbitratus
1587 2205 1642 2237 est
1656 2204 1785 2246 finem,
1809 2205 1867 2246 qui
1883 2204 2065 2245 firmatori,

1202 2254 1350 2294 rectori,
1387 2254 1525 2288 custodi
1559 2254 1759 2297 propositus
1789 2263 1869 2288 esse
1897 2252 2065 2288 debebat.

1203 2303 1331 2338 Similia
1355 2306 1437 2337 sunt
1458 2305 1499 2338 A.
1524 2304 1564 2345 2,
1590 2304 1651 2338 64:
1676 2313 1796 2337 causas
1818 2304 1909 2338 bello.
1945 2305 2064 2338 Horat.

1204 2355 1242 2388 C.
1270 2355 1300 2394 4,
1326 2355 1379 2395 45,
1404 2355 1466 2387 2⁴:
1490 2355 1631 2388 exitium
1660 2357 1738 2388 tuae
1764 2355 1871 2397 yenit,
1907 2356 1943 2388 et
1972 2363 2064 2397 quae

1203 2405 1252 2439 ibi
1274 2404 1454 2438 attulimus
1478 2404 1650 2447 exempla.
1683 2406 1863 2444 Ceterum,
1887 2405 2067 2448 quomodo

1203 2457 1338 2489 Drusus
1369 2463 1495 2497 pacem
1526 2455 1736 2496 firmaverit,
1773 2455 1889 2488 disces
1919 2464 1962 2488 ex
1985 2463 2064 2498 cap.

1204 2506 1264 2538 62:
1301 2505 1439 2539 illiciens
1467 2505 1650 2538 Germanos
1681 2506 1726 2538 ad
1757 2505 1927 2538 tumultus.
1972 2505 2067 2538 Dicis

1204 2557 1308 2597 igitur
1341 2564 1447 2588 causa
1484 2554 1650 2588 veniebat
1686 2556 1726 2588 ut
1760 2555 1982 2598 pacificator,
2020 2562 2066 2588 ne

1204 2604 1442 2638 Maroboduus
1465 2613 1575 2646 regno
1598 2604 1676 2638 ilico
1699 2604 1909 2647 spoliaretur
1929 2613 1951 2638 a
1973 2604 2069 2638 Che-

1204 2656 1337 2696 ruscis,
1367 2663 1456 2697 quos
1480 2656 1615 2689 Drusus
1638 2663 1720 2689 cum
1743 2655 1899 2688 exercitu
1922 2657 2069 2688 coerce-

1204 2706 1276 2742 ret;
1308 2714 1347 2738 re
1377 2714 1463 2737 vera
1494 2707 1612 2738 autem
1642 2706 1778 2738 secreta
1807 2704 2069 2747 exsequebatur

1205 2754 1333 2788 Tiberii
1356 2755 1538 2794 mandata,
1573 2758 1611 2788 ut
1636 2755 1746 2796 fracto
1767 2755 1838 2787 iam
1861 2747 2068 2790 Maroboduo

1203 2813 1307 2845 usque
1328 2805 1364 2837 in
1385 2805 1526 2837 exitium
1547 2805 1751 2837 insisteretur
1766 2806 1808 2846 (c.
1826 2804 1892 2846 62).

1248 2854 1303 2888 47.
1332 2858 1424 2887 motu
1446 2856 1567 2897 terrae]
1593 2854 1722 2888 Plinius
1744 2855 1783 2887 N.
1809 2854 1848 2887 Η.
1875 2854 1915 2895 2,
1939 2854 1959 2896 5
1981 2854 2065 2888 200:

1205 2905 1376 2939 Maximus
1404 2907 1515 2937 terrae
1535 2905 1696 2937 memoria
1724 2903 1919 2937 mortalium
1945 2905 2069 2938 ooestiiie

1205 2958 1313 2988 motus
1337 2954 1455 2987 Tiberii
1478 2954 1630 2988 Caesaris
1652 2955 1867 2996 principatu,
1898 2955 2069 2988 duodecim

1205 3002 1346 3038 urbibus
1361 3004 1458 3037 Asiae
1484 3014 1555 3037 una
1579 3007 1673 3037 nocte
1698 3005 1887 3045 prostratis.
1924 3005 1988 3038 Dio
2010 3005 2065 3046 57,

1207 3056 1261 3088 47.
1292 3054 1417 3088 Strabo
1441 3055 1493 3096 ⁴2,
1519 3055 1551 3095 8,
1577 3054 1618 3087 48
1641 3063 1675 3097 p.
1700 3054 1781 3088 579:
1816 3054 1892 3087 Koa
1912 3051 1962 3087 τὰ
1983 3054 2068 3101 περὶ

1206 3103 1372 3139 Σίπυλον
1394 3105 1460 3138 καὶ
1481 3101 1552 3148 τὴν
1567 3100 1787 3151 ἀνατροπὴν
1803 3100 1923 3139 αὐτοῦ
1938 3104 2068 3148 μῦθον

1209 3152 1254 3189 οὐ
1277 3154 1337 3189 δεῖ
1356 3155 1550 3188 τίθεσθαι·
1574 3154 1640 3188 καὶ
1661 3151 1734 3202 γὰρ
1747 3153 1816 3188 νῦν
1830 3152 1900 3198 τὴν
1913 3154 2068 3199 Μαγνη-

1208 3207 1297 3240 σίαν
1330 3203 1400 3249 τὴν
1432 3202 1494 3239 ὑπ’
1524 3201 1627 3250 αὐτῷ
1656 3203 1870 3246 κατέβαλον
1897 3206 2065 3249 σεισμοὶ,

1208 3253 1323 3300 ἡνίκα
1355 3257 1421 3290 καὶ
1450 3254 1607 3304 Σάρδεις
1637 3255 1703 3289 καὶ
1734 3253 1809 3289 τῶν
1840 3251 1967 3288 ἄλλων
1999 3253 2068 3299 τὰς

1208 3304 1512 3349 ἐπιφανεστάτας
1539 3304 1637 3340 κατὰ
1666 3303 1788 3338 πολλὰ
1817 3306 1915 3353 μέρη
1945 3304 2069 3341 διελυ-

1207 3355 1396 3401 μήναντο·
1420 3355 1673 3405 ἐπηνώρθωσε
1694 3354 1726 3388 δ’
1749 3352 1772 3389 ὁ
1795 3351 1948 3400 ἡγεμών
1969 3355 2068 3404 χρή-

1207 3416 1311 3452 ματα
1333 3405 1495 3450 ἐπιδούς.
1543 3407 1776 3449 Hieronymus
1807 3407 1842 3440 in
1873 3406 2002 3440 Chron.
2026 3415 2065 3451 p.
