2254 3770
314 305 368 349 20

317 412 470 457 seditio
501 413 690 462 incessit,
721 412 846 456 nullis
877 413 997 456 novis
1027 413 1188 464 causis,

800 306 844 349 P.
876 305 1124 349 CORNELII
1152 305 1321 350 TACITI
1349 306 1616 351 ANNALIUM

1220 413 1300 456 nisi
1321 412 1438 471 quod
1459 419 1643 456 mutatus
1664 413 1863 472 princeps
1882 414 2094 459 licentiam

318 488 536 532 turbarum
567 495 608 532 et
637 503 689 533 ex
710 487 821 532 civili
850 487 963 532 bello
989 502 1109 546 spem
1130 488 1417 546 praemiorum
1439 488 1703 532 ostendebat.
1753 490 1903 534 castris
1922 490 2096 534 aestivis

313 570 401 608 tres
431 556 555 608 simul
586 564 776 622 legiones
806 563 1086 613 habebantur,
1128 563 1400 621 praesidente
1430 563 1549 607 Iunio
1579 563 1750 618 Blaeso;
1789 565 1863 623 qui
1898 565 1982 610 fine
2011 566 2096 609 Au-

311 640 423 698 gusti
453 646 495 683 et
524 639 650 683 initiis
670 639 823 682 Tiberii
845 639 998 682 auditis
1025 639 1080 683 ob
1107 639 1308 682 iustitium
1335 645 1407 682 aut
1434 639 1636 696 gaudium
1663 640 1947 684 intermiserat
1972 639 2095 684 solita

279 715 468 758 amunia.
528 728 581 759 eo
612 714 818 772 principio
847 714 1043 759 lascivire
1073 713 1210 764 miles,
1250 713 1517 765 discordare,
1554 715 1730 772 pessimi
1763 715 1974 774 cuiusque
2003 729 2096 760 ser-

310 790 509 834 monibus
539 790 747 848 praebere
778 804 921 841 aures,
962 790 1148 847 denique
1186 789 1331 832 luxum
1369 796 1412 833 et
1440 790 1572 833 otium
1602 804 1783 848 cupere,
1826 791 2093 850 disciplinam

310 873 352 910 et
387 865 578 910 laborem
617 866 848 924 aspernari.

908 873 999 909 erat
1036 865 1079 908 in
1124 865 1274 908 castris
1316 866 1578 909 Percennius
1621 865 1815 924 quidam,
1861 866 1949 910 dux
1990 866 2092 911 olim

307 941 575 986 theatralium
605 955 852 999 operarum,
891 940 990 984 dein
1020 940 1240 998 gregarius
1270 939 1408 991 miles,
1447 955 1606 998 procax
1643 941 1785 1000 lingua
1825 948 1868 986 et
1907 942 2091 986 miscere

308 1024 456 1061 coetus
488 1016 721 1061 histrionali
751 1015 892 1060 studio
922 1015 1086 1060 doctus.
1146 1016 1181 1059 is
1211 1016 1432 1073 imperitos
1461 1018 1647 1068 animos,
1679 1023 1722 1061 et
1750 1031 1965 1076 quaenam
1993 1024 2091 1076 post

256 1103 291 1134 ⁴0
304 1095 541 1151 Augustum
581 1092 753 1136 militiae
794 1091 977 1136 conditio
1024 1091 1309 1148 ambigentes,
1355 1091 1576 1149 impellere
1624 1092 1826 1150 paulatim
1871 1093 2090 1137 nocturnis

305 1167 544 1227 conloquiis
574 1175 646 1212 aut
674 1167 784 1212 flexo
815 1167 858 1210 in
883 1180 1108 1224 vesperam
1139 1166 1226 1218 die,
1259 1174 1301 1210 et
1329 1166 1505 1225 dilapsis
1537 1167 1783 1212 melioribus
1812 1168 2089 1213 deterrimum

303 1258 521 1303 quemque
558 1257 831 1301 congregare.

891 1242 973 1299 (47)
1013 1249 1228 1300 postremo
1272 1244 1480 1301 promptis
1526 1244 1611 1287 iam
1655 1250 1697 1288 et
1734 1243 1827 1288 aliis
1866 1243 2088 1288 seditionis

302 1320 505 1381 ministris
553 1319 668 1364 velut
706 1317 1074 1363 contionabundus
1111 1318 1414 1375 interrogabat,
1456 1332 1534 1362 cur
1570 1319 1720 1376 paucis
1757 1320 2086 1372 centurionibus,

302 1395 578 1453 paucioribus
617 1394 796 1438 tribunis
835 1394 878 1436 in
915 1393 1091 1437 modum
1126 1407 1350 1437 servorum
1380 1393 1645 1438 oboedirent.
1704 1395 1877 1453 quando
1906 1409 2088 1439 ausuros

253 1481 289 1511 ⁴5
303 1485 539 1530 exposcere
568 1470 776 1522 remedia,
817 1470 898 1513 nisi
937 1483 1096 1513 novum
1125 1476 1168 1513 et
1195 1475 1412 1514 nutantem
1443 1469 1583 1514 adhuc
1619 1470 1856 1528 principem
1885 1470 2088 1529 precibus

344 1619 376 1652 4.
400 1618 519 1652 sedicio
534 1619 569 1652 M
594 1635 630 1642 —
654 1616 687 1650 4.
711 1616 877 1650 iusticiam
898 1617 933 1650 M
956 1633 992 1640 —
1018 1619 1079 1649 aut
1099 1616 1261 1659 gaudium
1283 1615 1434 1649 delenda
1457 1616 1594 1649 censuit
1615 1616 1785 1651 Muretus.
1812 1634 1849 1641 —
1874 1617 1927 1650 Η.
1951 1616 2088 1659 dilapsis

299 1676 475 1711 Muretus:
501 1675 640 1717 delapsis
661 1675 696 1709 M
722 1693 756 1698 —
783 1674 836 1708 43.
861 1673 1179 1708 conditionabundus
1199 1674 1233 1708 M
1256 1673 1551 1717 (contionabundus
1573 1673 1718 1716 margo).

299 1807 353 1840 25.
385 1806 507 1840 Vellei.
532 1807 569 1847 2,
601 1807 677 1839 425.
706 1824 751 1830 -
784 1809 850 1839 tres
885 1805 984 1838 simul
1011 1806 1163 1848 legiones]

299 1858 423 1890 octava
457 1855 651 1899 (Anqusta),
690 1865 783 1889 nona
813 1855 1007 1898 (Hispana),
1044 1857 1164 1898 quinta

298 1906 438 1939 decima
470 1906 710 1948 (Apollinaris).
759 1906 810 1939 Cf.
841 1915 872 1939 c.
903 1906 945 1939 23
975 1907 1011 1939 et
1037 1907 1090 1939 30.
1125 1924 1160 1930 -

296 1957 391 1989 lunio
407 1956 532 1998 Blaeso]
557 1955 671 1998 legato
694 1965 758 1998 pro
775 1957 951 1998 praetore,
975 1965 1007 1989 c.
1026 1956 1078 1996 48,
1107 1956 1164 1989 cui

296 2008 422 2048 postea
451 2006 678 2048 Imperatoris
700 2004 914 2038 vocabulum
941 2007 1163 2048 postremum

298 2057 476 2089 concessit
497 2055 675 2096 Tiberius,
700 2057 790 2088 Ann.
815 2055 847 2096 3,
873 2055 926 2088 74.
951 2056 1033 2088 Erat
1049 2055 1164 2088 Seiani

297 2105 503 2139 avunculus.
543 2108 765 2138 Praenomen
790 2105 828 2146 Q.
846 2104 1015 2138 exhibent
1036 2105 1164 2138 inscri-

295 2157 434 2199 ptiones
455 2156 511 2188 Or.
529 2165 565 2188 n.
583 2155 668 2188 6442
692 2157 728 2188 et
750 2156 854 2195 7212,
880 2164 923 2188 ex
947 2155 1074 2196 quibus
1098 2164 1163 2197 ap-

295 2209 408 2249 paret,
420 2214 503 2239 eum
526 2205 707 2238 consulem
725 2205 831 2238 fuisse
848 2214 880 2237 a.
899 2205 962 2238 763
987 2214 1069 2238 cum
1085 2206 1160 2237 Ser.

297 2255 460 2289 Cornelio
491 2254 635 2288 Lentulo
665 2254 916 2296 Maluginense.
943 2273 980 2278 —
1005 2255 1044 2288 ob
1065 2256 1163 2287 iusti—

295 2308 378 2340 tium
399 2310 460 2339 aut
487 2305 657 2348 gaudium]
690 2306 975 2339 Intermissorum
1002 2307 1161 2338 munium

296 2358 388 2391 duae
427 2366 555 2390 causae
593 2358 714 2396 erant,
758 2355 866 2388 altera
904 2357 1073 2389 iustitium
1112 2356 1161 2397 (ob

295 2409 454 2442 amisswm
475 2407 658 2449 Augustum
687 2415 717 2438 c.
743 2407 795 2446 50)
826 2405 1016 2447 indictum,
1051 2405 1160 2439 altera

295 2458 461 2500 gaudium
495 2457 541 2490 ob
575 2456 837 2490 successionem
872 2455 1011 2489 Tiberii.
1046 2475 1090 2481 —
1122 2466 1159 2490 eo

290 2508 458 2550 principio
480 2507 562 2549 cet.]
590 2507 625 2539 id
650 2508 725 2539 erat
746 2507 971 2548 principium,
997 2516 1068 2549 quo
1091 2508 1160 2541 mi-

294 2557 347 2591 les
376 2557 536 2591 lascivire
561 2557 687 2598 coepit.
724 2557 775 2589 Cf.
800 2556 837 2597 4,
869 2558 931 2589 52:
965 2566 1029 2598 quo
1050 2558 1156 2591 initio.

294 2611 376 2650 Agr.
393 2608 449 2640 ⁴8:
473 2616 574 2647 eoque
594 2606 700 2639 initio.
717 2624 754 2631 —
771 2607 842 2639 dux
856 2607 934 2639 olim
948 2608 1160 2641 theatralium

294 2657 484 2699 operarum]
514 2656 732 2698 Intelligendi
762 2658 843 2689 suut
872 2657 1033 2690 homines
1061 2667 1159 2691 mer-

295 2707 383 2740 cede
415 2707 579 2740 conducti
614 2705 659 2738 ab
693 2706 919 2739 histrionibus
952 2707 1008 2739 vel
1042 2709 1157 2749 potius

294 2766 313 2789 a
337 2757 516 2790 certorum
538 2756 746 2788 histrionum
769 2756 963 2789 fautoribus
980 2756 1154 2798 divitibus,

292 2808 331 2839 ut
357 2807 439 2839 huic
460 2805 516 2839 vel
544 2805 591 2838 illi
619 2805 781 2847 plausum
809 2806 1026 2839 concitarent
1057 2807 1156 2848 (quos

292 2856 454 2889 hodierni
477 2854 560 2889 Galli
583 2857 712 2888 vocant
733 2856 938 2897 elaqueurs),
972 2857 1047 2890 eius
1070 2866 1155 2890 vero

292 2905 451 2938 aemulos
475 2907 511 2938 et
532 2905 686 2938 fautores
702 2904 949 2947 exploderent,
974 2906 1101 2946 immo,
1126 2908 1155 2939 si

290 2964 349 2989 res
364 2957 546 2998 posceret,
572 2954 745 2997 lapidibus
762 2956 797 2987 et
812 2955 1059 2988 subselliorum
1083 2956 1155 2989 fra-

290 3004 467 3047 gminibus
491 3005 645 3042 (Sueton.
670 3005 753 3037 Ner.
772 3005 837 3044 26.)
861 3007 1000 3038 actores
1015 3007 1154 3039 scaeni-

291 3063 353 3088 cos
383 3055 568 3087 tuerentur
599 3055 721 3086 contra
751 3053 969 3087 diversarum
1000 3056 1152 3096 partium

290 3102 456 3136 asseclas.
482 3102 534 3136 Cf.
559 3111 590 3135 c.
609 3103 663 3135 77.
690 3104 744 3142 44,
770 3103 822 3135 43.
849 3103 901 3142 43,
926 3104 979 3136 23.
1005 3105 1149 3138 Sueton.

289 3152 404 3186 Tiber.
422 3153 462 3185 37
488 3151 558 3192 (ubi
582 3152 692 3184 duces
717 3152 936 3185 theatralium
960 3162 1151 3195 operarum

287 3204 401 3242 capita
426 3202 608 3244 factionum
635 3202 882 3242 nominantur).
919 3201 1031 3235 Plaut.
1056 3203 1147 3236 Prol.

287 3252 415 3293 Amph.
440 3251 481 3284 64
515 3260 594 3293 sqq.
626 3250 711 3284 Plin.
743 3251 850 3292 Epist.
883 3252 916 3291 7,
945 3251 1004 3290 ¹24,
1038 3253 1075 3284 7:
1115 3257 1151 3285 at

287 3301 424 3333 Hercule
446 3301 637 3333 alienissimi
659 3301 803 3332 homines
823 3301 859 3332 in
879 3301 1034 3333 honorem
1058 3303 1150 3341 Qua-

286 3350 441 3382 dratillae
459 3359 522 3391 per
540 3349 742 3382 adulationis
763 3350 907 3391 officium
929 3350 964 3381 in
986 3349 1150 3383 theatrum

286 3399 508 3439 cursitabant,
539 3399 770 3438 exsultabant,
797 3398 1015 3439 plaudebant,
1039 3400 1148 3432 mira—

285 3448 428 3491 hantun-
456 3450 513 3491 qui
533 3458 621 3482 nunc
643 3449 859 3492 aiquisnma
880 3448 1008 3491 wacta,
1036 3449 1148 3483 thea-

1214 1806 1341 1838 tralis
1362 1815 1514 1847 operae
1535 1805 1832 1846 corollarium,
1857 1804 2019 1846 accipient
2039 1804 2083 1838 ab

1212 1856 1346 1896 herede,
1376 1857 1434 1898 qui
1455 1865 1522 1889 non
1543 1855 1721 1897 spectabat.
1769 1855 1899 1888 Contra
1928 1857 2079 1892 actores.

1213 1906 1365 1939 maxime
1395 1907 1621 1949 pantomimi,
1656 1906 1722 1949 ipsi
1754 1905 1970 1947 intelligendi
1998 1906 2083 1939 sunt

1213 1956 1308 1999 apud
1330 1957 1472 1989 Sueton.
1497 1957 1584 1998 Aug.
1609 1955 1668 1989 43:
1693 1957 1739 1989 ad
1759 1956 1929 1989 scaenicas
1950 1964 2082 1998 quoque

1212 2024 1261 2031 —-
1277 2015 1396 2048 operas
1418 2007 1518 2040 etiam
1540 2006 1701 2047 equitibus
1716 2006 1874 2039 Romanis
1895 2006 2080 2048 aliquando

1211 2066 1290 2089 usus
1321 2060 1382 2097 est,
1419 2058 1455 2089 et
1488 2057 1524 2089 in
1559 2065 1738 2089 marmore
1774 2054 1953 2098 Spoletino
1985 2055 2080 2098 apud

1213 2107 1309 2139 Grut.
1324 2105 1400 2146 467,
1418 2107 1454 2139 7:
1482 2106 1646 2139 OPERAE
1661 2105 2078 2139 VETERESASCAENA.

1211 2174 1255 2181 —
1276 2157 1462 2189 histrionali
1483 2157 1590 2188 stadio
1608 2155 1731 2198 doctus]
1755 2156 1826 2188 iam
1842 2155 1903 2188 diu
1917 2156 2080 2188 assuetus

1211 2206 1422 2239 factionibus
1449 2205 1680 2239 theatralibus
1708 2205 1926 2239 concitandis
1953 2213 1996 2238 ac
2018 2213 2080 2238 re-

1211 2255 1346 2298 gendis.

1254 2306 1308 2338 ⁴7.
1329 2305 1458 2348 paucis]
1491 2306 1675 2347 sexagenis
1697 2314 1763 2348 per
1785 2303 1939 2346 singulas
1968 2303 2079 2346 legio-

1209 2365 1285 2389 nes.
1307 2374 1342 2380 —
1355 2355 1582 2398 paucioribus]
1607 2356 1715 2389 senis.
1736 2373 1772 2379 -
1790 2355 1855 2388 nisi
1869 2372 1920 2379 --
1934 2355 2076 2398 adirent]

1208 2406 1272 2438 Dio
1289 2406 1343 2446 57,
1368 2405 1407 2439 4:
1434 2404 1474 2439 ἐν
1496 2403 1569 2452 γὰρ
1590 2403 1637 2452 τῇ
1652 2403 1850 2452 μεταβολῇ
1866 2402 1937 2448 τῆς
1949 2400 2075 2452 ἀρχῆς

1208 2453 1322 2488 πάνθ’
1355 2451 1432 2488 ὅσα
1462 2454 1683 2499 ἐπεθύμουν
1706 2451 1734 2498 ἢ
1755 2452 1876 2489 αὐτὸν
1901 2452 2077 2499 ἐκφοβή-

1208 2516 1344 2547 σαντες
1367 2502 1394 2548 ἢ
1416 2506 1481 2539 καὶ
1504 2502 1607 2551 ἄλλῳ
1629 2507 1702 2540 τινὶ
1724 2504 1770 2540 τὸ
1792 2503 1934 2553 κράτος
1947 2502 2078 2548 δόντες

1206 2554 1462 2603 καταπράξειν
1491 2552 1659 2600 ἤλπιζον.
1688 2576 1724 2582 -
1751 2558 1879 2590 tricena
1907 2560 1969 2590 aut
1988 2565 2077 2597 qua-

1206 2607 1358 2649 dragena
1371 2607 1547 2648 stipendia]
1571 2607 1621 2640 Cf.
1641 2616 1672 2640 c.
1691 2607 1745 2640 35.
1762 2624 1798 2630 —
1813 2607 1906 2648 apud
1919 2607 2078 2640 vendacem

1206 2657 1379 2700 tendentes]
1412 2657 1449 2690 id
1479 2659 1553 2697 est,
1589 2658 1624 2691 in
1657 2657 1782 2690 castris
1815 2656 1883 2690 sub
1917 2656 2078 2690 tentoriis

1206 2707 1395 2749 degentes,
1419 2708 1460 2740 ut
1482 2708 1569 2740 Hist.
1588 2707 1620 2747 4,
1646 2706 1705 2740 34τ
1731 2707 1862 2740 tendere
1883 2710 1984 2740 extra
1997 2706 2076 2740 val-

1205 2758 1284 2791 lum.
1310 2767 1342 2791 c.
1367 2759 1426 2791 ὅδε
1459 2758 1562 2790 isdem
1583 2757 1726 2790 hibernis
1748 2758 1921 2791 tendentes.
1954 2766 1985 2791 c.
2010 2757 2072 2791 59:

1204 2808 1358 2850 Lugduni
1385 2807 1599 2840 tendentibus.
1627 2824 1664 2830 —
1697 2807 1766 2839 alio
1798 2803 1968 2849 vocabulo]
2003 2808 2076 2840 No-

1204 2857 1432 2890 minabantur
1452 2856 1623 2890 veoeillarii
1651 2855 1708 2889 vel
1731 2857 1929 2890 accuratius
1950 2855 2076 2890 voa-illa

1201 2910 1446 2940 veteranorum.
1483 2907 1536 2940 Cf.
1563 2908 1595 2949 4,
1619 2906 1676 2940 26.
1701 2906 1841 2940 36-39.
1875 2906 1907 2946 3,
1932 2907 1991 2939 2⁴:
2014 2914 2074 2939 ve-

1201 2957 1324 2990 xillum
1352 2960 1586 2990 veteranorum
1617 2965 1684 2988 non
1717 2956 1861 2997 amplius
1889 2955 2069 2998 quinqua.

1201 3006 1312 3040 Iidem
1334 3007 1484 3040 veterani
1505 3015 1523 3039 e
1542 3006 1714 3047 praetorio
1735 3006 1910 3038 vocantur
1932 3005 2017 3038 Hist.
2035 3006 2068 3045 2,

1202 3056 1254 3089 ⁴⁴.
1292 3055 1516 3089 Gravioribus
1546 3057 1666 3088 autem
1690 3053 1832 3087 militiae
1860 3053 2070 3087 muneribus

1200 3104 1307 3138 veluti
1321 3104 1454 3139 vallum
1470 3104 1669 3143 muniendi,
1690 3102 1897 3147 pabulandi,
1915 3103 2067 3146 aquandi

1200 3157 1268 3187 cet.
1295 3155 1450 3198 exempti
1473 3156 1576 3188 erant
1608 3154 1756 3195 (retineri
1785 3153 1845 3186 sub
1872 3153 1994 3186 vooeiuo
2013 3161 2069 3186 ce-

1199 3208 1347 3237 terorum
1361 3206 1511 3238 inmunes
1525 3205 1590 3237 nisi
1602 3203 1822 3245 propulsandi
1835 3203 1933 3236 hostis
1947 3203 1980 3243 4,
1999 3202 2065 3244 36),

1198 3253 1293 3287 unde
1310 3263 1375 3296 per
1390 3253 1625 3297 hyperbolem
1641 3252 1846 3295 accipienda
1862 3254 1944 3286 sunt
1958 3251 2068 3285 verba

1199 3304 1325 3335 eosdem
1355 3303 1494 3337 labores.
1534 3304 1678 3336 Sueton.
1703 3301 1778 3335 Tib.
1803 3301 1864 3335 48:
1898 3302 2069 3335 missiones

1196 3355 1431 3385 veteranorum
1445 3353 1638 3385 rarissimas
1651 3352 1740 3394 fecit,
1758 3360 1803 3384 σω
1816 3351 1905 3384 senio
1915 3354 2066 3391 mortem,

1197 3410 1241 3433 ex
1268 3405 1375 3434 morte
1402 3402 1630 3443 compendium
1661 3404 1813 3443 captans.
1837 3417 1882 3425 —-
1909 3402 1981 3434 vita
2009 3410 2070 3434 su-

1192 3451 1375 3494 peraverit]
1412 3453 1513 3486 Caes.
1543 3453 1582 3486 B.
1616 3452 1655 3485 G.
1681 3451 1722 3493 6,
1753 3450 1813 3484 ⁴9:
1850 3453 1926 3485 uter
1953 3458 2069 3485 eom
