2254 3770
240 262 325 308 220

721 264 767 308 Ρ.
800 261 1051 307 CORNELII
1080 261 1251 306 TACITI
1279 261 1548 308 ANNALIUM

350 368 546 414 Relatum
575 375 617 413 et
648 368 703 413 de
736 368 883 413 Cassio
914 368 1076 412 Severo
1107 367 1243 419 exule,
1275 367 1350 426 qui
1372 367 1573 411 sordidae
1594 367 1780 426 originis,
1811 365 2033 412 maleficae

239 444 362 496 vitae,
394 444 472 489 sed
500 444 650 488 orandi
679 443 858 495 validus,
889 457 967 502 per
995 442 1246 487 immodicas
1276 442 1516 487 inimicitias
1547 448 1592 487 ut
1622 442 1780 487 iudicio
1809 442 1934 486 iurati
1965 455 2035 486 se-

239 525 364 564 natus
394 520 564 565 Cretam
592 525 865 564 amoveretur
893 517 1114 572 effecerat;
1146 524 1275 576 atque
1305 517 1390 562 illic
1419 517 1572 562 eadem
1602 518 1814 563 actitando
1844 517 2034 563 recentia

238 601 474 654 veteraque
495 595 595 639 odia
613 594 805 645 advertit,
840 593 1049 652 bonisque
1072 600 1236 645 exutus,
1268 593 1492 637 interdicto
1512 593 1595 652 igni
1617 600 1745 653 atque
1773 607 1898 652 aqua,
1929 606 2034 637 saxo

207 682 227 713 5
241 670 421 729 Seripho
452 670 688 714 consenuit.

354 745 436 802 (22)
467 747 550 789 Per
578 745 692 789 idem
716 751 885 803 tempus
904 744 1094 789 Plautius
1121 744 1317 788 Silvanus
1344 749 1516 802 praetor
1546 743 1717 788 incertis
1738 744 1879 788 causis
1899 745 2034 802 Apro-

241 821 357 864 niam
377 821 604 878 coniugem
635 821 676 863 in
705 834 917 879 praeceps
948 820 1056 871 iecit,
1092 826 1337 878 tractusque
1368 819 1423 863 ad
1446 820 1675 864 Caesarem
1704 819 1758 863 ab
1782 820 1826 863 L.
1848 819 2034 877 Apronio

242 910 396 941 socero
432 895 602 939 turbata
639 902 782 940 mente
818 895 1054 954 respondit,
1094 902 1312 954 tamquam
1348 895 1441 953 ipse
1471 908 1622 939 somno
1651 895 1793 953 gravis
1823 901 1952 953 atque
1982 908 2036 938 eo

241 971 433 1028 ignarus,
475 977 517 1015 et
555 984 664 1014 uxor
702 978 853 1029 sponte
898 977 1077 1015 mortem
1118 971 1384 1029 sumpsisset.
1433 984 1519 1014 non
1557 977 1805 1015 cunctanter
1843 969 2036 1014 Tiberius

192 1061 228 1091 ιο
243 1046 383 1105 pergit
415 1046 457 1089 in
487 1045 674 1097 domum,
705 1046 803 1090 visit
833 1045 1098 1099 cubiculum;
1130 1047 1171 1089 in
1194 1060 1281 1104 quo
1302 1046 1547 1090 reluctantis
1569 1052 1611 1090 et
1630 1045 1839 1104 impulsae
1859 1045 2039 1103 vestigia

243 1121 540 1167 cernebantur.
585 1121 715 1166 refert
754 1121 808 1165 ad
849 1129 1060 1173 senatum,
1103 1122 1300 1179 datisque
1338 1121 1552 1165 iudicibus
1592 1120 1835 1179 Urgulania,
1876 1120 2036 1164 Silvani

242 1197 348 1249 avia,
379 1197 610 1255 pugionem
639 1197 784 1255 nepoti
813 1197 939 1240 misit.
981 1197 1099 1256 quod
1128 1196 1307 1255 perinde
1330 1196 1537 1241 creditum
1557 1197 1680 1254 quasi
1710 1196 1916 1255 principis
1944 1209 2036 1239 mo-

242 1273 332 1316 nitu
362 1272 417 1316 ob
448 1272 678 1317 amicitiam
707 1274 921 1330 Augustae
952 1287 1052 1316 cum
1081 1272 1321 1331 Urgulania.
1367 1286 1468 1316 reus
1502 1272 1656 1316 frustra
1690 1278 1894 1330 temptato
1924 1271 2036 1316 ferro

241 1362 374 1393 venas
402 1347 602 1406 praebuit
630 1347 927 1392 exsolvendas.
972 1362 1072 1392 mox
1099 1348 1371 1398 Numantina,
1408 1348 1526 1406 prior
1555 1361 1664 1391 uxor
1693 1349 1804 1398 eius,
1837 1353 2038 1391 accusata

190 1437 228 1469 15
242 1423 442 1468 iniecisse
472 1423 733 1468 carminibus
765 1430 807 1467 et
837 1423 1054 1467 veneficiis
1084 1423 1356 1468 vaecordiam
1386 1424 1550 1474 marito,
1581 1423 1727 1466 insons
1756 1422 1980 1467 iudicatur.

357 1499 438 1556 (23)
468 1500 510 1543 Is
532 1499 704 1543 demum
735 1513 872 1542 annus
901 1498 1109 1557 populum
1139 1501 1376 1543 Romanum
1404 1499 1531 1558 longo
1561 1498 1790 1543 adversum
1810 1499 2035 1543 Numidam

242 1575 550 1619 Tacfarinatem
578 1574 691 1619 bello
722 1574 915 1618 absolvit.
952 1588 1048 1618 nam
1069 1575 1237 1633 priores
1259 1575 1392 1619 duces
1414 1575 1486 1619 ubi
1507 1574 1774 1632 impetrando
1803 1574 2037 1633 triumpha-

242 1650 344 1694 lium
381 1650 532 1708 insigni
571 1651 769 1695 sufficere
800 1665 870 1694 res
901 1664 1001 1694 suas
1032 1651 1320 1703 crediderant,
1360 1651 1524 1694 hostem
1556 1650 1826 1704 omittebant;
1863 1651 2036 1709 iamque

243 1732 329 1770 tres
366 1725 583 1771 laureatae
621 1726 663 1769 in
703 1726 811 1770 urbe
853 1733 1034 1777 statuae,
1078 1733 1120 1770 et
1148 1726 1299 1770 adhuc
1337 1726 1529 1783 raptabat
1565 1726 1748 1770 Africam
1784 1726 2035 1776 Tacfarinas.

192 1816 230 1847 20
243 1808 393 1846 auctus
424 1802 668 1846 Maurorum
696 1801 880 1853 auxiliis,
914 1802 987 1860 qui
1018 1802 1280 1854 Ptolemaeo,
1314 1801 1445 1846 Iubae
1475 1801 1579 1852 filio,
1617 1802 1791 1845 iuventa
1819 1802 2036 1846 incurioso

243 1877 421 1922 libertos
451 1878 594 1936 regios
625 1885 667 1922 et
695 1877 866 1922 servilia
896 1878 1077 1936 imperia
1103 1877 1218 1922 bello
1247 1884 1526 1922 mutaverant.
1571 1883 1662 1921 erat
1691 1876 1748 1920 illi
1778 1877 2036 1935 praedarum

243 1960 442 2012 receptor
470 1967 521 1998 ac
550 1954 693 1997 socius
722 1953 955 2011 populandi
987 1968 1063 1998 rex
1093 1953 1404 2005 Garamantum,
1436 1967 1520 1996 non
1551 1959 1598 1997 ut
1627 1966 1725 1997 cum
1754 1953 1942 1998 exercitu
1972 1954 2036 1996 in-

309 2082 340 2115 3.
364 2081 511 2125 efficerat
531 2090 585 2124 pr.
602 2082 637 2116 M
665 2100 698 2105 —
723 2081 756 2115 4.
781 2085 919 2115 exsutus
940 2082 974 2116 M
999 2099 1036 2105 —
1063 2081 1094 2114 6.
1120 2081 1293 2122 aproniem
1314 2089 1368 2123 pr.
1386 2080 1420 2114 M
1443 2098 1478 2104 —
1503 2079 1535 2112 7.
1557 2087 1694 2121 preceps
1709 2080 1743 2113 M
1760 2097 1796 2103 —
1815 2080 1868 2113 42.
1887 2080 2036 2123 pugione

243 2148 298 2183 pr.
322 2140 356 2174 M
382 2157 418 2162 —
440 2139 608 2180 principes
629 2148 682 2181 pr.
701 2140 733 2172 M
752 2157 787 2163 -
814 2140 866 2173 45.
892 2131 1142 2172 uecordiam'h.
1160 2137 1182 2171 l.
1201 2139 1234 2172 M
1258 2155 1294 2161 —
1319 2139 1432 2171 insons
1453 2137 1655 2171 siiudicatur
1678 2134 1874 2178 (duplicatis
1891 2136 2035 2171 alterius

242 2196 340 2229 vocis
362 2195 477 2229 littera
501 2194 612 2237 finali,
638 2194 782 2229 alterius
805 2195 937 2237 initiali)
961 2204 1013 2238 pr.
1041 2196 1075 2229 M
1101 2213 1136 2219 —
1164 2195 1216 2228 47.
1242 2195 1299 2227 ubi
1321 2195 1476 2237 Lipsius:
1502 2194 1561 2227 sub
1583 2195 1617 2228 M
1642 2212 1678 2218 -
1703 2194 1758 2227 20.
1777 2194 1939 2235 ptolemeo
1961 2195 2005 2228 M.

243 2311 290 2335 an
311 2302 500 2335 adulteram
515 2301 617 2343 prius
631 2310 836 2335 accusare
851 2302 965 2335 malit:
989 2303 1112 2335 sivero
1165 2312 1199 2334 n.
1226 2301 1373 2341 Silvani,
1399 2300 1553 2334 consulis
1577 2310 1610 2333 a.
1635 2310 1671 2333 u.
1697 2301 1773 2341 752,
1799 2301 1899 2334 cuius
1922 2302 2038 2334 mater

242 2355 348 2393 nupta
380 2352 440 2392 sit,
483 2355 521 2384 ut
558 2352 655 2393 prius
689 2352 879 2384 adulterum
906 2356 1110 2394 peragat,

243 2405 321 2435 tunc
342 2402 524 2434 mulierem.
545 2420 579 2424 —
600 2402 713 2434 Cassio
729 2402 860 2444 Severo]
887 2402 937 2435 Cf.
957 2403 987 2442 4,
1004 2403 1107 2435 72.-

243 2450 448 2492 inmodicas]
461 2452 537 2484 sine
555 2450 622 2483 ullo
640 2452 746 2484 modo
761 2452 989 2485 exercitas.-
1008 2452 1114 2484 iurati

243 2500 388 2542 senatus]
415 2501 465 2533 Cf.
493 2502 523 2540 4,
549 2500 602 2534 74.
629 2502 744 2535 Livius
765 2502 818 2542 30,
837 2502 895 2535 40:
923 2503 1036 2534 Patres
1057 2502 1113 2534 iu-

243 2552 313 2584 rati
334 2550 399 2593 (ita
421 2551 506 2583 enim
523 2551 734 2594 convenerat)
754 2556 950 2584 censuerunt
965 2553 1015 2585 uti
1031 2562 1113 2584 con-

244 2603 331 2635 sules
347 2602 542 2643 provincias
563 2602 650 2634 inter
671 2612 703 2635 se
729 2606 975 2644 compararent.
1012 2603 1112 2635 Idem

245 2653 305 2694 42,
330 2653 391 2686 24ε
427 2655 465 2685 ut
493 2653 627 2685 iuratus
656 2657 791 2686 senatus
821 2655 1022 2694 decerneret,
1056 2654 1114 2694 qui

245 2712 319 2736 eam
340 2712 410 2735 rem
425 2706 599 2744 quaereret
613 2704 967 2745 animadverteretque.
983 2722 1015 2728 -
1038 2703 1114 2736 Cre-

245 2758 315 2788 tam
345 2753 570 2795 amoveretur]
603 2756 749 2787 Amotus
778 2757 854 2787 erat
877 2756 1017 2788 Cretam
1042 2755 1112 2787 iam

246 2805 290 2837 ab
317 2805 487 2846 Augusto,
521 2805 659 2846 scriptis
691 2813 832 2846 quoque
866 2805 940 2837 eius
968 2806 1112 2837 senatus

246 2853 405 2888 consulto
425 2852 574 2887 abolitis.
601 2855 743 2886 Sueton.
763 2853 869 2896 Calig.
890 2855 942 2887 46.
963 2871 999 2878 -
1026 2862 1113 2886 saxo

245 2903 398 2946 Seripho]
432 2903 589 2943 «insula,
623 2913 715 2946 quae
747 2904 829 2936 nihil
854 2903 947 2936 aliud
971 2906 1025 2936 est
1047 2904 1113 2936 nisi

246 2963 406 2988 saxum.»
431 2954 557 2987 Strabo
582 2955 634 2994 40,
659 2955 691 2994 5,
718 2955 758 2987 40
783 2964 817 2996 p.
843 2954 922 2988 487:
949 2949 1056 2987 Οὕτω
1080 2952 1110 2985 δ’

246 3005 327 3039 ἐστὶ
361 3002 552 3052 πετρώδης
581 3000 606 3047 ἦ
637 3003 776 3047 νῆσος,
812 3000 910 3038 ὥστε
939 3001 1015 3038 ὑπὸ
1044 3002 1113 3047 τῆς

246 3053 437 3104 Γοργόνος
465 3054 581 3089 τοῦτο
611 3055 748 3087 παθεῖν
776 3051 897 3098 αὐτήν
928 3066 1049 3097 φασιν
1076 3055 1117 3088 οἱ

246 3104 530 3151 κωμῳδοῦντες.
558 3105 610 3142 Cf,
635 3106 666 3146 2,
691 3106 745 3138 85.
766 3123 800 3128 —
827 3107 1005 3149 consenuit]
1032 3106 1114 3139 Hie-

248 3166 387 3199 ronym.
415 3156 542 3190 Euseb.
570 3156 698 3189 Chron.
725 3155 769 3187 ad
793 3164 825 3187 a.
843 3164 877 3187 u.
896 3156 958 3188 786
984 3157 1027 3198 (p.
1049 3155 1112 3188 423

250 3207 307 3240 ed.
331 3206 514 3248 Roncall.):
547 3206 680 3240 Cassius
701 3205 855 3244 Severus,
882 3209 998 3238 orator
1019 3214 1115 3247 egre-

248 3258 339 3299 9iu8,
364 3258 517 3290 vicesimo
541 3258 655 3298 quinto
671 3256 779 3288 exsilii
802 3257 854 3288 sui
870 3265 957 3287 anno
973 3257 1008 3288 in
1023 3265 1114 3288 sum-

248 3316 306 3339 ma
327 3308 440 3348 inopia
461 3309 621 3348 moritur,
653 3307 715 3338 vix
733 3314 846 3347 panno
868 3306 1012 3338 verenda
1035 3315 1114 3337 con-

249 3360 363 3391 tectus.

294 3408 348 3442 22.
372 3409 523 3442 Plautius
544 3408 712 3452 Silvanus]
741 3408 784 3441 M.
809 3404 931 3440 Plautii
954 3407 992 3438 A.
1019 3405 1042 3438 f.
1067 3407 1112 3440 M.

1166 2353 1240 2384 erat
1270 2350 1452 2393 Urgulania
1488 2350 1550 2391 (cf.
1587 2352 1716 2384 Inscrr.
1751 2352 1838 2383 Latt.
1873 2360 1908 2383 n.
1934 2351 2034 2392 622),

1165 2402 1267 2435 filius.
1290 2421 1324 2426 —-
1341 2402 1377 2434 in
1389 2401 1561 2443 praeceps]
1579 2411 1644 2444 per
1659 2401 1853 2435 fenestram
1870 2401 2033 2434 cubiculi.
2059 2438 2071 2451 ο

1166 2451 1283 2485 Simile
1315 2452 1459 2484 inauditi
1484 2452 1647 2485 facinoris
1672 2451 1874 2494 exemplum
1897 2459 2038 2484 memo-

1166 2505 1264 2535 ratur
1287 2511 1305 2534 a
1325 2501 1535 2541 Quintiliano
1551 2502 1583 2542 7,
1603 2502 1623 2534 2
1636 2527 1644 2543 ,
1662 2501 1724 2535 24:
1750 2502 1786 2534 id
1807 2505 1856 2534 est
1876 2502 1912 2534 in
1933 2510 2039 2534 causa

1164 2553 1283 2585 Naevii
1304 2552 1482 2593 Arpiniani
1505 2552 1611 2584 solum
1635 2553 1836 2592 quaesitum,
1865 2551 2037 2592 praecipi-

1166 2606 1239 2635 tata
1261 2605 1342 2635 essel
1364 2602 1406 2634 ab
1429 2611 1465 2634 eo
1487 2610 1597 2642 uoeor,
1622 2611 1667 2634 an
1689 2610 1724 2635 se
1743 2603 1820 2642 ipsa
1840 2610 1904 2633 sua
1923 2603 2037 2642 sponte

1164 2653 1300 2686 iecisset.
1329 2671 1364 2676 —
1391 2652 1428 2684 L.
1453 2651 1610 2694 Apronio]
1640 2651 1691 2684 Cf.
1717 2652 1748 2691 4,
1772 2651 1828 2683 56.
1855 2668 1891 2674 -
1917 2651 2037 2692 impul-

1164 2701 1231 2743 sae]
1256 2703 1290 2734 vi
1313 2703 1509 2744 protrusae.
1538 2720 1572 2725 —
1608 2700 1810 2743 Urgulania]
1844 2699 1895 2733 Cf.
1920 2701 1953 2740 2,
1979 2700 2033 2734 34.

1165 2753 1205 2794 4,
1229 2753 1284 2785 24.
1313 2770 1348 2775 ——
1384 2761 1487 2784 venas
1515 2751 1670 2792 praebuit
1702 2750 1791 2792 exa]
1827 2750 1898 2783 fido
1932 2749 2035 2784 alicui

1166 2811 1280 2835 servo.
1311 2820 1346 2826 -
1371 2801 1595 2843 Numantina]
1619 2801 1687 2834 filia
1711 2802 1750 2840 Q.
1777 2800 1872 2833 Fabii
1894 2800 2035 2834 Maximi

1165 2853 1333 2892 Africani,
1360 2851 1513 2885 consulis
1537 2861 1567 2884 a.
1594 2861 1629 2885 u.
1653 2851 1733 2891 744,
1759 2852 1839 2893 post
1862 2850 2035 2884 Plautium

1166 2904 1343 2936 Silvanum
1367 2904 1475 2945 nupta
1498 2904 1576 2936 Sex,
1602 2901 1748 2944 Apuleio
1770 2903 1815 2941 (4,
1841 2902 1885 2942 7).
1922 2902 2032 2934 Inscr.

1165 2964 1219 2998 ap.
1248 2956 1412 2987 Murator.
1441 2953 1536 2992 4433,
1558 2953 1596 2985 9:
1624 2951 1728 2994 [Sex]
1752 2951 1886 2992 Apuleio
1909 2952 1989 2984 Seoe.
2006 2951 2032 2992 f.

1166 3004 1317 3046 Gal(eria
1348 3002 1465 3043 tribu).
1503 3002 1583 3035 Sex.
1618 3012 1652 3034 n.
1684 3002 1764 3034 Sex.
1795 3010 1894 3042 pron.
1928 3001 2035 3034 Fabia

1165 3054 1374 3088 Numantina
1393 3056 1473 3086 nato
1488 3054 1603 3086 ultimo
1617 3052 1723 3095 gentis
1737 3061 1826 3084 suae.
1851 3053 2031 3084 Bononiam.

1210 3157 1262 3189 23.
1289 3154 1403 3197 longo]
1436 3163 1501 3196 per
1526 3155 1665 3196 septem
1690 3160 1802 3185 annos
1825 3152 1925 3193 gesto
1949 3151 2032 3184 inde

1168 3208 1212 3240 ab
1230 3218 1260 3240 a.
1276 3207 1351 3239 770.
1378 3205 1429 3239 Cf.
1444 3206 1476 3245 2.
1494 3206 1548 3239 52.
1563 3222 1597 3228 -—
1616 3208 1683 3238 tres
1698 3205 1869 3236 laureatae
1882 3203 1906 3236 i.
1925 3211 1959 3235 u.
1978 3203 2032 3245 st.]

1169 3259 1258 3291 Furii
1284 3256 1417 3290 Camilli
1441 3257 1486 3298 (2,
1505 3256 1576 3296 52),
1603 3257 1639 3287 L.
1657 3254 1816 3297 Apronii,
1841 3254 1880 3285 ut
1894 3253 2034 3286 videtur

1169 3309 1211 3349 (3,
1229 3308 1296 3348 24),
1323 3307 1409 3339 lunii
1425 3305 1537 3339 Blaesi
1553 3305 1597 3347 (3,
1616 3305 1682 3345 72).
1708 3305 1758 3337 De
1774 3303 1896 3336 statuis
1912 3302 2034 3335 trium-

1167 3356 1329 3399 phalibus
1354 3365 1386 3388 v.
1413 3355 1560 3388 Plinium
1583 3356 1623 3388 N.
1650 3354 1688 3386 H.
1715 3353 1756 3386 33
1779 3352 1890 3395 5⁴3⁴·
1915 3353 2030 3393 Agric.

1167 3408 1228 3441 40:
1255 3406 1471 3447 triumphalia
1493 3407 1690 3438 ornamenta
1702 3406 1733 3436 et
1746 3403 1888 3436 illustris
1901 3406 2032 3437 statuae
