2254 3770
742 273 898 319 Lmen
925 275 990 320 vi.
1033 272 1134 332 Cap.
1165 273 1232 319 l7.
1263 273 1330 318 ⁴8.
1360 273 1427 318 49.
1894 264 1977 311 283

198 382 326 432 fides,
356 387 399 426 et
427 380 629 440 paulatim
656 380 808 440 privati
839 394 1013 440 quoque
1043 379 1279 425 creditores
1300 381 1471 439 reperti.
1513 393 1656 438 neque
1677 377 1836 436 emptio
1856 389 1980 433 agro-

198 471 292 502 rum
320 456 507 501 exercita
535 455 590 500 ad
620 456 798 500 formam
826 463 1000 501 senatus
1021 454 1220 507 consulti,
1252 456 1443 508 acribus,
1474 462 1521 499 ut
1540 455 1671 499 ferme
1691 453 1806 503 talia,
1837 450 1977 499 initiis,

197 531 411 577 incurioso
439 530 537 575 fine.

309 607 390 664 (48)
424 608 529 652 Dein
559 607 743 652 redeunt
772 608 938 666 priores
967 612 1106 649 metus
1135 605 1347 663 postulato
1378 606 1611 650 maiestatis
1641 603 1841 650 Considio
1864 603 1979 646 vPro-

196 682 314 733 culo;
358 683 432 741 qui
462 682 577 726 nullo
606 696 767 740 pavore
797 682 912 725 diem
942 681 1123 725 natalem
1154 680 1378 725 celebrans
1408 688 1554 739 raptus
1583 681 1626 724 in
1656 680 1835 726 curiam.
1868 677 2013 735 pari-5

195 764 348 816 terque
377 757 602 801 damnatus
631 757 963 814 interfectusque
994 763 1071 799 est.
1102 756 1239 799 sorori
1270 756 1364 799 eius
1394 756 1574 800 Sanciae
1604 769 1716 814 aqua
1741 760 1870 812 atque
1895 751 1980 810 igni

196 831 480 883 interdictum,
512 839 742 877 accusante
773 833 822 884 Q.
851 831 1098 889 Pomponio.
1142 831 1176 874 is
1207 831 1397 874 moribus
1428 832 1597 890 inquies
1626 830 1736 875 haec
1764 836 1807 873 et
1834 828 1982 871 huius-

195 907 363 951 cemodi
394 921 419 950 a
448 921 496 951 se
525 907 702 952 factitari
732 906 1056 964 praetendebat,
1090 912 1136 949 ut
1163 913 1285 964 parta
1314 906 1427 964 apud
1458 906 1694 964 principem
1714 905 1847 962 gratia
1868 902 1983 961 peri-

195 981 302 1026 culis
331 982 552 1040 Pomponii
583 982 769 1027 Secundi
797 982 936 1025 fratris
967 981 1224 1025 mederetur.
1259 981 1384 1025 etiam
1417 982 1458 1024 in
1487 981 1732 1039 Pompeiam
1753 979 1982 1023 Macrinam

195 1056 369 1100 exilium
398 1058 616 1107 statuitur,
657 1057 780 1101 cuius
809 1057 1008 1100 maritum
1037 1056 1298 1114 Argolicum,
1339 1070 1538 1100 socerum
1567 1057 1797 1103 Laconem,
1840 1068 1866 1098 e
1896 1053 2031 1111 pri-io

195 1132 386 1176 moribus
422 1132 709 1180 Achaeorum,
757 1133 916 1176 Caesar
950 1131 1183 1175 adflixerat.
1228 1138 1350 1189 pater
1390 1145 1583 1189 quoque,
1627 1131 1814 1174 inlustris
1846 1143 1982 1188 eques

196 1209 431 1257 Romanus,
464 1221 514 1252 ac
533 1207 661 1251 frater
685 1207 937 1265 praetorius,
970 1221 1068 1250 cum
1088 1206 1302 1250 damnatio
1325 1207 1516 1255 instaret,
1549 1220 1596 1250 se
1617 1206 1698 1264 ipsi
1717 1206 1981 1249 interfecere.

197 1283 343 1327 datum
373 1289 464 1326 erat
493 1283 655 1326 crimini
686 1282 800 1341 quod
824 1281 1109 1339 Theophanen
1132 1282 1451 1341 Mytilenaeum,
1485 1296 1690 1339 proavum
1712 1295 1872 1329 eorum,
1906 1281 1980 1324 Cn.

198 1359 372 1415 Magnus
411 1358 520 1401 inter
554 1358 722 1401 intimos
752 1357 990 1408 habuisset,
1034 1357 1240 1415 quodque
1269 1357 1469 1401 defuncto
1500 1356 1741 1415 Theophani
1773 1355 1981 1400 caelestes

196 1432 382 1476 honores
413 1433 575 1476 Graeca
605 1432 790 1476 adulatio
821 1432 1038 1476 tribuerat.
1071 1432 1152 1489 (49)
1184 1440 1281 1490 post
1303 1447 1413 1491 quos
1433 1433 1531 1476 Sex.
1552 1432 1726 1482 Marius,
1758 1432 2031 1488 Hispania-⁴5

198 1522 294 1551 rum
317 1507 572 1558 ditissimuS,
602 1507 790 1551 defertur
812 1508 1045 1552 incestasse
1070 1507 1199 1550 filiam
1229 1515 1271 1551 et
1299 1522 1402 1551 saxo
1423 1508 1602 1566 Tarpeio
1633 1507 1825 1552 deicitur.
1856 1520 1907 1550 ac
1928 1520 1981 1548 ne

197 1582 375 1626 dubium
403 1582 634 1627 haberetur
671 1582 1004 1640 magnitudinem
1034 1583 1243 1640 pecuniae
1273 1583 1385 1627 malo
1414 1583 1615 1631 vertisse,
1652 1582 1844 1626 aurarias
1874 1581 1979 1630 eius,

200 1661 461 1716 quamquam
491 1657 818 1716 publicarentur,
851 1658 1021 1702 sibimet
1041 1658 1233 1702 Tiberius
1263 1659 1467 1716 seposuit.
1509 1659 1790 1715 inritatusque
1819 1655 1982 1714 suppli-

264 1772 296 1804 4.
321 1766 432 1804 emitto
455 1772 485 1804 M
513 1789 550 1795 —
576 1772 607 1804 6.
632 1772 886 1813 interfectusque
907 1775 964 1805 est.
989 1773 1098 1805 sorori
1113 1772 1395 1814 Bezzenberger:
1421 1773 1686 1814 interfectusque.
1711 1775 1741 1804 et
1762 1771 1871 1804 sorori
1890 1771 1921 1804 M
1943 1789 1978 1794 —

199 1829 253 1860 42.
278 1828 461 1870 interficere
482 1829 526 1861 M.
552 1828 640 1861 Vide
664 1828 709 1861 ad
732 1829 764 1869 2,
790 1829 823 1861 2.
842 1847 878 1852 —
905 1829 957 1861 43.
983 1830 1217 1869 mitylenaeum
1238 1839 1289 1871 pr.
1308 1831 1359 1868 M;
1383 1829 1627 1870 mytylenaeum
1650 1837 1741 1862 corr.
1759 1828 1792 1861 M
1818 1845 1850 1850 -
1876 1836 1983 1867 proa-

196 1883 287 1926 vum]
308 1888 439 1925 patrem
454 1888 514 1916 aut
535 1894 638 1917 avum
653 1885 871 1927 Nipperdey3
898 1886 933 1918 at
949 1885 1020 1918 vid.
1037 1886 1196 1919 Meineke
1212 1887 1246 1918 in
1263 1886 1495 1918 vindiciarum
1511 1885 1673 1918 Strabon.
1691 1883 1780 1916 libro
1797 1892 1831 1926 p.
1845 1883 1908 1915 2⁴3
1925 1891 1979 1924 sq.

198 1957 233 1962 —
262 1940 315 1972 46.
339 1941 519 1973 incer-lasse
541 1941 574 1974 M
600 1956 635 1964 -
663 1941 715 1974 47.
741 1942 904 1973 aurarias
924 1943 1099 1975 Muretus:
1126 1942 1351 1982 aurariasque
1373 1943 1423 1979 Μς
1448 1942 1608 1974 aurarius
1623 1937 1980 1983 argentariasque(ve1

194 1995 425 2037 ferraria-sque
447 1995 524 2029 coll.
550 1997 623 2030 Liv.
649 1997 703 2038 3⁴,
728 1996 780 2039 34)
806 1997 1077 2038 Weissenborn3
1103 1999 1263 2031 aurarius
1286 1999 1508 2040 aerariasque
1529 1996 1806 2038 Bezzenberger.

193 2102 218 2143 r.
237 2111 460 2143 --praeceps
492 2102 609 2145 dabat]
645 2104 835 2136 Senatores
868 2105 904 2136 et
927 2104 1065 2145 equites

195 2153 379 2185 imminuto
410 2161 519 2186 censu
550 2153 712 2186 ordinem
742 2154 969 2188 amittebant
1002 2155 1065 2186 tri-

194 2202 297 2236 bules
333 2203 426 2236 tribu
461 2203 707 2236 movebantur.
745 2222 780 2227 —
818 2190 975 2246 disposito
1004 2213 1066 2245 per

193 2262 325 2285 mensas
355 2254 442 2295 cet.]
478 2254 542 2286 Dio
566 2254 628 2294 58,
653 2255 714 2286 2⁴.
751 2251 796 2286 τὸ
830 2254 986 2301 πρᾶγμα
1019 2252 1064 2287 τὸ

195 2301 294 2336 κατὰ
315 2299 363 2336 τὰ
378 2301 614 2346 δανείσματα
629 2303 842 2350 ἐμετρίασε,
867 2306 930 2338 καὶ
947 2304 1067 2344 δισχι-

196 2352 280 2394 λίας
302 2354 368 2386 καὶ
391 2354 645 2396 πεντακοσίας
664 2352 866 2412 μυριαδας
870 2354 994 2395 (milies
1012 2364 1067 2388 se-

196 2405 368 2443 stertium)
392 2401 443 2447 τῷ
475 2402 651 2448 δημοσίῳ
674 2400 813 2437 ἔδωκεν
835 2399 923 2437 ωστ’
945 2401 1066 2446 αὐτὰς

196 2450 256 2487 ὑπ’
278 2450 426 2500 ἀνδρῶν
449 2452 667 2493 βουλευτῶν
690 2451 802 2487 ἆτοκὶ
827 2458 909 2496 τοῖς
931 2454 1066 2498 δεομέ-

196 2514 278 2545 νοις
307 2504 347 2545 ἐς
374 2505 460 2550 τρία
493 2514 558 2547 ετη
590 2503 893 2548 εκδανεισθῆναι.
935 2506 1065 2537 Verum

197 2554 266 2587 hoc
288 2563 374 2587 sane
398 2554 715 2587 extraordinarium
740 2564 868 2588 munus
892 2555 1067 2587 senatori-

196 2604 265 2638 bus
288 2604 431 2637 datum·
425 2628 432 2641 ,
458 2613 540 2637 nam
561 2603 699 2637 solitam
716 2606 887 2647 pecuniae
904 2604 1065 2647 publicae

197 2648 539 2687 administrationem
570 2653 637 2687 sub
672 2655 918 2696 quaestoribus
954 2654 1075 2698 habe-⁴

197 2704 284 2737 bant
306 2705 478 2737 triumviri
500 2705 677 2737 mensarii.

242 2754 294 2787 48,
322 2755 359 2795 Q.
383 2754 576 2796 Pomponio]
611 2754 661 2787 Cf.
688 2756 721 2794 5,
746 2754 778 2787 8.
805 2771 843 2777 -
873 2753 1065 2796 adflixerat]

198 2805 400 2842 damnarat,
437 2807 474 2837 ut
506 2804 632 2847 opibus
664 2814 789 2838 eorum
816 2806 999 2846 potiretur.
1027 2822 1062 2827 —

193 2854 303 2896 pater]
328 2855 516 2896 Pompeius
531 2856 666 2894 Macer,
690 2856 745 2887 cui
768 2855 974 2887 ordinandas
996 2853 1066 2885 bib-

197 2905 350 2936 ttouaecas
371 2905 582 2946 delegaverat
603 2906 799 2946 Augustus,
835 2905 978 2936 Sueton.
1002 2902 1064 2935 lul.

198 2955 253 2987 56.
271 2954 359 2986 Vide
376 2963 457 2986 mox
473 2954 654 2987 Strabonis
671 2954 799 2987 locum.
819 2954 929 2992 (Ovid.
945 2956 1064 2986 Amor.

198 3005 231 3043 2,
257 3003 324 3045 48.)
352 3022 387 3027 —-
413 3005 560 3036 inlustris
581 3014 678 3045 eques
700 3005 751 3047 R.]
775 3004 863 3036 Vide
888 3004 933 3036 ad
957 3005 989 3042 2,
1010 3003 1063 3035 59.

202 3073 238 3078 —
255 3054 373 3096 frater]
398 3055 585 3096 Pompeius
609 3056 743 3095 Macer,
768 3056 828 3096 qui
851 3055 884 3087 in
904 3055 1066 3096 praetura

198 3103 376 3136 Tiberium
400 3103 556 3136 offendit.
584 3104 634 3136 Cf.
658 3106 688 3142 4,
712 3105 764 3136 72.
793 3121 827 3127 —-
857 3104 1068 3144 Theophanen

199 3153 446 3194 Mytitenaeum]
471 3152 596 3185 Strabo
619 3153 673 3193 43,
692 3155 723 3191 2,
742 3154 762 3185 3
785 3162 818 3195 p.
839 3154 921 3185 6⁴7:
947 3145 1068 3192 Οὗτος

200 3200 241 3235 δὲ
256 3199 292 3244 (ὁ
310 3201 553 3248 συγγραφεὺς
565 3200 783 3245 Θεοφάνης)
796 3203 860 3234 καὶ
874 3198 1067 3242 πολιτικὸς

201 3248 299 3297 ἀνὴρ
322 3249 465 3298 ὑπῆρξε
484 3252 550 3285 καὶ
566 3251 758 3296 Πομπηΐῳ
773 3251 824 3296 τῷ
842 3251 982 3295 Μάγνῳ
998 3262 1068 3284 κα-

202 3302 314 3346 τέστη
337 3302 466 3344 φίλος,
490 3300 659 3346 μάλιστα
678 3299 740 3335 διὰ
757 3299 827 3344 τὴν
844 3298 982 3359 ἀρετὴν
997 3298 1069 3335 αῦ-

203 3348 284 3394 τήν,
307 3354 372 3385 καὶ
394 3351 522 3394 πάσας
537 3350 866 3399 συγκατώρθωσεν
881 3348 984 3395 αὐτῷ
1000 3349 1069 3393 τὰς

205 3398 375 3447 πράξεις·
400 3398 469 3444 ἀφ’
483 3397 537 3436 ὦν
550 3400 622 3447 τήν
640 3412 681 3435 τε
696 3400 857 3450 πατρίδα
872 3399 1069 3445 ἐκόσμησε

1115 2101 1162 2136 τὰ
1183 2103 1256 2146 μὲν
1278 2101 1322 2137 δι’
1347 2103 1513 2144 ἐκείνου,
1537 2101 1584 2136 τὰ
1607 2102 1649 2137 δὲ
1670 2102 1715 2136 δι’
1740 2099 1893 2142 ἑαυτοῦ,
1918 2102 1982 2134 καὶ

1114 2151 1254 2188 ἑαυτὸν
1269 2152 1420 2187 πάντων
1437 2154 1510 2187 τῶν
1522 2151 1710 2197 Ἑλλήνων
1725 2153 1983 2194 ἐπιφανέστα-

1115 2214 1181 2236 τον
1211 2200 1417 2246 ἀνέδειξεν·
1455 2202 1540 2238 υἱόν
1570 2214 1610 2237 τε
1640 2200 1797 2237 ἀπέλιπε
1825 2200 1983 2249 Μάκρον

1114 2252 1342 2297 Πομπήϊον,
1373 2251 1418 2286 ὃν
1447 2253 1515 2296 τῆς
1541 2250 1664 2295 Ἀσίας
1686 2253 1890 2300 ἐπίτροπον
1913 2263 1983 2284 κα-

1114 2306 1276 2348 τέστησέ
1309 2315 1401 2338 ποτε
1434 2305 1586 2350 Καῖσαρ
1621 2301 1643 2336 ὁ
1666 2300 1882 2344 Σεβαστός,
1918 2303 1984 2335 καὶ

1115 2353 1183 2388 νῦν
1206 2355 1247 2387 ἐν
1270 2357 1351 2396 τοῖς
1374 2355 1539 2401 πρώτοις
1555 2352 1765 2397 εξετάζεται
1782 2351 1857 2386 τῶν
1873 2352 1983 2393 Τιβε-

1115 2406 1199 2450 ρίου
1230 2404 1364 2445 φίλων.
1402 2405 1452 2438 Cf.
1488 2406 1754 2437 Onomasticum
1790 2402 1982 2436 Tullianum

1115 2465 1145 2488 s.
1163 2465 1195 2487 v.
1217 2456 1242 2488 Τ
1240 2456 1504 2488 HEOPHANES.
1527 2474 1561 2479 —
1579 2456 1730 2487 caelestes
1751 2453 1898 2495 honores]
1916 2454 1983 2485 Ex-

1115 2507 1208 2538 stant
1233 2507 1365 2538 nummi
1383 2505 1633 2547 Mytilenenses
1657 2513 1738 2536 cum
1759 2504 1983 2545 inscriptione

1116 2552 1213 2596 Θεὸς
1241 2553 1447 2598 Θεοφάνης
1478 2556 1532 2588 vel
1563 2550 1768 2597 Θεοφάνης
1790 2550 1881 2594 θεὸς
1903 2553 1984 2586 Μυ-

1114 2605 1356 2648 ηἰληναίων).
1394 2607 1469 2638 vid.
1499 2605 1623 2638 Eckhel
1646 2606 1687 2637 D.
1713 2606 1752 2637 N.
1781 2605 1829 2643 11,
1854 2604 1929 2637 504.

1161 2656 1212 2688 49.
1238 2657 1317 2689 Sex.
1339 2656 1491 2697 Marius]
1522 2655 1572 2687 Cf.
1599 2655 1630 2691 4
1657 2655 1709 2686 36.
1747 2655 1811 2686 Dio
1834 2654 1894 2693 58,
1921 2654 1979 2685 22:

1116 2703 1139 2738 ὁ
1163 2705 1309 2752 Μάριος
1332 2702 1355 2738 ὁ
1371 2704 1510 2748 Σέξτος
1533 2705 1677 2745 ἐκεῖνος
1694 2700 1716 2736 ὁ
1733 2702 1846 2744 φίλος
1861 2699 1980 2736 αὐτοῦ

1117 2756 1280 2798 (Tiberii)
1317 2757 1382 2789 καὶ
1414 2753 1477 2788 διὰ
1511 2753 1625 2788 τοῦτο
1659 2751 1880 2795 πλουτήσας
1913 2750 1982 2795 τὴν

1115 2807 1306 2851 θυγατέρα
1350 2804 1517 2863 ἐκπρεπῆ
1563 2799 1687 2838 οὖσαν
1727 2800 1982 2843 ὑπεκπέμψας

1117 2867 1200 2897 ποι,
1237 2855 1299 2889 ἵνα
1327 2854 1384 2899 μὴ
1416 2853 1438 2888 ὁ
1463 2854 1551 2895 Τιβε
1533 2866 1635 2901 εριος
1656 2849 1778 2897 αὐτὴν
1802 2852 1980 2899 αἰσχύνη,

1116 2908 1241 2939 αἰτίαν
1261 2916 1301 2938 τε
1316 2902 1429 2945 ἔσχεν
1444 2901 1497 2947 ὦς
1514 2904 1640 2939 συνών
1657 2905 1697 2938 οἱ
1709 2906 1773 2937 καὶ
1789 2901 1852 2936 διὰ
1867 2901 1981 2936 τοῦτο

1116 2958 1181 2989 καὶ
1196 2954 1454 2989 συναπώλετο.
1479 2975 1510 2979 -
1534 2956 1795 2997 publicarentur]
1813 2955 1982 2986 Publicare

1117 3016 1185 3039 non
1210 3008 1264 3038 est
1285 3006 1343 3046 fiir
1364 3007 1426 3038 den
1448 3007 1650 3047 &ffentlichen
1666 3007 1785 3038 Schalz
1804 3004 1980 3042 einziehen,

1118 3057 1166 3088 uti
1199 3057 1380 3088 Nostrates
1413 3055 1549 3094 volunt,
1586 3057 1686 3096 quasi
1720 3055 1883 3087 venditae
1914 3053 1983 3085 sint

1118 3105 1255 3138 fodinae
1286 3107 1323 3137 et
1349 3107 1520 3147 pecuniae
1543 3105 1625 3138 inde
1656 3107 1798 3147 paratae
1822 3107 1854 3136 in
1878 3112 1982 3136 aera-

1118 3155 1207 3186 rium
1234 3154 1341 3194 latae,
1373 3156 1437 3188 sed
1469 3156 1528 3196 sur
1548 3156 1719 3196 Slaatsyut
1742 3154 1912 3191 erklitren,
1943 3154 1983 3185 ut

1119 3203 1257 3245 publice
1281 3205 1608 3238 administrarentur
1631 3206 1667 3236 et
1688 3203 1821 3235 reditus
1852 3202 1981 3244 publici

1119 3256 1249 3287 essent.
1267 3255 1408 3287 Wanrn.
1435 3255 1568 3286 Sibimet
1591 3255 1708 3285 tamen
1724 3253 1866 3292 seposuit
1880 3253 1983 3293 signi-

1119 3303 1200 3336 ficat
1230 3313 1290 3336 eas
1319 3313 1390 3336 non
1414 3304 1569 3342 aerario,
1605 3301 1669 3334 sed
1701 3302 1868 3343 principis
1896 3303 1981 3335 iisco

1118 3353 1310 3386 vindicatas
1333 3362 1426 3386 esse.
1455 3370 1490 3376 —
1516 3351 1683 3392 inritatus]
1706 3351 1882 3392 Significat
1905 3361 1982 3384 cru-

1118 3401 1297 3436 delitatem
1325 3404 1400 3436 eius
1430 3410 1500 3435 non
1532 3401 1736 3433 exsatiatam
1759 3400 1980 3434 multitudine
