2254 3770
279 292 357 322 XXX

280 394 321 427 Α.
336 393 375 427 U.
389 393 427 426 C.
454 394 491 426 P.
510 393 591 426 Can.

323 506 386 540 807

323 1202 386 1235 808

322 1403 386 1436 809

323 1808 386 1841 840

321 1953 379 1985 844

324 2453 387 2486 8⁴2

324 2952 388 2986 8⁴3

326 3145 389 3178 8⁴4

497 504 539 538 54

497 1204 538 1236 55

496 1403 538 1435 56

495 1808 536 1840 57

495 1951 537 1984 58

498 2452 539 2485 59

498 2951 540 2984 60

499 3146 536 3179 64

626 1204 717 1235 Nero
735 1201 899 1235 Claudius

613 1252 754 1290 Caesar,
780 1253 818 1284 L.
843 1252 911 1284 An-

633 1303 746 1334 tistius
764 1302 883 1334 Vetus.

646 1401 685 1440 Q.
712 1399 872 1434 Volusius

610 1451 833 1488 Saturninus,
871 1452 907 1483 P.

623 1499 804 1533 Cornelius
827 1501 899 1533 Sci-

720 1550 789 1592 pio.

611 1805 703 1837 Nero
745 1803 910 1839 Claudius

627 1853 757 1886 Caesar
778 1855 824 1894 11,
858 1855 893 1887 L.

612 1902 911 1944 CalpurniusPiso.

610 1953 703 1985 Nero
747 1952 911 1987 Claudius

613 2002 742 2035 Caesar
764 2004 826 2043 111,
863 2005 907 2038 M.

625 2051 784 2085 Valerius
808 2054 896 2087 Mes-

719 2102 803 2136 sala.

634 2452 673 2485 C.
691 2451 888 2493 Vipstanus,

613 2502 650 2534 C.
670 2502 831 2534 Fonteius
848 2502 911 2534 Ca-

721 2554 804 2594 pito.

613 2952 705 2984 Nero
746 2951 910 2984 Claudius

658 3002 788 3034 Caesar
810 3002 866 3042 lv,

616 3050 748 3084 Cossus
776 3052 912 3084 Corne-

628 3099 694 3133 lius
717 3099 894 3133 Lentulus.

625 3150 662 3182 C.
683 3149 899 3182 Caesennius

613 3200 753 3238 Paetus,
783 3199 821 3231 C.
846 3200 914 3231 Pe—

628 3248 762 3281 tronius
777 3248 902 3290 Turpi-

700 3296 824 3331 lianus.

823 273 1211 321 CHRONOLOGIA
1240 271 1519 316 ANNALIUM.

702 390 817 424 COSS.

657 455 701 487 M.
732 452 869 486 Asinius

629 502 824 543 Marcellus,
842 500 894 535 Μ’.

622 553 750 587 Acilius
770 551 898 585 Aviola.

1954 384 2039 416 Am«.

986 451 1059 482 Iam
1082 449 1199 482 omnia
1222 449 1307 481 satis
1331 448 1539 489 praeparata
1562 446 1686 480 videns
1708 447 1907 489 Agrippina,
1960 446 2033 478 ΧΠ.

943 507 1063 532 morae
1088 499 1286 540 impatiens,
1311 498 1478 530 maritum
1500 505 1638 529 veneno
1659 497 1714 529 111.
1735 496 1818 530 Idus
1833 497 1908 529 Oct.
1935 501 2058 535 64-69,

943 550 1066 589 necat,
1094 548 1206 580 LXIV.
1232 556 1365 580 annum
1395 547 1571 588 agentem.
1608 546 1734 586 NERO,
1758 554 1777 578 a
1799 546 1911 579 Burro
1957 564 2031 596 xm

941 597 1149 640 productus,
1164 606 1182 629 a
1196 596 1363 630 militibus
1375 596 1606 639 praetorianis
1617 596 1811 638 imperator
1826 604 1911 628 con·
1938 620 1951 652 ⁴
1969 637 1989 644 -
2005 588 2046 651 46

942 647 1113 681 salutatur
1141 649 1376 689 senatumque
1400 647 1496 679 omni
1523 646 1657 679 honore
1681 647 1716 678 et
1738 645 1912 678 modestia
2050 643 2058 651 ⁶

941 697 1008 730 sibi
1032 695 1205 729 conciliat.
1231 697 1421 739 Agrippina
1436 696 1575 728 interim
1591 696 1635 729 M.
1655 694 1822 735 Silanum,
1847 695 1913 728 ab-

942 748 1110 789 nepotem
1139 746 1305 788 Augusti,
1338 743 1589 788 proconsulem
1619 745 1740 784 Asiae,
1774 753 1913 777 veneno

940 796 1045 836 tollit,
1079 797 1299 836 Narcissum,
1332 796 1477 829 divitem
1501 794 1634 828 Claudii
1660 794 1838 834 libertum,
1868 794 1911 827 ad

941 848 1095 880 mortem
1119 846 1243 888 adigit,
1269 846 1302 878 in
1324 844 1443 888 plures
1459 845 1679 886 grassatura,
1705 845 1740 877 ni
1756 845 1913 877 Senecae

941 906 983 930 ac
999 898 1099 930 Burri
1117 897 1308 929 auctoritas
1325 895 1524 928 obsisteret.
1556 894 1729 927 Domitius
1746 892 1913 934 Corbulo,

941 948 994 979 vir
1027 955 1134 988 supra
1169 947 1322 978 aetatem
1355 954 1458 978 suam
1492 945 1610 985 fortis,
1646 945 1680 977 in
1711 944 1913 977 Armeniam

942 997 1090 1028 mittitur
1121 995 1165 1028 ad
1201 995 1349 1028 Parthos
1379 994 1616 1028 coercendos:
1659 994 1782 1035 eisque
1818 993 1914 1026 inse-

942 1047 1071 1086 quente
1096 1054 1188 1077 anno
1207 1046 1339 1078 tantam
1360 1044 1584 1078 formidinem
1602 1045 1839 1077 Romanorum
1856 1051 1914 1075 ar-

942 1103 1083 1127 morum
1106 1095 1243 1133 iniecit,
1268 1096 1306 1127 ut
1329 1094 1521 1136 Vologeses
1545 1093 1635 1127 ultro
1659 1093 1793 1127 cedens
1816 1093 1913 1127 obsi-

942 1144 1006 1177 des
1031 1145 1137 1177 etiam
1162 1153 1181 1177 e
1205 1145 1301 1186 regia
1326 1144 1433 1177 domo
1456 1144 1625 1177 traderet.

984 1195 1077 1227 Nero
1100 1202 1222 1227 amore
1246 1193 1411 1235 libertae,
1437 1195 1494 1227 cui
1510 1194 1595 1227 Acte
1619 1202 1769 1234 nomen,
1794 1195 1912 1226 incen-
1938 1195 2059 1229 44-24.

942 1252 1002 1277 sus
1026 1244 1160 1276 sensim
1183 1252 1203 1275 a
1229 1245 1343 1276 matre
1367 1243 1555 1276 alienatur:
1582 1245 1657 1278 eius
1681 1245 1785 1278 minis
1808 1244 1913 1277 terri-

941 1295 997 1327 tus
1035 1295 1293 1332 Britannicum,
1331 1294 1427 1336 quod
1465 1302 1575 1326 unum
1615 1295 1910 1337 impedimentum

941 1346 1138 1378 securitatis
1162 1347 1366 1386 supererat,
1390 1353 1531 1377 veneno
1554 1344 1652 1377 tollit.

985 1395 1128 1427 Summa
1153 1395 1252 1436 quies
1276 1395 1378 1434 foris,
1404 1396 1440 1427 et
1462 1396 1554 1427 Nero
1577 1395 1749 1428 hactenus
1771 1394 1912 1428 honesti
1937 1396 2061 1429 25-30.

940 1445 1114 1483 retinens,
1146 1446 1182 1476 ut
1205 1444 1509 1478 criminationibus
1532 1444 1730 1477 delatorum
1754 1443 1911 1477 nondum

941 1503 1044 1527 aures
1068 1494 1277 1536 praeberet,
1310 1494 1376 1526 sed
1410 1493 1598 1528 lasciviens
1622 1496 1728 1527 noctu
1752 1503 1817 1536 per
1839 1495 1913 1527 vias

941 1543 1188 1581 baccharetur.
1213 1543 1338 1576 obvios
1353 1544 1552 1586 petulanter
1567 1545 1761 1577 incessens.
1780 1544 1912 1576 Aerarii

941 1603 1024 1627 cura
1049 1603 1067 1626 a
1091 1593 1341 1636 quaestoribus
1358 1594 1403 1626 ad
1424 1593 1637 1636 praefectos,
1661 1603 1704 1626 ex
1728 1593 1913 1635 praetoriis

941 1644 1160 1685 deligendos,
1179 1643 1399 1677 transfertur.
1420 1644 1588 1677 Iudaeam
1605 1642 1709 1676 Felici
1725 1650 1913 1676 successor

941 1694 1045 1727 datus
1069 1695 1192 1727 Festus
1215 1695 1428 1736 procurator
1450 1695 1551 1736 regit,
1577 1694 1636 1736 qui
1660 1692 1807 1726 Paulum
1830 1701 1914 1734 apo-

941 1743 1070 1776 stolum
1094 1745 1252 1778 vinctum
1275 1745 1422 1777 Romam
1447 1745 1551 1777 mittit
1573 1744 1619 1777 ad
1641 1742 1864 1786 supplicium.

988 1807 1072 1839 «His
1094 1807 1281 1841 consulibus
1296 1816 1412 1848 pauca
1433 1807 1596 1840 momoria
1615 1807 1720 1849 diyna
1741 1814 1910 1839 evenere.»
1938 1807 2059 1842 34-33.

986 1950 1121 1984 Bellum
1152 1960 1233 1984 cum
1264 1951 1400 1985 Parthis
1425 1952 1633 1990 renovatur,
1669 1950 1734 1984 sed
1758 1949 1912 1984 Corbulo
1937 1951 2057 1985 34-58.

942 2002 1144 2034 Armeniam
1169 2002 1349 2044 ingressus
1372 2001 1549 2034 Tiridaten
1571 2000 1726 2043 repellit,
1751 2002 1787 2034 et
1809 2002 1911 2034 Arta-

940 2052 1076 2091 xatam,
1108 2051 1236 2085 urbem
1259 2053 1412 2094 regiam,
1447 2052 1604 2094 capitae
1627 2050 1743 2084 diruit.
1780 2051 1911 2083 Romae

940 2102 976 2133 P.
995 2100 1152 2142 Suillius,
1187 2102 1344 2135 famosus
1375 2101 1458 2135 olim
1482 2102 1679 2139 accusator,
1710 2100 1910 2140 damnatur,

941 2152 977 2183 et
999 2160 1112 2193 poena
1135 2151 1223 2193 legis
1239 2153 1398 2192 Cinciae,
1423 2160 1468 2184 ne
1485 2152 1565 2192 quis
1582 2149 1628 2183 ob
1648 2158 1793 2184 causam
1811 2159 1914 2183 oran-

941 2201 1024 2234 dam
1048 2202 1255 2235 mercedem
1279 2203 1412 2244 capiat,
1436 2201 1620 2243 repetitur.
1653 2200 1723 2233 Sed
1746 2201 1852 2240 Nero,
1877 2201 1912 2233 in

940 2252 1021 2283 vitia
1037 2252 1213 2294 proclivis,
1240 2253 1441 2294 Poppaeam
1458 2250 1623 2283 Sabinam
1640 2259 1761 2283 amare
1778 2250 1910 2292 coepit:

941 2302 1016 2334 eius
1047 2303 1213 2335 maritum
1244 2303 1289 2336 M.
1319 2301 1473 2335 Salvium
1504 2301 1695 2340 Othonem,
1733 2299 1911 2334 aemulum

940 2360 1011 2384 non
1035 2353 1165 2392 ferens,
1190 2353 1226 2385 in
1241 2352 1455 2386 Lusitaniam
1477 2359 1542 2393 pro
1558 2350 1703 2384 consule
1718 2351 1824 2384 mittit
1837 2351 1912 2384 sive

941 2400 1083 2443 relegat.

983 2453 1132 2485 Neronis
1146 2452 1205 2485 diu
1218 2453 1426 2486 meditatum
1444 2451 1560 2486 scelus
1578 2451 1713 2494 erupit:
1740 2460 1822 2485 nam
1839 2459 1913 2485 ma·
1958 2452 2045 2486 XIV.

942 2501 1050 2541 trem,
1074 2503 1176 2536 'cuius
1201 2502 1457 2545 qualiscunque
1481 2501 1681 2534 reverentia
1697 2501 1789 2534 male
1814 2504 1912 2534 coer-
1943 2507 2061 2542 4-49,

941 2551 1027 2584 citas
1050 2551 1212 2586 libidines
1244 2552 1425 2592 tardabat,
1456 2551 1736 2584 interficiendam
1762 2551 1908 2585 curavit.

940 2601 1139 2642 Tristitiam,
1166 2611 1207 2634 ex
1224 2602 1380 2635 facinore
1397 2602 1639 2641 consecutam,
1665 2602 1808 2634 senatus
1822 2599 1912 2633 adu-

939 2649 1020 2683 latio
1043 2650 1128 2684 lenit
1152 2651 1257 2693 (nullo
1287 2653 1431 2695 praeter
1456 2652 1648 2684 Thraseam
1671 2653 1818 2684 Paetum
1841 2659 1911 2683 non

940 2700 1174 2742 comprobare
1198 2702 1329 2735 factum
1353 2701 1536 2742 audente),
1568 2702 1605 2733 et
1632 2701 1834 2742 aurigarum
1857 2699 1912 2732 hi-

940 2751 1183 2792 strionumque
1208 2752 1341 2791 studia,
1368 2760 1461 2793 quae
1483 2751 1588 2783 unice
1612 2750 1848 2793 amplectitur.

984 2801 1155 2834 Domitius
1186 2802 1286 2841 Afer,
1319 2802 1501 2834 oratorum
1533 2799 1727 2834 forensium
1750 2798 1912 2833 celebra-

941 2850 1116 2891 tissimus,
1149 2851 1309 2892 decedit,
1343 2851 1429 2884 item
1459 2851 1504 2884 M.
1530 2847 1696 2883 Servilius
1718 2849 1909 2889 Nonianus,

941 2899 1141 2933 historicus.

984 2951 1077 2983 Nero
1112 2950 1392 2992 quinquennales
1426 2949 1528 2983 ludos
1563 2957 1663 2982 more
1695 2950 1911 2982 Graecorum
1936 2949 2059 2984 20—28.

942 3001 1175 3033 certaminum
1200 3001 1357 3034 instituit.
1389 2999 1543 3035 Corbulo
1566 2999 1771 3032 Armeniam
1795 2999 1909 3041 pacat,

942 3049 1028 3082 dum
1051 3050 1169 3084 Parthi
1191 3049 1324 3084 bellum
1348 3059 1430 3084 cum
1454 3050 1627 3092 Hyrcanis
1650 3050 1788 3092 gerunt.

986 3143 1053 3175 Res
1076 3143 1229 3176 Romana
1253 3145 1348 3186 gravi
1371 3145 1406 3177 in
1429 3144 1606 3177 Britannia
1629 3141 1826 3176 calamitate
1849 3148 1908 3173 ac-
1935 3141 2057 3176 29-47.

943 3196 1045 3235 cepta
1076 3195 1254 3226 minuitur.
1297 3195 1386 3227 Nam
1417 3193 1503 3226 dum
1530 3193 1719 3226 Suetonius
1748 3189 1911 3224 Paulinus

943 3250 1024 3274 cum
1049 3244 1203 3275 exercitu
1226 3244 1382 3275 Romano
1405 3244 1546 3276 Monam
1570 3241 1720 3276 insulam
1744 3240 1911 3283 (Anqlom

942 3290 1058 3332 hodie)
1093 3293 1126 3324 in
1160 3294 1373 3334 potestatem
1403 3292 1545 3334 redigit,
1581 3291 1736 3325 Britanni
1766 3290 1909 3324 iniurias

941 3340 1202 3383 praefectorum
1232 3350 1303 3374 non
1332 3341 1487 3375 ferentes
1523 3341 1614 3375 duce
1644 3339 1820 3374 Boudicca
1849 3347 1909 3372 re-

942 3389 1021 3432 gina
1051 3397 1150 3423 arma
1178 3391 1340 3434 capiunt,
1372 3389 1549 3432 legionem
1570 3391 1765 3424 Romanam
1788 3387 1910 3421 conci-
