2254 3770
326 259 410 304 542

804 262 848 304 Ρ.
883 261 1133 306 CORNELII
1161 262 1332 306 TACITI
1360 262 1628 307 ANNALIUM

326 365 601 424 adultamque
632 374 675 411 et
703 367 906 411 revictam
939 367 1275 412 coniurationem
1305 381 1447 426 neque
1478 375 1576 412 tunc
1596 367 1848 413 dubitavere
1867 369 2024 427 quibus
2043 384 2119 413 ve-

325 455 420 485 rum
449 441 655 486 noscendi
687 455 791 486 cura
821 449 931 493 erat,
963 449 1006 486 et
1035 443 1218 488 fatentur
1238 443 1312 502 qui
1342 450 1440 501 post
1470 443 1684 487 interitum
1703 444 1883 488 Neronis
1903 444 1947 487 in
1966 444 2118 488 urbem

265 565 276 578 s
324 517 510 574 regressi
540 523 649 560 sunt.
681 524 724 560 at
753 518 795 560 in
825 524 975 561 senatu
998 519 1171 570 cunctis,
1206 526 1251 562 ut
1270 519 1428 577 cuique
1451 518 1676 576 plurimum
1698 520 1919 568 maeroris,
1951 520 1992 562 in
2013 519 2120 564 adu-

324 591 523 635 lationem
553 591 773 644 demissis,
806 593 974 636 Iunium
1006 593 1252 645 Gallionem,
1285 594 1477 638 Senecae
1507 593 1646 637 fratris
1677 601 1813 638 morte
1845 594 2046 652 pavidum
2077 600 2120 639 et

292 674 401 725 5pr0
434 681 514 711 sua
543 666 832 712 incolumitate
863 667 1112 726 supplicem,
1150 669 1362 727 increpuit
1392 668 1589 713 Salienus
1621 668 1837 722 Clemens,
1881 669 2049 713 hostem
2077 675 2120 714 et

325 741 579 800 parricidam
617 756 797 794 vocanS,
840 742 980 787 donec
1009 757 1223 788 consensu
1264 750 1431 802 patrum
1463 744 1693 788 deterritus
1723 751 1809 796 est,
1852 758 1906 789 ne
1935 744 2120 803 publicis

324 818 446 861 malis
477 817 593 862 abuti
624 818 679 860 ad
709 818 983 862 occasionem
1013 819 1163 876 privati
1195 819 1282 862 odii
1312 819 1543 870 videretur,
1577 833 1664 863 neu
1695 821 1932 877 composita
1953 827 2026 863 aut
2043 820 2121 864 ob-

325 893 489 938 literata
517 894 846 938 mansuetudine
877 895 1081 953 principis
1112 908 1265 938 novam
1296 894 1348 938 ad
1381 895 1601 938 saevitiam
1624 894 1874 938 retraheret.
1921 894 2002 951 (74)
2033 901 2121 939 tum

325 968 439 1012 dona
469 977 510 1013 et
538 976 680 1027 grates
711 970 805 1014 deis
835 970 1142 1021 decernuntur,
1185 970 1473 1028 propriusque
1506 970 1641 1013 honos
1673 969 1759 1014 Soli
1791 970 1873 1026 (cui
1905 977 1970 1013 est
1998 976 2122 1014 vetus

276 1051 313 1082 ⁴0
325 1044 457 1088 aedes
486 1045 601 1103 apud
634 1045 814 1097 circum,
848 1045 890 1088 in
921 1059 1007 1103 quo
1038 1045 1201 1089 lacinus
1229 1045 1492 1102 parabatur),
1526 1045 1598 1102 qui
1631 1044 1798 1089 occulta
1818 1045 2122 1090 coniurationis

323 1120 495 1164 numine
526 1107 775 1172 retexissem
806 1127 939 1178 utque
970 1120 1227 1164 circensium
1261 1120 1490 1165 Cerialium
1519 1119 1729 1164 ludicrum
1762 1120 1958 1178 pluribus
1987 1133 2122 1179 equo—

322 1210 418 1239 rum
447 1195 646 1240 cursibus
676 1195 980 1248 celebraretur,
1017 1196 1266 1254 mensisque
1298 1195 1451 1254 Aprilis
1480 1196 1661 1239 Neronis
1694 1203 2021 1253 cognomentum
2049 1208 2121 1240 ac-

387 1372 420 1406 4.
451 1372 596 1406 demissis
624 1372 855 1407 Puteolanus:
892 1374 1035 1406 dimissis
1065 1375 1097 1406 M
1126 1391 1170 1397 —
1199 1374 1230 1407 7.
1261 1374 1443 1414 composita
1472 1376 1534 1405 aut
1562 1372 1736 1405 obliterata
1763 1373 2014 1405 mansuetudine
2038 1372 2122 1415 Lip—

323 1429 416 1462 sius:
448 1425 630 1470 composita
657 1433 717 1462 aut
738 1426 915 1463 obliterata
935 1427 1190 1462 mansuetudine
1216 1430 1249 1462 M
1276 1448 1310 1454 —
1342 1430 1374 1462 8.
1401 1431 1555 1463 seuitiam
1576 1430 1608 1462 Μ
1634 1447 1669 1452 -
1699 1433 1770 1462 tum
1791 1430 1880 1462 dona
1903 1430 1928 1462 1.
1954 1429 2008 1462 Fr.
2033 1430 2122 1462 Gro-

323 1485 466 1518 novius:
493 1489 564 1519 tum
587 1487 718 1520 decreta
741 1487 829 1520 dona
850 1488 900 1526 M;
926 1490 996 1519 tum
1017 1487 1197 1520 indiscreta
1220 1487 1308 1519 dona
1330 1485 1598 1528 Bezzenberger
1627 1484 1708 1519 coll.
1738 1486 1769 1527 4,
1799 1485 1853 1519 35.
1885 1503 1920 1510 -
1948 1486 2001 1518 44.
2027 1485 2122 1518 cira-

321 1543 466 1575 censium
488 1543 534 1576 M.

326 1718 362 1725 -
386 1699 564 1742 revictam]
601 1699 708 1733 certis
741 1699 952 1732 testimoniis
983 1700 1196 1740 convictam,
1222 1707 1225 1725 ⁸
1247 1699 1507 1732 hortationibus
1533 1700 1672 1741 patrum
1689 1698 1880 1737 deterreri,
1906 1698 2060 1731 retinere
2082 1705 2122 1731 se

322 1751 490 1784 erwiesen.
517 1749 568 1783 Cf.
587 1749 619 1790 6,
638 1750 670 1782 5.
702 1749 766 1782 Alii
797 1749 973 1792 explicant
997 1759 1197 1791 repressam,
1249 1757 1376 1791 passus
1400 1751 1473 1788 est,
1498 1758 1543 1782 ne
1567 1750 1635 1782 cet.
1664 1767 1700 1772 —
1726 1747 1803 1790 odii]
1829 1747 2033 1782 exercendi.

322 1809 528 1843 oppressam3
555 1801 686 1832 atvero
704 1799 773 1832 hoc
788 1800 954 1833 omnibus
971 1800 1198 1833 manifestum

323 1852 416 1892 erat,
441 1859 524 1884 cum
541 1850 695 1883 dubitari
710 1851 895 1893 potuisset,
920 1853 1040 1884 utrum
1057 1860 1096 1884 re
1112 1860 1197 1884 vera

323 1901 403 1934 Piso
427 1909 507 1934 cum
532 1901 661 1934 ceteris
685 1901 922 1942 coniurasset,
948 1910 994 1934 an
1014 1903 1086 1934 tota
1103 1909 1161 1934 res
1178 1909 1198 1932 a

323 1951 539 1985 delatoribus
556 1950 708 1984 conficta
725 1953 830 1984 esset.
845 1970 880 1976 —-
894 1951 1053 1994 fatentur]
1073 1951 1196 1992 «Ergo,

323 2010 394 2044 quo
418 2002 581 2044 tempore
598 2001 739 2034 Tacitus
758 2002 848 2035 haec
864 2003 1016 2044 scripsit,
1042 2002 1065 2034 ii
1081 2001 1198 2034 adhuc

322 2052 443 2085 vixere
469 2052 540 2093 (aut
562 2052 693 2093 scripta
717 2051 844 2085 saltem
863 2061 988 2085 eorum
1005 2051 1196 2092 exstitere).

323 2101 426 2141 Quod
456 2102 492 2134 ni
522 2101 584 2141 sit,
621 2100 814 2143 legendum
841 2103 1053 2144 fatebantur,
1089 2101 1197 2142 idque

322 2152 409 2184 mihi
430 2160 517 2184 vero
540 2150 688 2185 similius
710 2152 863 2187 videtur.
895 2154 962 2186 Pro
985 2151 1197 2195 imperfecto

321 2210 492 2245 praesens
513 2202 700 2244 irrepsisse
718 2203 754 2236 in
769 2203 928 2235 Tacitum
946 2212 1015 2236 non
1031 2211 1102 2235 uno
1118 2201 1197 2235 loco

321 2252 509 2285 vidimus.»
535 2253 615 2285 ERN.
649 2251 756 2286 Multo
780 2254 896 2295 aptius
920 2255 975 2286 est
997 2249 1198 2286 ἀντίθετον

320 2303 414 2336 inter
435 2302 635 2345 perfectum
659 2304 695 2336 et
717 2312 901 2345 praesens.
923 2321 960 2327 —
984 2304 1159 2346 maeroris]
1177 2313 1197 2336 e

321 2352 456 2386 iactura
486 2361 634 2386 suorum
663 2352 810 2386 scilicet.
846 2354 888 2386 Hi
918 2355 1072 2387 maxime
1096 2354 1198 2386 effusi

320 2403 357 2435 in
380 2402 640 2443 adulationem,
665 2413 710 2436 ne
735 2402 862 2437 dolere*
872 2404 1091 2437 viderentur.
1113 2405 1195 2437 ERN.

324 2471 361 2477 -
385 2454 519 2486 Iunium
542 2454 738 2495 Gallionem]
762 2455 839 2487 Duo
863 2457 1108 2490 memorantur
1130 2455 1198 2488 fra-

321 2503 394 2535 tres
417 2503 574 2536 Senecae
599 2504 664 2546 (46,
684 2504 749 2546 47),
775 2506 942 2539 Annaeus
965 2504 1067 2545 Mela,
1094 2506 1197 2547 pater

321 2553 452 2586 Lucani
466 2555 593 2596 poetae
605 2580 613 2595 ‚
639 2555 675 2587 et
690 2555 735 2588 M.
753 2556 919 2588 Annaeus
934 2557 1109 2595 Novatus,
1136 2555 1197 2597 qui

321 2611 342 2636 a
365 2604 463 2636 Iunio
488 2603 641 2637 Gallione
667 2605 710 2646 (6,
736 2605 769 2646 3)
798 2600 923 2648 pbstea
945 2607 1133 2649 adoptatus
1157 2607 1194 2638 L.

320 2653 440 2687 lunius
469 2653 579 2688 Gallio
608 2654 723 2689 dictus
755 2658 820 2689 est.
852 2657 928 2698 (Dio
953 2657 1007 2696 60,
1032 2656 1100 2698 35.)
1135 2655 1195 2689 Ille

320 2704 398 2746 ipse
422 2704 476 2737 est
498 2703 619 2745 Gallio,
646 2706 706 2747 qui
729 2705 919 2748 proconsul
942 2706 1096 2740 Achaiae
1121 2706 1197 2748 (Se-

321 2761 410 2786 neca
423 2753 487 2795 Ep.
503 2753 579 2795 ⁴04,
595 2755 625 2796 4)
641 2754 788 2789 Paulum
804 2756 1004 2799 apostolum
1020 2765 1040 2789 a
1056 2756 1196 2790 Iudaeis

321 2802 368 2836 ad
383 2811 489 2836 suum
503 2803 656 2838 tribunal
674 2805 870 2840 adductum
882 2807 1080 2849 imperante
1095 2805 1197 2839 Clau-

321 2853 380 2886 dio
393 2853 536 2892 dimisit,
560 2855 651 2887 Actt.
668 2857 790 2898 Apost.
809 2857 863 2898 48,
878 2858 931 2890 42.
957 2858 1195 2899 Hieronymus

320 2903 357 2937 in
381 2903 511 2937 Chron.
536 2904 583 2937 ad
611 2913 744 2939 annum
776 2908 858 2949 post
884 2907 966 2940 Chr.
993 2907 1035 2940 66
1059 2907 1106 2949 (p.
1131 2906 1194 2940 435

321 2954 379 2987 ed.
405 2952 591 2996 Roncall.):
616 2955 732 2989 Iunius
753 2956 909 2990 Annaeus
932 2957 1061 2998 Gallio,
1087 2957 1197 2999 frater

320 3003 485 3044 Senecae,
503 3005 656 3047 egregius
671 3006 875 3039 declamator
884 3008 1029 3048 propria
1043 3016 1078 3041 se
1091 3016 1196 3040 manu

319 3053 493 3095 interfecit.
531 3054 723 3088 Consulem
746 3055 934 3089 suffectum
958 3057 1066 3091 fuisse
1090 3057 1196 3091 docet

320 3101 452 3136 Plinius
474 3104 515 3136 N.
533 3103 576 3137 H.
595 3104 631 3138 34
660 3104 680 3147 5
697 3105 757 3138 62:
777 3106 979 3147 principalis
998 3116 1078 3140 vero
1099 3108 1197 3141 navi-

319 3153 424 3195 gandi
440 3153 547 3194 (usus)
568 3154 690 3195 phthisi
713 3155 839 3196 affectis
860 3160 920 3189 aut
941 3158 1104 3199 sanquine
1118 3167 1195 3200 eye-

319 3206 390 3244 sto,
414 3203 498 3236 sicut
514 3205 672 3245 prooeime
685 3205 860 3239 Annaeum
879 3206 1063 3240 Gallionem
1083 3208 1196 3249 fecisse

318 3256 394 3294 post
415 3254 624 3288 consulatum
644 3256 871 3295 meminimus‚·
894 3265 999 3299 neque
1021 3258 1109 3291 enim
1129 3258 1194 3291 Ae—

321 3305 441 3344 wptus
457 3306 596 3345 propter
617 3313 651 3338 se
669 3306 814 3347 politur,
838 3306 894 3339 sed
909 3310 1047 3348 propter
1062 3308 1195 3350 lonqin-

323 3352 482 3391 quitatem
495 3354 693 3396 navigandi.
714 3372 750 3378 —
769 3356 871 3389 donec
885 3375 906 3382 -
917 3373 936 3380 -
950 3356 1002 3398 ne]
1027 3356 1195 3390 hexame-

324 3401 380 3434 ter
401 3401 576 3437 heroicus.
601 3403 691 3438 Vide
714 3403 760 3438 ad
775 3405 808 3447 4,
827 3405 858 3439 4.
878 3422 914 3430 -
939 3405 1119 3440 deterritus
1135 3406 1193 3449 est]

1294 1800 1347 1833 74.
1378 1801 1475 1833 aedes
1504 1801 1596 1841 apud
1625 1798 1767 1840 circum]
1804 1798 1849 1831 de
1878 1806 1947 1840 qua
1979 1795 2120 1830 Tertull.

1249 1851 1410 1892 spectac.
1429 1850 1467 1883 8:
1494 1850 1608 1883 Circus
1629 1849 1690 1882 soli
1702 1848 1935 1890 principaliter
1948 1855 2124 1881 consecra-

1249 1903 1316 1941 tur,
1347 1901 1442 1933 cuius
1471 1900 1569 1933 aecles
1597 1899 1703 1932 medio
1731 1899 1858 1939 spatio,
1887 1901 1919 1931 et
1940 1898 2063 1940 efflqies
2083 1898 2124 1930 de

1246 1951 1384 1993 fastiyio
1415 1951 1507 1983 aedis
1536 1951 1676 1990 emicat,
1713 1949 1801 1990 quod
1829 1957 1896 1981 non
1916 1950 2125 1989 putaverunt

1248 2001 1307 2033 sab
1323 2004 1406 2034 tecto
1421 2001 1695 2039 consecrandum,
1710 2008 1806 2040 quem
1817 1999 1853 2031 in
1865 2002 1981 2040 aperto
1991 1998 2122 2032 habent.

1251 2070 1287 2075 —
1307 2051 1501 2092 Cerialium]
1525 2050 1576 2083 Cf.
1596 2059 1627 2083 c.
1643 2049 1685 2082 53
1702 2050 1737 2082 et
1752 2049 1838 2082 Hist.
1852 2049 1885 2089 2,
1902 2049 1956 2081 55.
1974 2067 2010 2074 -
2027 2057 2122 2082 men-

1247 2103 1355 2143 sisque
1371 2100 1504 2142 Aprilis]
1530 2109 1600 2142 quo
1625 2099 1820 2133 coniuratio
1842 2098 1981 2141 prodita
1997 2100 2064 2132 est.
2079 2115 2116 2122 --

1248 2153 1406 2194 templum
1424 2151 1536 2184 Saluti
1553 2150 1635 2193 cet.]
1663 2150 1870 2183 «Neminem
1887 2149 1945 2182 hic
1960 2149 2122 2183 haesisse

1248 2204 1369 2237 miror.
1395 2204 1484 2236 Nam
1504 2212 1548 2235 ex
1563 2200 1696 2244 templo
1713 2200 1839 2234 Salutis
1855 2201 1931 2234 sive
1948 2201 2122 2233 Fortunae

1249 2254 1473 2296 prompserat
1486 2252 1677 2285 Scaevinus
1689 2251 1882 2294 pugionem
1895 2260 1903 2282 ε
1918 2259 1950 2283 c.
1959 2250 2013 2283 53.
2033 2250 2124 2289 Quo-

1248 2303 1356 2337 modo
1388 2302 1518 2336 eodem
1550 2301 1628 2335 loco
1658 2299 1831 2343 templum
1855 2299 1962 2333 Saluti
1984 2299 2124 2342 poterat

1248 2354 1430 2388 exstrui‘h
1455 2355 1562 2386 Dosn.
1599 2350 1849 2385 Difficultatem
1873 2349 2124 2383 animadvertit

1246 2407 1317 2438 iam
1342 2403 1503 2438 Burnouf
1521 2405 1627 2445 atque
1655 2403 1701 2435 ita
1723 2400 1863 2435 solvere
1877 2401 2024 2433 conatus
2047 2401 2119 2432 est:

1248 2455 1461 2489 «Censuisse
1480 2453 1658 2493 videntur,
1683 2453 1722 2485 ut
1743 2452 1876 2485 veteris
1898 2449 2020 2493 templi
2042 2448 2122 2483 loco

1247 2505 1467 2548 splendidius
1481 2504 1757 2537 exstrueretur.»
1773 2500 1908 2536 Urlichs
1917 2502 2038 2533 autem
2045 2507 2123 2533 ver-

1246 2557 1293 2589 ba
1309 2566 1347 2590 eo
1363 2557 1426 2589 loci
1441 2555 1487 2589 de
1503 2555 1611 2588 domo
1628 2553 1790 2587 Scaevini
1805 2551 1973 2593 intelligit,
1991 2559 2036 2584 ex
2051 2558 2122 2593 qua

1246 2608 1357 2650 ipsius
1387 2604 1535 2649 periculi
1565 2606 1728 2647 tempore
1757 2602 1863 2646 pugio
1887 2601 2122 2644 depromptus

1247 2659 1291 2691 sit
1314 2658 1357 2698 (c.
1375 2656 1417 2690 54
1433 2656 1514 2698 sq.).
1533 2672 1569 2679 —
1595 2653 1754 2695 sacravit]
1778 2653 1848 2686 ritu
1866 2652 1991 2684 vetere
2015 2651 2052 2684 et
2065 2659 2122 2684 re-

1247 2709 1362 2750 cepto.
1387 2707 1531 2739 Sueton.
1550 2704 1658 2746 Calig.
1675 2703 1738 2737 24:
1766 2703 1841 2736 Tres
1861 2701 1992 2744 gladios
2011 2701 2049 2734 in
2066 2709 2122 2734 ne-

1245 2766 1314 2791 cem
1345 2766 1443 2789 suam
1469 2757 1697 2797 praeparatos
1729 2753 1835 2787 Marti
1866 2752 1971 2785 Ultori
2005 2751 2121 2784 addito

1244 2808 1350 2849 elogio
1373 2806 1589 2840 consecravit.
1618 2802 1732 2837 Vitell.
1751 2803 1814 2835 ⁴0:
1840 2802 2030 2843 Pupionem,
2054 2809 2121 2842 qno

1243 2858 1273 2890 is
1297 2856 1411 2898 (Otho)
1439 2864 1473 2888 se
1495 2855 1678 2894 occiderat,
1711 2853 1746 2885 in
1767 2851 2040 2894 Aqrippinensem
2061 2859 2121 2884 co-

1244 2907 1370 2940 loniam
1398 2906 1490 2938 misit
1510 2905 1616 2938 Marti
1639 2902 1870 2937 dedicandum.
1902 2901 1967 2934 Dio
1989 2901 2025 2933 in
2047 2900 2121 2933 An-

1245 2958 1367 2990 tonino
1392 2953 1572 2990 caracalla
1595 2955 1651 2995 77,
1676 2953 1739 2986 23:
1763 2952 1830 2985 καὶ
1852 2947 1899 2984 τὸ
1921 2948 2048 2993 ξίφος,
2071 2947 2118 2983 δι’

1245 2999 1293 3041 οὗ
1316 3003 1384 3040 τὸν
1405 3002 1576 3047 ἀδελφὸν
1599 3000 1815 3043 ἀπεκτόνει,
1842 2997 2045 3034 ἀναθεῖναι
2065 2997 2118 3044 τῷ

1244 3055 1321 3101 θεῷ
1345 3053 1567 3099 ἐτόλμησεν.
1586 3055 1674 3087 Lirs.
1696 3072 1731 3077 —
1752 3061 1854 3085 arma
1867 3052 1946 3084 Iulii
1964 3049 2117 3092 Vindicis]

1245 3117 1277 3140 a.
1295 3116 1331 3140 u.
1349 3107 1425 3148 82⁴,
1451 3107 1530 3149 post
1553 3105 1637 3138 Chr.
1656 3104 1708 3138 68.
1736 3103 1788 3137 Cf.
1806 3103 1893 3136 Hist.
1913 3103 1944 3142 4,
1961 3101 1993 3134 6.
2010 3100 2043 3133 8.
2059 3099 2116 3133 54.

1245 3158 1388 3191 Sueten.
1405 3158 1487 3190 Ner.
1506 3155 1560 3189 40.
1586 3155 1650 3188 Dio
1667 3154 1721 3194 63,
1739 3154 1795 3186 22.
1818 3153 1991 3186 Arcenam
2009 3157 2119 3191 quan-

1245 3207 1329 3240 dam
1364 3206 1649 3239 coniunctionem
1687 3203 1850 3236 homines
1882 3199 2118 3243 superstitiosi

1243 3257 1448 3300 perspicere
1483 3254 1551 3289 sibi
1574 3252 1786 3287 videbantur
1812 3252 1905 3285 inter
1934 3248 2116 3283 fortuitum

1243 3307 1319 3340 Iulii
1343 3306 1498 3339 Vindicis
1522 3313 1653 3338 nomen
1677 3305 1711 3337 et
1733 3301 1999 3344 inscriptionem
2020 3297 2116 3332 illam

1242 3356 1342 3389 IOVI.
1369 3355 1541 3388 VINDICI.
1570 3371 1605 3377 —
1635 3354 1671 3386 in
1699 3349 1943 3385 commentariis
1970 3347 2114 3390 senam]

1243 3405 1332 3440 Vide
1355 3405 1402 3439 ad
1422 3406 1456 3447 ὅ,
1481 3404 1515 3439 4.
1542 3420 1579 3429 -—
1608 3402 1770 3437 censalem
1789 3398 1953 3443 Mum]
1978 3397 2031 3432 Cf.
2052 3397 2111 3440 ⁴6,
