2254 3770
803 305 959 350 LIBER
986 305 1056 348 111.
1102 304 1204 362 cap.
1233 304 1273 349 2.
1301 303 1343 348 3.
1372 303 1412 348 4.

1914 302 1996 348 ⁴47

218 413 375 458 laetam
403 411 572 456 Tiberio
602 404 844 456 Germanici
881 417 1060 455 mortem
1094 409 1205 454 male
1235 409 1505 454 dissimulari.
1557 408 1611 467 (3)
1642 408 1834 453 Tiberius
1868 415 1995 467 atque

221 491 408 547 Augusta
435 487 609 546 publico
641 488 903 537 abstinuere,
936 486 1109 531 inferius
1137 485 1357 530 maiestate
1387 499 1466 530 sua
1493 484 1590 535 rati,
1621 483 1657 528 si
1677 483 1818 542 palam
1835 483 1997 528 lamen-

220 570 427 614 tarentur,
473 577 527 607 an
565 576 620 607 ne
649 563 837 607 omnium
866 562 1002 606 oculis
1031 561 1191 605 vultum
1221 574 1370 605 eorum
1399 560 1683 605 scrutantibus
1712 559 1803 604 falsi
1834 559 1997 605 intelle-

221 646 433 696 gerentur.
479 645 659 682 matrem
688 637 908 681 Antoniam
937 651 1023 681 non
1051 643 1154 695 aput
1181 642 1379 681 auctores
1409 650 1572 688 rerum,
1604 649 1690 680 non
1711 635 1863 680 diurna
1881 642 1997 680 acto-

220 729 316 758 rum
345 714 556 772 scriptura
582 713 753 771 reperio
782 712 869 756 ullo
895 712 1047 771 insigni
1067 711 1207 757 officio
1226 711 1431 764 functam,
1461 725 1560 756 cum
1578 725 1709 770 super
1727 711 2032 770 Agrippinams

221 797 264 835 et
291 791 479 834 Drusum
508 795 551 833 et
570 788 794 833 Claudium
823 788 955 833 ceteri
976 801 1151 846 quoque
1181 787 1486 846 consanguinei
1511 786 1757 831 nominatim
1775 785 2001 845 perscripti

220 866 324 917 sint,
355 878 433 909 seu
462 863 694 909 valitudine
723 862 1099 922 praepediebatur,

1136 876 1215 907 seu
1243 862 1380 907 victus
1408 862 1525 907 luctu
1553 863 1719 907 animus
1748 862 2003 921 magnitudi-

220 955 319 985 nem
349 939 446 984 mali
474 939 665 998 perferre
695 939 790 982 visu
820 952 905 982 non
934 938 1139 983 toleravit.
1184 937 1347 982 facilius
1377 938 1635 982 crediderim
1659 938 1826 983 Tiberio
1856 945 1899 983 et
1917 940 2003 982 Au-

220 1024 391 1074 gustae,
430 1015 504 1074 qui
539 1014 668 1059 domo
705 1028 790 1058 non
819 1014 1102 1064 excedebant,

1136 1013 1381 1065 cohibitam,
1415 1021 1460 1057 ut
1486 1028 1565 1072 par
1591 1027 1762 1059 maeror
1790 1021 1834 1058 et
1855 1013 2003 1058 matris

220 1090 416 1150 exemplo
455 1090 550 1135 avia
578 1103 752 1148 quoque
788 1096 831 1134 et
863 1096 1042 1148 patruus
1078 1089 1246 1134 attineri
1274 1088 1533 1134 viderentur.
1580 1089 1634 1147 (4)
1664 1089 1758 1134 dies
1788 1103 1875 1148 quo
1905 1088 2003 1134 reli-
2015 1103 2053 1134 ιο

287 1267 320 1301 3.
344 1267 609 1310 intellegerentur
628 1265 842 1300 Beroaldus:
865 1266 1094 1309 intelleqentur
1116 1267 1149 1301 M
1174 1283 1211 1290 -
1236 1266 1269 1300 5.
1293 1266 1354 1300 ulli
1375 1275 1430 1310 pr.
1447 1267 1481 1301 M
1499 1284 1537 1291 —
1562 1267 1594 1300 8.
1614 1267 1789 1309 praeferre
1809 1266 1941 1307 Haase,
1964 1266 2004 1299 ut

221 1326 298 1358 visu
319 1325 364 1358 sit
385 1324 534 1358 dativus.
562 1341 601 1348 —
625 1324 792 1366 Aia-mistae
812 1324 905 1356 Kritz
928 1325 964 1356 et
985 1323 1217 1357 Doederlein:
1245 1327 1391 1366 auqusta
1411 1325 1456 1359 M.
1483 1323 1534 1358 Cf.
1557 1323 1781 1366 Wesenberg
1802 1322 2001 1358 Emendatt.

224 1381 404 1415 Ciceronis
427 1379 654 1424 epistolarum
675 1388 712 1423 p.
737 1379 779 1413 92
802 1389 838 1414 n.
862 1381 884 1413 2
908 1379 1007 1423 (infra
1030 1380 1075 1414 ad
1098 1389 1130 1413 c.
1154 1380 1222 1423 20).

223 1540 330 1585 νικὸς
353 1543 420 1576 καὶ
447 1539 646 1583 Κλαύδιος.
682 1541 826 1575 Antonia
849 1542 960 1575 ntinor
984 1550 1092 1575 voca-

225 1597 285 1629 tur
306 1604 326 1628 a
349 1595 515 1628 Suetonio
539 1592 660 1627 Claud.
687 1593 724 1632 4;
755 1593 791 1626 ἰῑι
822 1592 975 1626 nummis
998 1593 1094 1635 apud

223 1644 431 1685 EckhelVI,
455 1653 491 1687 p.
510 1645 572 1677 478
596 1645 652 1677 est
664 1643 863 1676 ANTONIA.
886 1643 1090 1678 AVGVSTA.

225 1695 457 1730 SACERDOS.
493 1695 595 1728 DIVI.
629 1694 820 1727 AVGVSTI.
859 1693 930 1735 (Cf.
961 1695 1089 1729 Inscrr.

225 1746 312 1779 Latt.
338 1755 373 1779 n.
399 1745 462 1779 649
486 1744 552 1787 sq.)
583 1745 722 1778 Etenim
744 1746 834 1778 teste
857 1745 968 1778 Dione
993 1744 1047 1786 59,
1072 1745 1091 1777 3

225 1804 246 1828 a
269 1794 423 1837 Caligula
445 1795 599 1836 Augusta
622 1797 658 1828 et
679 1794 847 1828 sacerdos
862 1794 932 1827 divi
947 1795 1093 1836 Augusti

226 1845 318 1885 facta
334 1846 399 1878 est.
418 1845 535 1878 «Haec
549 1843 605 1877 illa
620 1846 675 1878 est
689 1845 968 1885 Antonia-Drusi,
983 1853 1091 1886 quam

225 1893 356 1928 Plinius
370 1895 403 1935 7,
429 1894 449 1937 ξ
465 1895 508 1928 80
530 1895 579 1927 ait
597 1903 779 1936 nunquam
794 1894 996 1936 exspuisse;
1021 1893 1090 1935 illa,

227 1954 337 1987 quam
357 1943 516 1978 Valerius
538 1946 628 1979 Max.
654 1945 694 1986 4,
718 1945 759 1986 3,
783 1944 804 1977 3
827 1945 917 1978 mire
938 1943 1059 1977 laudat
1073 1954 1094 1977 a

227 1996 442 2030 continentia
464 1998 501 2029 et
522 2005 643 2029 amore
658 1996 695 2029 in
710 1996 931 2038 coniugem.»
954 1996 1091 2028 1.n›s.—

226 2050 381 2080 auctores
406 2046 530 2088 renim]
565 2047 771 2087 historicos,
802 2048 841 2079 ut
863 2056 894 2081 c.
916 2046 959 2079 30
982 2045 1095 2079 Sallu·

227 2098 316 2130 stius
336 2106 454 2130 rorum
467 2098 694 2130 Romanarum
709 2098 962 2140 florentissimus
977 2099 1096 2130 auctor

227 2146 366 2180 dicitur.
393 2147 445 2180 Cf.
469 2148 587 2180 Germ.
612 2147 666 2180 28.
690 2148 773 2189 Agr.
790 2148 844 2180 40.
869 2146 1034 2190 Spalding
1049 2146 1095 2180 ad

229 2196 369 2237 Quintil.
393 2197 432 2238 2,
459 2197 519 2238 45,
545 2197 598 2230 36.
626 2213 664 2221 -
687 2206 756 2230 non
777 2197 903 2230 diuma
924 2196 1006 2239 cet.]
1028 2206 1096 2229 non

223 2249 262 2281 in
285 2248 412 2280 diurna
432 2247 578 2287 Wurm3
607 2249 644 2280 at
666 2249 722 2281 est
743 2248 880 2291 species
903 2248 1095 2290 zeugmatis

230 2299 267 2331 et
287 2299 325 2331 in
347 2307 390 2331 ex
412 2299 504 2339 opud
525 2298 711 2340 cogitando
734 2298 987 2341 repetendum;
1011 2307 1096 2331 nam

227 2349 450 2382 notissimum
481 2349 535 2382 est
557 2349 732 2389 Tacitum,
764 2358 1012 2391 quaecumque
1042 2349 1097 2382 est

231 2399 398 2431 orationis
421 2398 551 2439 forma,
583 2399 862 2441 praepositiones
885 2408 956 2432 non
980 2397 1095 2432 solere

227 2449 369 2481 iterare.
395 2448 503 2481 Hau.
531 2466 569 2472 —
593 2449 718 2482 diurna
740 2452 894 2483 actorum
914 2449 1094 2491 scriptura]

227 2496 334 2532 Iulius
369 2498 502 2531 Caesar
535 2500 627 2531 teste
661 2499 827 2532 Suetonio
862 2500 964 2533 Caes.
998 2507 1029 2532 c.
1053 2499 1095 2532 20

227 2548 313 2582 inito
335 2549 450 2591 primo
473 2548 656 2582 consulatu
677 2550 719 2592 (a.
736 2558 772 2584 u.
791 2550 864 2592 695)
876 2552 1010 2592 primus
1025 2559 1098 2583 om-

226 2599 322 2631 nium
354 2600 502 2632 instituit
534 2602 574 2632 ut
602 2602 672 2632 tam
699 2603 833 2632 senatus
862 2609 964 2641 quam
979 2600 1098 2642 populi

230 2648 356 2682 diurna
377 2652 456 2682 acta
477 2651 655 2691 confierent
675 2652 707 2682 et
722 2649 987 2691 publicarentur.
1028 2649 1095 2682 Sed

229 2700 374 2733 senatus
396 2701 476 2733 acta
498 2699 565 2742 (die
586 2699 897 2743 Senatsprotokolle)
920 2709 965 2733 ne
985 2699 1098 2742 publi-

231 2750 416 2790 carentur,
463 2751 586 2782 auctor
622 2749 686 2782 fuit
718 2751 912 2791 Augustus,
952 2751 1095 2782 Sueton.

232 2799 352 2832 octav.
377 2799 432 2832 36.
472 2800 568 2832 Haec
597 2798 641 2832 ab
664 2809 735 2833 uno
759 2802 963 2834 senatorum
985 2800 1098 2834 confi-

231 2849 357 2882 cienda
386 2850 521 2882 curavit
549 2848 725 2890 Tiberius,
759 2851 849 2883 Ann.
874 2851 907 2891 5,
931 2849 964 2884 4.
1003 2850 1098 2883 Actis

231 2898 364 2932 diurnis
394 2898 515 2942 populi
541 2900 688 2932 Romani
710 2899 892 2942 (Rmsche
913 2900 1099 2933 Staatszei-

230 2947 326 2991 tima)
350 2956 443 2990 quae
467 2949 573 2982 etiam
595 2950 720 2982 diurna
740 2949 836 2982 urbis
857 2953 934 2982 acta
958 2950 1022 2991 (43,
1043 2949 1097 2989 34)

231 2999 269 3031 et
300 2998 425 3032 aima
450 2998 567 3040 populi
597 2999 737 3032 Romam·
761 3000 826 3041 (46,
852 2999 905 3041 22)
937 3007 958 3031 a
980 2998 1097 3031 Tacito

230 3049 423 3088 vocantur,
457 3049 600 3090 praeter
627 3057 686 3082 res
717 3049 943 3089 rationesque
964 3046 1096 3090 populi,

230 3097 360 3130 iudicia
374 3096 527 3140 publica,
552 3098 691 3131 comitia
707 3097 977 3132 continebantur
992 3098 1098 3130 etiam

233 3147 393 3180 aedificia
418 3147 517 3190 (Anu.
544 3147 597 3187 43,
622 3147 696 3188 34),
720 3148 918 3180 nativitates
943 3147 1095 3188 (Sueten.

234 3196 309 3230 Tib.
334 3198 367 3230 5.
393 3195 500 3238 Calig.
524 3195 576 3237 8),
611 3196 752 3238 nuptiae
778 3197 913 3238 (Iuven.
937 3196 977 3236 2,
1003 3195 1096 3236 436),

235 3245 386 3279 divortia
414 3246 567 3288 (sueton.
593 3244 700 3286 Calig.
725 3245 800 3286 36),
835 3244 928 3277 dicta
951 3245 987 3277 et
1007 3243 1099 3276 facta

237 3295 422 3328 hominum
453 3293 639 3328 illustrium
667 3294 770 3336 (Anu.
796 3294 851 3335 46,
874 3294 928 3327 22.
953 3294 1096 3327 Sueton.

239 3344 358 3378 octav.
383 3343 450 3386 64),
473 3342 551 3377 alia.
577 3343 628 3377 Cf.
654 3343 701 3376 Le
718 3342 819 3376 Clerc
839 3343 907 3376 Des
918 3344 1100 3384 journauoe

239 3392 317 3426 enez
330 3393 552 3427 lunomatm.
571 3393 667 3427 Paris
681 3391 777 3426 4838.
791 3391 928 3435 Adolph
943 3391 1100 3425 Schmidt

245 3439 344 3476 Uebor
363 3443 427 3476 dac
445 3443 817 3487 mmmmm
842 3442 902 3478 der
922 3442 1043 3477 Εὔνηον
1062 3441 1100 3476 in

1140 1542 1293 1576 Zeitschr.
1317 1543 1342 1585 f.
1360 1544 1590 1577 Geschichtsw.
1607 1545 1640 1585 Ι,
1664 1552 1700 1586 p.
1718 1543 1780 1577 327
1796 1553 1875 1586 sqq.
1902 1544 2006 1577 Com-

1141 1592 1241 1635 plura
1262 1602 1305 1626 ex
1320 1594 1407 1627 actis
1423 1594 1555 1627 diurnis
1573 1595 1739 1637 excerpta
1757 1593 1894 1628 Caelius
1910 1602 2007 1627 com-

1142 1643 1297 1676 municat
1329 1653 1412 1677 cum
1445 1645 1615 1678 Cicerone
1644 1645 1681 1678 in
1702 1644 1937 1687 Epistularum
1960 1643 2006 1677 ad

1142 1692 1342 1727 Familiares
1357 1693 1447 1728 libro
1463 1695 1494 1728 8.
1519 1695 1673 1736 Vestigia
1689 1703 1812 1728 eorum
1827 1695 2008 1737 reperiun-

1141 1744 1200 1775 tur
1224 1752 1337 1786 usque
1373 1744 1419 1777 ad
1451 1745 1688 1778 Theodosium
1709 1745 1750 1779 11.
1793 1746 1887 1778 Duas
1919 1753 2006 1778 vero

1143 1795 1303 1828 actorum
1325 1793 1491 1837 reliquias
1511 1804 1532 1828 a
1549 1795 1669 1837 Pighio
1686 1797 1721 1828 et
1736 1794 1912 1829 Dodwello
1932 1795 2009 1828 edi-

1142 1845 1215 1885 tas,
1249 1853 1340 1886 quae
1367 1845 1543 1886 feruntur,
1577 1845 1782 1879 subditicias
1812 1854 1892 1879 esse
1915 1854 2009 1879 nunc

1142 1894 1308 1928 omnibus
1339 1897 1591 1938 praeterquam
1619 1896 1917 1936 Lieberkuehnio,
1950 1896 2011 1937 qui

1143 1954 1258 1988 nuper
1281 1954 1342 1979 eas
1365 1945 1557 1979 defendere
1573 1948 1720 1980 conatus
1735 1949 1803 1988 est,
1827 1949 1863 1980 et
1877 1921 2009 1979 Klotzio

1143 1995 1271 2029 Handb.
1297 1996 1330 2028 ἀ.
1354 1996 1415 2029 lat.
1439 1997 1505 2029 Lit.
1531 1996 1644 2030 Gesch.
1669 1997 1696 2037 1,
1721 2006 1756 2039 p.
1777 1997 1840 2030 433
1864 2005 1918 2038 sq.
1944 2004 2009 2039 pro

1145 2047 1242 2079 certo
1266 2048 1413 2080 constat.
1440 2047 1607 2080 Ceterum
1630 2055 1760 2080 munus
1782 2049 1862 2080 acta
1885 2046 2012 2079 diurna

1145 2096 1381 2138 componendi
1395 2097 1592 2130 iniunctum
1606 2096 1713 2130 fuisse
1729 2097 1869 2130 videtur
1884 2096 2010 2130 scribis

1144 2146 1313 2189 publicis,
1337 2155 1427 2189 quos
1449 2155 1618 2189 magnum
1641 2147 1723 2180 inde
1746 2149 1935 2189 quaestum
1958 2147 2013 2181 fe-

1145 2197 1237 2230 cisse
1261 2199 1540 2230 consentaneum
1563 2198 1637 2239 est,
1662 2206 1744 2231 cum
1759 2207 1830 2231 non
1846 2197 1961 2231 solum
1975 2198 2013 2231 in

1145 2246 1254 2288 urbe,
1278 2255 1405 2280 verum
1428 2249 1535 2280 etiam
1556 2256 1623 2290 per
1638 2256 1763 2281 omnes
1778 2249 1975 2290 provincias
1991 2257 2013 2281 a

1146 2297 1282 2330 civibus
1304 2298 1469 2331 Romanis
1489 2297 1706 2331 domicilium
1727 2298 1776 2331 ibi
1797 2298 2012 2332 habentibus

1147 2347 1248 2380 avide
1280 2349 1585 2390 compararentur.
1622 2347 1674 2381 Cf.
1700 2348 1760 2388 46,
1784 2349 1837 2382 22.
1865 2366 1903 2372 -
1929 2358 2013 2391 per—

1144 2398 1270 2440 ferre-
1248 2406 1350 2430 -non
1373 2397 1546 2440 toleravit]
1571 2399 1704 2431 Graece
1728 2399 1858 2433 dixeris
1881 2400 2013 2448 φέρειν

1147 2443 1219 2481 οὐκ
1242 2443 1352 2491 ετλη,
1376 2447 1413 2480 id
1437 2450 1508 2489 est,
1533 2458 1604 2483 non
1625 2450 1826 2492 impetravit
1847 2460 1867 2483 a
1890 2459 1950 2492 se,
1974 2452 2014 2484 ut

1146 2497 1338 2540 perferret;
1363 2499 1454 2531 sicut
1474 2474 1561 2532 Plin.
1585 2500 1625 2533 N.
1644 2500 1686 2533 H.
1703 2500 1746 2533 26
1761 2500 1780 2542 3
1797 2500 1834 2533 3:
1862 2502 1920 2543 qui
1937 2511 2015 2543 per-

1140 2549 1210 2589 peti
1231 2548 1429 2581 medicinam
1450 2549 1687 2582 toleraverant.
1723 2550 1822 2584 Ovid.
1842 2560 1886 2584 ex
1902 2553 2012 2585 Ponto

1147 2599 1180 2638 4,
1198 2598 1231 2638 5,
1250 2597 1309 2631 ⁴8:
1334 2598 1492 2640 flensque
1507 2601 1584 2640 pati
1605 2600 1729 2633 dur-mn
1749 2601 1888 2634 sustinet
1908 2610 2014 2644 aeyra

1145 2649 1240 2681 nihil.
1277 2665 1314 2672 -
1354 2649 1480 2683 Tiberio
1512 2653 1545 2683 et
1575 2650 1745 2693 Auyustae
1758 2669 1778 2675 —
1793 2670 1813 2677 -
1828 2651 2012 2695 cohibitam]

1147 2699 1218 2733 Una
1253 2699 1343 2732 ratio
1375 2700 1497 2733 tuendi
1526 2699 1718 2734 ablativum
1745 2702 1896 2744 Auqusta
1922 2702 2014 2736 haec

1149 2750 1262 2789 esset,
1296 2750 1336 2782 ut
1365 2749 1515 2783 vocibus
1539 2750 1664 2783 Tiberio
1691 2754 1723 2784 et
1742 2752 1894 2794 Augusta
1915 2753 2013 2785 idem

1148 2797 1309 2831 denotari
1338 2798 1540 2832 diceremus
1566 2802 1673 2842 atque
1698 2801 1816 2834 Tiberii
1844 2805 1877 2835 et
1895 2802 2013 2844 Δαρει-

1147 2851 1217 2881 stac
1237 2849 1407 2889 exemptm
1433 2849 1484 2882 sic
1499 2849 1595 2881 enim
1610 2848 1782 2884 ablativus
1802 2852 2013 2885 instrumenti

1147 2899 1219 2931 vim
1242 2899 1454 2940 accepturus
1477 2900 1549 2931 est:
1574 2900 1679 2932 durch
1699 2900 1845 2934 Tiberius
1865 2900 2014 2934 undAu·

1146 2950 1257 2988 9usta.
1286 2947 1420 2980 Verum
1441 2956 1512 2980 non
1527 2948 1634 2981 modo
1650 2949 1830 2992 exemplo,
1855 2950 1920 2983 sed
1934 2958 2014 2983 ver-

1147 2996 1203 3030 bis
1234 2997 1270 3029 et
1298 2996 1538 3030 exhortatione
1563 3006 1649 3032 usos
1672 3007 1753 3032 esse
1777 2999 1955 3032 Tiberium
1977 3000 2014 3032 et

1147 3046 1341 3086 Augustam
1371 3046 1562 3080 ostendunt
1584 3046 1641 3081 illa
1662 3052 1701 3081 ut
1726 3057 1794 3089 par
1813 3057 1948 3081 maeror
1961 3065 2013 3074 --

1146 3096 1349 3128 viderentur.
1381 3096 1456 3129 Iam
1477 3097 1620 3131 cohiberi
1634 3099 1749 3139 aliquo
1763 3107 1828 3140 pro
1843 3098 1885 3131 ab
1899 3099 2013 3140 aliquo

1148 3144 1217 3176 dici
1248 3145 1369 3178 Latine
1402 3146 1544 3187 nequit,
1581 3147 1722 3180 cohiberi
1755 3148 1875 3180 autem
1908 3148 2013 3182 alicui

1148 3194 1256 3227 Taciti
1277 3194 1450 3228 Latinitati
1470 3195 1564 3230 bene
1589 3196 1761 3230 convenit.
1799 3196 1849 3229 cf.
1871 3197 1958 3231 nist.
1976 3198 2009 3239 4,

1149 3244 1209 3277 443
1249 3253 1334 3285 quae
1370 3246 1459 3278 aliae
1487 3246 1766 3287 procuratoribus
1805 3246 2009 3281 cohibentur.

1146 3293 1280 3327 aman.
1314 3295 1366 3328 De
1398 3295 1504 3328 dativi
1531 3295 1715 3330 subiectivi
1737 3303 1805 3328 usu
1826 3296 1920 3338 apud
1943 3297 2011 3331 Ta—

1149 3343 1255 3377 citum
1276 3343 1358 3378 vide
1381 3344 1427 3378 ad
1449 3345 1488 3386 2,
1509 3346 1563 3379 50.
1584 3362 1621 3369 -
1643 3347 1683 3377 ut
1698 3353 1768 3385 par
1786 3344 1933 3388 maeror]
1955 3347 2011 3380 vi-

1147 3392 1308 3434 deretur3
1346 3395 1462 3429 minus
1494 3395 1592 3428 recte
1620 3393 1802 3437 Wopkens
1833 3394 2010 3439 supplevit

1146 3445 1240 3478 unet.
