2254 3770
257 279 340 325 ⁴98
733 285 780 330 P.
812 283 1062 351 CORNELII
1092 283 1263 329 TACITI
1292 283 1562 328 ANNALIUM

259 403 339 435 suo
369 389 519 435 dolore
549 396 682 435 esset:
724 390 787 434 rei
818 389 1016 448 publicae
1048 389 1224 433 iniurias
1254 402 1309 432 ne
1339 388 1577 446 largiretur.
1619 388 1823 434 intellexit
1852 389 1959 433 haec
1988 391 2056 434 Ti-

258 465 407 509 berius
427 472 474 509 ut
494 472 615 510 erant
634 465 769 523 magis
790 478 921 523 quam
948 471 994 508 ut
1013 464 1267 509 dicebantur
1295 465 1565 524 perstititque
1596 465 1875 510 intercedere.
1907 466 2055 523 Capito

258 540 496 598 insignitior
533 540 704 584 infamia
741 539 837 589 fuit,
879 540 995 599 quod
1035 540 1209 583 humani
1250 539 1471 598 divinique
1511 541 1614 585 iuris
1655 541 1796 585 sciens
1836 541 2056 599 egregium

258 615 479 674 publicum
509 622 551 659 et
578 615 714 659 bonas
746 614 861 658 domi
893 621 1007 659 artes
1037 614 1421 659 dehonestavisset.

373 690 454 747 (74)
485 690 666 734 Incessit
696 689 796 733 dein
825 690 986 747 religio,
1020 704 1207 748 quonam
1238 690 1279 732 in
1310 689 1469 748 templo
1503 690 1727 734 locandum
1759 691 1867 735 foret
1895 691 2056 735 donum

260 766 377 824 quod
400 780 477 824 pro
497 764 741 809 valetudine
762 767 977 822 Augustae
999 766 1167 823 equites
1187 766 1363 809 Romani
1385 774 1590 809 voverant
1611 767 1799 824 equestri
1823 768 2054 810 Fortunae:

259 855 357 885 nam
379 841 457 885 etsi
482 840 661 884 delubra
683 840 776 884 eius
807 840 916 885 deae
947 840 1078 884 multa
1107 841 1147 883 in
1179 840 1298 890 urbe,
1332 840 1493 884 nullum
1517 848 1658 885 tamen
1680 841 1750 885 tali
1772 848 2055 899 cognomento

260 923 362 961 erat.
408 921 625 974 repertum
665 922 731 960 est
768 915 922 960 aedem
963 930 1060 959 esse
1106 923 1208 974 aput
1247 916 1414 959 Antium
1455 930 1568 974 quae
1613 917 1675 960 sic
1718 924 2052 975 nuncuparetur,

260 998 523 1050 cunctasque
544 991 825 1035 caerimonias
853 991 1007 1035 Italicis
1039 992 1079 1034 in
1101 990 1270 1049 oppidis
1301 991 1546 1050 templaque
1568 998 1609 1036 et
1640 993 1860 1035 numinum
1882 992 2055 1052 'effigies

210 1067 365 1110 ioiuris
401 1073 530 1125 atque
568 1067 737 1124 imperii
774 1067 950 1110 Romani
982 1080 1093 1110 esse.
1139 1067 1196 1109 ita
1226 1066 1387 1109 donum
1421 1073 1523 1124 aput
1553 1067 1719 1110 Antium
1759 1067 1967 1111 statuitur.
2013 1074 2056 1111 et

260 1142 464 1202 quoniam
495 1141 550 1185 de
581 1141 859 1199 religionibus
888 1142 1157 1192 tractabatur,
1191 1141 1366 1184 dilatum
1397 1156 1535 1199 nuper
1564 1156 1819 1200 responsum
1847 1142 2054 1186 adversus

260 1218 457 1262 Servium
486 1216 842 1275 Maluginensem,
874 1216 1090 1260 flaminem
1118 1216 1306 1267 Dialem,
1347 1218 1557 1275 prompsit
1588 1218 1747 1261 Caesar
1777 1218 2054 1276 recitavitque

260 1293 482 1337 decretum
512 1292 781 1351 pontificum,
813 1293 1012 1350 quotiens
1042 1291 1229 1335 valitudo
1260 1292 1445 1335 adversa
1475 1291 1691 1336 flaminem
1721 1292 1884 1336 Dialem
1916 1293 2055 1337 inces-

261 1368 405 1416 sisset,
445 1374 491 1411 ut
526 1367 738 1426 pontificis
773 1367 943 1410 maximi
976 1367 1150 1410 arbitrio
1180 1366 1277 1424 plus
1308 1381 1436 1424 quam
1469 1367 1699 1412 binoctium
1731 1368 1920 1417 abesset,
1953 1368 2056 1411 dum

211 1453 315 1488 isne
346 1443 500 1487 diebus
541 1442 700 1500 publici
740 1441 938 1486 sacrificii
980 1456 1061 1486 neu
1103 1442 1277 1500 saepius
1307 1456 1438 1500 quam
1475 1442 1541 1485 bis
1571 1442 1759 1486 eundem
1799 1443 1839 1485 in
1879 1457 2055 1495 annum3

326 1577 356 1610 6.
383 1576 573 1609 ualetudine
595 1576 630 1608 h.
648 1574 670 1608 l.
688 1577 722 1609 M
739 1593 776 1599 —
795 1576 827 1608 8.
851 1579 1099 1616 nuncuparetur
1120 1585 1173 1618 pr.
1193 1577 1225 1609 M
1249 1595 1283 1599 —
1310 1576 1342 1608 9.
1367 1577 1567 1608 cerimonias
1590 1576 1622 1608 M
1648 1593 1684 1598 —
1712 1575 1765 1607 44.
1790 1576 1962 1618 quoniam]
1986 1575 2054 1617 qu&

258 1634 309 1672 M;
335 1633 469 1674 quando
493 1630 697 1665 Beroaldus.
721 1649 756 1655 -
780 1631 999 1672 releyionibus
1021 1632 1054 1665 M
1080 1650 1115 1655 -
1145 1632 1196 1664 ⁴2.
1221 1632 1492 1674 malluqinensem
1514 1631 1550 1663 h.
1569 1630 1590 1662 l.
1616 1632 1648 1663 M
1672 1633 1793 1664 contra
1818 1631 1926 1664 fastos
1950 1632 2055 1674 Capi-

258 1689 401 1729 tolin0s;
428 1688 471 1721 cf.
491 1688 522 1729 3,
541 1689 594 1721 58.
620 1688 653 1728 4,
675 1688 726 1720 46.
749 1705 785 1711 -
802 1689 943 1729 promsit
966 1689 1118 1730 Lipsius:
1141 1690 1296 1729 promisit
1319 1690 1350 1721 M
1371 1707 1405 1712 -—
1433 1689 1484 1721 43.
1503 1689 1651 1728 quotiens
1673 1697 1739 1720 non
1760 1689 1910 1721 valitudo
1925 1689 2052 1722 Haase.

261 1764 297 1770 -
321 1745 503 1779 incessisset
525 1749 585 1777 aut
607 1754 644 1786 p.
662 1744 885 1784 Waltherus;
918 1746 1097 1778 incessisset
1120 1749 1150 1778 et
1171 1749 1208 1778 ut
1225 1755 1264 1787 p.
1289 1744 1464 1784 Halmius3
1496 1746 1678 1778 incessisset
1699 1748 1800 1785 utque
1822 1754 1857 1786 ρ.
1882 1746 2052 1784 Ritterus;

257 1803 437 1835 incessisset
458 1804 496 1834 ut
514 1828 520 1834 .
543 1828 550 1834 .
572 1828 578 1834 .
600 1810 659 1842 ,μ
685 1800 901 1843 Nipperdey.
930 1820 966 1824 —
988 1802 1045 1844 45.
1066 1801 1204 1843 publicii
1225 1810 1279 1844 pr.
1305 1802 1350 1835 M.

254 1917 388 1956 pectore
420 1913 509 1955 ferre
545 1913 648 1945 mala.
684 1931 718 1936 —
755 1914 925 1955 egregium
950 1914 1130 1955 publicum]

257 1966 376 2008 priora
400 1964 526 1996 merita
551 1963 596 1996 de
621 1972 661 1995 re
685 1962 847 2005 publica,
878 1964 1025 2005 gloriam
1049 1965 1131 1998 inde

258 2017 416 2059 partamz
450 2014 583 2047 dictum
608 2015 662 2046 est
685 2016 724 2046 ut
746 2013 849 2055 vulgo
873 2015 994 2047 bonum
1018 2016 1132 2056 publi—

258 2076 334 2100 cum
358 2066 394 2098 et
418 2065 488 2097 Liv.
507 2064 545 2103 2,
574 2065 586 2095 4
611 2065 789 2104 pessimum
808 2065 989 2104 publicum.
1011 2084 1045 2088 —
1073 2066 1131 2098 bo-

257 2125 321 2148 nas
344 2116 432 2147 domi
455 2114 555 2154 artes]
580 2114 664 2147 iuris
688 2113 915 2156 prudentiam
939 2118 1044 2157 atque
1061 2115 1131 2149 elo-

259 2166 453 2209 quantiam.

302 2216 355 2248 74.
378 2224 442 2256 pro
464 2214 651 2246 valetudine
671 2214 850 2256 Augustae]
877 2215 926 2248 Cf.
954 2225 984 2248 c.
1012 2216 1064 2249 64.
1090 2235 1125 2241 -—

257 2267 386 2299 nullum
407 2269 431 2298 t.
450 2266 511 2297 tali
526 2269 738 2306 cognomento
762 2265 846 2307 erat]
870 2267 972 2308 Atqui
990 2268 1029 2306 Q.
1050 2267 1129 2300 Ful-

257 2317 353 2348 vium
371 2325 435 2358 pro
454 2314 596 2348 consule
613 2316 648 2348 in
666 2316 829 2356 Hispania
847 2325 929 2348 cum
942 2316 1128 2350 Celtiberis

258 2367 488 2399 dimicantem
524 2366 574 2407 (a.
604 2374 638 2397 u.
672 2364 756 2405 574)
791 2366 919 2399 aedem
954 2368 1126 2400 Fortunae

257 2417 413 2458 equestri
447 2416 588 2448 vovisse
624 2417 659 2448 et
690 2425 801 2449 annos
825 2425 886 2449 sex
913 2419 996 2458 post
1019 2426 1126 2459 quam

255 2469 402 2500 voverat
427 2467 470 2506 (a.
496 2475 531 2498 u.
557 2466 632 2507 581)
657 2467 878 2499 dedicavisse
905 2470 1047 2500 narrant
1069 2469 1126 2501 Li-

255 2518 332 2550 vius
364 2517 417 2554 40,
444 2516 497 2549 40.
523 2515 582 2556 42,
610 2517 641 2549 3.
668 2517 709 2549 40
735 2518 770 2549 et
792 2516 952 2550 Valerius
976 2520 1064 2550 Max.
1092 2520 1122 2559 4,

257 2568 289 2607 4,
307 2568 360 2599 20.
387 2566 437 2599 Cf.
456 2567 588 2598 Vitruv.
608 2567 639 2606 3,
659 2567 690 2598 2.
710 2567 866 2600 Lactant.
885 2569 917 2607 2,
936 2568 966 2600 8.
994 2569 1125 2610 Super-

254 2617 362 2651 fuisse
394 2625 475 2648 eam
504 2625 534 2647 a.
562 2616 625 2648 662
658 2615 764 2649 docet
786 2616 891 2651 lulius
915 2618 1124 2660 Obsequens

255 2667 274 2709 S
304 2665 384 2699 ⁴⁴3:
423 2666 457 2698 C.
491 2666 629 2698 Claudio
662 2667 708 2698 M.
739 2668 910 2707 Perpenna
941 2668 1127 2700 consulibus

254 2716 336 2749 bubo
364 2716 400 2747 in
429 2716 509 2747 aede
532 2716 701 2748 Fortunae
727 2718 885 2756 equestris
913 2719 1125 2758 comprehen—

253 2775 309 2799 sus
340 2766 428 2798 inter
459 2774 580 2797 manus
613 2766 795 2806 eoepiravit.
841 2768 889 2799 Ex
923 2769 1029 2800 Taciti
1060 2769 1125 2809 igi-

253 2820 311 2851 tur
344 2816 464 2850 verbis
499 2818 646 2858 apparet
679 2825 759 2849 eam
794 2818 884 2850 inter
918 2827 1030 2851 annos
1061 2819 1123 2851 662

254 2869 289 2901 et
318 2868 382 2900 775
406 2868 467 2899 aut
495 2866 658 2898 incendio
683 2868 743 2899 aut
769 2866 834 2899 alio
863 2876 947 2900 casu
971 2867 1123 2900 deletam

254 2927 347 2952 esse.
387 2916 637 2958 inscriptiones
662 2917 830 2949 Fortunae
852 2918 1011 2959 equestris
1027 2919 1122 2950 Grut.

253 2969 306 3007 75,
332 2967 362 3001 4.
398 2966 550 3000 Fabrett.
577 2967 658 3004 752,
687 2967 744 2998 594
785 2968 838 3008 (in
867 2970 985 2999 nostra
1016 2966 1124 3000 colle-

252 3019 370 3050 ctione
394 3025 429 3049 n.
455 3015 549 3056 4746)
575 3015 783 3048 subditiciae
807 3018 889 3049 sunt
913 3019 948 3049 et
971 3027 990 3049 a
1014 3016 1124 3050 scele-

250 3069 327 3100 rato
361 3066 419 3099 illo
453 3065 588 3107 Ligorio
624 3074 666 3097 ex
696 3065 765 3097 hoc
800 3067 875 3106 ipso
906 3067 1014 3099 Taciti
1045 3066 1122 3099 loco

251 3117 435 3151 confictae.
456 3132 491 3139 —
518 3115 632 3147 aedem
655 3123 720 3147 esse
742 3119 823 3155 aput
839 3116 985 3158 Antium]
1010 3117 1124 3149 diver-

250 3176 346 3207 sam,
373 3168 410 3198 ut
433 3165 590 3205 videtur,
618 3164 663 3196 ab
688 3164 777 3196 aede
802 3165 1032 3198 Fortunarum
1055 3168 1124 3199 An-

251 3219 451 3250 tiatinarum
479 3218 588 3249 Inscr.
614 3216 686 3248 Lat.
714 3223 771 3247 nn.
799 3215 894 3247 4738.
913 3216 1010 3255 4740,
1037 3226 1123 3258 qua-

250 3276 330 3299 rum
353 3268 524 3308 imagines
548 3267 630 3299 sunt
658 3266 692 3298 in
716 3274 862 3298 nummo
888 3266 927 3304 Q.
954 3267 1062 3299 Rustii
1086 3268 1120 3300 in

250 3317 384 3350 Morell.
416 3318 520 3350 Thes.
545 3318 570 3350 I.
603 3326 639 3359 p.
665 3315 739 3349 368.
777 3315 825 3347 Cf.
859 3315 948 3347 Ann.
979 3317 1038 3355 45,
1063 3317 1118 3351 23.

247 3368 416 3401 Fortunae
445 3370 564 3401 autem
594 3367 737 3410 equestri
758 3366 901 3408 praeter
925 3365 1119 3398 celeberri-

246 3426 326 3452 mas
344 3417 419 3452 illas
434 3419 604 3452 Fortunas
621 3416 715 3451 aliud
728 3416 819 3451 Antii
835 3416 990 3450 dicatum
1005 3415 1112 3450 ruisse

1183 1913 1352 1947 sacellum
1388 1915 1466 1955 quis
1501 1915 1622 1946 contra
1657 1914 1813 1946 Tacitum
1845 1914 2053 1954 negaverit?

1183 1964 1233 1997 Cf.
1261 1973 1280 1996 a
1304 1965 1411 1996 Turre
1440 1965 1531 1997 Mon.
1549 1965 1640 1997 Antii
1664 1973 1698 2006 p.
1718 1965 1771 1996 46.
1794 1982 1829 1987 -
1855 1964 1940 1996 iuris
1953 1967 2054 2004 atquo

1181 2015 1312 2055 imperii
1337 2015 1476 2047 Romani
1500 2015 1576 2056 esse]
1603 2023 1686 2055 ergo
1710 2015 1775 2046 rite
1793 2014 1881 2046 Antii
1906 2023 2051 2055 quoque

1182 2065 1215 2097 id
1234 2065 1366 2098 donum
1383 2065 1485 2097 statui
1507 2073 1611 2107 posse
1624 2090 1631 2103 ,
1658 2073 1773 2106 neque
1791 2073 1871 2096 esse
1889 2073 2049 2104 neeesse,

1180 2116 1219 2147 ut
1248 2115 1283 2147 id
1314 2116 1445 2147 Romae
1471 2114 1583 2146 fieret.
1613 2133 1649 2138 -
1685 2115 1827 2145 ditatum
1860 2123 1967 2154 nuper
1995 2124 2051 2147 re-

1180 2165 1345 2207 sponsum]
1372 2165 1422 2197 Cf.
1450 2174 1480 2197 c.
1499 2165 1552 2197 58.
1582 2183 1617 2187 -
1645 2165 1794 2205 quotiens
1814 2164 1963 2196 valitudo
1985 2166 2050 2198 ad-

1178 2225 1275 2248 versa
1299 2216 1380 2258 cet]
1415 2216 1488 2248 Hoc
1511 2216 1562 2248 sic
1585 2215 1754 2256 intelligo:
1794 2216 1855 2247 «Si
1879 2224 2049 2257 prospera

1179 2265 1378 2298 valetudine
1407 2267 1583 2304 uteretur,
1617 2274 1721 2307 posse
1747 2274 1829 2297 eum
1853 2265 2048 2298 binoctium

1179 2316 1325 2354 abesse;
1359 2317 1413 2348 sin
1447 2316 1598 2348 adversa
1627 2318 1723 2347 extra
1753 2315 1881 2348 urbem
1911 2316 1946 2349 in
1969 2315 2048 2348 villa

1179 2367 1308 2399 diutius
1342 2367 1574 2404 retineretur,
1611 2367 1743 2408 requiri
1778 2366 1975 2406 arbitrium,
2012 2367 2049 2399 id

1178 2419 1248 2456 est,
1276 2417 1548 2458 permissionem
1565 2416 1739 2457 pontificis
1756 2417 1914 2456 maximi,
1940 2425 2047 2458 quam

1177 2468 1234 2499 hic
1259 2475 1388 2506 negare
1405 2475 1490 2499 sane
1509 2466 1602 2498 haud
1621 2468 1773 2507 poterat;
1799 2469 1953 2500 attamen
1970 2467 2047 2500 die-

1176 2517 1243 2550 bus
1267 2516 1398 2559 publici
1416 2516 1580 2549 sacrificii
1597 2517 1703 2549 etiam
1721 2519 1884 2556 aegrotus
1900 2518 2046 2550 Romam

1176 2567 1292 2600 redire
1317 2566 1491 2606 debebat,
1517 2567 1568 2598 uti
1592 2566 1639 2599 ibi
1663 2566 1786 2599 saltem
1811 2567 1962 2599 flaminis
1982 2567 2047 2599 ad-

1176 2620 1272 2650 esset
1296 2626 1464 2658 persona‚
1500 2618 1564 2649 etsi
1589 2618 1735 2658 propter
1758 2617 1945 2650 adversam
1970 2618 2046 2650 eius

1176 2667 1405 2699 valitudinem
1429 2666 1584 2708 pontifex
1602 2666 1707 2699 Dialia
1733 2674 1834 2699 sacra
1850 2666 1969 2699 faeere
1986 2675 2047 2708 po-

1177 2718 1285 2757 terat,
1322 2719 1360 2748 ut
1390 2718 1444 2748 est
1473 2725 1503 2748 c.
1530 2716 1583 2748 58.
1623 2717 1808 2748 Praeterea
1845 2715 2045 2749 cavendum

1176 2769 1253 2800 erat
1286 2767 1436 2806 flamini,
1474 2775 1518 2798 ne
1553 2766 1646 2798 circa
1683 2764 1831 2798 Dialium
1862 2774 2044 2798 sacrorum

1175 2819 1316 2858 tempus
1338 2815 1427 2847 urbe
1447 2815 1671 2848 abscederet.
1698 2816 1895 2855 Antiquitus
1914 2817 2046 2856 flamini

1173 2867 1266 2899 Diali
1306 2869 1430 2897 noctem
1472 2874 1578 2897 unam
1613 2874 1749 2897 manere
1791 2868 1891 2896 extra
1930 2865 2045 2898 urbem

1173 2917 1266 2958 nefas
1292 2915 1399 2948 tuisse
1423 2915 1530 2947 docet
1553 2915 1669 2947 Livius
1692 2915 1730 2953 5,
1755 2915 1810 2947 52.
1837 2933 1880 2938 —
1908 2915 1944 2947 L.
1970 2916 2043 2948 Me-

1173 2966 1239 2998 telli
1262 2965 1346 3007 cet]
1371 2964 1457 2996 Vide
1482 2964 1526 2996 ad
1544 2974 1575 2997 c.
1594 2965 1648 2997 58.
1677 2982 1713 2987 -
1739 2964 1932 3006 attinuisset]
1958 2966 2043 2997 reti-

1174 3017 1307 3049 nuisset
1327 3016 1360 3047 in
1377 3014 1527 3047 Siciliam
1545 3014 1799 3057 proiecturum,
1818 3023 1900 3047 cum
1917 3016 2042 3048 Postu-

1173 3069 1264 3099 mius
1289 3063 1410 3098 consul
1435 3066 1530 3097 esset
1552 3063 1646 3096 bello
1670 3065 1800 3096 Punico
1822 3065 1937 3105 primo
1953 3073 1984 3096 a.
2003 3073 2038 3097 u.

1172 3117 1247 3148 542.
1276 3133 1312 3138 —
1338 3123 1410 3146 sors
1431 3113 1752 3155 Asiaene-oncant]
1778 3113 1829 3146 Cl'.
1855 3122 1886 3145 c.
1912 3113 1965 3145 32.
1984 3114 2038 3146 58.

1216 3167 1269 3199 72.
1294 3165 1446 3206 Lepidus]
1473 3164 1523 3197 Cf.
1550 3173 1581 3197 c.
1600 3164 1652 3196 32.
1676 3180 1710 3187 —
1737 3164 1909 3197 basilicam
1930 3164 2039 3205 Pauli,

1170 3216 1310 3248 Aemilia
1341 3214 1561 3256 monimenta]
1600 3212 1783 3247 Basilicam
1819 3213 2039 3247 aedificatam

1171 3275 1263 3299 anno
1287 3276 1322 3298 u.
1345 3265 1409 3298 574
1433 3266 1476 3298 M.
1505 3264 1620 3297 Fulvio
1643 3263 1818 3297 Nobiliore
1842 3265 1877 3296 et
1900 3264 1944 3296 M.
1970 3266 2040 3296 Ae·

1171 3316 1265 3350 milio
1290 3316 1422 3358 Lepido
1446 3314 1654 3348 censoribus
1673 3313 1758 3356 (Liv.
1776 3314 1831 3353 40,
1849 3315 1902 3347 54.
1932 3315 2040 3348 Varro

1170 3368 1206 3399 L.
1234 3368 1269 3399 L.
1295 3366 1328 3404 6,
1353 3365 1390 3406 4)
1421 3366 1627 3399 instauravit
1655 3373 1688 3397 a.
1711 3373 1748 3397 u.
1774 3365 1837 3397 700
1861 3365 1898 3397 L.
1924 3366 2040 3398 Aemi-

1168 3416 1234 3451 lius
1256 3415 1400 3457 Paulus,
1426 3414 1550 3449 consul
1571 3423 1603 3449 a.
1629 3413 1712 3456 704,
1735 3415 1781 3449 M.
1807 3414 1928 3458 Lepidi
1951 3423 2038 3449 avus
