2254 3770
762 267 809 312 P.
839 265 1092 311 colmam
1121 265 1292 310 uem
1321 240 1590 311 ANNA'LmM

282 373 545 431 ambiguam,
586 373 822 433 gestamine
852 372 985 417 sellae
1014 372 1139 416 Baias
1176 378 1434 430 pervectam.
1479 371 1538 416 ibi
1568 371 1902 418 blandimentum
1925 372 2075 419 suble-

283 449 397 493 vavit
425 455 609 493 metum:
647 449 826 494 comiter
866 454 1045 506 excepta
1075 460 1294 506 superque
1325 446 1466 505 ipsum
1496 446 1715 493 collocata.
1761 449 1847 493 iam
1881 448 2075 507 pluribus

282 525 572 577 sermonibus,
604 524 734 568 modo
765 522 1046 568 familiaritate
1083 522 1259 567 iuvenili
1289 524 1402 567 Nero
1432 529 1475 567 et
1504 537 1653 568 rursus
1683 524 1911 577 adductus,
1951 524 2076 583 quasi

283 601 396 645 seria
418 600 700 652 consociaret,
733 605 867 643 tracto
888 599 931 642 in
952 598 1126 656 longum
1146 598 1362 650 convictu,
1386 599 1664 657 prosequitur
1682 599 1923 652 abeuntem,
1944 599 2077 644 artius

251 675 419 720 soculis
440 682 482 720 et
502 675 664 733 pectori
687 674 893 726 haerens,
926 674 1017 718 sive
1038 673 1250 732 explenda
1271 673 1562 726 simulatione,
1595 688 1672 719 seu
1694 675 1910 734 periturae
1931 675 2077 720 matris

283 765 513 810 supremus
534 757 734 809 aspectus
755 749 952 808 quamvis
972 749 1111 794 ferum
1131 750 1320 793 animum
1340 749 1562 794 retinebat.
1596 751 1649 807 (5)
1672 757 1842 796 noctem
1861 750 2078 796 sideribus

282 813 491 870 illustrem
511 833 553 870 et
572 825 742 884 placido
764 825 870 869 mari
891 825 1090 883 quietam,
1124 825 1248 884 quasi
1269 825 1611 870 convincendum
1630 826 1683 870 ad
1705 825 1859 878 scelus,
1889 825 1932 870 di
1953 840 2079 885 prae-

283 902 432 947 buere.
463 916 544 947 nec
574 900 754 945 multum
782 907 875 945 erat
902 914 1134 959 progressa
1163 900 1301 952 navis,
1344 900 1515 945 duobus
1545 915 1570 945 e
1601 915 1779 946 numero
1811 901 2079 947 familiarium

283 978 558 1036 Agrippinam
588 976 908 1029 comitantibus,
940 990 994 1021 ex
1023 977 1120 1035 quis
1152 976 1410 1034 Crepereius
1432 975 1576 1020 Gallus
1607 976 1721 1020 haud
1753 977 1901 1032 procul
1923 977 2080 1035 guber·-

234 1053 450 1099 tenaculis
486 1052 671 1104 astabat,
712 1051 945 1106 Acerronia
985 1066 1118 1110 super
1149 1051 1286 1110 pedes
1317 1051 1544 1096 cubitantis
1575 1051 1748 1097 reclinis
1777 1053 2081 1112 paenitentiam

283 1129 358 1173 filii
389 1135 432 1174 et
460 1134 760 1188 recuperatam
789 1128 938 1172 matris
969 1127 1147 1186 gratiam
1186 1141 1266 1185 per
1295 1126 1500 1185 gaudium
1531 1127 1810 1180 memorabat,
1852 1142 1951 1174 oum
1980 1129 2080 1175 dato

285 1206 408 1263 signo
438 1218 567 1249 ruere
597 1210 758 1249 tectum
786 1203 870 1248 loci
901 1203 1031 1247 multo
1061 1202 1237 1261 plumbo
1268 1216 1421 1260 grave;
1454 1216 1721 1262 pressusque
1753 1204 2010 1263 Crepereius
2039 1211 2082 1250 et

283 1281 424 1325 statim
454 1279 720 1325 exanimatus
741 1286 818 1324 est.
850 1279 1082 1337 Agrippina
1103 1284 1145 1322 et
1167 1278 1400 1322 Acerronia
1423 1278 1709 1323 eminentibus
1729 1278 1826 1324 lecti
1848 1279 2082 1338 parietibus

285 1371 336 1402 ac
365 1357 471 1400 forte
503 1355 804 1407 validioribus,
837 1368 967 1413 quam
998 1361 1043 1398 ut
1063 1354 1182 1398 oneri
1205 1354 1428 1406 cederent,
1460 1361 1679 1412 protectae
1700 1361 1810 1399 sunt.
1841 1369 1923 1400 nec
1942 1355 2082 1400 disso-

235 1432 388 1476 tslutio
418 1431 573 1490 navigii
606 1431 889 1489 sequebatur,
922 1429 1101 1474 turbatis
1129 1430 1347 1482 omnibus,
1381 1436 1423 1474 et
1443 1429 1562 1488 quod
1581 1429 1779 1489 plerique
1798 1430 1932 1489 ignari
1954 1431 2082 1476 etiam

285 1507 483 1553 conscios
527 1506 829 1565 impediebant.
874 1506 1015 1550 visum
1045 1505 1200 1550 dehinc
1239 1505 1473 1563 remigibus
1505 1520 1636 1549 unum
1666 1506 1708 1548 in
1738 1505 1848 1550 latus
1880 1506 2082 1552 inclinare

285 1590 414 1642 atque
443 1583 502 1627 ita
530 1596 686 1626 navem
715 1582 1009 1639 submergere.
1040 1581 1119 1625 sed
1149 1595 1292 1640 neque
1322 1582 1428 1640 ipsis
1459 1588 1682 1640 promptus
1713 1581 1755 1624 in
1785 1595 1878 1626 rem
1898 1582 2082 1627 subitam

282 265 366 310 440

350 1693 381 1725 l.
406 1691 511 1724 Baias
533 1689 763 1724 Puteolanus:
790 1690 954 1723 baulosM
979 1708 1015 1713 —
1041 1691 1073 1723 2.
1099 1691 1238 1724 metuM
1262 1707 1296 1713 -
1323 1689 1395 1722 iam
1417 1690 1597 1723 Heinsius:
1624 1699 1707 1722 nam
1729 1690 1782 1728 M;
1807 1693 1878 1723 tum
1897 1691 2024 1724 Haase.
2043 1708 2080 1714 —

283 1749 315 1782 3.
341 1748 516 1781 adductius
538 1748 703 1780 Ritterus.
738 1764 773 1770 —
806 1748 839 1780 5.
865 1747 983 1787 osculis
1005 1749 1035 1779 et
1060 1747 1186 1787 pectori
1207 1747 1382 1779 inhaerens
1405 1747 1582 1779 Heinsius.
1609 1764 1643 1769 —
1678 1746 1861 1787 explendae
1881 1747 2084 1780 simulationi

283 1805 435 1848 Lipsius.
464 1822 499 1828 -—
525 1806 667 1845 peturae
689 1804 724 1836 M
749 1820 785 1826 —-
820 1802 852 1835 6.
877 1801 1012 1843 suit‘mus
1034 1804 1067 1837 M
1095 1821 1126 1827 -
1162 1802 1334 1843 syderibus
1356 1803 1388 1836 M
1410 1820 1455 1827 —
1477 1804 1509 1836 7.
1536 1803 1582 1835 dii
1607 1803 1638 1835 M
1661 1821 1704 1827 ——
1737 1803 1789 1836 40.
1812 1804 2028 1844 penitentiam
2050 1805 2083 1838 M

286 1880 323 1887 —-
348 1863 403 1895 Η.
428 1861 533 1894 matri
555 1862 721 1894 Faernus.
749 1878 786 1884 —
813 1861 866 1893 ⁴2.
892 1860 954 1893 loci
977 1861 1027 1894 M:
1053 1860 1132 1893 tholi
1155 1860 1280 1894 Haase.
1309 1878 1345 1884 —
1377 1859 1430 1893 ⁴4.
1456 1868 1560 1902 quam
1581 1863 1618 1892 ut
1642 1860 1814 1893 Pichena:
1845 1859 1963 1901 quauis
1985 1861 2018 1895 M
2044 1878 2080 1884 -

282 1919 398 1951 honeri
420 1919 453 1952 M
479 1935 515 1941 —
546 1920 692 1958 protecte
714 1917 748 1950 M
774 1935 809 1940 —
842 1916 895 1949 ⁴6.
920 1917 1047 1949 consios
1069 1917 1103 1950 M
1135 1934 1172 1940 —
1202 1916 1369 1950 inclinare
1390 1925 1511 1950 navem
1533 1920 1633 1958 atque
1658 1917 1708 1949 ita
1731 1916 1939 1959 submergere
1964 1917 2084 1960 suspi-

285 1978 386 2009 catur
408 1974 633 2008 Doederlein.

283 2055 487 2100 principalis
512 2056 676 2090 feminae.
706 2073 742 2079 —-
768 2054 883 2098 Baias]
907 2056 1009 2088 Antio
1033 2056 1159 2098 Agrip-

282 2109 365 2151 pina
396 2107 584 2140 Liburnica
614 2106 718 2138 vecta
747 2104 875 2139 Baulos
905 2107 1020 2145 venit;
1059 2106 1107 2138 ibi
1139 2115 1158 2139 a

283 2160 425 2192 Nerone
450 2158 483 2190 in
507 2157 608 2190 litore
633 2156 738 2189 obvio
763 2158 911 2198 excepta
936 2157 970 2189 in
995 2165 1074 2189 eam
1094 2156 1160 2189 vil-

1210 2057 1268 2089 eiti
1291 2055 1391 2089 locus
1409 2055 1441 2096 3,
1461 2054 1514 2089 ⁴4.
1540 2055 1633 2088 Scito
1658 2055 1754 2088 enim
1770 2056 1843 2087 tres
1860 2053 2084 2089 discubuisse

1211 2106 1442 2148 mediumque
1477 2107 1570 2138 inter
1602 2114 1663 2139 eos
1695 2105 1957 2138 Germanicum.
1995 2107 2083 2139 Lirs.

1211 2157 1331 2190 Plures
1356 2166 1440 2190 sane
1464 2157 1610 2198 insuper
1630 2158 1731 2189 erant
1747 2156 1937 2196 convivae,
1964 2157 2000 2189 et
2013 2156 2085 2189 duo

283 2209 355 2243 lam
379 2210 483 2241 ducta
501 2209 566 2240 est.
594 2207 756 2248 Cumque
773 2206 855 2239 inde
873 2207 973 2240 Baias
991 2209 1051 2239 aut
1066 2208 1159 2240 terra

284 2261 346 2293 aut
368 2260 456 2293 mari
480 2258 673 2301 profecturi
698 2259 835 2297 essent,
861 2258 1050 2300 Agrippina
1074 2258 1161 2290 insi-

285 2311 351 2343 diis
375 2310 465 2343 forte
490 2309 617 2342 auditis
641 2307 727 2341 sella
742 2307 824 2340 vehi
841 2307 974 2340 maluit.
1001 2308 1160 2341 Tandem

283 2359 412 2394 Baulos
429 2368 630 2398 reversura,
645 2357 896 2391 blandimentis
909 2358 1012 2397 victa,
1032 2367 1160 2391 navem

284 2409 446 2443 fallacem
463 2408 682 2442 conscendit.
701 2410 862 2441 PICHENA.
881 2408 1067 2440 Suetonius
1083 2407 1105 2440 l.
1121 2407 1157 2440 l.:

284 2460 509 2501 repetentique
531 2459 654 2491 Baulos
676 2459 711 2490 in
733 2459 842 2490 locum
862 2458 1011 2498 corrupti
1032 2458 1162 2499 navigii

287 2510 377 2553 (quo
401 2510 503 2542 Baias
527 2509 676 2542 advecta
702 2508 797 2550 erat)
828 2509 1057 2541 machinosum
1081 2508 1163 2540 illud

287 2561 414 2594 obtulit.
441 2561 628 2601 Discrepat
650 2559 870 2600 aliquantum
894 2559 1014 2592 Dionis
1038 2567 1162 2591 narra-

286 2613 335 2644 tio
359 2611 414 2650 6⁴,
439 2610 500 2643 42:
539 2605 669 2655 πόῤῥω
699 2607 740 2642 δὲ
771 2608 810 2650 ἐς
836 2606 907 2652 τὴν
930 2608 1162 2651 Καμπανίαν

286 2657 440 2722 ἀπάρας
455 2660 520 2692 καὶ
537 2657 771 2707 παραλαβών
787 2656 858 2703 τὴν
871 2661 1021 2706 μητέρα,
1034 2655 1163 2693 έπλευ-

288 2722 355 2745 σεν
379 2710 433 2745 ἐπ
456 2706 578 2754 αὐτῆς
608 2710 756 2754 ἐκείνης
778 2709 847 2753 τῆς
869 2707 964 2751 νεώς
987 2708 1162 2756 λαμτρό-

288 2772 385 2795 τατα
417 2762 733 2820 κεκοσμημένης,
769 2757 821 2802 ὠς
855 2761 921 2793 καὶ
955 2760 1163 2803 ἐπιθυμίαν

289 2808 387 2859 αὐτῇ
412 2810 595 2855 ἐμβαλεῖν
618 2806 679 2844 aei.-
704 2821 794 2843 ποτε
821 2809 867 2856 τῇ
891 2811 955 2854 νηὶ
978 2809 1160 2857 χρῆσθαι.

285 2859 431 2896 Ἐλθών
454 2871 494 2895 τε
517 2862 571 2903 εἰς
585 2860 762 2902 Βαύλους
785 2859 917 2894 δεῖπνά
941 2871 980 2894 τε
1004 2860 1163 2895 πολυτε-

290 2912 455 2946 λέστατα
485 2911 546 2946 ἐπὶ
580 2908 723 2952 πολλὰς
747 2908 893 2957 ἡμέρας
915 2911 1076 2955 ἐποίησε
1098 2913 1164 2945 καὶ

290 2961 367 3007 ’τὴνμ
383 2964 532 3010 μητέρα
554 2961 595 2996 ἐν
618 2958 752 3003 αὐτοῖς
775 2961 1023 3009 φιλοφρόνως
1046 2962 1164 2996 εἱστί-

291 3024 364 3047 ασε
386 3012 465 3046 κτλ.
502 3013 567 3052 Qui
591 3012 723 3045 codicis
748 3012 936 3045 lectionem
959 3013 1083 3045 Baulos
1104 3021 1164 3045 re-

291 3066 422 3103 tinent,
464 3071 571 3105 supra
602 3061 753 3095 verbum
785 3063 874 3094 ducit
908 3064 1055 3096 actionis
1094 3072 1163 3096 uon

291 3114 472 3158 perfectae
499 3122 580 3146 esse
603 3114 639 3145 et
665 3120 813 3151 navem,
848 3121 939 3153 quae
965 3114 1057 3146 inter
1079 3112 1163 3146 alias

293 3165 451 3198 ornatior
479 3163 613 3204 stabat,
646 3163 681 3196 in
712 3163 853 3195 Literno
887 3161 987 3195 litore
1023 3165 1163 3197 stetisse

292 3216 429 3257 putant.
450 3233 486 3239 -
512 3216 651 3254 excepta
665 3230 684 3237 -
698 3229 717 3236 —·
731 3212 903 3254 collocata]
930 3213 1041 3246 Minus
1066 3215 1163 3246 recte

294 3264 385 3297 haec
414 3264 524 3297 verba
557 3272 621 3306 pro
649 3262 810 3296 ablativis
837 3261 960 3294 habuit
986 3263 1160 3303 Walther;

295 3314 482 3348 manifesto
496 3317 578 3347 sunt
591 3313 806 3347 nominativi.
820 3329 855 3336 -
871 3321 1033 3353 superque
1043 3314 1161 3356 ipsum]

295 3364 386 3405 Ergo
403 3365 432 3397 is
449 3363 548 3397 locus
564 3364 599 3397 in
615 3363 775 3396 convivio
792 3362 984 3401 honestior,
1000 3364 1163 3403 quotiens

299 3414 370 3448 duo
393 3413 659 3448 accumberent.
684 3415 761 3447 Non
778 3411 904 3446 refellit.
918 3420 976 3445 me
993 3412 1081 3445 alter
1096 3413 1163 3445 Ta-

1210 2208 1421 2250 Agrippinae
1445 2206 1634 2239 familiares
1658 2209 1693 2239 et
1716 2205 1772 2238 alii
1795 2207 1963 2247 Neronis,
1989 2206 2086 2240 velut

1211 2259 1300 2290 Otho
1335 2258 1391 2300 (cf.
1422 2258 1566 2290 Sueton.
1592 2257 1670 2289 Oth.
1696 2257 1754 2297 3):
1793 2256 1857 2289 sed
1892 2256 1927 2290 in
1963 2256 2082 2290 medio

1210 2308 1320 2349 lecto,
1345 2308 1407 2341 ubi
1424 2307 1508 2340 alias
1526 2309 1598 2340 tres
1615 2306 1779 2340 solebant
1794 2306 1971 2347 collocari,
2000 2309 2084 2340 tunc

1211 2357 1473 2391 accumbebant
1495 2357 1742 2390 tantummodo
1758 2357 1946 2399 Agrippina
1964 2358 1999 2391 et
2014 2359 2086 2391 Ne-

1211 2417 1264 2442 ro.
1290 2408 1342 2442 Cf.
1361 2409 1558 2441 Excursum
1582 2409 1742 2440 nostrum
1759 2406 1805 2439 ad
1824 2407 1942 2439 Horat.
1961 2408 2032 2440 sat.
2050 2409 2084 2448 2,

1212 2459 1244 2492 8.
1274 2477 1308 2482 —
1334 2462 1364 2491 et
1386 2466 1506 2490 rursus
1529 2457 1704 2498 adductus]
1729 2458 1779 2490 De
1804 2465 1991 2496 sermone,
2016 2457 2086 2490 im-

1213 2509 1332 2550 perio,
1358 2508 1501 2541 servitio
1523 2509 1591 2540 cet.
1617 2507 1687 2539 dici
1710 2508 1826 2549 potest
1848 2507 2011 2540 adductus
2026 2506 2083 2549 (cf.

1214 2560 1271 2599 η,
1296 2559 1348 2600 7),
1379 2559 1531 2600 imagine
1561 2557 1699 2591 delecta
1731 2557 1775 2590 ab
1801 2557 1948 2591 habenis
1971 2566 2086 2600 equo-

1213 2617 1312 2648 rum,
1345 2608 1389 2641 de
1420 2607 1625 2641 hominibus
1657 2617 1742 2641 num
1774 2607 1912 2641 dicatur
1936 2607 2085 2641 multum

1214 2659 1349 2692 dubito.
1381 2660 1494 2692 Immo
1519 2660 1682 2701 quotiens
1705 2658 1751 2692 ad
1774 2659 1839 2691 hos
1863 2658 2083 2699 transfertur,

1214 2709 1373 2742 adverbii
1404 2710 1555 2742 formam
1578 2710 1719 2743 Tacitus
1743 2710 1891 2751 excepto
1915 2709 1984 2741 hoc
2007 2707 2085 2742 loco

1214 2770 1284 2793 non
1316 2761 1390 2793 sine
1413 2761 1548 2793 ratione
1574 2761 1766 2802 usurpavit.
1804 2760 1855 2793 Cf.
1881 2759 1968 2792 flist.
1994 2759 2026 2798 3,
2051 2759 2083 2792 7.

1215 2811 1332 2843 Germ.
1359 2810 1411 2844 43.
1438 2811 1572 2843 Rirrsn.
1598 2811 1742 2843 Sueton.
1761 2809 1836 2843 Tib.
1855 2809 1914 2842 68:
1944 2809 2087 2842 adducto

1212 2862 1282 2904 sere
1304 2861 1398 2892 vultu
1422 2860 1616 2901 plerumque
1645 2860 1776 2893 tacitus.
1804 2877 1838 2882 —
1872 2859 2088 2900 prosequitur

1215 2911 1408 2951 abeuntem,
1434 2911 1544 2943 artius
1558 2927 1607 2934 --
1623 2910 1771 2952 haerens]
1797 2910 1984 2942 suetonius
2006 2908 2028 2942 l.
2046 2908 2084 2942 l.:

1213 2962 1320 2994 hilare
1350 2964 1545 3002 prosecutus
1577 2964 1678 3002 atque
1706 2961 1742 2993 in
1767 2961 1917 3002 digressu
1941 2959 2087 3000 papillas

1214 3020 1344 3052 quoque
1371 3012 1593 3044 exosculatus.
1634 3012 1698 3045 Dio
1724 3011 1779 3049 61,
1807 3010 1868 3043 ⁴3:
1904 3007 2086 3056 περιλαμ-

1213 3059 1324 3102 βάνει
1343 3071 1383 3094 τε
1399 3057 1521 3104 αὐτὴν
1538 3061 1603 3094 καὶ
1619 3057 1715 3107 πρὸς
1730 3057 1775 3093 τὸ
1792 3060 1859 3093 στέ
1905 3069 1950 3093 ον
1964 3069 2086 3106 προσ-

1214 3109 1368 3156 αγαγών
1398 3113 1463 3145 καὶ
1494 3109 1663 3155 φιλήσας
1686 3111 1752 3144 καὶ
1771 3108 1819 3143 τὰ
1847 3108 1999 3153 ’μματα
2019 3110 2086 3143 καὶ

1214 3161 1283 3204 τὰς
1305 3166 1447 3209 χεῖρας.
1477 3180 1512 3186 -
1539 3162 1706 3203 explenda
1727 3159 1948 3202 simulatione]
1975 3161 2014 3192 ut
2035 3160 2085 3193 si-

1214 3213 1359 3246 mulatio
1383 3212 1429 3245 ad
1458 3221 1639 3246 summum
1665 3211 1933 3254 perduceretur.
1970 3208 2022 3242 Cf.
2048 3209 2081 3250 3,

1216 3263 1274 3295 ⁴9:
1300 3263 1487 3295 ulciscenda
1509 3266 1624 3295 morte.

1257 3312 1500 3353 &Acen-onia]
1525 3313 1588 3345 Cn.
1603 3310 1802 3347 Acerronii.
1827 3307 1980 3342 consulis
1996 3317 2079 3343 a.u.

1213 3362 1277 3395 790
1294 3363 1338 3405 (6,
1355 3362 1421 3403 45),
1440 3363 1588 3396 fortasse
1605 3361 1692 3399 fllia:
1714 3357 1956 3406 Ἀκερρωνίαν
1970 3356 2081 3392 Πώλ-

1213 3411 1283 3446 λαν
1306 3415 1412 3446 vocat
1432 3413 1496 3446 Dio
1519 3412 1541 3445 l.
1560 3411 1583 3445 l.
1611 3430 1645 3436 —
1670 3419 1770 3452 super
1786 3410 1884 3452 pedes
1904 3409 2080 3444 cubitantis
