2254 3770
801 317 956 362 LIBER
982 317 1088 362 XIII.

1134 317 1235 376 Cap.
1265 318 1304 362 3.
1334 318 1374 363 4.
1911 317 1993 362 393

217 426 400 471 otiosum
430 430 494 469 est
522 431 665 469 vetera
695 431 738 469 et
765 425 1007 484 praesentia
1036 425 1315 477 contendere,
1347 425 1530 483 primum
1560 438 1614 469 ex
1643 424 1713 476 iis,
1745 425 1818 482 qui
1848 437 1993 468 rerum

215 501 334 560 potiti
374 506 536 551 essent,
577 502 791 544 Neronem
821 500 985 545 aIIenae
1014 499 1238 544 facundiae
1268 501 1453 558 eguisse.
1498 514 1596 544 nam
1625 499 1805 544 dictator
1834 499 1994 543 Caesar

215 576 390 620 summis
420 575 660 619 oratoribus
691 575 904 628 aemulus;
942 582 984 620 et
1013 577 1201 633 Augusto
1236 583 1435 633 prompta¹
1465 589 1515 620 ac
1553 574 1771 634 profluens
1804 587 1993 633 quaeque

214 650 388 696 deceret
414 650 650 709 principem
682 650 925 709 eloquentia
955 651 1040 695 fuit.
1082 650 1276 694 Tiberius
1307 657 1443 695 artem
1471 665 1647 709 quoque
1677 649 1875 702 callebat,
1908 663 1994 708 qua

213 725 344 771 verba
382 725 660 784 expenderet,
699 733 789 770 tum
823 726 988 771 validus
1026 726 1224 770 sensibus
1260 732 1332 769 aut
1361 726 1552 770 consulto
1583 726 1819 784 ambiguus.
1865 725 2024 769 etiams

213 801 258 846 C.
290 802 485 859 Caesaris
515 801 682 845 turbata
710 815 831 845 mens
851 802 934 845 vim
959 801 1127 846 dicendi
1158 815 1241 845 non
1265 802 1465 860 corrupit.
1499 815 1579 846 nec
1601 802 1643 844 in
1665 800 1853 852 Claudio,
1884 814 1993 859 quo-

212 877 320 922 tiens
347 877 551 921 meditata
579 877 828 928 dissereret,
861 877 1112 935 elegantiam
1141 877 1397 935 requireres.
1444 878 1556 921 Nero
1586 876 1822 935 puerilibus
1852 876 1990 920 statim

212 953 334 997 annis
363 952 551 996 vividum
571 953 760 996 animum
778 953 820 996 in
841 952 924 996 alia
943 952 1140 996 detorsit:
1173 953 1360 1004 caelare,
1390 953 1587 1011 pingere,
1620 959 1770 997 cantus
1788 959 1860 996 aut
1878 952 1990 1010 regi-

211 1042 309 1072 men
340 1042 550 1087 equorum
579 1042 804 1080 exercere;
841 1035 884 1072 et
918 1027 1147 1087 aliquando
1178 1028 1436 1072 carminibus
1471 1028 1707 1087 pangendis
1736 1029 1879 1072 inesse
1909 1027 1988 1072 sibi

211 1103 420 1148 elementa
451 1103 667 1148 doctrinae
698 1103 962 1148 ostendebat.

323 1179 376 1236 (4)
415 1179 612 1223 Ceterum
651 1179 836 1237 peractis
872 1179 1064 1223 tristitiae
1103 1179 1371 1223 imitamentis
1407 1180 1570 1224 curiam
1604 1180 1824 1236 ingressus
1863 1185 1905 1222 et
1934 1178 1988 1223 de

209 1254 457 1299 auctoritate
487 1261 654 1312 patrum
675 1261 717 1298 et
737 1268 949 1299 consensu
971 1254 1149 1298 militum
1167 1255 1401 1312 praefatus,
1435 1255 1612 1299 consilia
1630 1255 1712 1299 sibi
1733 1261 1775 1298 et
1794 1253 1988 1312 exempla

208 1329 462 1388 capessendi
503 1330 674 1388 egregie
712 1330 879 1388 imperii
910 1331 1176 1381 memoravit,
1218 1344 1361 1389 neque
1391 1330 1602 1374 iuventam
1634 1331 1763 1374 armis
1794 1329 1987 1374 civilibus

208 1412 279 1449 aut
307 1404 553 1450 domesticis
584 1405 810 1449 discordiis
841 1405 1052 1459 inbutam;
1093 1405 1350 1458 nullaodia,
1389 1405 1525 1449 nullas
1554 1406 1729 1449 iniurias
1759 1419 1839 1449 nec
1868 1405 1984 1463 cupi-

207 1480 350 1524 dinem
385 1480 557 1523 ultionis
595 1480 759 1524 afferre.
806 1487 895 1524 tum
931 1481 1107 1524 formam
1146 1481 1269 1524 futuri
1304 1481 1894 1546 Bquflflfilff,„.13.¹ffifi§9?jss§ii1
1935 1494 1985 1531 ea
1999 1487 2035 1518 45

206 1556 388 1601 maxime
418 1556 654 1607 declinans,
692 1570 875 1615 quorum
906 1570 1056 1600 recens
1087 1556 1290 1615 flagrabat
1320 1557 1488 1600 invidia.
1519 1571 1603 1601 non
1634 1556 1749 1600 enim
1777 1571 1824 1601 se
1854 1570 1986 1615 nego-

271 1704 302 1735 4.
327 1703 368 1735 iis
388 1701 615 1736 Puteolanus:
640 1702 691 1735 his
712 1703 746 1736 M
771 1720 807 1726 -
833 1703 866 1735 2.
892 1711 986 1735 cesar
1007 1703 1041 1736 M
1067 1720 1101 1727 —
1129 1703 1160 1736 3.
1186 1704 1312 1736 emulus
1334 1704 1368 1736 M
1392 1721 1427 1726 —
1454 1711 1602 1744 quaeque
1619 1703 1818 1736 Ernestius:
1845 1711 1930 1744 quae
1951 1703 1985 1736 M

207 1777 244 1784 —-
270 1760 302 1792 5.
327 1759 406 1802 tum]
430 1762 500 1792 tam
522 1759 756 1793 Doederleinii
779 1760 944 1802 suspicio.
972 1778 1009 1784 —
1035 1764 1096 1793 aut
1118 1762 1168 1794 M:
1197 1770 1238 1793 ac
1259 1760 1326 1794 alii.
1363 1761 1494 1794 Sensus
1518 1763 1572 1794 est
1603 1761 1735 1793 «modo
1757 1761 1889 1793 validus
1909 1769 1986 1792 sen-

203 1816 310 1857 sibus,
340 1816 447 1849 modo
477 1818 623 1849 consulto
651 1817 837 1859 ambiguus.
866 1836 900 1841 -
932 1818 963 1850 6.
994 1818 1029 1850 0.
1056 1818 1192 1851 Caesari
1219 1818 1395 1850 Heinsius.
1425 1836 1460 1842 —
1491 1818 1523 1851 7.
1553 1818 1724 1850 dissereret
1751 1815 1979 1851 Puteolanus:

204 1874 441 1906 dissererentur
461 1874 496 1907 Μ
520 1891 555 1897 ·-
587 1875 636 1907 Ne
656 1883 723 1915 pro
746 1875 824 1916 (per
847 1874 976 1914 notam)
999 1875 1033 1908 M
1059 1892 1093 1898 -—
1119 1875 1150 1907 8.
1176 1875 1283 1907 celare
1311 1875 1345 1908 M
1371 1891 1406 1898 -
1444 1875 1497 1907 40.
1523 1874 1672 1907 doctrine
1694 1874 1728 1907 M
1755 1892 1789 1898 -
1825 1873 1878 1906 42.
1903 1882 1984 1907 con-

204 1927 300 1964 sensu
320 1930 354 1964 M
379 1948 415 1954 —
442 1930 495 1963 43.
519 1932 710 1972 capescendi
731 1932 766 1964 M
792 1949 827 1955 -
851 1931 1022 1964 inuentam
1044 1932 1079 1965 M
1103 1949 1140 1956 -
1167 1931 1219 1965 ⁴4.
1242 1931 1359 1965 inbuta
1380 1932 1425 1966 M.

204 2057 432 2096 concupiscere
446 2065 589 2088 vacuum
603 2057 678 2098 fuit.
701 2074 736 2081 —-
754 2056 899 2099 Augusto
912 2061 1068 2099 prompta

202 2106 462 2149 --eloquentia]
494 2107 635 2139 Sueton.
661 2108 747 2149 Aug.
774 2108 834 2140 86:
870 2108 978 2141 Genus
999 2108 1068 2140 elo-

202 2157 322 2196 quendi
343 2160 470 2189 secutus
492 2160 539 2189 est
559 2158 690 2198 eleqans
713 2161 743 2190 et
766 2162 984 2199 temperatum
1019 2159 1067 2190 vi-

202 2208 280 2240 tatis
306 2209 543 2240 sententiarum
570 2208 700 2248 ineptiis
728 2211 828 2250 atque
850 2184 1068 2241 concimlitate

202 2260 234 2290 et
254 2258 498 2289 reconditorum
520 2257 711 2297 verborum,
735 2262 772 2290 ul
793 2258 861 2299 ipse
876 2259 972 2298 dicit,
996 2259 1067 2300 foe-

202 2306 347 2345 toribus,·
371 2307 655 2348 praecipuamque
677 2317 794 2339 curam
817 2309 914 2340 ducit
939 2317 1068 2340 sensum

203 2358 309 2389 animi
333 2366 435 2397 quam
457 2359 661 2398 apertissime
683 2359 880 2399 exprimere.
907 2361 932 2391 Α
958 2358 1066 2391 Gellio

201 2408 242 2440 N.
267 2409 305 2439 A.
338 2408 390 2446 45,
424 2407 456 2446 7,
489 2407 508 2440 3
537 2407 692 2450 epistolis
725 2409 869 2449 Augusti
904 2408 1068 2441 tribuitur

201 2457 365 2498 elegantia
387 2458 549 2490 orationis
562 2467 666 2499 neque
680 2467 813 2490 morosa
827 2468 930 2499 neque
945 2460 1064 2499 anxia,

201 2507 256 2539 sed
276 2506 387 2548 facilis
401 2510 431 2539 et
446 2508 596 2549 simplex.
618 2526 652 2531 -
673 2517 822 2549 quaeque
836 2509 960 2541 deceret
972 2510 1066 2549 prin-

201 2556 316 2598 cipem]
343 2556 486 2598 Vulgata
511 2557 625 2599 (qaae)
658 2560 753 2590 recte
777 2567 815 2591 se
838 2558 1006 2598 haberet,
1037 2559 1066 2591 si

200 2608 364 2649 prompta
388 2615 429 2639 ac
448 2606 627 2649 profluens
644 2607 844 2649 eloquentia
861 2617 925 2649 per
940 2616 978 2641 se
996 2609 1064 2641 iam

201 2657 398 2699 principem
421 2656 582 2694 deceret:
609 2657 673 2690 sed
699 2657 774 2690 talis
792 2657 988 2700 eloquentia
1006 2668 1066 2700 po-

201 2708 272 2740 test
294 2715 370 2739 esse
401 2709 436 2740 et
462 2708 581 2740 tamen
612 2709 806 2750 principem
829 2707 884 2742 vel
911 2710 1064 2742 maxime

202 2757 390 2790 dedecere.
416 2758 535 2799 ltaque
561 2759 662 2790 tertia
683 2758 903 2800 eloquentiae
920 2760 1064 2800 Augusti

200 2807 311 2839 virtus
342 2809 584 2846 enumeratur,
620 2817 710 2849 quae
739 2810 850 2850 posita
875 2810 909 2841 in
933 2808 1063 2842 decore

200 2855 398 2900 principali;
425 2857 519 2898 quod
543 2859 580 2889 ut
598 2857 673 2890 fleri
689 2860 800 2900 possit
816 2858 984 2900 particula
1000 2859 1064 2892 de-

201 2906 377 2939 sideratur
399 2908 458 2938 aut
480 2910 510 2939 et
532 2909 590 2939 aut
613 2916 684 2947 que.
711 2909 844 2940 Βιττεκ.
862 2926 905 2931 —-
926 2908 959 2941 C.
980 2909 1064 2941 Cae-

199 2955 298 2998 saris]
329 2956 471 2988 Sueton.
498 2955 603 2997 Calig.
629 2957 688 2989 53:
722 2958 926 2999 eloquentiae
953 2958 1063 2999 pluri-

200 3015 291 3039 mum
314 3006 468 3045 attendit,
493 3007 705 3046 quantumvis
724 3008 888 3049 facundus
902 3011 932 3040 et
952 3017 1064 3049 prom-

197 3059 289 3097 ptus,
313 3057 426 3095 utique
448 3056 476 3086 si
496 3057 724 3095 perorandum
746 3057 781 3089 in
803 3058 948 3096 aliquem
970 3061 1060 3091 esset.

203 3122 239 3128 -
265 3105 402 3138 turbata
422 3105 522 3147 mens]
549 3107 732 3147 vaesania,
758 3107 801 3140 de
826 3116 894 3148 qua
918 3109 1060 3140 sueton.

202 3154 308 3196 Calig.
326 3155 384 3188 50:
410 3156 529 3188 Mentis
550 3155 771 3189 valetudinem
793 3158 904 3197 etipse
918 3161 1064 3189 senserat

200 3214 241 3237 ac
262 3204 396 3236 subinde
417 3205 455 3236 de
477 3214 600 3237 secessu
621 3206 722 3247 deque
739 3207 917 3248 purgando
933 3207 1064 3239 cerebro

200 3255 369 3296 copitavit.
397 3253 446 3286 Cf.
473 3255 592 3287 luven.
612 3255 643 3293 6,
661 3255 740 3288 6⁴4:
766 3256 794 3287 si
815 3265 881 3288 non
898 3257 939 3287 Et
951 3256 1063 3297 furere

199 3304 357 3344 incipias,
381 3307 417 3336 ut
434 3305 616 3337 avunculus
630 3305 684 3336 ille
698 3306 836 3337 Neronis
849 3331 859 3344 ,
885 3306 944 3338 Cui
959 3310 1062 3338 totam

199 3354 328 3386 tremuli
359 3354 501 3394 frontem
536 3355 695 3388 Caesonia
726 3355 810 3395 pulli
839 3356 963 3397 Insedit
990 3357 1057 3389 cet.

199 3401 262 3435 Alii
294 3403 565 3446 interpretantur
599 3404 642 3436 de
674 3404 748 3437 eius
778 3405 975 3443 iracundia,
1012 3405 1058 3438 oh

201 3459 306 3493 quam
335 3461 419 3487 sane
443 3453 480 3494 6,
500 3453 542 3487 45
566 3458 745 3487 commotus
764 3455 896 3496 ingenio
918 3454 1055 3496 dicitur,

1118 2058 1359 2090 consentiente
1398 2057 1562 2090 Suetonio
1590 2055 1696 2098 Calig.
1728 2055 1792 2089 53:
1831 2057 1924 2088 Irato
1953 2058 1984 2088 et

1116 2108 1217 2141 verba
1231 2111 1264 2140 et
1277 2108 1455 2141 sententiae
1469 2107 1690 2148 suppetebant.
1712 2125 1746 2130 —
1765 2116 1823 2139 nec
1837 2106 1872 2139 in
1887 2106 1984 2139 Clau-

1118 2159 1171 2191 dio
1194 2157 1275 2200 cet]
1307 2157 1432 2190 Zellius
1462 2157 1496 2190 in
1527 2157 1660 2192 Claudii
1690 2157 1846 2190 oratione
1870 2156 1979 2197 Lugd.

1116 2217 1150 2250 p.
1178 2208 1237 2240 ⁴9:
1271 2209 1447 2241 «Doctum
1477 2208 1509 2240 in
1536 2216 1577 2239 ea
1601 2216 1639 2240 se
1662 2207 1811 2249 praebet
1833 2208 1868 2239 et
1890 2207 1982 2239 anti-

1118 2267 1265 2298 quarum
1298 2266 1417 2290 rerum
1442 2258 1578 2290 curiose
1601 2259 1772 2299 peritum,
1804 2256 1867 2290 sed
1891 2256 1981 2288 abu-

1116 2310 1199 2340 titur
1227 2308 1422 2341 eruditione
1452 2310 1487 2340 et
1509 2307 1622 2340 alieno
1652 2307 1728 2340 loco
1753 2316 1831 2339 eam
1855 2308 1978 2343 iactat;

1117 2359 1285 2392 orationis
1321 2358 1529 2399 elegantiam
1565 2367 1632 2390 non
1669 2358 1851 2391 desideres
1866 2384 1874 2399 ‚
1916 2358 1980 2391 sed

1117 2411 1237 2442 orator
1259 2408 1367 2441 multa
1392 2410 1566 2442 immiscet
1590 2418 1609 2441 a
1626 2418 1731 2442 causa
1750 2408 1851 2450 plane
1867 2408 1979 2441 aliena

1117 2460 1152 2491 et
1174 2468 1239 2501 per
1262 2459 1431 2500 ambages
1453 2460 1577 2501 repit.»
1604 2458 1660 2499 'Ctss
1687 2460 1830 2491 Sueton.
1856 2457 1978 2491 Claud.

1118 2509 1152 2542 tt
1170 2519 1176 2541 ε
1211 2510 1396 2550 Composuit
1426 2513 1455 2542 et
1481 2511 1519 2542 de
1540 2511 1612 2542 vita
1633 2518 1697 2541 sua
1720 2513 1790 2541 octo
1811 2509 1981 2541 volumina

1117 2561 1226 2602 magis
1248 2561 1354 2601 inepte
1369 2569 1472 2601 quam
1494 2560 1705 2602 ineleyanter.
1727 2577 1759 2583 -
1779 2559 1981 2592 carminibus

1112 2610 1308 2651 pangendis]
1334 2609 1383 2642 Cf.
1411 2609 1464 2649 tt,
1484 2610 1536 2642 46.
1562 2610 1625 2642 Dio
1649 2610 1701 2650 62,
1720 2610 1779 2642 29:
1807 2605 1829 2642 ὁ
1851 2607 1892 2642 δὲ
1907 2609 1980 2642 Νέ·

1115 2670 1190 2706 ρων
1213 2654 1311 2692 ἄλλα
1333 2662 1373 2691 ἰε’
1395 2657 1526 2703 γελοῖα
1548 2655 1706 2706 ἔπραττε
1727 2660 1899 2701 καίποτε
1914 2660 1979 2692 καὶ

1114 2710 1174 2742 ἐπὶ
1203 2706 1273 2752 τὴν
1301 2707 1369 2742 τοῦ
1394 2707 1557 2755 θεάτρου
1581 2706 1799 2754 ὀρχήστραν
1821 2709 1862 2743 ἐν
1884 2719 1978 2742 παν-

1114 2757 1224 2804 δήμῳ
1247 2760 1321 2792 τινὶ
1342 2760 1415 2804 θέᾳ
1431 2759 1574 2803 κατέβη
1590 2761 1654 2793 καὶ
1670 2756 1813 2804 ἀνέγνω
1830 2757 1978 2807 Τρωικά

1114 2820 1197 2843 τινα
1229 2808 1368 2843 ἑαυτοῦ
1398 2808 1605 2854 ποιήματα.
1642 2812 1784 2844 Sueten.
1810 2812 1890 2844 Ner.
1916 2811 1974 2843 38:

1114 2854 1257 2893 ἅλωσιν
1276 2856 1387 2893 Ἰλίου
1418 2861 1452 2892 in
1482 2861 1538 2892 illo
1559 2870 1618 2893 suo
1640 2862 1764 2893 scenico
1786 2860 1899 2893 habitu
1921 2860 1977 2892 de-

1114 2911 1275 2942 cantavit.
1302 2909 1346 2942 Cf
1379 2910 1498 2942 Iuven.
1524 2910 1562 2951 8,
1586 2910 1662 2942 22⁴.

1157 2959 1189 2992 4.
1216 2960 1254 2992 de
1276 2960 1474 2992 auctoritate
1497 2963 1636 3001 patrum
1659 2963 1688 2992 et
1710 2969 1867 2992 consensu
1887 2959 1976 2992 mili-

1113 3009 1199 3050 tum]
1230 3008 1279 3041 Cf.
1308 3009 1360 3048 ⁴2,
1385 3009 1438 3042 69.
1467 3027 1502 3033 -
1534 3010 1672 3042 consilia
1693 3010 1753 3042 sibi
1774 3013 1804 3042 et
1826 3009 1977 3050 exempla

1113 3059 1196 3101 cet.]
1225 3060 1263 3091 In
1294 3058 1463 3101 exemplis
1491 3061 1680 3103 praecipue
1703 3062 1897 3102 Augustum
1924 3061 1976 3092 ia-

1114 3108 1243 3152 ctabat.
1269 3109 1411 3141 sueton.
1429 3110 1510 3142 Ner.
1530 3110 1588 3142 ⁴0:
1612 3111 1732 3151 Atque,
1754 3113 1791 3142 ut
1805 3110 1976 3142 certiorem

1113 3159 1219 3191 adhuc
1249 3159 1390 3191 indolem
1420 3161 1616 3200 ostenderet,
1647 3170 1691 3192 ea>
1711 3160 1849 3201 Augusti
1872 3168 1975 3200 prae-

1112 3208 1234 3248 scripto
1257 3208 1498 3248 imperaturum
1520 3219 1553 3241 se
1570 3210 1748 3251 professus,
1772 3217 1874 3248 neque
1895 3208 1975 3241 libe-

1111 3258 1257 3290 ralitatis
1282 3267 1387 3299 neque
1416 3259 1604 3292 clementiae
1632 3269 1691 3292 nec
1712 3259 1877 3291 comitatis
1899 3260 1974 3300 qui-

1112 3308 1185 3340 dem
1205 3307 1405 3341 exhibendae
1426 3309 1529 3341 ullam
1552 3310 1754 3341 occasionem
1772 3309 1892 3341 omisit.
1919 3309 1969 3342 Cf.

1113 3356 1169 3397 44,
1188 3357 1228 3391 53
1245 3360 1280 3391 et
1295 3360 1349 3391 55.
1372 3377 1399 3383 ——
1427 3360 1608 3392 domesticis
1623 3359 1794 3391 discordiis
1814 3359 1972 3402 inbutam]

1109 3408 1148 3439 ut
1170 3407 1236 3440 sub
1259 3410 1415 3450 Augusto
1438 3412 1518 3451 post
1540 3408 1631 3441 bella
1655 3408 1764 3441 civilia
1789 3409 1825 3442 et
1846 3410 1880 3443 in
1903 3410 1973 3442 iur-

1109 3457 1172 3499 giis
1187 3458 1395 3500 Agrippinae
1413 3467 1494 3491 cum
1510 3459 1673 3499 Augusta.
1693 3458 1743 3491 Ct.
1762 3457 1794 3499 4,
1808 3459 1849 3492 ⁴2
1865 3459 1901 3492 et
1915 3458 1968 3493 40.

1653 1622 1774 1631 ‡--aeu->...‹:
1793 1624 1838 1633 ⁴04,
1846 1626 2071 1644 .<;..Aa»*=4-·„24-m„
