2254 3770
300 282 382 326 538
787 285 832 327 P.
864 283 1115 328 CORNELII
1143 283 1314 328 TAClTI
1343 283 1612 329 ANNALIUM

300 388 441 432 subiit.
487 403 569 434 nec
599 390 730 434 ceteri
760 390 1033 434 centuriones
1062 388 1106 431 in
1133 388 1425 447 perpetiendis
1445 389 1666 448 suppliciis
1686 390 2016 448 degeneravere.
2047 397 2091 434 at

300 478 385 508 non
415 465 572 509 Faenio
602 465 707 509 Rufo
737 479 815 523 par
844 465 1030 516 animus,
1063 464 1141 508 sed
1172 463 1497 509 lamentationes
1527 478 1628 509 suas
1648 465 1777 509 etiam
1797 466 1840 508 in
1860 471 2090 510 testamen-

300 545 389 584 tum
419 539 605 584 contulit.

404 614 723 672 Opperiebatur
750 616 862 659 Nero
892 620 939 658 ut
958 615 1154 660 Vestinus
1185 628 1360 672 quoque
1387 615 1535 659 consul
1560 615 1602 658 in
1635 615 1810 659 crimina
1836 615 2088 668 traheretur,

268 689 533 734 sviolentum
562 696 604 733 et
634 690 845 734 infensum
874 695 1012 742 ratus3
1044 689 1122 734 sed
1153 703 1206 733 ex
1236 690 1467 734 coniuratis
1498 690 1675 734 consilia
1695 704 1793 735 cum
1812 691 1984 735 Vestino
2005 705 2090 735 non

301 766 558 809 miscuerant
578 765 753 823 quidam
780 765 959 809 vetustis
989 765 1031 808 in
1054 779 1153 809 eum
1174 764 1470 816 simultatibus,
1502 765 1659 823 plures,
1691 766 1793 823 quia
1812 766 2090 824 praecipitem

301 847 343 884 et
372 840 665 884 insociabilem
694 840 939 884 credebant.
983 847 1174 884 ceterum
1203 841 1359 884 Neroni
1390 840 1537 884 odium
1568 840 1777 884 adversus
1799 841 2015 885 Vestinum
2037 855 2092 886 ex

299 915 446 959 intima
475 916 697 960 sodalitate
727 922 946 974 coeperat,
981 915 1083 958 dum
1113 915 1181 959 hic
1211 915 1422 973 ignaviam
1453 916 1656 974 principis
1687 916 1855 972 penitus
1881 917 2093 974 cognitam

301 991 501 1050 despicit,
535 991 605 1035 ille
635 991 839 1035 ferociam
870 991 994 1034 amici
1025 990 1190 1040 metuit,
1224 1004 1355 1048 saepe
1385 991 1551 1048 asperis
1582 991 1744 1035 facetiis
1767 991 1948 1043 inlusus,
1979 1005 2094 1050 quae

250 1080 288 1111 io
300 1067 373 1110 ubi
403 1066 579 1110 multum
611 1080 665 1110 ex
683 1080 788 1110 vero
819 1073 999 1117 traxere,
1031 1079 1175 1110 acrem
1196 1066 1261 1109 sui
1289 1066 1540 1109 memoriam
1562 1066 1817 1124 relinquunt.
1850 1074 2095 1112 accesserat

299 1156 456 1200 repens
487 1155 628 1194 causa,
660 1141 777 1200 quod
800 1142 996 1186 Vestinus
1018 1141 1223 1185 Statiliam
1245 1140 1515 1184 Messalinam
1536 1142 1803 1185 matrimonio
1834 1142 1915 1186 sibi
1946 1142 2094 1187 iunxe-

300 1224 385 1269 rat,
415 1217 518 1261 haut
547 1217 720 1261 nescius
750 1217 859 1260 inter
888 1216 1104 1260 adulteros
1135 1217 1229 1260 eius
1259 1222 1301 1260 et
1332 1217 1563 1260 Caesarem
1595 1230 1706 1260 esse.
1754 1217 1837 1273 (69)
1859 1217 1985 1274 igitur
2005 1231 2091 1261 non

301 1293 496 1342 crimine,
540 1306 623 1336 non
664 1298 914 1336 accusatore
955 1292 1182 1342 existente,
1226 1292 1328 1350 quia
1366 1292 1557 1349 speciem
1597 1291 1752 1335 iudicis
1791 1291 1970 1336 induere
2009 1305 2094 1337 non

299 1374 477 1427 poterat,
507 1367 561 1411 ad
586 1367 670 1411 vim
692 1366 992 1410 dominationis
1019 1381 1252 1411 conversus
1274 1366 1545 1410 Gerellanum
1564 1366 1780 1411 tribunum
1799 1380 1898 1411 cum
1919 1366 2094 1412 cohorte

251 1455 287 1486 ⁴5
301 1443 479 1487 militum
518 1443 686 1486 inmittit
727 1442 931 1501 iubetque
971 1443 1225 1500 praevenire
1265 1448 1442 1486 conatus
1482 1442 1687 1493 consulis,
1728 1455 1944 1500 occupare
1979 1442 2096 1486 velut

301 1532 445 1563 arcem
476 1519 591 1570 eius,
631 1518 872 1576 opprimere
904 1517 1113 1562 delectam
1143 1517 1426 1569 iuventutem,
1469 1518 1571 1576 quia
1599 1517 1797 1561 Vestinus
1826 1518 2095 1562 imminentes

301 1594 392 1638 foro
423 1594 556 1638 aedes
586 1593 834 1651 decoraque
856 1593 1030 1636 servitia
1049 1600 1092 1637 et
1111 1593 1205 1651 pari
1226 1599 1365 1637 aetate
1389 1593 1583 1637 habebat.
1616 1600 1767 1637 cuncta
1788 1607 1840 1637 eo
1861 1593 1931 1637 die
1953 1593 2098 1638 munia

303 1669 490 1713 consulis
521 1668 772 1727 impleverat
801 1668 1132 1726 conviviumque
1162 1667 1427 1720 celebrabat,
1461 1668 1561 1711 nihil
1594 1674 1788 1712 metuens
1818 1682 1872 1712 an
1895 1669 2097 1713 dissimu-

302 1745 431 1789 lando
461 1751 598 1797 metu,
631 1759 728 1789 cum
758 1745 942 1802 ingressi
973 1744 1127 1788 milites
1155 1744 1301 1788 vocari
1332 1757 1432 1787 eum
1460 1757 1486 1787 a
1514 1743 1684 1788 tribuno
1706 1744 1868 1788 dixere.
1899 1743 1969 1788 ille
1993 1743 2094 1789 nihil

252 1821 550 1866 2odemoratus
597 1820 807 1877 exsurgit,
853 1826 896 1863 et
939 1820 1082 1863 omnia
1117 1819 1243 1863 simul
1281 1826 1590 1877 properantur:
1636 1818 1848 1863 clauditur
1883 1819 2094 1871 cubiculo,

368 1962 399 1994 l.
424 1960 522 2007 ceteri
544 1960 576 1994 M
607 1977 642 1982 —
680 1960 711 1992 2.
736 1959 826 2005 senio
849 1960 901 1993 M:
934 1959 1036 1992 Fenio
1058 1957 1173 2000 vulgo.
1206 1958 1294 1991 Vide
1319 1957 1364 1991 ad
1393 1967 1426 2000 p.
1451 1957 1527 1998 407,
1552 1959 1584 1991 5.
1618 1976 1653 1981 —
1687 1957 1718 1991 4.
1744 1958 1888 1992 crimina
1908 1959 2098 1992 traheretur

302 2019 472 2051 Ritterus:
509 2017 633 2049 crimen
662 2016 876 2048 alrahcrelwr
903 2016 954 2053 M;
991 2015 1116 2047 crimen
1143 2015 1336 2047 traheretur
1361 2013 1437 2052 aiii,
1473 2014 1599 2047 crimen
1622 2015 1849 2048 attraheretur
1870 2013 2030 2048 Orellius.
2057 2032 2094 2040 —

301 2075 334 2108 7.
359 2077 503 2120 celerum
524 2074 557 2107 M
583 2091 618 2096 —
644 2072 762 2105 neroni
783 2073 834 2105 M:
861 2072 1004 2104 Neronis
1026 2070 1093 2104 alii.
1114 2088 1150 2095 —
1177 2071 1208 2104 8.
1232 2071 1340 2104 im‘ma
1361 2071 1482 2103 sodiali
1503 2074 1557 2103 ate
1579 2074 1713 2117 ceperat
1734 2072 1768 2105 M
1790 2089 1835 2095 —
1850 2072 1984 2118 penitus
2005 2072 2039 2104 M
2055 2087 2092 2095 -

302 2133 355 2165 Μ.
379 2140 497 2172 repens
518 2131 570 2164 M:
594 2139 706 2163 recens
728 2130 875 2172 Lipsius.
905 2147 940 2153 —
971 2130 1151 2162 iuncxerac
1173 2132 1233 2161 aut
1255 2129 1289 2162 M
1315 2146 1351 2151 —-
1378 2128 1430 2161 43.
1455 2129 1609 2169 {speciem
1632 2129 1664 2162 M
1689 2146 1726 2151 —
1750 2128 1870 2161 iudicis
1893 2129 1938 2161 G:
1964 2127 2095 2161 indiciis

302 2188 336 2222 M
363 2206 398 2212 —
424 2187 477 2221 44.
501 2186 708 2229 qerellanum
731 2187 781 2220 M:
808 2185 1008 2218 Gerelanum
1030 2184 1096 2217 alii.
1124 2184 1175 2218 Cf.
1195 2185 1300 2227 Corp,
1321 2185 1432 2217 Inscr.
1452 2185 1508 2217 Gr.
1527 2193 1562 2217 n.
1581 2184 1679 2217 2259.
1708 2202 1744 2209 -
1772 2185 1825 2217 45.
1851 2192 2014 2226 occupare
2027 2185 2098 2216 Pu-

302 2243 481 2278 teolanus:
506 2246 684 2284 occuparet
706 2243 739 2276 M
765 2260 801 2266 —
827 2242 879 2274 47.
906 2242 1028 2274 decora
1049 2249 1112 2287 ρας
1134 2241 1169 2275 M
1198 2258 1242 2265 —
1270 2240 1325 2274 48.
1349 2239 1537 2274 celebrabat
1561 2241 1607 2273 G:
1633 2239 1776 2274 celebrat
1797 2241 1831 2275 M
1855 2257 1891 2264 -
1918 2239 1971 2273 49.
1997 2239 2100 2273 nichil

302 2301 338 2334 h.
356 2299 378 2334 l.
397 2301 446 2341 M,
471 2309 576 2342 supra
600 2299 644 2342 (v.
662 2299 713 2341 48)
736 2299 829 2332 nihil.

302 2435 338 2469 p.
357 2425 440 2466 ⁴04,
466 2426 535 2459 hoc
558 2425 692 2458 dictum
714 2425 800 2457 item
817 2423 969 2466 Sulpicio
992 2423 1171 2457 tribuens:

293 2472 432 2517 Ἄλλως
454 2485 520 2508 σοι
541 2473 744 2518 βοηθῆσαι
767 2470 839 2507 οὐκ
863 2470 1063 2517 ἠδυνάμην
1085 2469 1174 2507 οὐδὲ

303 2524 450 2561 παῦσαι
464 2522 779 2569 ἀσχημονοῦντα,
805 2525 840 2557 εἰ
851 2522 907 2568 μὴ
924 2522 987 2557 διὰ
1002 2522 1070 2560 τοῦ
1087 2520 1175 2556 ἀνε-

303 2577 382 2610 λεῖν
398 2587 453 2610 σε.
473 2595 508 2600 -
528 2580 642 2608 alnon
652 2575 787 2618 Faenio]
804 2576 895 2608 Scite
914 2575 1059 2617 opponit
1073 2583 1176 2616 prae-

302 2628 386 2661 fecti
407 2627 582 2669 praetorio
606 2626 782 2667 ignaviam
808 2626 1054 2658 centurionum
1082 2625 1177 2658 forti-

303 2677 414 2710 tudini
431 2679 536 2719 atque
554 2676 782 2709 constantiae.
804 2693 839 2698 —
853 2674 1081 2716 praecipitem]
1100 2676 1176 2707 «te-

304 2728 495 2761 merarium
513 2735 554 2758 ac
570 2727 758 2767 propterea
774 2725 933 2758 societati
949 2724 1176 2758 consiliorum

303 2785 430 2820 parum
453 2778 608 2819 aptum».
635 2775 685 2808 Cf.
713 2776 799 2808 Hist.
822 2774 855 2814 4,
877 2775 936 2807 37:
967 2775 1086 2816 vulqus
1108 2775 1177 2806 sine

302 2831 430 2860 rectore
449 2834 619 2868 praeceps.
640 2842 675 2849 -
701 2824 828 2867 repens]
853 2825 1037 2867 repentina
1058 2833 1100 2856 ac
1116 2833 1175 2856 re-

304 2886 401 2911 cens.
429 2876 478 2910 Cf.
499 2876 531 2916 6,
553 2876 586 2908 7.
606 2894 642 2899 -
659 2875 832 2908 Statiliam
848 2874 1073 2916 Messalinam]
1091 2875 1175 2906 Sue-

304 2928 420 2960 tonius
442 2928 523 2959 Ner.
550 2926 613 2959 35:
639 2926 754 2958 deinde
778 2926 869 2967 (post
891 2926 1092 2967 Poppaeam
1116 2925 1177 2957 Sa-

305 2977 437 3017 binam)
464 2977 634 3009 Statiliam
656 2977 871 3009 Messalinam
895 2977 1053 3016 (uxorem
1078 2974 1176 3007 duxit

303 3029 429 3068 Nero),
464 3027 565 3060 Tauri
593 3026 641 3058 bis
662 3026 805 3058 consulis
826 3034 867 3057 ac
890 3026 1100 3066 triumphalis
1127 3025 1173 3066 (6,

305 3078 357 3119 Μ)
382 3077 561 3118 abneptem.
596 3077 671 3117 Qua
695 3078 732 3108 nl
758 3078 939 3116 poteretur,
966 3076 1080 3108 virum
1105 3077 1177 3108 eius

302 3128 446 3161 Atticum
465 3127 628 3159 Vestinum
642 3126 808 3158 consulem
829 3125 864 3157 in
884 3125 1007 3157 honore
1020 3127 1091 3166 ipso
1107 3129 1178 3157 tru-

305 3178 438 3211 cidavit.
464 3175 618 3209 Alteram
634 3183 778 3208 causam
802 3174 900 3207 addit
922 3174 1080 3215 Tacitus,
1105 3176 1176 3208 Ne-

305 3228 401 3260 ronis
425 3227 528 3259 vetus
553 3226 588 3258 in
613 3234 695 3258 eum
719 3224 852 3257 odium.

350 3278 402 3310 69.
427 3277 565 3317 speciem
581 3275 701 3308 iudicis
717 3273 863 3316 induere]
889 3273 1041 3315 legitima
1059 3274 1176 3307 iudicii

307 3328 426 3370 specie
449 3327 637 3368 adsumpta
656 3326 840 3359 Vestinum
865 3324 1116 3358 condemnare.
1137 3342 1174 3349 -

306 3379 394 3410 velut
415 3376 538 3419 arcem]
564 3377 733 3418 Loquitur
749 3375 850 3416 quasi
866 3374 911 3408 de
928 3377 1091 3416 tyranno,
1118 3376 1178 3417 qui

308 3427 407 3460 urbis
419 3435 551 3468 arcem,
568 3422 790 3474 ἀκρόπολιν,
803 3425 944 3458 iamiam
956 3426 1175 3467 occupasset.

1227 2424 1301 2462 Qua
1325 2424 1446 2465 specie
1470 2424 1563 2456 Nero
1587 2431 1700 2455 arcem
1714 2422 1847 2456 Vestini
1871 2422 2018 2455 domum
2039 2430 2102 2455 vo-

1227 2474 1370 2513 caverit,
1397 2474 1526 2506 docent
1544 2472 1668 2513 verba,
1694 2481 1785 2514 quae
1801 2475 2011 2515 sequuntur,
2034 2473 2101 2505 im-

1225 2524 1382 2556 minentes
1410 2524 1485 2565 foro
1518 2523 1624 2556 aedes.
1659 2540 1693 2546 -
1727 2521 1896 2564 delectam]
1928 2522 2030 2564 quasi
2055 2521 2100 2555 ad

1227 2573 1384 2607 militiam
1408 2576 1444 2607 et
1466 2573 1512 2607 ad
1535 2572 1812 2616 oppugnandum
1835 2573 2043 2615 principem.
2059 2589 2097 2598 -

1222 2625 1304 2665 pari
1326 2625 1450 2665 aetate]
1483 2624 1651 2666 Loquitur
1681 2624 1890 2665 praesertim
1915 2622 1959 2656 de
1987 2622 2100 2656 servis

1226 2675 1435 2714 iunioribus,
1461 2676 1520 2716 qui
1537 2675 1572 2706 in
1589 2673 1800 2715 apparandis
1816 2674 1984 2706 conviviis
1999 2682 2100 2707 com-

1227 2724 1419 2766 parebant3
1452 2724 1562 2757 ceteri
1591 2724 1663 2755 iam
1692 2724 1845 2756 maiores
1872 2725 1955 2756 natu
1978 2731 2101 2756 semo-

1227 2774 1414 2814 vebantur,
1440 2774 1516 2814 vel,
1540 2774 1601 2806 ubi
1623 2774 1711 2806 hero
1726 2774 1855 2812 visum,
1879 2782 2012 2806 venum
2028 2772 2101 2806 dati

1228 2826 1340 2857 erant.
1359 2842 1392 2847 -
1405 2828 1540 2866 praesto
1556 2827 1602 2856 est
1616 2822 1771 2864 medicus]
1789 2823 1932 2855 sueton.
1946 2823 2029 2856 Ner.
2043 2822 2098 2855 37:

1227 2875 1316 2907 Mori
1337 2875 1436 2906 iussis
1457 2883 1522 2906 non
1547 2874 1692 2914 amplius
1715 2881 1818 2914 quam
1842 2873 2005 2905 horarum
2026 2880 2103 2914 φα-

1226 2925 1309 2957 tium
1339 2924 1459 2963 dabat,·
1491 2933 1534 2956 ac
1562 2932 1602 2956 ne
1632 2923 1714 2965 quid
1736 2930 1851 2955 morae
1875 2923 2099 2962 interveniret,

1225 2975 1368 3007 medicos
1398 2973 1612 3014 admovebat,
1645 2975 1703 3014 qui
1733 2975 1925 3005 cunctantes
1947 2972 2101 3005 continuo

1226 3027 1388 3057 curarent
1424 3024 1488 3066 (ita
1521 3025 1609 3057 enim
1642 3023 1828 3056 vocabatur
1854 3031 1957 3054 venas
1985 3021 2102 3054 mortis

1226 3075 1342 3117 qratia
1363 3073 1534 3116 incidere).
1554 3091 1589 3097 —
1611 3075 1722 3106 omissi
1744 3072 1830 3114 sunt]
1856 3081 1876 3104 a
1893 3070 2100 3105 custodibus

1229 3123 1360 3157 nullam
1384 3125 1455 3157 iam
1472 3133 1595 3156 curam
1612 3133 1738 3157 eorum
1754 3122 1971 3165 gerentibus,
1995 3121 2101 3154 adeo-

1229 3184 1298 3216 que
1322 3173 1468 3207 dimissi.
1507 3173 1684 3207 «Verbum
1708 3174 1857 3206 omittere
1879 3174 1915 3205 et
1929 3172 2048 3204 Tacito
2065 3172 2101 3204 et

1228 3224 1302 3258 aliis
1333 3224 1462 3257 dicitur
1492 3224 1537 3257 de
1562 3225 1623 3264 iis,
1656 3233 1747 3266 quae
1770 3232 1843 3256 non
1866 3221 2096 3263 custodimus,

1229 3276 1267 3307 ut
1287 3275 1495 3307 munimenta
1516 3275 1665 3307 omittere
1686 3273 1724 3314 4,
1748 3273 1826 3306 5⁴.»
1849 3272 1929 3306 Em«.

1273 3374 1327 3406 70.
1345 3382 1462 3406 versus
1475 3373 1573 3415 ipsos]
1591 3374 1678 3405 Sunt
1692 3371 1788 3405 haud
1800 3370 1906 3404 dubie
1924 3371 1979 3404 isti
1991 3370 2098 3404 Phar-

1229 3423 1291 3458 sal.
1310 3423 1342 3464 3,
1368 3424 1431 3457 635
1448 3432 1548 3466 sqq.:
1580 3423 1705 3459 Ferrea
1731 3422 1810 3454 dum
1832 3421 1936 3465 puppi
1960 3421 2098 3463 rapidos
