2254 3770
271 301 355 345 234
763 305 808 348 P.
840 303 1089 348 CORNELII
1118 305 1288 349 TACITI
1318 305 1586 350 ANNALIUM

271 408 306 452 si
336 410 514 454 maritus
543 411 688 455 Liviae
718 418 1009 470 quaereretur,
1043 411 1219 456 haberet
1249 412 1291 455 in
1321 412 1461 456 animo
1491 412 1675 456 amicum
1705 411 1796 456 sola
1824 411 2060 456 necessitu-

273 483 384 528 dinis
414 485 549 543 gloria
578 500 766 530 usurum.
815 500 900 530 non
931 487 1044 531 enim
1073 502 1230 532 exuere
1265 487 1447 545 inposita
1489 487 1650 531 munia:
1693 487 1794 532 satis
1833 487 2058 531 aestimare

273 559 430 604 firmari
451 559 623 605 domum
654 561 883 606 adversum
913 562 1080 621 iniquas
1100 562 1356 621 Agrippinae
1376 561 1647 612 offensiones,
1680 562 1810 622 idque
1830 562 2061 606 liberorum

273 649 416 679 causa.
462 649 559 680 nam
597 635 677 680 sibi
719 636 894 681 multum
931 652 1149 697 superque
1189 638 1299 681 vitae
1338 637 1446 691 fore,
1484 637 1600 696 quod
1638 637 1707 682 tali
1743 652 1840 683 cum
1868 637 2060 696 principe

241 710 542 769 sexplevisset.
585 711 667 769 (40)
699 711 753 756 ad
784 726 835 756 ea
872 712 1064 757 Tiberius
1105 712 1274 757 laudata
1315 713 1470 770 pietate
1509 713 1650 757 Seiani
1680 715 1858 772 suisque
1888 713 1930 756 in
1961 726 2061 757 eum

272 785 494 830 beneficiis
524 787 692 831 modice
722 788 951 846 percursis,
984 803 1082 832 cum
1113 795 1279 846 tempus
1310 794 1526 847 tamquam
1548 788 1602 832 ad
1622 789 1828 845 integram
1848 787 2061 832 consulta-

273 860 432 904 tionem
462 862 700 919 petivisset,
742 862 951 914 adiunxit,
984 864 1137 908 ceteris
1167 863 1417 907 mortalibus
1447 864 1489 907 in
1520 878 1573 908 eo
1605 870 1718 908 stare
1749 862 1926 907 consilia
1957 861 2059 921 quid

273 935 354 980 sibi
375 937 618 982 conducere
638 944 796 996 putent,
828 939 1064 997 principum
1087 939 1302 983 diversam
1322 953 1420 983 esse
1441 945 1611 990 sortem,
1644 938 1801 997 quibus
1830 938 2063 997 praecipua
2087 930 2090 934 ’
2132 991 2137 996 “

274 1025 418 1056 rerum
441 1012 494 1056 ad
517 1011 669 1056 famam
692 1013 937 1072 derigenda.
980 1015 1078 1058 ideo
1109 1029 1157 1058 se
1188 1029 1272 1058 non
1303 1013 1401 1058 illuc
1421 1014 1652 1059 decurrere
1672 1013 1789 1073 quod
1818 1019 2063 1072 promptum

225 1100 261 1131 oo
274 1088 505 1146 rescriptu,
547 1103 676 1146 posse
717 1090 852 1147 ipsam
883 1090 1040 1133 Liviam
1073 1096 1280 1140 statuere,
1323 1089 1569 1134 nubendum
1599 1098 1696 1148 post
1726 1091 1910 1133 Drusum
1939 1102 1993 1132 an
2021 1088 2063 1132 in

274 1162 501 1221 penatibus
521 1164 659 1208 isdem
683 1164 949 1208 tolerandum
970 1165 1165 1218 haberet;
1197 1179 1295 1209 esse
1317 1164 1373 1208 illi
1403 1152 1582 1221 matrem
1612 1172 1654 1210 et
1682 1165 1831 1215 aviam,
1863 1163 2065 1223 propiora

276 1238 464 1283 consilia.
495 1239 728 1297 simplicius
749 1247 958 1284 acturum:
989 1240 1043 1284 de
1064 1241 1293 1284 inimicitiis
1315 1241 1498 1299 primum
1517 1241 1785 1299 Agrippinae,
1809 1254 1917 1299 quas
1937 1239 2063 1296 longe

275 1315 415 1358 acrius
445 1328 629 1364 arsuras,
662 1315 697 1359 si
728 1315 1042 1359 matrimonium
1069 1316 1213 1360 Liviae
1243 1315 1358 1360 velut
1386 1316 1428 1359 in
1458 1322 1601 1374 partes
1631 1316 1807 1359 domum
1833 1316 2064 1360 Caesarum

275 1388 551 1434 distraxisset.
597 1390 660 1434 sic
690 1404 865 1449 quoque
897 1405 1124 1450 erumpere
1156 1391 1484 1435 aemulationem
1515 1391 1777 1441 feminarum,
1810 1404 1948 1449 eaque
1978 1389 2065 1434 dis-

227 1478 262 1508 ¹5
276 1465 422 1510 cordia
453 1473 632 1524 nepotes
664 1479 767 1510 suos
798 1466 999 1524 convelli:
1031 1467 1133 1526 quid
1166 1467 1200 1511 si
1232 1467 1474 1511 intendatur
1499 1473 1712 1510 certamen
1742 1465 1813 1510 tali
1837 1465 2064 1524 coniugio?

279 1540 458 1585 «falleris
480 1541 605 1591 enim,
638 1542 805 1592 Seiane,
838 1543 874 1586 si
897 1549 937 1585 te
957 1556 1204 1586 mansurum
1233 1542 1274 1585 in
1297 1542 1451 1586 eodem
1471 1541 1621 1586 ordine
1649 1548 1785 1600 putas,
1818 1547 1860 1585 et
1890 1540 2062 1591 Liviam,

276 1631 387 1676 quae
419 1617 463 1661 C.
497 1617 687 1668 Caesari,
729 1632 829 1661 mox
857 1619 997 1661 Druso
1037 1625 1168 1676 nupta
1202 1618 1344 1668 fuerit,
1385 1632 1436 1662 ea
1476 1624 1617 1661 mente
1657 1623 1847 1661 acturam
1886 1623 1933 1660 ut
1968 1630 2064 1661 cum

276 1693 420 1751 equite
449 1695 639 1737 Romano
670 1700 879 1737 senescat.
927 1708 1007 1751 ego
1048 1701 1091 1737 ut
1130 1693 1282 1744 sinam,
1324 1693 1519 1737 credisne
1558 1705 1761 1751 passuros
1791 1692 1866 1750 qui
1894 1691 2065 1736 fratrem

276 1768 381 1820 eius,
414 1769 488 1828 qui
520 1775 682 1827 patrem
713 1769 986 1827 maioresque
1016 1776 1186 1813 nostros
1218 1769 1258 1812 in
1289 1769 1466 1812 summis
1497 1768 1687 1826 imperiis
1717 1767 1892 1811 videre?
1926 1766 1991 1810 vis
2020 1772 2066 1810 tu

226 1856 264 1886 20
277 1843 452 1903 quidem
481 1845 606 1888 istum
638 1844 744 1888 intra
773 1844 913 1889 locum
944 1845 1118 1888 sistere:
1163 1845 1240 1888 sed
1271 1843 1328 1886 illi
1358 1843 1626 1901 magistratus
1656 1849 1699 1887 et
1727 1843 1958 1901 primores,
1991 1842 2065 1900 qui

275 1926 317 1963 te
348 1919 524 1963 invitum
552 1926 833 1978 perrumpunt
863 1920 1148 1978 omnibusque
1179 1919 1233 1963 de
1269 1919 1399 1963 rebus
1430 1918 1672 1969 consulunt,
1710 1918 1950 1962 excessisse
1981 1918 2062 1961 iam

275 1994 443 2053 pridem
472 2002 674 2053 equestre
705 1995 916 2052 fastigium
945 1994 1158 2053 longeque
1187 1995 1345 2039 antisse
1376 1995 1507 2053 patris
1536 1994 1619 2038 mei
1651 1993 1856 2037 amicitias
1887 2007 1971 2037 non
1993 2006 2066 2037 oc-

276 2069 375 2114 culti
406 2070 554 2118 ferunt,
586 2084 751 2129 perque
782 2069 982 2114 invidiam
1011 2070 1070 2114 tui
1101 2085 1169 2114 me
1200 2084 1374 2129 quoque
1404 2070 1607 2113 incusant.
1654 2075 1696 2113 at
1716 2069 1830 2113 enim
1850 2070 2064 2125 Augustus

342 2204 374 2236 4.
398 2203 530 2236 haberet
552 2204 677 2236 ianimo
700 2205 731 2236 Μ
759 2221 794 2226 -
820 2203 852 2236 2.
878 2212 1016 2236 exsuere
1040 2204 1071 2236 M
1098 2221 1133 2227 —
1160 2204 1191 2236 6.
1216 2203 1382 2246 ueneficiis
1405 2212 1456 2245 pr.
1483 2204 1515 2236 M
1541 2221 1574 2226 —
1603 2202 1634 2234 9.
1660 2202 1840 2244 derigenda
1862 2211 1915 2244 pr.
1934 2203 1985 2235 M:
2011 2201 2067 2234 di-

275 2260 417 2302 riganda
445 2269 536 2293 corr
562 2261 608 2294 M.
635 2259 685 2293 Cf
710 2269 784 2293 var.
810 2260 892 2293 lect.
917 2260 962 2293 ad
985 2260 1022 2301 2,
1048 2259 1102 2293 45.
1132 2278 1165 2283 -
1201 2260 1252 2293 49.
1278 2261 1469 2300 maioreque
1499 2260 1529 2292 M
1565 2277 1600 2282 -
1634 2259 1689 2291 24.
1714 2258 1856 2290 invitum
1887 2256 2062 2290 Halmius:

275 2317 381 2350 inuite
402 2326 455 2359 pr
482 2318 532 2356 M;
567 2318 674 2350 inuito
704 2326 795 2351 corr.
821 2318 854 2351 M
886 2335 919 2341 —
952 2318 1005 2354 22.
1028 2318 1175 2358 peridem
1196 2326 1249 2360 pr.
1276 2318 1308 2350 M
1334 2334 1370 2340 —
1401 2317 1559 2358 tonqequa
1581 2315 1786 2348 Rhenanus:
1812 2314 1944 2356 leyeque
1966 2315 1997 2347 M
2025 2331 2062 2337 —

276 2374 331 2407 23.
350 2381 512 2415 perquem
535 2382 587 2416 pr.
613 2375 657 2407 M.

280 2492 444 2525 Tiberium
463 2494 659 2534 priviynwm
673 2501 769 2524 suum
783 2493 889 2534 elegit.
917 2492 967 2525 Cf
987 2502 1017 2525 c
1037 2492 1090 2526 40
1109 2511 1143 2515 -
1197 2492 1302 2526 etiam
1327 2493 1402 2525 sine
1426 2492 1493 2524 hoc
1517 2490 1752 2523 matrimonio.
1782 2506 1818 2512 -
1847 2487 1997 2530 convelli]
2020 2488 2065 2521 ad

277 2553 344 2575 non
366 2544 453 2575 enim
474 2551 599 2575 exuere
619 2544 764 2583 inposita
785 2543 913 2584 munia]
946 2543 1147 2592 praefectu-
1196 2541 1408 2574 discordiam
1433 2541 1543 2589 redigi
1568 2541 1602 2572 et
1625 2539 1723 2579 odia,
1750 2547 1832 2571 cum
1856 2537 1913 2570 filii
1930 2539 2065 2571 Drusus

278 2602 356 2626 ram
373 2593 557 2635 praetorii,
580 2602 709 2626 munus
726 2595 911 2635 equestre;
938 2593 1027 2626 nolle
1045 2593 1174 2626 altius
1170 2615 1174 2645 ί
1197 2594 1232 2625 et
1267 2592 1495 2624 Germanicus
1529 2591 1619 2622 bene
1652 2588 1847 2622 concordes
1878 2588 2007 2620 suerint
2029 2589 2066 2620 et

279 2642 495 2680 ascendere
533 2643 576 2675 ad
613 2643 765 2675 maiores
798 2643 952 2676 honores
985 2643 1145 2685 provehi,
1197 2641 1449 2674 certaminibus
1467 2639 1936 2681 prox1morum1nconcusS1
1958 2637 1990 2676 2,
2008 2635 2060 2669 43.

278 2695 319 2727 ut
341 2702 380 2726 ea
406 2693 451 2726 de
476 2702 582 2726 causa
612 2693 681 2725 hoc
706 2694 967 2726 matrimonium
992 2695 1144 2736 expetat.
1196 2692 1276 2725 ERN.
1315 2691 1366 2724 Cf.
1394 2692 1452 2728 402,
1478 2691 1538 2722 65:
1575 2697 1737 2721 novercae
1768 2687 1900 2720 insidiis
1932 2686 2065 2718 domum

280 2746 360 2778 Eun.
391 2745 440 2777 Re
470 2753 554 2777 vera
581 2743 703 2776 consul
733 2744 928 2778 ordinarius
958 2745 1069 2777 factus
1094 2746 1149 2776 est
1196 2750 1323 2773 omnem
1345 2740 1494 2772 convelli.
1523 2756 1558 2761 —
1592 2740 1628 2771 in
1651 2738 1762 2770 eodem
1784 2735 1915 2777 ordine]
1944 2735 1979 2767 in
2002 2743 2064 2767 ea-

280 2795 426 2829 demum
449 2803 480 2828 a.
507 2794 581 2827 784.
611 2812 646 2817 —
679 2795 869 2836 liberorum]
895 2803 1040 2827 suorum
1066 2794 1146 2835 (non
1197 2791 1279 2823 dem
1316 2789 1533 2822 condicione.
1581 2787 1741 2820 Refertur
1779 2785 1823 2817 ad
1862 2784 1914 2817 illa
1953 2783 2064 2816 verba

279 2846 400 2885 Drusi,
418 2846 458 2877 ut
472 2843 684 2887 opinabatur
696 2844 855 2887 Lipsius).
878 2845 927 2878 Cf.
944 2854 974 2877 c.
990 2845 1021 2878 3.
1041 2845 1146 2876 Suam
1197 2840 1329 2878 Seiani,
1347 2848 1412 2871 non
1428 2847 1552 2871 exuere
1566 2838 1713 2878 inposita
1727 2836 1854 2868 munia.
1877 2853 1912 2858 —
1933 2834 1966 2867 C.
1987 2834 2066 2866 Cae-

280 2895 427 2928 domum
445 2894 576 2926 firmari
594 2893 735 2927 volebat
750 2894 921 2927 adversus
937 2895 1146 2936 Agrippinae

279 2944 441 2985 insidias,
469 2946 504 2977 et
527 2943 670 2986 quidem
694 2943 887 2976 liberorum
911 2945 1063 2976 maxime
1088 2952 1149 2975 no-

281 2996 394 3035 mine,
425 3003 506 3027 nam
531 2994 575 3026 de
602 2995 717 3026 semet
740 2994 815 3037 ipso
840 3003 908 3026 non
932 3001 1146 3035 magnopere

280 3044 443 3078 laborare
467 3052 506 3077 se
531 3043 639 3084 fingit,
1171 3001 1175 3179 ἱ

1197 2890 1279 2932 sari]
1308 2889 1453 2930 Augusti
1478 2887 1614 2930 nepoti,
1647 2885 1774 2919 deinde
1798 2884 1867 2917 filio
1891 2893 1956 2926 per
1977 2883 2066 2916 ado-

1197 2940 1367 2982 ptionem.
1416 2939 1519 2971 Pater
1552 2934 1719 2969 naturalis
1754 2935 1867 2967 fuerat
1900 2934 2061 2976 Agrippa.

1198 2989 1248 3023 Cf.
1278 2989 1308 3028 i,
1335 2989 1366 3021 3.
1395 3006 1431 3012 —
1454 2988 1596 3028 fratrem
1618 2985 1704 3027 eius]
1737 2985 1997 3017 Germanicum.
2026 3001 2061 3007 -—

1191 3039 1335 3081 patrem]
1361 3040 1511 3071 Drusum
1536 3037 1718 3069 maiorem.
1743 3053 1779 3058 —
1804 3033 1925 3075 sistere]
1951 3035 2064 3066 conti-

325 3094 378 3128 40.
412 3095 457 3127 ad
486 3094 650 3135 inteqram
673 3093 962 3134 consultationem]
999 3092 1148 3125 liberam
1198 3100 1284 3124 nere
1318 3099 1379 3130 se,
1415 3092 1594 3122 co'e‘rcere.
1626 3106 1662 3111 —
1693 3090 1723 3119 te
1744 3087 1887 3119 invitum
1903 3093 2064 3126 perrum-

282 3153 323 3177 ac
346 3145 541 3182 maturam,
565 3142 782 3184 unbefanqen.
818 3142 953 3175 Sallust.
974 3143 1045 3184 lug.
1065 3142 1146 3174 ⁴08:
1192 3140 1290 3182 punt]
1322 3141 1342 3172 i.
1369 3149 1401 3172 e.
1428 3138 1556 3171 finibus
1579 3136 1792 3174 modestiae,
1829 3143 1918 3176 quos
1941 3136 1978 3167 tu
2002 3133 2063 3166 tihi

282 3195 432 3228 consulta
461 3202 528 3226 seso
550 3194 663 3225 omnia
685 3201 760 3224 cum
782 3192 838 3224 illo
860 3194 994 3234 inteyra
1015 3192 1145 3225 habetne
1172 3181 1523 3261 'circumscripsisth
1549 3187 1725 3230 perruptis
1750 3187 1783 3218 te
1799 3185 1941 3224 adeunt,
1966 3184 2011 3216 ad
2027 3186 2062 3217 te

286 3262 319 3267 —
345 3246 382 3276 in
403 3252 440 3276 eo
461 3246 552 3275 stare
573 3241 653 3284 cet]
678 3242 723 3274 ad
752 3240 864 3274 solam
894 3241 1077 3274 utilitatem
1094 3250 1149 3274 re·
1172 3181 1394 3288 wpenetrant
1427 3238 1478 3271 Cf.
1497 3238 1529 3277 3,
1551 3239 1605 3270 ⁴5:
1631 3236 1831 3269 obstinatum
1850 3234 2063 3274 clausumque

283 3294 376 3327 ferri
405 3311 441 3317 —
471 3291 627 3334 matrem]
659 3291 843 3325 Antoniam
872 3291 1057 3323 minorem.
1095 3290 1144 3323 ct
1172 3292 1279 3323 'vidit
1304 3288 1519 3331 (Tiberium),
1551 3297 1590 3320 ne
1614 3296 1678 3328 quo
1707 3286 1839 3325 adfectu
1863 3292 2062 3325 perrumpe-

284 3344 425 3376 Sueton.
452 3342 558 3385 Calig.
587 3344 615 3375 ⁴.
646 3359 680 3365 —
707 3340 837 3382 aviam]
873 3341 1002 3373 Liviam
1030 3344 1148 3381 Augu-
1195 3343 1300 3372 r-etui.
1331 3357 1363 3362 —-
1402 3337 1592 3378 consulunt]
1622 3338 1661 3368 ut
1684 3335 1849 3393 principis
1873 3332 2059 3366 voluntatis

285 3394 386 3425 stam.
416 3411 451 3416 —
476 3394 642 3434 propiora
663 3389 819 3431 consilia]
852 3390 1036 3432 propiores
1061 3399 1147 3422 con·
1195 3390 1288 3423 bene
1319 3397 1479 3430 gnarum.
1516 3385 1656 3420 Occulta
1683 3386 1718 3418 in
1748 3385 1801 3417 his
1832 3384 1924 3416 inest
1945 3383 2059 3416 Seiani

284 3441 455 3476 sultrices.
478 3460 513 3465 —
534 3441 660 3485 partes]
685 3441 863 3475 factiones.
884 3456 920 3462 —
945 3440 992 3471 sic
1007 3439 1146 3481 quoque]
1169 3406 1175 3475 i
1195 3438 1444 3482 reprehensio,
1480 3435 1576 3479 quod
1599 3434 1673 3468 illos
1699 3434 1872 3478 primores
1899 3432 2060 3466 admittat
