2254 3770
994 764 1125 827 TAB.
1161 766 1198 826 Ι.

207 912 363 955 Rerum
383 914 598 965 gestarum
618 906 704 950 divi
726 906 914 963 Augusti,
931 905 1089 964 quibus
1109 904 1258 950 orbem
1278 910 1487 949 terrarum
1507 902 1687 960 imperIo
1707 899 1852 959 populi
1875 901 1990 943 Rom.

263 983 462 1032 subiecit,
492 990 535 1027 et
564 983 863 1040 impensarum,
894 994 1004 1039 quas
1033 982 1074 1024 in
1105 979 1413 1038 rempublicam
1441 976 1735 1036 populumque
1756 976 1992 1019 Romanum

1522 1052 1636 1101 fecit,
1668 1050 1896 1095 incisarum

265 1137 306 1179 in
337 1134 506 1179 duabus
532 1133 709 1190 aheneis
735 1131 845 1191 pilis,
878 1145 990 1191 quae
1010 1137 1109 1176 sunt
1126 1131 1287 1175 Romae
1307 1129 1483 1188 positae,
1507 1126 1724 1185 exemplar
1742 1125 1994 1170 subiectum.

210 1267 352 1311 Annos
393 1265 654 1324 undeviginti
670 1323 674 1324 ⁷
690 1270 814 1308 natus
854 1263 1086 1320 exercitum
1126 1262 1291 1320 privato
1331 1258 1509 1304 consilio
1539 1257 1783 1331 etwfflffissffl
1795 1256 1997 1327 impensa

1085 1333 1089 1336 .
1098 1322 1101 1324 ·
1109 1318 1499 1342 w-iffiwnmfffaeaezzw—rJ-xeg

224 1354 653 1414 Qasr
722 1353 910 1402 aaa&
978 1383 1006 1401 ψ.
1035 1319 1774 1403 QQAQQJQQAECWQQO
1834 1319 1996 1406 &⁵333ss
2009 1341 2029 1371 ⁵

482 1471 489 1476 .
537 1468 557 1471 U
590 1467 593 1469 ‚
621 1466 630 1469 ..
826 1464 836 1470 ..
903 1414 1081 1457 Senatus
1125 1411 1310 1456 decretis
1353 1409 1599 1454 honorificis
1630 1408 1670 1451 in
1699 1395 1999 1465 amplissimum

266 1492 461 1536 ordinem
490 1506 585 1535 sum
613 1491 751 1534 Pansa
780 1496 819 1533 et
845 1489 950 1533 Irtio
980 1487 1229 1534 consulibus
1257 1474 1459 1539 adlectm,
1488 1491 1535 1529 ut
1558 1484 1814 1542 praetorium
1848 1481 1999 1524 obtine-

267 1582 360 1611 rem
387 1567 549 1618 locum,
590 1572 712 1623 atque
749 1565 974 1622 imperium
1011 1562 1113 1607 mihi
1143 1562 1261 1607 dedit
1298 1560 1559 1620 respublica,
1605 1566 1653 1603 ut
1684 1573 1762 1617 pro
1802 1563 1999 1616 praetore

1531 1635 1655 1680 simul
1687 1648 1785 1678 cum

268 1717 517 1763 consulibus
555 1716 651 1760 Irtio
681 1722 720 1759 et
755 1715 892 1759 Pansa
920 1728 1061 1758 essem.
1113 1713 1214 1757 Cum
1242 1718 1384 1756 autem
1414 1711 1569 1755 eodem
1598 1724 1710 1754 anno
1738 1722 1808 1753 me
1835 1715 2001 1752 senatus

1529 1785 1785 1845 populusque

271 1870 492 1913 consulem
514 1880 610 1911 cum
630 1866 680 1919 Q.
692 1865 812 1909 Pedio
829 1864 1028 1908 edidisset
1043 1872 1085 1908 et
1104 1863 1372 1907 triumvirum
1390 1861 1653 1920 reipublicae
1670 1859 2000 1912 constituendae,
2015 1873 2052 1904 io

271 1943 343 2002 qui
369 1940 592 2001 ‘parentem
620 1941 824 1984 coniurati
843 1940 1090 1992 occidissent,
1122 1939 1254 1982 omnis
1286 1939 1327 1981 in
1356 1938 1529 1982 exilium
1549 1936 1690 1995 expuli
1712 1935 1879 1979 iudiciis
1899 1934 2003 1992 legi-

270 2018 383 2062 timis
412 2017 539 2060 ultus.
580 2018 735 2060 Postea
765 2015 922 2060 bellum
953 2015 1171 2059 inferentis
1200 2013 1465 2072 reipublicae
1606 2038 1627 2044 -
1739 2037 1759 2043 -
1871 2036 1892 2043 -

270 2183 388 2213 arma
417 2175 528 2212 terra
558 2167 751 2225 marique
770 2162 985 2219 moventes,
1008 2167 1213 2223 siqnaque
1234 2171 1321 2208 toto
1340 2163 1445 2208 orbe
1465 2170 1675 2207 terrarum
1694 2162 1910 2219 inferentes
1928 2161 2005 2204 vici

270 2245 491 2302 victorque
521 2243 720 2287 omnibus
747 2241 998 2299 supplicibus
1028 2242 1191 2285 civibus
1220 2240 1397 2298 peperci
1427 2246 1465 2282 et
1493 2240 1536 2282 in
1564 2237 1686 2282 exilio
1711 2237 1904 2281 diuturno
1935 2236 2053 2281 de-is

272 2325 432 2376 gentes,
464 2318 621 2376 quibus
648 2324 737 2361 tuto
760 2331 987 2375 parcerem,
1009 2316 1140 2359 malui
1160 2329 1334 2359 servare
1355 2328 1483 2372 quam
1505 2313 1718 2358 occidere.
1757 2314 1802 2355 In
1822 2313 1872 2355 iis
1892 2311 2004 2355 bellis

273 2393 403 2437 millia
419 2393 575 2437 civium
589 2394 871 2437 Romanorum
886 2392 1038 2436 adacta
1054 2397 1319 2435 sacramento
1336 2403 1434 2434 meo
1448 2390 1617 2433 fuerunt
1628 2388 1796 2432 circiter
1811 2389 2004 2445 quinqen-

273 2476 326 2520 ta,
350 2483 403 2512 ex
418 2468 576 2526 quibus
592 2467 757 2511 deduan'
768 2468 812 2510 in
827 2467 1007 2511 colonias
1026 2473 1098 2512 ant
1112 2466 1256 2510 remisi
1277 2466 1317 2508 in
1340 2465 1570 2523 municipia
1587 2478 1664 2508 sua
1681 2463 1884 2521 stipendis
1896 2462 2006 2507 solu-

304 2603 329 2635 B
345 2611 385 2626 =
400 2601 627 2644 apographon
650 2600 956 2643 Busbequianum;
983 2601 1008 2634 C
1029 2613 1059 2624 =
1079 2600 1354 2639 Cossonianum3
1379 2600 1405 2631 L
1419 2606 1460 2622 =
1474 2598 1726 2636 Lucasianum;
1751 2598 1777 2630 T
1792 2604 1833 2620 =
1847 2597 2006 2629 Tourne-

218 2659 418 2692 fortianum.

304 2714 336 2748 4.
361 2714 472 2747 Annos
494 2713 698 2755 undwiyinti
720 2717 820 2746 natus
843 2713 925 2755 cet.]
950 2712 1001 2746 Cf.
1024 2710 1146 2744 Vellei.
1171 2712 1204 2751 2,
1223 2711 1259 2744 64
1289 2713 1324 2744 et
1345 2711 1451 2744 Tacit.
1477 2711 1566 2743 Anu.
1593 2710 1646 2750 43,
1664 2710 1695 2742 6.
1722 2709 1794 2743 Cic.
1821 2707 1966 2751 Philipp.
1985 2709 2005 2741 3

217 2772 239 2813 S
263 2772 277 2803 4
306 2772 342 2803 et
363 2772 395 2804 5.
423 2788 461 2794 —
492 2771 525 2802 5.
550 2770 775 2802 dominatione
795 2769 950 2811 factionis
972 2769 1173 2810 oppressam]
1197 2767 1318 2801 Vellei.
1343 2769 1377 2808 2,
1403 2768 1465 2800 6⁴:
1495 2767 1655 2807 Torpebat
1676 2774 1831 2808 oppressa
1853 2765 2007 2797 dornina—

218 2827 305 2859 tione
335 2826 456 2860 Antoni
485 2827 613 2859 civitas.
642 2844 676 2849 —
714 2827 746 2858 6.
771 2826 913 2858 Senatus
940 2825 1079 2858 decretis
1107 2825 1295 2866 honorificis
1317 2824 1400 2865 cet.]
1432 2823 1483 2857 Cf.
1515 2824 1587 2857 Cic.
1618 2821 1765 2865 Philipp.
1790 2823 1811 2854 5
1841 2822 1861 2863 5
1884 2820 1939 2854 46.
1967 2838 2003 2845 —-

219 2883 252 2915 7.
276 2890 428 2916 οιωιινει
448 2890 538 2915 εσσε
560 2883 623 2915 BL
649 2899 684 2905 -
711 2881 742 2914 8.
768 2885 806 2914 ut
824 2890 889 2923 pro
906 2884 1065 2922 praetore
1087 2882 1171 2921 cet.]
1195 2880 1246 2913 Cf.
1271 2880 1344 2912 Liv.
1370 2881 1458 2922 Epit.
1485 2880 1558 2913 448.
1583 2878 1704 2912 Vellei.
1730 2879 1762 2916 2,
1789 2878 1842 2911 64.
1862 2878 2004 2910 Sueton.

219 2940 306 2980 Aug.
333 2939 385 2971 40.
411 2938 559 2980 Appian.
584 2939 622 2970 B.
649 2938 687 2970 C.
712 2937 744 2976 3,
770 2938 824 2970 54.
851 2955 887 2959 -
912 2945 1073 2969 marom
1096 2937 1162 2969 CT
1189 2954 1224 2960 —
1251 2936 1304 2969 40.
1329 2936 1494 2969 consulem
1517 2944 1593 2968 cam
1618 2936 1656 2976 Q.
1674 2933 1781 2975 Pedio]
1807 2933 1906 2966 Conf.
1932 2933 2004 2966 Liv.

222 2994 392 3036 Epium.
418 2994 483 3026 Dio
505 2993 561 3033 46,
586 2993 628 3027 45
652 3002 706 3035 sq.
732 2994 876 3036 Sueton.
901 2994 987 3034 Aug.
1014 2992 1109 3024 34.-
1135 2992 1351 3025 triumvir-mn
1372 3001 1402 3024 r.
1428 2992 1471 3034 c.]
1497 2991 1548 3025 Cf.
1574 2992 1647 3024 Liv.
1674 2991 1761 3032 Epit.
1787 2990 1863 3022 ⁴20.
1896 2989 2005 3022 Inscr.

222 3051 296 3083 Lat.
322 3059 356 3082 n.
381 3049 456 3082 594.
486 3065 522 3073 -
549 3050 603 3082 44.
627 3050 733 3082 omnis
755 3050 792 3081 in
813 3049 953 3081 avitiam
975 3048 1090 3089 empulo·
1112 3048 1246 3081 iudiciis
1267 3048 1422 3090 leyitimis
1442 3048 1544 3090 unus]
1572 3047 1623 3080 Cf.
1648 3045 1770 3079 Vellei.
1794 3046 1829 3085 2,
1854 3045 1914 3078 69:
1940 3046 2009 3087 lege

220 3106 339 3146 Pedia,
364 3114 468 3146 quam
488 3106 604 3137 consul
623 3106 759 3144 Pedius,
784 3105 912 3146 collega
934 3104 1105 3143 Caesaris,
1130 3105 1269 3144 tulerat,
1294 3103 1456 3144 omnibus,
1481 3104 1539 3145 qui
1554 3103 1728 3136 Caesarem
1746 3105 1882 3142 patrem
1904 3102 2008 3134 inter-

220 3162 383 3203 fecerant,
409 3170 500 3201 aqua
521 3161 657 3202 iynique
678 3161 846 3192 damnatis
865 3160 1078 3192 interdictam
1099 3162 1184 3192 crat.
1210 3161 1287 3198 (Pro
1309 3160 1414 3193 onmis
1435 3161 1470 3192 in
1492 3168 1564 3192 uuo
1581 3159 1606 3191 L
1622 3159 1786 3200 superest
1799 3166 1889 3198 ivus,
1911 3157 2007 3190 uude

222 3217 386 3250 Franzius
407 3216 561 3258 ouuffls.)
585 3233 621 3239 —
648 3216 701 3248 ⁴2.
726 3215 845 3248 bellam
865 3216 1034 3256 inferentis
1054 3216 1105 3248 rei
1121 3215 1172 3257 μ]
1196 3216 1239 3249 Μ.
1265 3216 1412 3249 Brutum
1435 3216 1472 3248 et
1494 3215 1533 3248 C.
1553 3215 1727 3247 Cassium.
1754 3230 1788 3236 -
1815 3213 1868 3246 ⁴4.
1891 3214 2009 3256 siyna-

223 3282 286 3314 quc
307 3276 374 3305 toto
396 3272 474 3305 orbe
495 3275 666 3305 terrarum
685 3271 869 3314 inferentis]
900 3272 980 3304 Sex.
1004 3272 1212 3314 Pompeium
1241 3272 1277 3304 et
1304 3273 1350 3306 Μ.
1374 3271 1576 3304 Antonium.
1610 3271 1703 3310 (roro
1725 3278 1763 3302 ιη
1785 3278 1871 3302 otum
1893 3270 1944 3311 L.)
1970 3288 2005 3294 --

226 3330 280 3362 45.
305 3328 454 3361 omnibus
482 3327 683 3369 supplicibus
710 3327 847 3370 civibus]
875 3326 1028 3360 Velleius
1050 3328 1092 3367 2,
1115 3327 1176 3361 86:
1219 3328 1363 3360 Victoria
1394 3326 1558 3368 (Actiaca)
1585 3326 1650 3367 sitit
1675 3325 1925 3358 clementissima
1950 3334 2009 3359 noc

224 3385 401 3426 qaisquam
422 3385 636 3424 interemptus
655 3382 721 3415 nisi
738 3383 932 3424 paucissimi
953 3386 984 3415 et
1005 3384 1049 3423 ii,
1081 3383 1138 3424 qui
1160 3383 1333 3424 deprecari
1347 3383 1489 3424 'quidem
1504 3391 1570 3423 pro
1592 3390 1627 3414 se
1646 3390 1714 3414 non
1734 3381 1941 3415 sustinerent.
1969 3399 2005 3405 —

226 3439 279 3473 46.
302 3448 450 3474 senuna
472 3447 563 3479 Qun
583 3446 773 3473 occmssaau
795 3439 838 3479 L;
862 3446 999 3473 senum
1019 3445 1110 3478 ocu
1130 3447 1301 3474 Exclminss
1320 3447 1358 3474 nv
1381 3439 1427 3478 C3
1451 3446 1590 3473 sanum
1610 3445 1701 3478 Qum
1720 3445 1890 3472 nemeae
1910 3437 1983 3471 BT.
