2254 3770
310 276 393 319 540
793 279 838 321 Ρ.
871 277 1121 321 CORNELII
1151 278 1320 322 TACITI
1349 278 1617 324 ANNALIUM

309 382 522 427 tribunatu
543 384 599 408 Η
620 384 868 441 Pompeius,
902 383 1124 428 Cornelius
1151 384 1362 435 Martialis,
1394 384 1561 429 Flavius
1581 386 1743 443 Nepos,
1776 386 1932 430 Statius
1951 386 2098 431 Domi-

310 458 412 510 tius,
452 459 575 517 quasi
615 459 851 517 principem
890 473 974 502 non
1006 459 1180 517 quidem
1210 458 1419 510 odissent,
1461 460 1537 504 sed
1573 466 1713 504 tamen
1744 461 2096 506 existimarentur.

308 534 444 577 Novio
475 534 621 578 Prisco
651 548 730 592 per
760 534 988 578 amicitiam
1017 535 1228 586 Senecae,
1260 541 1303 578 et
1333 534 1456 579 Glitio
1479 535 1596 580 Gallo
1617 542 1745 594 atque
1767 537 1901 580 Annio
1921 536 2098 581 Pollioni

312 609 519 654 infamatis
547 609 683 667 magis
713 623 843 667 quam
870 610 1073 654 convictis
1095 610 1192 654 data
1217 610 1353 653 exilia.
1385 611 1576 654 Priscum
1598 611 1763 655 Artoria
1782 611 1978 656 Flaccilla
1999 625 2102 656 con-

279 685 382 729 5iux
412 685 609 729 comitata
639 691 721 736 est,
766 684 931 728 Gallum
962 685 1136 744 Egnatia
1167 685 1409 736 Maximilla,
1448 687 1611 744 magnis
1642 687 1826 744 primum
1855 694 1898 731 et
1926 687 2101 745 integris

311 760 486 818 opibus,
529 767 626 818 post
664 760 896 818 ademptis,
936 775 1048 819 quae
1087 768 1268 819 utraque
1308 761 1483 818 gloriam
1520 762 1612 805 eius
1643 776 1816 806 auxere.
1860 761 2030 820 pellitur
2059 769 2102 806 et

309 836 479 881 Rufrius
501 836 732 894 Crispinus,
766 837 993 881 occasione
1015 837 1329 889 coniurationis,
1361 837 1438 881 sed
1460 837 1617 881 Neroni
1641 838 1821 889 invisus,
1853 837 1969 895 quod
1990 839 2102 896 Pop-

310 925 462 970 paeam
502 911 720 970 quondam
759 912 1026 956 matrimonio
1061 918 1270 956 tenuerat.
1326 913 1570 969 Verginium
1600 913 1773 957 Flavum
1802 919 1841 956 et
1867 913 2102 958 Musonium

310 987 462 1031 Rufum
483 987 690 1031 claritudo
711 988 895 1031 nominis
911 988 1090 1046 expulit:
1113 988 1443 1046 namVerginius
1465 988 1604 1032 studia
1626 989 1826 1032 iuvenum
1844 988 2100 1047 eloquentia,

262 1070 298 1101 ⁴0
311 1062 528 1106 Musonius
550 1063 791 1120 praeceptis
811 1063 1044 1121 sapientiae
1067 1063 1247 1107 fovebat.
1281 1063 1531 1108 Cluvidieno
1553 1065 1719 1116 Quieto,
1750 1063 1856 1108 Iulio
1876 1065 2100 1123 Agrippae,

310 1138 432 1182 Blitio
455 1137 665 1190 Catulino,
697 1139 897 1182 Petroni'o
919 1140 1083 1190 Prisco,
1119 1138 1222 1182 lulio
1244 1138 1394 1187 Altino,
1426 1139 1543 1182 velut
1564 1140 1603 1181 in
1627 1153 1776 1195 agmen
1801 1146 1843 1183 et
1862 1154 2100 1192 numerum,

311 1214 469 1272 Aegaei
500 1214 628 1257 maris
658 1214 822 1258 insulae
853 1214 1164 1272 permittuntur.
1206 1221 1247 1258 at
1267 1214 1478 1263 Caedicia,
1509 1229 1618 1258 uxor
1645 1215 1852 1266 Scaevini,
1883 1221 1926 1258 et
1941 1216 2105 1260 «Caeso-

311 1289 408 1333 nius
449 1289 655 1333 Maximus
693 1289 813 1333 Italia
852 1289 1146 1347 prohibentur,
1188 1303 1287 1334 reos
1328 1289 1458 1333 fuisse
1489 1304 1536 1334 se
1566 1297 1728 1334 tantum
1757 1304 1895 1348 poena
1926 1291 2104 1349 experti.

312 1365 456 1415 Acilia,
488 1371 622 1409 mater
650 1365 809 1408 Annaei
841 1365 1012 1417 Lucani,
1043 1365 1136 1409 sine
1166 1365 1448 1417 absolutione,
1480 1367 1573 1410 sine
1595 1366 1805 1424 supplicio
1827 1366 2103 1411 dissimulata.

262 1451 298 1481 45
429 1441 509 1498 (72)
542 1440 708 1493 Quibus
747 1440 1002 1498 perpetratis
1033 1442 1143 1484 Nero
1174 1448 1217 1484 et
1246 1441 1443 1485 contione
1474 1441 1651 1484 militum
1682 1441 1823 1486 habita
1853 1442 1953 1486 bina
1982 1457 2106 1486 num-
2161 1448 2176 1463 ²

377 1595 407 1628 ⁴.
434 1593 599 1627 Defectus
624 1594 763 1635 signum
787 1593 920 1626 addidit
943 1594 1108 1626 Ritterus.
1138 1611 1173 1617 -
1205 1595 1236 1626 2.
1263 1593 1509 1626 extimarentur
1530 1594 1564 1627 M
1590 1612 1623 1618 -
1658 1593 1689 1627 4.
1715 1594 1847 1627 decreta
1868 1595 1991 1628 exsilia
2013 1595 2104 1630 Bez-

310 1651 412 1684 zenb.
440 1650 517 1683 coll.
545 1650 598 1689 46,
624 1650 655 1682 9.
682 1667 718 1672 -
746 1651 880 1682 arteria
902 1650 951 1683 M:
977 1650 1122 1682 Antonia
1143 1648 1210 1682 alii.
1238 1667 1273 1672 —-
1301 1651 1332 1682 5.
1358 1650 1513 1682 comitate
1535 1654 1582 1682 est
1603 1651 1636 1684 M
1661 1668 1697 1674 —
1723 1651 1851 1693 qallum
1873 1655 1903 1684 et
1924 1651 2045 1693 ,qnatia
2066 1652 2102 1685 M

312 1725 348 1731 —
375 1709 406 1740 7.
432 1708 561 1749 rufrius
583 1708 632 1740 M:
666 1708 779 1749 Rufius
802 1706 871 1743 alii.
908 1706 994 1739 Vide
1018 1707 1063 1739 ad
1088 1707 1144 1747 ⁴2,
1171 1706 1225 1740 42.
1259 1726 1294 1730 —
1321 1716 1487 1748 poppeam
1510 1707 1543 1739 M
1574 1724 1608 1730 -
1641 1707 1673 1740 8.
1698 1708 1840 1740 Flavum
1862 1711 1893 1740 et
1914 1707 2105 1741 Musonium

310 1763 533 1797 Waltherus:
561 1772 630 1796 om.
650 1764 684 1796 M
709 1781 745 1786 —
773 1764 826 1795 ⁴⁴.
852 1763 952 1795 uelud
973 1764 1006 1796 M
1032 1781 1067 1786 —
1096 1764 1148 1795 ⁴2.
1174 1764 1243 1805 egei
1268 1764 1297 1795 M
1323 1781 1359 1786 —
1387 1763 1543 1796 Caedicia
1566 1762 1712 1796 Orellius
1737 1764 1791 1805 (ex
1811 1762 1948 1804 titulis):
1973 1763 2106 1796 cadicio

310 1821 344 1853 M
370 1839 406 1844 η-
433 1820 610 1853 Caesonius
633 1820 767 1861 Lipsius
791 1818 847 1862 (ex
870 1818 1057 1861 Martiale):
1081 1820 1273 1852 caesennius
1292 1821 1335 1852 M.
1362 1818 1412 1852 Cf.
1431 1828 1504 1851 var.
1524 1818 1605 1852 lect.
1623 1819 1669 1852 ad
1687 1819 1738 1859 ⁴4,
1756 1820 1811 1854 29.
1829 1837 1866 1843 -
1894 1819 1946 1852 ⁴3.
1965 1820 2106 1866 pqnaM

314 1894 350 1900 -
377 1876 430 1910 44.
456 1877 560 1909 acilia
582 1877 633 1909 M:
658 1876 760 1908 Atilla
784 1876 932 1918 Lipsius.
960 1893 996 1899 -
1024 1876 1124 1908 aunei
1145 1876 1180 1909 M
1205 1894 1242 1900 —
1268 1875 1483 1916 absolutione,
1508 1876 1577 1908 sine
1600 1876 1754 1918 Lipsius:
1780 1876 2001 1909 absolutiones
2021 1876 2057 1909 in
2072 1877 2106 1910 M

312 1951 348 1958 -
378 1934 429 1966 ⁴5.
454 1935 543 1967 Nero
565 1932 711 1967 seclusit
733 1933 896 1966 Ritterus.

310 2071 397 2104 dum
421 2080 464 2104 ex
483 2072 534 2103 tot
556 2071 631 2104 aliis
653 2080 771 2113 neque
789 2071 956 2112 dignitate
972 2072 1182 2113 Pompeium

310 2122 559 2164 superantibus
573 2131 679 2155 nemo
691 2124 764 2155 tam
778 2131 883 2164 parce
897 2122 1112 2162 designatur.
1129 2122 1180 2155 Cf.

310 2174 429 2206 annot.
455 2173 500 2205 ad
524 2173 576 2212 ⁴3,
602 2173 655 2206 30.
680 2174 814 2205 Βιττεῐι.
838 2191 871 2196 κ-
897 2173 1181 2215 existimarentur]

310 2224 380 2256 odii
403 2223 576 2256 adversus
599 2224 796 2265 principem
815 2224 973 2264 suspecti
989 2225 1121 2255 essent.
1143 2241 1179 2246 -—

310 2275 410 2307 Glitio
426 2275 523 2307 Gallo
538 2277 637 2314 atque
651 2274 759 2306 Annio
778 2273 925 2315 Pollioni]
952 2274 1002 2306 Cf.
1022 2282 1052 2305 c.
1072 2274 1125 2305 56.
1143 2291 1179 2297 —-

311 2326 445 2359 Gallum
461 2324 609 2366 Eynatia
620 2324 826 2364 Maximilla]
843 2323 958 2356 Ambo
972 2323 1016 2356 de
1029 2324 1181 2362 Andriis,

310 2374 404 2417 apud
429 2383 518 2416 quos
539 2373 744 2413 exulabant,
770 2373 864 2405 bene
890 2374 1004 2405 meriti
1029 2374 1185 2414 imagini-

310 2425 378 2458 bus
395 2427 431 2457 et
445 2423 551 2457 titulis
566 2424 728 2456 honorati
745 2425 837 2456 sunt.
871 2424 974 2465 Corp.
995 2425 1105 2456 Inscr.
1124 2425 1181 2456 Gr.

311 2486 345 2508 n.
363 2475 448 2508 2349
465 2476 495 2507 i:
522 2471 544 2506 ὁ
567 2473 691 2517 δῆμος
709 2470 908 2518 Ἐγνατίαν
930 2471 1182 2516 Μαξίμιλλαν,

310 2523 380 2569 τὴν
404 2523 543 2560 ἑαυτοῦ
567 2521 766 2572 εὐεργέτιν,
791 2522 930 2571 ἀρετῆς
953 2521 1076 2564 ἕνεκα,
1103 2527 1137 2557 et
1161 2522 1182 2557 ὁ

309 2575 434 2620 δῆμος
450 2573 647 2609 Πούπλιον
659 2575 829 2609 Γλείτιον
842 2575 1000 2614 Γάλλον,
1017 2573 1084 2608 τὸν
1100 2575 1186 2609 ἑαυ-

311 2626 379 2661 τοῦ
396 2627 576 2674 πάτρωνα
590 2627 655 2659 καὶ
673 2623 885 2673 εὐεργέτην,
904 2623 1042 2672 ἀρετῆς
1058 2621 1180 2659 ἕνεκα.

313 2679 363 2711 Cf.
390 2679 494 2711 etiam
520 2677 656 2711 titulum
680 2677 809 2710 dubiae
834 2678 1043 2710 sinceritatis
1068 2686 1109 2710 ex
1134 2678 1185 2708 ta-

312 2727 447 2760 bulario
471 2728 618 2760 civitatis
636 2726 856 2760 Castellanae
881 2727 981 2767 (Doni
998 2728 1106 2760 Inscr.
1126 2727 1182 2765 Vl,

312 2778 374 2818 35,
402 2786 434 2819 p.
460 2777 555 2819 23⁴0:

692 2828 733 2859 D.
760 2827 793 2860 M

496 2878 534 2909 P.
561 2877 701 2909 GLITIO
735 2877 771 2908 L.
799 2877 832 2909 F.
860 2876 998 2908 GALLO

458 2927 567 2960 TRIB.
593 2928 722 2959 MILlT.
750 2927 917 2959 LEGION.
942 2927 1033 2958 XXII

399 2977 661 3020 PR(imi9eniae)
686 2978 843 3010 IIIVIRO.
871 2977 1007 3010 CAPIT.
1034 2977 1087 3010 ΟΡ

465 3028 631 3061 VEHEIS.
658 3029 695 3060 P.
722 3028 761 3066 Q.
788 3027 1027 3060 MAXIMILLA

492 3077 720 3110 AEGNATIA.
740 3077 838 3109 CON.
858 3077 895 3108 O.
915 3077 948 3108 S.
968 3078 1004 3108 P.

315 3147 351 3152 —
377 3128 531 3170 utraque]
556 3136 657 3160 amor
679 3128 713 3159 in
728 3127 863 3164 virum,
890 3126 1018 3159 deinde
1042 3127 1188 3159 infortu-

313 3180 409 3211 nium
433 3178 682 3220 ademptarum
705 3185 825 3219 opum.
847 3193 882 3199 —
909 3177 1046 3216 Rufrius
1061 3177 1188 3218 Crispi-

313 3229 385 3271 nus]
411 3228 462 3261 Cf.
489 3229 542 3268 ⁴⁴,
570 3229 601 3260 ⁴.
630 3245 665 3251 -
698 3226 870 3268 Veryinius
895 3228 1008 3258 studia
1029 3228 1188 3260 iuvenum

313 3278 498 3319 eloquentia
514 3278 597 3319 cet.]
621 3277 807 3318 Verginius
828 3275 920 3308 inter
934 3276 1097 3309 rhetores
1115 3285 1189 3309 me-

315 3329 473 3360 moratur
507 3337 527 3360 a
562 3327 772 3366 Quintiliano
809 3325 847 3362 3.
875 3326 911 3363 4,
937 3326 974 3356 2⁴
1011 3334 1080 3358 una
1105 3335 1188 3358 cum

315 3375 423 3409 Plinio
455 3378 491 3409 et
520 3375 656 3409 Tutilio.
700 3373 874 3416 Veryinius
894 3374 1020 3417 Flavus
1042 3377 1189 3407 vocatur

316 3425 361 3459 ab
386 3425 514 3458 eodem
538 3427 592 3465 ⁴⁴,
614 3426 646 3466 3,
666 3425 728 3459 4ἳὸ
745 3426 782 3458 et
799 3424 836 3456 in
850 3424 921 3457 vita
937 3424 1046 3458 Persii
1062 3423 1186 3465 Flacci,

1235 2072 1334 2104 cuius
1366 2072 1442 2104 erat
1473 2071 1650 2112 magister.
1680 2088 1714 2093 -
1741 2070 1924 2113 Musonius]
1948 2070 2035 2104 Vide
2058 2070 2104 2104 ad

1235 2123 1288 2162 44,
1314 2122 1367 2154 59.
1401 2122 1464 2154 Dio
1489 2123 1543 2162 62,
1569 2122 1630 2154 27:
1657 2117 1822 2162 Ῥοῦφος
1843 2122 1976 2164 μέντοι
1997 2121 2106 2155 Mov-

1234 2170 1375 2212 σώνιος
1405 2168 1428 2204 ὁ
1451 2169 1673 2212 φιλόσοφος
1696 2171 1758 2206 ἐπὶ
1785 2169 1938 2212 τούτοις
1959 2170 2106 2215 ἐφυγα-

1233 2220 1363 2264 δεύθη.
1391 2222 1440 2254 Cf.
1460 2224 1499 2255 A.
1516 2221 1600 2254 Gell.
1615 2223 1655 2254 N.
1669 2222 1707 2254 A.
1724 2223 1756 2261 5,
1779 2222 1846 2262 ⁴.9,
1863 2221 1895 2254 2.
1915 2222 1968 2261 ⁴6,
1987 2222 2018 2255 4.
2036 2222 2106 2255 Re—

1234 2273 1358 2314 liquias
1383 2282 1426 2305 ex
1450 2273 1525 2305 eius
1545 2268 1930 2314 Ἀπομνημονεύμασι
1952 2273 2108 2305 servavit

1234 2323 1406 2355 Stobaeus
1440 2322 1552 2356 Floril.
1578 2323 1679 2355 XVII.
1707 2322 1757 2355 Cf.
1784 2324 1893 2355 Ritter
1916 2324 1951 2355 et
1973 2321 2106 2356 Preller

1235 2375 1319 2406 Hist.
1345 2373 1586 2415 philosophiae
1614 2374 1958 2406 Graeco-Romanae
1982 2382 2017 2415 p.
2041 2372 2105 2406 438

1234 2434 1312 2466 sqq.
1343 2442 1376 2447 —
1403 2425 1492 2456 velut
1514 2426 1548 2456 ln
1572 2433 1690 2465 aqmen
1712 2427 1742 2456 el
1764 2423 1952 2465 numerum]
1975 2424 1998 2456 i.
2017 2432 2048 2456 e.
2067 2423 2107 2455 ut

1235 2484 1361 2516 agmen
1376 2476 1411 2507 et
1427 2483 1597 2507 numerus
1610 2474 1825 2514 efficeretur,
1842 2483 1900 2506 um
1913 2475 1965 2506 die
1976 2473 2107 2506 Schaar

1233 2527 1302 2558 und
1323 2526 1403 2557 Zahl
1424 2525 1493 2557 voll
1516 2534 1561 2557 zu
1582 2525 1731 2557 macheu.
1763 2542 1799 2548 -
1825 2523 1994 2566 Caedicia]
2018 2523 2108 2556 Sunt

1234 2576 1379 2608 Caedicii
1403 2575 1436 2607 in
1461 2574 1586 2614 titulis,
1613 2574 1740 2607 Cadicii
1763 2583 1833 2606 non
1857 2574 1954 2606 item.
1991 2574 2106 2615 Atque

1235 2635 1278 2658 ex
1294 2626 1490 2657 Neroniana
1504 2627 1620 2657 aetate
1636 2625 1825 2657 Caedicium
1839 2623 1993 2656 iudicem
2011 2631 2109 2656 com·

1235 2678 1412 2708 memorat
1440 2674 1610 2708 luvenalis
1635 2675 1688 2714 43,
1712 2674 1786 2707 497.
1818 2674 1868 2706 Ibi
1893 2672 2105 2706 Scholiastat

1235 2726 1425 2758 Caedicium
1433 2726 1581 2757 aulicum
1589 2725 1730 2757 Neronis
1737 2724 2000 2756 crudelissimum
2008 2723 2110 2764 fuisso

1234 2776 1306 2807 vult
1319 2776 1458 2817 intelligi
1473 2776 1654 2807 satellitem.
1677 2793 1712 2798 —
1733 2775 1911 2807 Caesonius
1923 2771 2106 2815 Maximus]

1236 2824 1400 2858 Martialis
1431 2826 1463 2863 7,
1490 2825 1553 2858 44:
1588 2825 1760 2857 Maximus
1789 2824 1845 2857 ille
1873 2827 1965 2863 tuus,
1997 2822 2107 2864 Ovidi,

1237 2876 1413 2908 Caesonius
1435 2876 1486 2907 hic
1510 2878 1575 2915 est,
1601 2875 1703 2907 Cuius
1727 2875 1835 2906 adhue
1857 2874 1982 2906 voltum
1994 2873 2109 2906 υίυᾶάα

1235 2934 1316 2957 cera
1338 2929 1432 2957 tenet.
1464 2926 1560 2958 Hunc
1576 2926 1665 2957 Nero
1681 2926 1872 2957 damnavit:
1896 2924 1952 2956 sed
1965 2926 2003 2956 lu
2015 2923 2109 2956 danv-

1235 2984 1321 3007 nare
1343 2976 1507 3008 Neronem
1529 2976 1635 3007 Ausus
1657 2984 1691 3007 es
1712 2978 1742 3006 et
1762 2975 1915 3015 profugi,
1943 2982 2011 3006 non
2033 2976 2106 3014 m,

1236 3026 1311 3067 fata
1332 3027 1435 3067 sequi.
1453 3042 1472 3048 -
1484 3042 1502 3049 -
1519 3026 1638 3058 Audiet
1652 3026 1712 3057 hoc
1727 3033 1882 3064 praesens
1903 3027 2108 3062 ventui-aquo

1238 3076 1337 3108 turba
1366 3076 1467 3116 fuisse
1492 3076 1544 3108 Illi
1578 3079 1628 3115 te,
1665 3075 1806 3107 Senecae
1840 3075 1927 3115 quod
1959 3073 2022 3115 fuit
2051 3072 2107 3105 ulo

1237 3134 1306 3157 suo.
1334 3126 1445 3158 Etiam
1470 3126 1503 3157 in
1521 3126 1681 3167 proximo
1698 3124 1953 3166 epigrammate
1966 3122 2107 3165 facimdi

1237 3176 1378 3207 Senecae
1395 3178 1513 3215 potens
1533 3176 1660 3207 amicus
1675 3175 1875 3215 appellatur.
1903 3172 1954 3206 Cf.
1972 3173 2105 3205 Seneca

1238 3225 1300 3267 Ep.
1327 3225 1380 3264 87,
1405 3226 1438 3257 2.
1467 3242 1501 3247 —
1527 3225 1652 3265 Acilia,
1684 3227 1793 3256 mater
1818 3223 1945 3256 Annam·
1967 3221 2106 3264 Lucani]

1240 3275 1291 3308 Cf.
1317 3283 1348 3307 c.
1374 3274 1428 3307 56.

1282 3325 1337 3358 72.
1363 3325 1516 3365 militum]
1540 3324 1854 3367 praetorianorum.
1882 3340 1918 3346 -
1947 3331 1991 3354 ex
2011 3323 2110 3355 modo

1239 3374 1411 3416 annonae]
1445 3383 1515 3407 non
1538 3375 1628 3407 stato
1652 3372 1769 3414 aliquo
1792 3372 1925 3414 pretio,
1957 3372 2021 3405 sed
2045 3380 2109 3414 pro

1240 3433 1302 3464 eo,
1328 3423 1423 3466 quod
1445 3432 1588 3466 quoque
1610 3425 1772 3467 tempore
1795 3420 1987 3455 obtinebat.
2019 3421 2110 3455 Sue-
