2254 3770
754 292 909 339 LIBER
937 293 1002 336 lv.
1042 291 1143 349 Cap.
1173 291 1240 336 34.
1270 291 1338 337 32.
1370 291 1438 336 33.
1893 291 1978 337 227

192 414 333 448 suere.
376 399 562 457 ingentia
592 398 649 442 illi
679 398 807 450 bella,
840 397 1175 456 expugnationes
1204 397 1391 448 urbium,
1428 397 1546 443 fusos
1567 402 1810 454 <captosque
1841 409 1977 453 reges,

191 483 264 520 aut
290 476 326 520 si
357 474 529 533 quando
559 474 613 518 ad
654 474 818 518 interna
854 479 1189 531 praeverterent,
1230 471 1468 517 discordias
1497 471 1722 517 consulum
1750 470 1978 516 adversum

192 551 395 600 tribunos,
427 549 615 608 agrarias
646 549 1029 606 frumentariasque
1060 547 1189 605 legeS,
1220 546 1359 605 plebis
1389 554 1431 592 et
1459 548 1726 606 optimatium
1748 547 1979 592 certamina

192 625 326 671 libero
365 639 543 683 egressu
584 624 896 668 memorabant:
938 623 1061 667 nobis
1100 623 1143 666 in
1183 629 1274 666 arto
1312 629 1356 667 et
1391 623 1596 681 inglorius
1625 623 1764 675 labor;
1807 623 1980 667 immota

190 701 351 758 quippe
383 706 460 748 ⁴aut
496 700 665 743 modice
695 699 890 743 lacessita
922 713 1016 756 pax,
1048 704 1236 742 maestae
1268 697 1386 741 urbis
1409 712 1506 750 res,
1538 706 1580 743 et
1608 699 1809 757 princeps
1838 696 2012 755 profe-t

188 776 311 823 rendi
341 775 493 833 imperi
525 775 764 819 incuriosus
785 781 888 818 erat.
934 779 1184 819 nontamen
1214 773 1307 817 sine
1336 787 1417 817 usu
1447 774 1573 819 fuerit
1603 773 1880 831 introspicere
1909 772 1980 816 illa

190 851 327 909 primo
363 857 541 908 aspectu
579 850 707 899 levia,
751 863 804 893 ex
842 849 938 907 quis
977 863 1227 906 magnarum
1263 862 1394 906 saepe
1428 862 1572 893 rerum
1603 857 1743 893 motus
1772 849 1978 897 oriuntur.

191 927 272 983 (33)
306 940 402 972 nam
425 931 598 989 cunctas
629 924 821 969 nationes
842 932 884 968 et
913 923 1044 968 urbes
1074 923 1258 982 populus
1287 931 1360 970 aut
1388 924 1598 982 primores
1626 931 1701 969 aut
1730 924 1883 983 singuli
1912 938 1981 969 re·-

189 1009 309 1059 gunt:
343 1000 516 1046 delecta
550 1015 604 1045 ex
643 1000 694 1044 iis
733 1007 777 1044 et
815 999 1061 1045 consociata
1098 999 1160 1043 rei
1202 999 1400 1056 publicae
1440 999 1575 1047 forma
1614 1000 1778 1044 laudari
1815 1000 1980 1044 facilius

189 1090 319 1134 quam
349 1076 542 1127 evenire,
585 1075 650 1120 vel
682 1076 717 1118 si
749 1075 908 1123 evenit,
949 1074 1063 1119 haud
1098 1074 1297 1119 diuturna
1328 1088 1426 1123 esse
1454 1082 1607 1133 potest.
1647 1076 1778 1133 igitur
1806 1083 1853 1122 ut
1880 1075 2032 1125 olimst)

190 1150 317 1209 plebe
345 1150 505 1202 valida,
533 1150 604 1194 vel
629 1165 733 1195 cum
760 1157 904 1208 patres
933 1149 1152 1207 pollerent,
1184 1150 1402 1194 noscenda
1430 1149 1545 1209 vulgi
1574 1157 1725 1195 natura
1753 1157 1797 1194 et
1823 1150 1982 1209 quibus

190 1226 330 1274 modis
368 1232 660 1284 ,temperanter
703 1225 953 1278 haberetur,
997 1232 1262 1283 senatusque
1300 1233 1349 1271 et
1382 1226 1651 1284 ,optimatium
1695 1226 1864 1284 ingenia
1908 1226 1982 1284 qui

191 1302 373 1346 maxime
411 1301 744 1359 perdidicerant,
787 1301 924 1344 callidi
964 1308 1203 1358 temporum
1241 1308 1283 1344 et
1321 1301 1536 1359 sapientes
1573 1301 1875 1353 credebantur,
1921 1301 1983 1345 sic

191 1390 400 1422 converso
431 1383 542 1421 statu
573 1390 715 1434 neque
745 1375 827 1420 alia
857 1390 903 1420 re
926 1378 1112 1420 Romana
1132 1389 1262 1434 quam
1291 1376 1326 1419 si
1356 1390 1468 1420 unus
1498 1376 1722 1435 imperitet,
1754 1376 1862 1421 haec
1881 1390 1984 1421 con-

190 1453 301 1512 quiri
332 1452 530 1511 tradique
559 1452 603 1495 in
633 1466 722 1495 rem
753 1451 887 1501 fuerit,
925 1451 1029 1509 quia
1055 1451 1181 1509 pauci
1211 1449 1438 1508 prudentia
1466 1450 1646 1496 honesta
1675 1452 1730 1496 ab
1760 1451 1985 1497 deteriori-
1998 1463 2034 1493 ⁴5

191 1515 284 1577 bus,
315 1527 434 1573 utilia
464 1527 518 1575 ab
545 1527 682 1571 noxiis
700 1527 958 1576 discernunt,
991 1525 1138 1584 plures
1158 1525 1337 1570 aliorum
1358 1527 1520 1573 eventis
1541 1527 1760 1579 docentur.
1793 1535 1984 1573 ceterum

190 1610 237 1647 ut
264 1603 497 1661 profutura,
528 1603 585 1646 ita
614 1602 835 1645 minimum
855 1601 1150 1646 oblectationis
1180 1601 1387 1646 adferunt.
1418 1617 1516 1647 nam
1546 1603 1652 1647 situs
1678 1603 1878 1661 gentium,
1911 1617 1985 1647 va-

192 1678 364 1724 rietates
384 1677 658 1738 proeliorum,
691 1677 793 1722 clari
815 1677 973 1722 ducum
990 1677 1126 1721 exitus
1157 1677 1340 1722 retinent
1359 1691 1409 1722 ac
1435 1668 1726 1737 redintegrant
1753 1678 1984 1737 legentium

191 1755 400 1799 animum:
431 1767 511 1798 nos
531 1767 661 1798 saeva
684 1753 810 1803 iussa,
841 1753 1065 1797 continuas
1095 1753 1403 1804 accusationes,
1436 1753 1606 1799 fallaces
1636 1754 1854 1806 amicitias,
1885 1768 1984 1813 per-

191 1830 347 1875 niciem
380 1828 668 1874 innocentium
705 1836 748 1872 et
777 1828 954 1873 easdem
983 1828 1098 1873 exitii
1132 1841 1285 1873 causas
1315 1829 1630 1887 coniungimus‚
1674 1829 1802 1874 obvia
1837 1844 1981 1875 rerum
1996 1841 2034 1872 20

255 1981 288 2016 4.
314 1985 390 2015 arto
411 1990 465 2024 pr.
484 1982 537 2016 M:
564 1983 659 2015 arcto
682 1989 773 2014 corr.
792 1982 825 2015 M
852 1998 887 2006 -—
912 1981 1013 2014 immo
1035 1981 1084 2014 ita
1106 1981 1139 2015 M
1156 1981 1304 2023 (immota
1318 1981 1453 2023 margo)
1475 1999 1511 2007 -
1535 1982 1568 2015 7.
1592 1990 1666 2023 sepe
1687 1983 1722 2016 M
1747 2000 1783 2007 -
1810 1982 1842 2015 9.
1867 1991 1984 2015 conso.—

190 2038 282 2071 otata
302 2038 502 2072 Ernestius:
535 2038 704 2071 consciata
726 2038 776 2077 M3
810 2038 989 2070 constituta
1012 2046 1146 2079 margo.
1175 2054 1210 2061 —
1241 2038 1294 2071 44.
1319 2039 1472 2071 noscendi
1492 2047 1547 2082 pr.
1571 2040 1606 2072 M
1631 2056 1667 2062 —
1695 2038 1748 2072 44.
1773 2047 1811 2071 re
1833 2040 1984 2073 Romana

193 2094 349 2138 Lipsius:
365 2103 481 2128 rerum
495 2095 529 2128 M
545 2112 581 2120 —
601 2094 654 2128 47.
672 2093 900 2127 oblectationes
913 2102 968 2137 pr.
983 2095 1016 2128 M
1030 2111 1064 2117 —
1085 2094 1138 2127 49.
1152 2094 1339 2136 permutem
1354 2095 1388 2129 M
1403 2112 1439 2118 —
1457 2095 1517 2128 20.
1530 2095 1625 2128 exitii
1639 2095 1809 2128 Pichena:
1826 2096 1920 2129 eaeitu
1935 2096 1979 2130 M.

192 2233 323 2276 spexit,
349 2232 408 2274 qui
433 2232 464 2272 4,
481 2232 537 2273 29,
554 2231 616 2265 45:
640 2231 758 2272 Itaque
780 2235 939 2273 quartum
953 2233 1061 2274 quod-

190 2283 270 2316 dam
297 2290 402 2324 genus
427 2283 478 2315 rei
504 2281 658 2323 publicae
683 2282 834 2314 mamime
849 2282 1062 2323 probandam

189 2341 258 2366 esse
291 2341 422 2373 censeo,
457 2333 546 2373 quod
579 2341 624 2365 ex
655 2331 706 2365 his
736 2340 823 2372 quae
845 2333 962 2373 prima
990 2333 1063 2366 dixi

190 2384 398 2417 moderatum
420 2385 453 2416 et
468 2384 679 2424 permixtum
700 2383 817 2416 tribus.
843 2383 894 2416 Cf.
915 2382 1002 2416 ibid.
1028 2392 1058 2416 c.

191 2433 246 2475 35,
269 2432 312 2466 54
335 2434 372 2466 et
393 2431 447 2473 45,
466 2432 527 2477 ⁴69.
551 2433 585 2473 Ξ,
609 2432 665 2473 23,
690 2431 744 2465 44.
773 2451 808 2456 -
840 2434 868 2466 si
890 2433 1006 2476 evenit]
1032 2434 1061 2466 si

191 2484 330 2526 uspiam
353 2483 408 2516 est
431 2481 506 2524 (vel
529 2482 688 2524 exstitit).
717 2500 753 2505 —
783 2486 814 2515 et
836 2483 955 2524 quibus
977 2482 1059 2525 cet.]

192 2534 282 2567 Hinc
318 2533 475 2566 variatur
511 2534 708 2572 structura,
748 2541 790 2565 ac
828 2533 857 2566 si
888 2534 1061 2575 scriptum

193 2585 307 2626 esset,
333 2585 390 2625 qm·
414 2586 637 2626 cognoverant
655 2583 747 2625 vulgi
762 2586 922 2616 naturam
937 2586 968 2616 et
983 2584 1061 2624 qm·-

192 2633 253 2666 bus
285 2635 353 2666 cet.
388 2633 516 2667 Dusnu.
546 2650 582 2655 —
619 2635 841 2673 temperanter·
873 2633 1059 2674 haberetur]

192 2692 276 2717 eum
298 2684 346 2717 ita
368 2683 518 2725 regitur,
549 2685 588 2715 ut
616 2691 733 2724 neque
757 2682 890 2716 iniuriis
914 2692 1062 2716 exacer-

191 2733 315 2774 betur,
350 2741 468 2775 neque
499 2730 760 2765 adulationibus
790 2734 850 2765 aut
881 2733 985 2766 nimia
1017 2732 1060 2766 li-

192 2782 332 2816 bertate
354 2781 522 2816 lasciviat.
548 2783 703 2815 anssn.
731 2799 768 2805 —
797 2792 903 2824 neque
931 2785 1002 2818 alia
1023 2793 1061 2817 re

193 2833 231 2866 R.
256 2841 359 2873 quam
382 2832 464 2875 cet.]
505 2832 600 2865 «etsi
630 2840 698 2865 nec
720 2832 754 2864 in
777 2841 886 2874 regno
911 2834 1060 2867 vivimus

193 2891 262 2916 nec
292 2891 415 2924 regem
446 2881 639 2922 habemus,
676 2881 742 2914 sed
765 2883 942 2916 civitatem
968 2884 1059 2916 etin

191 2930 373 2974 plerisque
397 2931 527 2965 veterIs
550 2932 602 2964 rei
624 2930 787 2974 publicae
811 2931 979 2972 formam,
1005 2934 1059 2965 ta-

194 2989 278 3016 men
316 2981 382 3015 sub
418 2981 575 3024 principe
605 2982 741 3022 status,
789 2982 824 3015 in
858 2991 929 3024 quo
965 2991 1059 3016 nunc

197 3039 340 3071 sumus,
375 3039 503 3073 reapse
537 3029 622 3063 nihil
660 3030 777 3063 differt
811 3040 831 3063 a
859 3040 969 3073 regno
993 3032 1059 3065 nisi

194 3081 349 3114 nomine.
374 3079 464 3113 Nihil
487 3081 606 3113 autem
634 3079 852 3122 frequentius
875 3081 970 3122 apud
993 3081 1060 3113 Ta-

196 3129 304 3162 citum
333 3128 509 3162 locutione
537 3137 591 3163 res
611 3130 773 3162 Romana.
811 3129 862 3162 Cf.
884 3130 915 3170 4,
940 3130 993 3162 34.
1019 3130 1058 3170 2,

195 3177 250 3211 ts.
287 3178 325 3218 4,
356 3179 388 3211 4.
418 3177 472 3211 24.
502 3178 556 3212 57.
589 3178 626 3218 6,
654 3179 709 3211 54.
735 3179 796 3218 42,
825 3179 878 3211 44.
915 3178 1000 3211 Hist.
1025 3179 1058 3219 2,

197 3227 252 3261 69.
281 3228 321 3269 3,
350 3227 406 3262 46.
430 3227 469 3268 4,
490 3227 543 3262 44.
571 3228 626 3261 25.
661 3228 715 3261 57.
743 3228 798 3261 76.
829 3246 864 3252 —
889 3228 979 3270 haec]
1004 3237 1059 3268 ea,

199 3284 290 3318 quae
323 3278 495 3312 hactenus
527 3278 674 3321 exposui
708 3279 743 3311 et
770 3286 861 3319 quae
892 3277 1061 3320 deinceps

200 3333 373 3368 exponam
403 3326 503 3370 (quae
529 3327 644 3361 rettuli
665 3335 815 3368 quaeque
835 3326 992 3369 reform)
1016 3326 1061 3360 de

201 3374 288 3407 actis
306 3383 353 3408 ac
374 3376 519 3411 saevitia
540 3375 685 3417 Tiberii,
710 3375 756 3412 ad
780 3375 1063 3418 pernoscendum

200 3421 414 3467 principatus
440 3425 621 3469 ingenium
640 3426 728 3460 satis
749 3424 856 3463 utilia.
886 3442 921 3450 -
947 3425 1065 3467 plures

1110 2232 1256 2265 altorum
1276 2233 1401 2266 eventis
1423 2231 1591 2275 docentur]
1616 2232 1824 2267 Cornificius
1847 2233 1894 2266 ad
1909 2234 1981 2267 He-

1110 2292 1209 2316 renn.
1235 2282 1274 2323 4,
1299 2282 1339 2321 9,
1365 2282 1425 2316 ⁴3:
1468 2283 1513 2324 ii,
1550 2285 1608 2324 qui
1637 2285 1768 2324 sciunt,
1804 2284 1884 2325 quid
1906 2284 1983 2317 aliis

1110 2333 1285 2372 acciderit,
1316 2333 1416 2374 facile
1444 2341 1490 2365 ea>
1519 2333 1665 2366 aliorum
1687 2334 1808 2367 eventis
1828 2335 1897 2367 suis
1918 2342 1981 2366 ra-

1110 2383 1253 2417 tionibus
1267 2386 1410 2424 posstmt
1424 2384 1615 2424 providere.
1634 2401 1670 2407 —
1688 2385 1860 2418 retinent·
1871 2403 1890 2409 -
1902 2386 1980 2418 ‹mi-

1109 2433 1212 2475 mum]
1229 2433 1354 2466 Cicero
1370 2432 1415 2465 ad
1433 2431 1550 2466 Famil.
1569 2434 1601 2474 5,
1616 2433 1668 2474 42,
1683 2433 1704 2467 4
1717 2434 1774 2475 (ad
1790 2435 1980 2468 Lucceium

1110 2484 1345 2523 historicum:
1372 2484 1516 2517 Multam
1537 2493 1634 2516 casus
1655 2486 1761 2517 nostri
1782 2486 1981 2519 varietatem

1110 2534 1170 2567 tibi
1189 2535 1227 2568 in
1249 2534 1418 2567 scribendo
1437 2533 1692 2575 suppeditabunt
1707 2535 1844 2575 plenam
1865 2537 1980 2570 caius-

1110 2585 1188 2617 dam
1210 2585 1409 2626 voluptatis,
1438 2593 1523 2625 quae
1545 2585 1748 2618 vehementer
1770 2587 1899 2618 animos
1920 2587 1979 2619 ho-

1108 2634 1236 2666 miwwm
1264 2634 1301 2666 in
1328 2634 1463 2676 legendo
1493 2634 1614 2675 scripto
1637 2635 1778 2668 retinere
1795 2637 1911 2676 possit.
1940 2652 1975 2658 —

1109 2684 1348 2727 redintegrant]
1371 2685 1531 2717 varietas
1558 2684 1635 2726 ipsa
1657 2683 1797 2718 lectoris
1821 2686 1977 2719 animum

1110 2742 1232 2767 rursus
1263 2735 1486 2767 attentiorem
1516 2733 1652 2774 reddit,
1683 2735 1714 2768 si
1741 2735 1830 2768 forte
1854 2744 1978 2768 narra-

1109 2783 1204 2815 tione
1240 2784 1403 2816 continua
1438 2792 1561 2816 rerum
1595 2784 1697 2817 nimis
1727 2783 1892 2818 similium
1915 2783 1979 2817 ali-

1110 2833 1279 2873 quantum
1314 2831 1511 2865 delassatus
1543 2834 1608 2865 est.
1649 2850 1685 2856 —
1720 2834 1851 2867 easdem
1883 2834 1978 2866 oaeitii

1108 2882 1241 2923 causas]
1265 2882 1299 2914 Si
1319 2890 1498 2915 summam
1515 2890 1656 2922 eorum,
1682 2891 1774 2924 quae
1794 2885 1917 2916 auctor
1932 2882 1976 2915 de

1110 2932 1184 2964 arta
1209 2932 1245 2963 et
1267 2931 1386 2972 iniqua
1408 2931 1526 2973 operis
1549 2931 1602 2964 sui
1627 2931 1833 2965 condicione
1857 2933 1977 2974 queri·-

1109 2981 1177 3019 tur,
1203 2980 1420 3022 spectaveris
1437 2979 1613 3022 simulque
1630 2989 1685 3022 ea,
1710 2990 1801 3023 quae
1819 2982 1975 3024 proxime

1109 3029 1341 3070 antecedunt,
1389 3029 1499 3063 verba
1538 3032 1720 3072 perniciem
1754 3031 1977 3065 innocentium

1108 3079 1350 3121 reputaveris,
1387 3080 1446 3112 vix
1479 3079 1674 3122 probabilis
1707 3080 1770 3114 tihi
1800 3079 1978 3113 videbitur

1110 3129 1337 3162 Freinshemii
1361 3128 1565 3172 explicatio,
1591 3131 1625 3164 h.
1651 3130 1673 3163 l.
1699 3139 1769 3163 non
1793 3130 1838 3163 de
1860 3130 1975 3163 causis

1110 3178 1204 3211 exitii
1226 3177 1403 3212 clarorum
1418 3179 1595 3220 virorum,
1621 3180 1686 3213 sed
1709 3180 1754 3212 de
1778 3180 1872 3212 exitu
1895 3188 1975 3213 cau-

1109 3235 1230 3260 sarum
1243 3227 1461 3270 perditarum
1472 3237 1675 3262 sermonem
1687 3237 1780 3268 esse,
1795 3230 1977 3270 tamquam

1111 3277 1249 3310 Tacitus
1264 3277 1416 3318 diceret,
1441 3278 1565 3311 indicia
1584 3280 1619 3310 et
1633 3277 1877 3311 accusationes
1892 3287 1977 3315 eun-

1113 3324 1196 3359 dem
1223 3335 1368 3369 semper
1393 3327 1525 3361 exitum
1548 3327 1850 3361 condemnationis
1872 3328 1977 3365 nimi-

1112 3383 1192 3408 rum
1222 3378 1324 3409 nacta
1355 3385 1447 3410 esse.
1484 3377 1526 3410 Et
1553 3377 1685 3409 exitum
1710 3377 1976 3415 accusationum

1112 3433 1183 3459 non
1212 3434 1355 3469 semper
1383 3426 1539 3460 eundem
1569 3424 1676 3459 fuisse
1702 3426 1768 3469 ipsi
1789 3426 1976 3462 Annalium
