2254 3770
256 261 337 305 ’184

739 262 784 304 P.
817 259 1069 313 CORNELIl
1095 259 1265 303 TACITI
1294 258 1562 302 ANNALIUM

259 367 437 411 consulti
469 373 611 425 patres
642 367 852 424 integrum
884 365 924 408 id
956 365 1171 423 negotium
1207 364 1261 407 ad
1295 364 1531 422 principem
1563 363 1825 409 distulerant.
1871 363 1948 408 sed
1978 365 2046 407 Τι-
2108 345 2117 398 J*

257 443 404 487 berius
434 456 565 500 saepe
597 442 711 500 apud
742 455 789 485 se
819 441 1030 499 pensitato
1056 455 1109 485 an
1131 440 1320 485 coerceri
1353 446 1436 483 tam
1467 439 1668 498 profusae
1690 439 1914 498 cupidines
1944 453 2045 497 pos-

258 524 363 569 sent,
394 532 493 561 num
515 518 718 561 coercitio
750 516 846 574 plus
868 516 1009 560 damni
1040 516 1080 559 in
1110 530 1203 559 rem
1231 514 1446 573 publicam
1466 515 1605 565 ferret,
1637 529 1766 574 quam
1794 515 2045 559 indecorum

258 593 498 637 adtrectare
519 592 636 651 quod
657 606 741 635 non
762 591 974 635 obtineret
995 591 1062 635 vel
1087 598 1296 635 retentum
1326 590 1601 648 ignominiam
1621 596 1664 634 et
1692 590 1904 634 infamiam
1934 589 2045 634 viro-

226 684 353 714 5rum
373 668 612 712 inlustrium
632 673 841 725 posceret,
873 674 1090 724 postremo
1111 666 1271 710 litteras
1293 665 1345 709 ad
1369 673 1562 709 senatum
1584 667 1833 724 composuit,
1863 679 2044 724 quarum

257 744 466 789 sententia
503 744 546 786 in
583 743 695 786 hunc
733 742 908 786 modum
946 743 1041 785 fuit:
1089 743 1168 797 (53)
1214 741 1393 785 «ceteris
1424 742 1595 785 forsitan
1635 742 1676 784 in
1714 741 1860 790 rebus,
1901 747 2045 799 patres

259 819 498 877 conscripti,
517 818 652 876 magis
674 818 874 876 expediat
892 832 961 860 me
983 832 1128 861 coram
1149 817 1398 873 interrogari
1421 823 1463 860 et
1478 817 1622 861 dicere
1640 817 1743 875 quid
1760 831 1783 860 e
1806 831 1851 860 re
1872 815 2044 874 publica

259 908 475 939 censeam:
509 894 549 936 in
579 893 659 937 hac
688 892 892 936 relatione
924 893 1114 937 subtrahi
1137 892 1284 937 oculos
1316 889 1434 936 meas
1467 892 1617 936 melius
1648 892 1733 943 suit,
1766 906 1819 935 ne
1841 892 2045 935 denotan-

257 969 371 1013 tibus
402 968 523 1012 vobis
554 982 630 1012 ora
667 982 717 1012 ac
747 974 905 1011 metum
935 968 1217 1027 singulorum,
1260 968 1331 1026 qui
1369 967 1558 1035 pudendi
1597 967 1721 1011 luxus
1753 973 2043 1025 arguerentur,

209 1046 351 1103 ioipse
390 1044 517 1088 etiam
554 1043 748 1105 viderem
782 1057 858 1087 eos
897 1058 947 1087 ac
985 1043 1100 1087 velut
1137 1043 1462 1101 deprenderem.
1510 1043 1624 1101 quod
1666 1044 1701 1086 si
1741 1056 1910 1086 meeum
1950 1049 2046 1086 ante

258 1120 335 1164 viri
377 1119 557 1170 strenui,
599 1119 778 1170 aedileS,
819 1118 1043 1163 consilium
1082 1119 1347 1168 habuissent,
1389 1118 1535 1162 nescio
1571 1133 1624 1161 an
1656 1132 1862 1162 suasurus
1893 1118 2043 1161 luerim

259 1195 454 1239 omittere
490 1194 631 1252 potius
667 1194 914 1252 praevalida
943 1201 985 1237 et
1014 1194 1157 1238 adulta
1188 1195 1286 1237 vitia
1316 1208 1446 1252 quam
1475 1194 1555 1237 hoc
1586 1193 1785 1252 adsequi,
1826 1200 1872 1236 ut
1905 1193 2046 1252 palam

257 1270 381 1314 fieret
417 1269 574 1328 quibus
612 1268 781 1327 flagitiis
822 1270 1008 1327 impares
1046 1284 1253 1313 essemus.
1300 1269 1377 1312 sed
1416 1269 1471 1311 illi
1512 1269 1689 1327 quidem
1732 1268 1871 1312 officio
1915 1269 2043 1312 functi

258 1351 367 1396 sunt,
399 1351 445 1388 ut
466 1351 634 1389 ceteros
655 1359 830 1404 quoque
851 1345 1121 1403 magistratus
1143 1359 1221 1388 sua
1241 1345 1385 1388 munia
1408 1344 1584 1402 implere
1604 1343 1750 1387 velim:
1781 1344 1882 1386 mihi
1905 1350 2045 1387 autem

209 1434 245 1463 45
259 1435 400 1479 neque
439 1420 664 1464 honestum
694 1420 821 1464 silere
851 1434 993 1479 neque
1023 1420 1221 1479 proloqui
1254 1420 1517 1478 expeditum,
1549 1420 1650 1476 quia
1681 1434 1763 1462 non
1795 1418 1945 1462 aedilis
1975 1426 2048 1462 aut

257 1496 467 1555 praetoris
495 1502 567 1539 aut
588 1495 776 1539 consulis
806 1496 938 1554 partis
970 1496 1174 1539 sustineo.
1222 1496 1359 1538 maius
1390 1495 1552 1553 aliquid
1574 1501 1616 1539 et
1637 1494 1846 1539 excelsius
1877 1509 1900 1538 a
1930 1495 2046 1553 prin-

258 1573 353 1630 cipe
394 1571 655 1630 postulatur;
694 1578 736 1615 et
777 1585 873 1615 cum
913 1578 1027 1615 recte
1068 1571 1274 1615 sactorum
1312 1570 1390 1614 sibi
1430 1571 1614 1628 quisque
1653 1572 1830 1628 gratiam
1869 1570 2045 1618 trahant,

256 1648 383 1692 unius
428 1647 585 1690 invidia
633 1647 686 1690 ab
727 1647 924 1690 omnibus
961 1653 1176 1704 peccatur.
1223 1646 1327 1704 quid
1366 1646 1479 1689 enim
1514 1646 1697 1704 primum
1738 1646 1967 1704 prohibere
2007 1652 2048 1688 et

257 1724 446 1782 priscum
477 1722 530 1766 ad
561 1737 726 1766 morem
756 1722 951 1766 recidere
983 1722 1242 1779 adgrediar?
1273 1721 1522 1765 villarumne
1554 1721 1711 1764 infinita
1731 1721 1900 1779 spatia?
1931 1720 2048 1764 fami-

207 1799 406 1842 aoliarum
428 1812 654 1842 numerum
677 1804 718 1841 et
739 1798 961 1841 nationes?
995 1798 1156 1855 argenti
1178 1804 1220 1841 et
1241 1797 1331 1840 auri
1353 1797 1550 1855 pondus?
1580 1797 1693 1840 aeris
1719 1796 2046 1854 tabularumque

258 1874 491 1919 miracula?
529 1873 766 1932 promiscas
796 1873 897 1916 viris
929 1879 970 1916 et
1000 1873 1166 1917 feminis
1196 1874 1368 1916 vestes?
1407 1879 1535 1931 atque
1567 1872 1636 1915 illa
1666 1872 1917 1916 seminarum
1947 1886 2047 1930 pro-

323 1990 355 2023 ’1.
381 1989 601 2022 distulaerant
623 1997 675 2030 pr.
694 1988 728 2021 M
754 2005 790 2011 —
818 1987 848 2020 3.
874 1996 945 2020 rem
966 1988 1088 2029 plicam
1112 1989 1199 2022 M—
1223 1988 1254 2020 6.
1273 1989 1307 2020 P.
1328 1988 1361 2020 C.
1388 1988 1420 2020 M
1447 2005 1482 2010 -
1510 1987 1540 2019 7.
1559 1996 1577 2019 e
1600 1986 1807 2020 Beroaldus:
1835 1995 1905 2019 om.
1932 1987 1983 2025 M;
2010 1987 2048 2019 de

256 2056 389 2088 margo.
419 2064 454 2070 -
490 2046 542 2078 ⁴6.
568 2046 716 2078 excelsus
739 2046 996 2087 (superscripta
1020 2044 1133 2078 littera
1156 2047 1169 2078 i
1193 2045 1238 2077 ab
1263 2044 1391 2077 eadem
1414 2045 1537 2085 manu)
1562 2045 1595 2077 M
1627 2061 1661 2066 —
1696 2044 1748 2077 ⁴8.
1774 2053 1849 2075 cum
1872 2043 1971 2075 unius
1992 2043 2046 2075 in-

254 2104 347 2137 vidia
370 2102 600 2145 exspectabat
622 2101 846 2135 Doederlein.

255 2206 383 2231 vocem
404 2197 592 2229 utensilium
615 2196 658 2229 cf.
679 2197 710 2236 l,
735 2197 789 2229 70.
816 2214 852 2219 —
879 2198 924 2229 ad
941 2197 1127 2238 principem

256 2247 461 2289 distulerant]
487 2247 603 2279 donec
623 2246 783 2279 Tiberius
808 2247 842 2279 in
866 2246 992 2279 urbem
1017 2247 1127 2280 redis-

256 2298 321 2331 set.
348 2298 420 2330 Liv.
446 2297 501 2335 44.
526 2298 558 2336 8,
577 2298 614 2329 5:
651 2297 751 2338 legati
773 2297 977 2335 Sardorum,
1003 2298 1061 2337 qui
1082 2298 1127 2329 ad

255 2357 357 2380 novos
378 2348 598 2388 mayistratus
615 2347 710 2378 dilati
725 2350 832 2379 erant.
853 2365 888 2370 -
909 2348 987 2387 plus
1002 2347 1125 2388 damni]

256 2406 339 2430 cum
372 2398 485 2429 maior
518 2397 608 2429 foret
642 2396 912 2438 periclitantium
943 2406 1123 2436 numerus,

257 2456 364 2490 quam
388 2448 469 2489 ipsi,
497 2448 562 2479 etsi
585 2455 692 2479 saevo
714 2447 868 2486 homini,
895 2447 1125 2480 commodum

255 2497 453 2535 videretur;
485 2498 694 2538 praesertim
725 2504 806 2529 cum
831 2497 960 2529 civium
987 2500 1127 2538 praeter

255 2547 376 2581 luxum
402 2548 521 2579 cetera
542 2547 763 2579 innoxiorum
780 2546 934 2587 nihilque
952 2556 1124 2579 novarum

256 2605 377 2629 rerum
401 2595 619 2628 molientium
643 2596 722 2629 odia
746 2596 913 2629 inutiliter
936 2597 969 2629 in
987 2606 1024 2629 se
1043 2606 1127 2629 con-

257 2647 391 2679 citaret.
425 2646 476 2679 Cf.
511 2655 540 2678 c.
567 2646 619 2679 54.
655 2662 690 2669 —
727 2656 794 2679 non
823 2646 995 2687 oblineret]
1033 2645 1124 2678 nullo

255 2697 360 2738 pacto
384 2696 592 2738 perficeret;
619 2695 740 2729 luxum
765 2698 860 2729 enim
883 2697 987 2728 tantis
1011 2696 1044 2728 in
1069 2705 1126 2727 ur-

256 2746 311 2780 bis
351 2747 477 2780 divitiis
515 2747 669 2780 funditus
707 2748 890 2789 exstirpari
929 2754 1123 2787 numquam

256 2806 374 2839 posse.
395 2814 430 2820 —
456 2797 629 2839 retentum]
655 2798 684 2829 si
708 2799 911 2830 constanter
934 2806 976 2829 ac
1000 2805 1125 2829 severe

255 2855 389 2890 poenas
406 2845 490 2888 legis
505 2849 771 2888 exsequeretur.
799 2846 964 2880 Consulto
979 2846 1126 2879 variavit

255 2897 477 2940 praecedens
500 2896 650 2929 verbum
675 2897 842 2929 obtineret.

299 2948 353 2981 53.
377 2947 524 2990 flagitiis]
550 2947 624 2979 scil.
651 2948 868 2981 coercendis.
891 2966 926 2971 —
952 2948 1050 2979 unius
1071 2948 1124 2979 in-

254 2999 359 3039 vidia]
382 2998 544 3031 Usitatius
568 2997 712 3038 quidem
741 2997 830 3029 foret
852 3007 928 3029 cum
950 2998 1051 3029 unius
1070 2998 1125 3028 in-

254 3049 367 3088 vidia,
394 3056 459 3080 nec
482 3048 602 3080 tamen
625 3047 926 3088 praepositionem
951 3047 1123 3079 excidisse

256 3098 422 3138 arbitror,
454 3097 519 3131 sed
549 3098 683 3130 dictum
713 3105 792 3129 esse
823 3099 860 3129 ut
884 3098 968 3130 Hist.
996 3097 1034 3135 4,
1061 3097 1124 3129 30:

255 3149 363 3180 mulla
384 3148 642 3189 superstantium
662 3147 818 3188 pernicie.
847 3163 882 3169 -
909 3148 1057 3187 priscum
1080 3149 1125 3179 ad

255 3207 380 3230 morem
402 3198 563 3240 recidere]
595 3198 642 3230 ita
664 3205 829 3230 resecare
855 3198 889 3228 et
913 3196 1054 3235 tollere,
1087 3199 1124 3229 ut

257 3247 302 3281 ad
327 3249 483 3289 priscum
507 3256 643 3281 morem
667 3247 789 3280 reduci
813 3247 934 3288 possit.
964 3266 998 3270 —
1024 3248 1124 3279 vilta-

255 3307 373 3331 rumne
402 3299 534 3341 infinita
564 3298 693 3340 spatia]
725 3299 801 3331 Non
829 3296 1008 3329 latifundia
1040 3307 1123 3339 per-

257 3349 413 3389 stringit.
446 3351 484 3381 ut
510 3348 652 3382 volebat
678 3349 850 3384 Muretus;
883 3346 947 3379 sed
971 3347 1123 3389 aedificia

253 3399 392 3440 privata
408 3399 581 3432 laxitatem
595 3398 729 3431 urbium
742 3405 945 3440 maynarum
958 3397 1124 3430 vincentia

1179 2198 1253 2239 (per
1269 2197 1378 2229 totam
1395 2196 1559 2236 Italiam):
1586 2197 1720 2228 Seneca
1738 2195 1782 2227 de
1797 2194 1919 2227 Benel.
1938 2195 1970 2232 7,
1990 2195 2043 2233 40,

1176 2248 1208 2280 5.
1235 2248 1354 2279 Iuven.
1382 2246 1436 2286 44,
1460 2246 1519 2278 86:
1545 2245 1745 2286 Aedificator
1767 2248 1839 2277 erat
1862 2244 2044 2284 Cretonius,

1177 2300 1207 2329 et
1236 2298 1331 2328 modo
1361 2306 1462 2328 curvo
1493 2297 1603 2328 Litore
1627 2296 1777 2334 Caietae,
1807 2303 1938 2326 summa
1959 2304 2047 2327 nunc

1179 2347 1306 2379 Tiburis
1336 2355 1431 2386 arce,
1463 2347 1560 2378 Nunc
1587 2346 1805 2377 Praenestinis
1827 2345 1862 2376 in
1884 2344 2048 2376 montibus

1177 2398 1248 2429 alla
1268 2396 1414 2438 parabat
1430 2396 1582 2428 Culmina
1603 2396 1762 2427 villarum
1779 2395 1915 2427 Graecis
1932 2395 2046 2436 lonae-

1177 2457 1239 2489 que
1259 2447 1369 2487 petitis
1391 2446 1636 2485 Marmoribus,
1661 2446 1792 2477 vincens
1807 2446 1975 2477 Fortunae
1996 2447 2048 2476 a!-

1177 2507 1239 2538 que
1261 2497 1409 2529 Herculis
1432 2497 1553 2528 aedem.
1580 2514 1614 2518 —-
1634 2496 1844 2537 familiarum
1858 2495 2045 2535 numerum]

1177 2548 1314 2580 Tacitus
1341 2546 1392 2586 44,
1410 2546 1451 2578 ⁴3
1478 2546 1629 2578 Pedanio
1653 2546 1815 2578 Secundo
1839 2553 1964 2578 servos
1987 2545 2048 2576 tri-

1176 2598 1251 2630 buit
1281 2597 1580 2638 quadringentos3
1614 2595 1743 2629 Plinius
1773 2596 1832 2630 33,
1866 2595 1885 2636 5
1911 2594 1972 2626 435
2003 2595 2043 2626 C.

1178 2647 1328 2680 Caecilio
1347 2646 1487 2679 cuidam
1503 2646 1637 2678 Isidoro
1657 2648 1697 2685 (a.
1715 2655 1750 2677 u.
1770 2645 1833 2678 746
1849 2643 2046 2687 >servorum

1177 2702 1335 2740 quattuor
1355 2698 1448 2729 milia
1469 2700 1597 2729 eentum
1611 2697 1764 2728 sedecim.
1790 2695 1990 2727 Athenaeus
2010 2694 2043 2733 6,

1178 2748 1259 2780 404τ
1284 2744 1388 2792 Πρὸς
1411 2743 1516 2779 ταῦτ’
1541 2742 1766 2788 ἀπαντήσας
1789 2741 1812 2777 ὁ
1827 2742 2045 2789 Λαρήνσιος

1175 2794 1267 2840 istm,
1281 2793 1388 2830 Ἀλλὰ
1406 2793 1601 2839 Ῥωμαίων
1618 2792 2045 2836 ἕκαστος--πλείστους

1178 2844 1297 2889 ὅσους
1328 2847 1562 2890 κεκτημένος
1589 2847 1757 2887 οἰκέτας,
1787 2846 1852 2878 καὶ
1875 2842 1947 2891 γὰρ
1969 2855 2044 2888 μυ-

1177 2899 1283 2944 ρίους
1313 2897 1377 2929 καὶ
1407 2896 1631 2943 δισμυρίους
1662 2897 1727 2928 καὶ,
1749 2891 1804 2928 ἔτι
1828 2895 1981 2936 πλείους
2003 2894 2044 2928 δὲ

1177 2946 1396 2991 πάμπολλοι
1419 2948 1638 2988 κέκτηνται,
1664 2945 1735 2979 οὐκ
1759 2945 1818 2978 ἐπὶ
1837 2943 2044 2991 προσόδοις

1176 2997 1235 3038 δέ,
1275 2992 1404 3042 ὥσπερ
1443 2994 1464 3029 ὁ
1502 2995 1577 3029 τῶν
1611 2993 1799 3039 Ἑλλήνων
1833 2993 2044 3037 ζάπλουτος

1175 3049 1327 3088 Νικίας,
1366 3043 1445 3079 ἀλλ’
1482 3047 1523 3079 οἱ
1558 3045 1710 3087 πλείους
1743 3044 1818 3078 τῶν
1847 3042 2043 3088 Ῥωμαίων

1176 3095 1462 3144 συμπροϊόντας
1506 3092 1641 3136 ἔχουσι
1693 3093 1783 3136 τοὺς
1827 3094 2040 3135 πλείστους.

1176 3150 1309 3181 Seneca
1335 3147 1379 3180 de
1404 3149 1531 3189 Tranq.
1558 3156 1615 3179 an.
1641 3147 1672 3186 8.
1691 3146 1729 3178 6:
1755 3145 1986 3178 Felicioremne
2007 3148 2044 3176 tu

1176 3198 1380 3230 Demetrium
1411 3197 1644 3238 Pompeianum
1681 3205 1802 3236 vocas,
1845 3204 1940 3236 quem
1976 3205 2042 3226 non

1173 3250 1291 3289 puduit
1313 3248 1557 3288 locupletiorem
1581 3255 1648 3279 esse
1669 3245 1845 3286 Pompeio?
1877 3245 2042 3277 Numerus

1175 3299 1222 3330 illi
1245 3298 1363 3330 cotidie
1378 3306 1549 3330 servorum
1567 3296 1655 3329 velut
1670 3295 1863 3336 imperatori
1879 3295 2043 3326 exercitus

1173 3348 1393 3389 referebatur,
1426 3348 1479 3378 cui
1501 3347 1570 3378 iam
1593 3346 1717 3378 dudum
1738 3345 1874 3376 divitiae
1895 3353 1962 3376 esse
1983 3345 2040 3376 de-

1175 3398 1314 3431 buerant
1336 3397 1400 3430 duo
1422 3397 1543 3429 vicarii
1562 3399 1591 3430 et
1606 3395 1688 3428 cona
1703 3395 1816 3427 lacior
1832 3395 1939 3436 (tunc,
1959 3401 2040 3426 cum
