2254 3770
269 255 352 299 554
744 257 790 299 Ρ.
823 255 1072 300 CORNELII
1101 254 1272 299 TACITI
1301 254 1568 299 ANNALIUM

271 361 399 405 exitio
430 375 541 406 esse.
585 361 714 419 igitur
743 361 990 419 interceptis
1019 361 1140 405 Antei
1171 360 1343 411 litteris,
1375 360 1537 404 furatus
1567 359 1694 404 etiam
1714 358 1882 404 libellos
1901 358 2060 418 quibus

272 435 366 480 dies
405 436 599 493 genitalis
630 437 725 480 eius
755 442 798 480 et
828 442 1033 480 eventura
1069 436 1248 480 secretis
1284 435 1524 480 Pammenis
1554 433 1894 486 occultabantur,
1935 433 2059 478 simul

272 512 455 570 repertis
484 525 597 570 quae
628 512 680 556 de
711 517 806 556 ortu
837 511 1009 569 vitaque
1040 511 1201 556 Ostorii
1233 509 1444 568 Scapulae
1476 509 1712 567 composita
1741 515 1882 560 erant,
1914 508 2063 553 scribit

273 586 327 631 ad
357 587 596 645 principem
625 600 777 644 magna
807 600 854 631 se
886 592 928 630 et
952 600 1064 644 quae
1086 586 1362 630 incolumitati
1385 586 1479 630 eius
1499 584 1789 629 conducerent
1808 583 2059 636 adlaturum,

240 662 309 706 ssi
340 662 516 706 brevem
545 661 658 706 exilii
687 662 857 707 veniam
886 662 1208 720 inpetravisset:
1246 662 1407 719 quippe
1437 660 1633 704 Anteium
1664 666 1706 704 et
1735 659 1956 705 Ostorium
1983 659 2063 702 im-

272 737 435 781 minere
465 737 596 781 rebus
626 743 669 781 et
698 751 777 782 sua
810 738 1096 795 Caesarisque
1134 737 1217 780 fata
1247 736 1440 781 scrutari.
1484 736 1595 779 exim
1626 735 1783 778 missae
1814 734 2060 785 liburnicae,

271 812 583 870 advehiturque
620 826 806 870 propere
848 812 1066 856 Sosianus.
1111 826 1163 856 ac
1193 811 1363 869 vulgato
1394 811 1486 855 eius
1517 810 1674 854 indicio
1704 810 1813 854 inter
1841 809 2064 853 damnatos

272 887 407 945 magis
437 901 566 945 quam
596 887 706 932 inter
736 902 835 932 reos
866 888 1041 931 Anteius
1073 888 1358 945 Ostoriusque
1388 885 1673 936 habebantur,
1713 885 1824 929 adeo
1860 891 1906 928 ut
1934 889 2064 928 testa-

271 969 461 1007 mentum
490 963 610 1007 Antei
640 977 766 1007 nemo
797 963 1057 1020 obsignaret‚
1100 963 1180 1006 nisi
1211 962 1428 1019 Tigillinus
1458 967 1608 1005 auctor
1637 960 1864 1011 extitisset,
1901 958 2062 1005 monito

222 1052 258 1081 ιο
271 1038 390 1096 prius
419 1038 569 1082 Anteio
599 1052 653 1082 ne
683 1052 907 1096 supremas
945 1037 1111 1082 tabulas
1142 1044 1394 1084 moraretur.
1437 1043 1566 1093 atque
1597 1034 1668 1078 ille
1698 1035 1850 1079 hausto
1881 1047 2060 1086 veneno,

272 1113 514 1157 tarditatem
535 1114 628 1157 eius
652 1127 834 1171 perosus
856 1114 1068 1157 intercisis
1085 1113 1204 1157 venis
1221 1120 1398 1156 mortem
1415 1110 1730 1169 adproperavit.
1762 1109 1844 1167 (45)
1866 1109 2064 1154 Ostorius

272 1179 518 1247 longinquis
550 1189 590 1231 in
619 1189 731 1246 agris
762 1189 875 1246 apud
906 1189 1037 1232 finem
1065 1189 1267 1247 Ligurum
1289 1187 1331 1231 id
1354 1187 1557 1245 temporis
1579 1191 1680 1230 erat.
1713 1199 1766 1230 eo
1787 1185 1944 1229 missus
1963 1198 2065 1230 cen-

273 1264 397 1316 turio,
429 1265 502 1322 qui
533 1263 713 1308 caedem
743 1265 836 1307 eius
868 1270 1110 1309 maturaret.
1142 1277 1274 1308 causa
1302 1262 1527 1306 festinandi
1549 1275 1602 1306 ex
1623 1275 1675 1305 eo
1697 1260 1925 1312 oriebatur,
1947 1259 2066 1319 quod

274 1339 472 1385 Ostorius
501 1339 632 1383 multa
661 1338 829 1383 militari
859 1339 987 1391 fama,
1030 1346 1072 1383 et
1101 1339 1280 1383 civicam
1310 1351 1513 1382 coronam
1543 1336 1658 1395 apud
1690 1336 1947 1380 Britanniam
1976 1349 2066 1380 me-

223 1427 261 1457 45
273 1416 396 1467 ritus,
429 1415 587 1473 ingenti
616 1415 657 1458 vi
686 1415 879 1472 corporis
910 1428 1214 1473 armorumque
1244 1413 1420 1458 scientia
1449 1419 1610 1456 metum
1636 1411 1793 1455 Neroni
1823 1411 1984 1456 fecerat
2010 1424 2066 1455 ne

273 1491 494 1535 invaderet
523 1490 729 1549 pavidum
760 1504 932 1548 semper
962 1497 1004 1535 et
1035 1496 1203 1548 reperta
1234 1503 1370 1547 nuper
1400 1487 1693 1533 coniuratione
1722 1486 1858 1544 magis
1889 1485 2066 1530 exterri-

273 1573 375 1610 tum.
415 1567 545 1624 igitur
576 1565 779 1618 centurio,
812 1566 886 1610 ubi
917 1565 1072 1623 effugia
1102 1557 1226 1609 villae
1257 1564 1427 1616 clausit,
1461 1564 1579 1607 iussa
1608 1562 1863 1620 inperatoris
1893 1561 2066 1606 Ostorio

274 1642 423 1700 aperit.
470 1642 505 1685 is
535 1642 827 1686 fortitudinem
855 1655 987 1699 saepe
1017 1641 1246 1685 adversum
1277 1640 1423 1683 hostes
1454 1644 1686 1697 spectatam
1717 1637 1759 1680 in
1788 1650 1836 1681 se
1857 1636 1996 1681 vertit.
2026 1642 2069 1680 et

274 1717 376 1776 quia
401 1731 537 1762 venae
558 1731 818 1776 quamquam
844 1717 1106 1775 interruptae
1127 1730 1279 1775 parum
1300 1714 1518 1773 sanguinis
1539 1713 1831 1764 effundebant,
1864 1711 2068 1756 hactenus

342 1873 373 1905 4.
399 1871 511 1913 αηιθρῑ
533 1871 567 1905 M
592 1888 628 1893 —
655 1870 687 1903 3.
712 1869 850 1902 scribita
865 1870 911 1902 ad
933 1870 967 1903 M
986 1888 1021 1893 —
1047 1868 1079 1903 4.
1097 1868 1334 1902 incolumitatis
1349 1868 1382 1901 M
1401 1885 1436 1890 —
1456 1867 1487 1900 9.
1506 1866 1668 1909 ιὶῃὶῐίἰηαε
1683 1865 1734 1900 M:
1763 1864 1938 1907 Tiycllinus
1950 1862 2066 1906 vulgo.

275 1928 364 1961 Vide
388 1927 433 1960 ad
456 1937 491 1970 p.
517 1927 594 1967 475,
620 1928 652 1960 7.
681 1945 714 1952 -—
741 1929 866 1960 monito
884 1927 983 1968 prius
1004 1926 1119 1959 Anteio
1134 1924 1328 1959 Acidalius:
1353 1924 1498 1956 monitus
1509 1923 1606 1965 prius
1621 1922 1731 1956 anteio
1746 1922 1796 1961 M;
1820 1921 1964 1955 monitus
1973 1920 2070 1962 prius

273 1985 408 2020 Anteius
431 1983 498 2017 alii.
528 2001 562 2006 -
588 1984 642 2017 40.
666 1981 808 2025 εαρῇηια
829 1983 977 2016 stabulas
999 1984 1032 2017 M
1058 2001 1094 2006 —
1121 1983 1173 2015 44.
1199 1981 1393 2015 interscissis
1415 1979 1683 2021 Bezzenberger
1705 1977 1784 2012 coll.
1803 1978 1857 2019 45,
1875 1977 1937 2015 35;
1961 1978 1998 2010 at
2011 1977 2069 2010 est

273 2042 417 2074 incidero
444 2049 546 2074 venas
576 2040 636 2080 46,
663 2040 704 2072 49
734 2040 769 2072 et
799 2035 894 2081 apud
924 2038 1096 2072 Velleium
1127 2036 1351 2071 Paterculum
1382 2037 1419 2077 2,
1451 2037 1506 2069 22.
1540 2036 1651 2069 HALM.
1684 2052 1721 2058 —
1761 2034 1812 2067 43.
1837 2034 1947 2067 cedem
1969 2034 2004 2067 M
2029 2051 2065 2057 -

275 2097 329 2131 ⁴4.
356 2097 577 2130 brittanniam
599 2097 632 2129 M
658 2113 689 2118 -
724 2096 776 2129 45.
802 2096 927 2138 inqcnti
949 2097 984 2128 vi
1006 2095 1156 2135 corporis
1178 2094 1361 2128 Wurmius
1378 2091 1466 2135 (coll.
1487 2093 1541 2132 42,
1560 2092 1631 2133 44):
1655 2091 1782 2133 ingenti
1803 2090 2070 2131 corporisllcor-

269 2155 365 2196 poris
393 2153 444 2192 M;
475 2153 600 2195 inqonti
629 2162 767 2194 corpore
793 2154 839 2191 G;
871 2153 996 2195 inqenti
1026 2152 1176 2193 corporis
1197 2151 1316 2184 robore
1338 2148 1543 2183 Beroaldus.
1573 2167 1607 2172 —
1636 2148 1690 2182 46.
1714 2144 1946 2180 coniuratiovi&
1970 2146 2003 2180 M
2028 2163 2066 2170 —

274 2212 329 2245 47.
353 2211 444 2244 iussa
466 2210 502 2243 in
526 2196 574 2243 ,Τί
598 2210 720 2242 ostorio
743 2210 777 2242 M
799 2226 843 2232 —-
866 2209 918 2241 49.
944 2217 1141 2251 quanquam
1163 2209 1207 2242 M.

1197 2355 1275 2379 rum
1296 2345 1410 2388 siqnis.
1439 2335 1476 2368 ’-
1502 2353 1543 2377 ne
1568 2351 1740 2384 supremas
1761 2341 1896 2375 tabulas
1915 2349 2071 2374 morare-

1198 2397 1263 2439 tur]
1295 2399 1360 2428 «ut
1383 2395 1473 2428 illico
1497 2394 1751 2427 testamentum
1775 2393 1908 2425 faceret
1929 2392 2072 2433 signan-

275 2349 343 2382 dies
369 2347 538 2391 genitalis]
573 2348 652 2389 Ipse
682 2355 768 2380 sane
799 2347 904 2379 notus
936 2347 1030 2387 erat,
1068 2347 1148 2388 quia

276 2398 463 2441 quotannis
485 2397 530 2430 ab
546 2397 671 2430 Anteio
688 2397 835 2438 eiusque
853 2397 975 2429 amicis
992 2395 1150 2429 celebra-

275 2449 396 2487 batur3
422 2448 487 2481 sed
503 2447 734 2481 occultabatur
749 2446 911 2479 eiusdem
927 2446 1148 2489 horoscopus

275 2508 294 2531 a
318 2501 510 2532 Pammene
535 2498 772 2539 computatus.
799 2496 848 2529 Cf.
869 2497 902 2536 6,
920 2497 978 2529 24ι
1004 2497 1149 2529 interro-

274 2551 378 2591 ,qatur
400 2557 445 2580 an
467 2556 563 2580 suam
586 2555 716 2589 quoque
737 2546 914 2588 genitalem
931 2546 1049 2578 horwm
1063 2555 1149 2579 com-

271 2598 420 2640 perisset.
443 2616 477 2621 —
498 2598 619 2630 Ostorii
639 2596 814 2638 Scapulae]
839 2596 903 2629 Hic
919 2597 973 2628 est
988 2597 1032 2629 Μ.
1051 2596 1150 2628 Osto-

276 2650 349 2682 rius
372 2646 520 2690 Scapula
546 2648 610 2689 (Μ,
630 2647 665 2680 34
695 2648 783 2679 extr.
807 2648 842 2679 et
866 2645 919 2686 44,
937 2645 1010 2687 48),
1037 2645 1147 2679 Publii

275 2700 311 2731 in
333 2699 510 2731 Britannia
534 2698 663 2730 mortui
688 2698 752 2738 (⁴2,
779 2696 831 2738 39)
859 2695 959 2728 filius.
982 2715 1017 2719 —
1042 2697 1150 2728 immi-

274 2758 353 2782 nere
373 2748 480 2790 rebus]
506 2748 713 2790 principatui
737 2747 944 2789 occupando
969 2749 1005 2779 et
1021 2749 1148 2779 utcun-

276 2808 346 2841 que
370 2799 461 2831 inter
484 2798 579 2839 ipsos
596 2797 805 2836 dividend0;
832 2797 929 2837 qu'ils
945 2797 1081 2829 avaient
1096 2797 1150 2828 des

274 2857 355 2882 vucs
376 2857 436 2880 sur
458 2848 605 2888 l'empire
628 2847 795 2886 Burnouf,
821 2846 920 2888 qu’ils
941 2848 1150 2884 menacaient

275 2900 369 2933 l'e‘tat
383 2898 579 2932 Louandre.
597 2915 631 2921 —
654 2898 834 2940 Tiqillinus]
853 2897 940 2930 Vide
958 2897 1003 2930 ad
1020 2897 1073 2936 44,
1092 2897 1146 2929 54.

279 2967 316 2974 -
338 2949 447 2991 prius]
475 2950 666 2989 antequam
690 2947 866 2989 Tigillinus
889 2948 1003 2980 Anteii
1026 2946 1150 2979 amicis

277 3007 410 3042 pavore
434 2996 607 3040 perculsis
631 2999 754 3029 auctor
778 2998 970 3030 exstitisset
993 2997 1068 3029 eius
1095 2998 1151 3029 te-

278 3050 493 3082 stamentum
517 3046 736 3089 obsignandi.
768 3047 856 3079 Fieri
880 3047 974 3079 enim
999 3047 1147 3088 poterat,

278 3102 317 3132 ut
340 3099 484 3132 Anteius
509 3099 585 3140 ipse
609 3096 716 3130 nollet
732 3097 874 3129 omnino
898 3098 1150 3130 testamentum

278 3150 417 3188 facere,
443 3149 489 3181 ita
506 3151 544 3181 ut
559 3149 694 3181 irritum
713 3147 836 3180 fuisset
851 3146 934 3179 illud
952 3146 1148 3180 consilium.

278 3201 402 3233 Testes
435 3200 555 3232 autem
588 3198 632 3231 ad
670 3206 750 3230 eam
781 3205 858 3229 rem
888 3199 1027 3238 septem
1051 3198 1152 3229 erant

280 3250 482 3283 necessarii.
509 3248 559 3282 Cf.
579 3250 683 3282 Gaius
700 3249 733 3288 2,
752 3247 815 3280 449
831 3249 867 3279 et
883 3247 963 3281 ⁴47:
990 3248 1017 3279 si
1031 3250 1152 3288 septem

279 3300 410 3333 testium
431 3299 533 3341 signis
555 3299 691 3340 siqnata
710 3298 777 3330 sint
791 3299 986 3330 testamenta
1001 3298 1068 3329 cet.
1095 3295 1152 3330 Ul-

281 3350 407 3392 pianus
422 3349 478 3390 28,
496 3349 536 3382 6:
561 3349 588 3381 si
603 3350 772 3390 siqnatwn
787 3348 1015 3380 testamentum
1030 3346 1071 3378 sit
1085 3355 1152 3378 non

282 3400 392 3433 minus
414 3408 515 3441 quam
543 3402 665 3441 septem
686 3399 817 3432 testium
838 3398 963 3432 civium
985 3397 1152 3430 Romano-

1198 2447 1355 2487 dumque
1374 2446 1516 2478 curaret
1531 2454 1537 2482 ;
1551 2456 1566 2472 »
1591 2452 1661 2485 quo
1678 2443 1762 2476 satis
1779 2441 1872 2475 clare
1889 2442 1921 2475 ei
1938 2442 2072 2474 instans

1198 2496 1321 2529 mortis
1345 2496 1541 2528 necessitas
1565 2492 1839 2534 significabatur.

1244 2547 1296 2579 45.
1323 2546 1413 2586 apud
1433 2546 1533 2587 finem
1550 2542 1719 2585 Ligurum]
1743 2543 1776 2575 in
1795 2543 1952 2574 extrema
1971 2542 2072 2584 parte

1198 2597 1315 2628 terrae
1340 2605 1359 2628 a
1383 2594 1568 2636 Liguribus
1592 2593 1783 2625 habitatae.
1808 2592 1864 2624 Sic
1883 2591 1999 2624 Livius
2014 2590 2070 2633 35,

1198 2647 1258 2679 27:
1285 2646 1442 2678 Laconici
1459 2645 1552 2686 aqi-i,
1579 2644 1635 2683 qui
1654 2643 1833 2684 proximus
1843 2642 1943 2684 tinem
1959 2642 2073 2683 Mequ-

1197 2696 1412 2737 lopolitarum
1431 2697 1488 2727 est.
1515 2693 1566 2726 Cf.
1585 2693 1656 2725 Liv.
1675 2692 1728 2731 33,
1747 2692 1788 2724 37
1806 2693 1842 2724 et
1859 2691 2072 2724 Gronovium

1199 2747 1242 2779 ad
1274 2747 1335 2787 38,
1363 2747 1414 2778 45.
1443 2764 1478 2769 -
1512 2745 1654 2777 civicam
1683 2740 2071 2783 coronam--mcritusJ

1200 2797 1250 2830 Cf.
1277 2798 1330 2836 42,
1356 2797 1414 2829 3⁴:
1450 2804 1518 2836 qua
1542 2802 1658 2836 puqna
1678 2793 1767 2835 filius
1789 2792 1890 2834 legati
1911 2792 1958 2825 M.
1977 2790 2074 2824 Osto-

1197 2848 1269 2879 rius
1291 2846 1415 2879 servati
1439 2845 1522 2877 civis
1543 2845 1641 2876 decus
1655 2844 1788 2876 meruit.
1811 2860 1844 2865 -
1862 2843 1998 2882 roperta
2011 2850 2073 2874 nu·

1195 2906 1257 2938 per
1278 2894 1520 2936 coniuratione]
1545 2894 1597 2927 Cf.
1624 2894 1677 2933 ⁴5,
1702 2892 1745 2926 48
1769 2901 1848 2933 sqq.
1877 2909 1913 2915 -
1937 2890 2074 2933 iugulo-

1199 2956 1262 2988 quo
1292 2945 1454 2987 occurrit]
1487 2953 1568 2977 cum
1598 2944 1732 2985 impetu
1764 2942 1920 2975 admovit
1944 2940 2073 2975 collum

1200 2998 1345 3030 dextrae
1370 2997 1463 3029 servi
1487 2995 1675 3037 pugionem
1701 2992 1903 3025 attollentis.

1244 3047 1296 3079 46.
1323 3054 1439 3086 meque
1450 3063 1468 3069 -
1481 3062 1499 3068 -
1516 3044 1737 3084 aliorumque]
1761 3044 1848 3075 Nota
1866 3039 1994 3083 duplex
2011 3048 2074 3082 quo

1200 3106 1265 3140 pro
1287 3100 1319 3129 et
1334 3114 1351 3120 -
1366 3114 1384 3120 -
1400 3099 1450 3136 ct,
1475 3097 1513 3127 ut
1539 3095 1611 3127 Liv.
1629 3094 1684 3134 24,
1704 3093 1764 3126 ⁴9:
1790 3093 1911 3133 quique
1926 3091 2074 3132 Campa-

1199 3157 1320 3180 norum
1343 3147 1464 3188 quiquo
1494 3144 1690 3178 Hannibalis
1711 3143 1855 3176 militum
1877 3145 1984 3176 erant.
2015 3140 2070 3180 42.

1202 3197 1259 3231 ⁴4:
1295 3205 1443 3237 quaeque
1465 3196 1554 3228 dicta
1577 3194 1619 3227 ab
1644 3203 1721 3235 reyc
1744 3201 1893 3234 quaeque
1914 3199 2072 3232 responsa

1200 3251 1307 3280 erant.
1330 3265 1363 3270 -
1383 3245 1498 3287 satias]
1522 3246 1626 3277 Amat
1641 3244 1733 3276 hauc
1752 3242 1902 3276 formam
1917 3241 2070 3274 Tacitus.

1202 3296 1253 3330 Cf.
1272 3296 1305 3335 3,
1324 3295 1377 3329 30.
1402 3294 1456 3328 54.
1483 3294 1516 3334 6,
1541 3293 1594 3326 38.
1621 3291 1799 3326 Drakenb.
1824 3290 1870 3324 ad
1892 3289 2014 3323 Silium
2036 3289 2070 3330 4,

1202 3346 1276 3379 440.
1303 3344 1473 3378 Heindorf
1493 3343 1539 3377 ad
1562 3344 1633 3377 Cic.
1658 3344 1700 3376 N.
1716 3343 1758 3376 D.
1775 3342 1808 3382 3,
1826 3341 1880 3384 38,
1899 3340 1953 3373 90.
1973 3357 2010 3364 -
2035 3343 2073 3373 at

1199 3396 1298 3439 nunc]
1317 3393 1467 3438 «supple
1484 3394 1712 3436 cogitatione:
1730 3391 1834 3425 multo
1847 3390 1949 3424 otiam
1961 3390 2072 3433 ’καρίς
