2254 3770
298 250 388 297 362

703 236 718 247 “
778 255 823 298 Ρ.
856 254 1107 298 CORNELII
1136 255 1307 300 TACITI
1337 255 1605 301 ANNALIUM

300 356 449 414 gionas
486 371 538 402 ac
577 360 794 411 Nemetas,
833 359 978 404 addito
1017 362 1160 420 equite
1191 361 1343 413 alario,
1385 362 1568 406 monitos
1595 367 1642 406 ut
1672 363 1880 407 anteirent
1908 363 2087 422 popula-

301 438 415 476 tores
443 432 511 476 vel
541 433 717 492 dilapsis
746 434 950 492 inprovisi
981 437 1434 481 circumfunderentur.
1466 444 1509 481 et
1538 444 1684 481 secuta
1714 438 1936 482 consilium
1963 438 2086 484 ducis

299 507 508 552 industria
536 508 733 560 militum,
773 509 986 568 divisique
1016 511 1058 554 in
1090 511 1178 555 duo
1208 513 1394 570 agmina,
1427 512 1501 571 qui
1530 511 1698 556 laevum
1727 513 1808 557 iter
1837 514 2085 571 petiverant,

277 585 453 627 'recens
486 597 686 627 reversos
718 585 968 643 praedaque
998 600 1078 644 per
1106 587 1250 630 luxum
1282 601 1384 631 usos
1415 594 1456 631 et
1486 601 1636 631 somno
1667 602 1819 645 graves
1849 588 2087 633 circumve-

266 671 284 701 5
299 671 415 701 nere.
447 664 571 704 aucta
595 658 771 712 laetitia,
798 660 916 718 quod
940 662 1149 720 quosdam
1176 676 1200 706 e
1222 662 1343 706 clade
1365 663 1542 707 Variana
1566 663 1969 722 quadragensimum
1990 670 2088 722 post

299 747 457 776 annum
487 734 661 779 servitio
692 743 949 780 exemerant.
993 737 1073 794 (28)
1105 744 1146 781 at
1175 737 1250 796 qui
1281 737 1442 782 dextris
1463 745 1504 782 et
1526 738 1800 797 propioribus
1821 739 2086 797 compendiis

299 809 452 862 ierant,
485 809 612 854 obvio
642 810 752 854 hosti
784 818 827 870 et
856 812 991 856 aciem
1022 826 1128 856 auso
1158 812 1254 871 plus
1285 813 1417 857 cladis
1437 814 1613 866 faciunt,
1646 820 1688 858 et
1707 814 1868 872 praeda
1890 815 2087 873 famaque

299 885 439 928 onusti
470 885 524 929 ad
555 893 741 930 montem
772 888 963 931 Taunum
993 894 1283 940 revertuntur,
1324 888 1398 932 ubi
1429 889 1689 946 Pomponius
1721 904 1817 934 cum
1846 889 2088 947 legionibus

299 961 620 1018 opperiebatur,
660 962 696 1005 si
735 961 870 1006 Chatti
910 963 1110 1020 cupidine
1150 963 1386 1007 ulciscendi
1425 978 1571 1008 casum
1609 979 1780 1023 pugnae
1816 965 2086 1023 praeberent,

250 1035 355 1079 ioilli
387 1043 522 1088 metu,
562 1050 617 1080 ne
657 1037 754 1081 hinc
783 1039 996 1082 Romanus
1033 1039 1132 1082 inde
1164 1038 1387 1091 Cherusci,
1420 1053 1517 1083 cum
1546 1040 1644 1098 quis
1673 1047 1895 1084 aeternum
1925 1040 2088 1084 discor-

299 1110 416 1163 dant,
449 1112 914 1170 circumgrederentur,
945 1113 1108 1171 legatos
1138 1114 1180 1157 in
1210 1114 1362 1158 urbem
1393 1121 1435 1158 et
1460 1104 1635 1160 obsides
1656 1115 1836 1168 misere;
1867 1115 2090 1160 decretus-

300 1201 386 1246 que
416 1188 652 1245 Pomponio
682 1188 948 1247 triumphalis
970 1189 1123 1240 honos,
1156 1189 1326 1234 modica
1346 1203 1446 1248 pars
1467 1190 1604 1235 famae
1626 1191 1719 1235 eius
1740 1191 1857 1250 apud
1876 1197 2086 1250 posteros,

300 1263 343 1306 in
373 1263 470 1322 quis
501 1263 737 1307 carminum
766 1264 900 1322 gloria
929 1264 1162 1322 praecellit.

415 1339 496 1396 (29)
534 1340 618 1383 Per
656 1339 769 1383 idem
811 1346 979 1398 tempus
1018 1340 1202 1385 Vannius
1241 1341 1394 1385 Suevis
1433 1355 1458 1385 a
1494 1342 1634 1385 Druso
1666 1342 1851 1386 Caesare
1882 1341 2124 1400 inpositus,

251 1425 287 1455 45
301 1413 472 1472 pellitur
501 1428 649 1472 regno,
681 1415 819 1472 prima
848 1415 1016 1474 imperii
1046 1422 1184 1460 aetate
1206 1416 1346 1461 clarus
1366 1424 1657 1475 acceptusque
1679 1416 1970 1475 popularibus,
1991 1430 2091 1461 mox

301 1489 576 1534 diuturnitate
607 1491 649 1532 in
679 1490 927 1548 superbiam
957 1497 1142 1542 mutans,
1185 1499 1227 1536 et
1257 1492 1357 1536 odio
1388 1492 1647 1542 accolarum,
1687 1492 1811 1535 simul
1842 1492 2090 1537 domesticis

301 1564 528 1610 discordiis
558 1566 887 1610 circumventus.
921 1573 1119 1611 auctores
1150 1567 1268 1611 fuere
1288 1568 1483 1619 Vibilius,
1516 1568 1914 1611 Hermundurorum
1932 1583 2019 1621 rex,
2049 1576 2092 1613 et

301 1642 461 1699 Vangio
497 1655 549 1686 ac
588 1641 709 1694 Sido,
752 1656 902 1686 sorore
933 1643 1079 1687 Vannii
1119 1643 1262 1701 geniti.
1294 1657 1375 1687 nec
1407 1643 1628 1695 Claudius,
1670 1657 1930 1702 quamquam
1959 1658 2092 1703 saepe

302 1723 467 1768 oratus,
513 1731 632 1761 arma
671 1717 929 1761 certantibus
959 1718 1153 1762 barbaris
1185 1719 1456 1776 interposuit,
1494 1725 1630 1762 tutum
1659 1719 1822 1763 Vannio
1850 1719 2091 1777 perfugium

252 1802 289 1832 20
303 1792 565 1850 promittens,
589 1793 624 1836 si
645 1792 899 1851 pelleretur;
925 1794 1183 1851 scripsitque
1203 1793 1391 1851 Palpelio
1413 1794 1566 1846 Histro,
1589 1794 1663 1852 qui
1684 1795 1944 1838 Pannoniam
1965 1808 2092 1853 prae-

304 1866 488 1919 sidebat,
520 1868 732 1926 legionem
761 1869 943 1927 ipsaque
974 1883 997 1913 e
1028 1869 1248 1927 provincia
1273 1868 1383 1914 lecta
1413 1868 1569 1913 auxilia
1589 1883 1668 1927 pro
1689 1869 1782 1927 ripa
1802 1877 2089 1928 componeret,

371 2027 402 2059 4.
428 2027 581 2060 Nemetas
602 2027 720 2068 mittit,
753 2028 867 2061 addito
889 2027 1104 2062 Waltherus.
1133 2047 1168 2052 —
1205 2029 1316 2061 alario
1340 2027 1569 2061 Puteolanus:
1606 2028 1712 2061 elario
1735 2029 1769 2062 M
1799 2045 1836 2052 -
1871 2028 2012 2061 monitos
2037 2029 2090 2063 M:

301 2085 429 2118 monuit
450 2083 681 2124 Puteolanus;
712 2084 876 2125 immittit,
906 2086 1047 2118 monitos
1075 2085 1300 2119 Doederlein.
1337 2103 1373 2109 —
1409 2086 1440 2117 5.
1467 2086 1760 2127 qudraqensimum
1787 2088 1968 2127 postanum
1993 2086 2027 2118 M
2052 2103 2089 2109 -

302 2143 334 2175 9.
359 2142 462 2174 catthi
490 2141 522 2174 M
553 2159 589 2164 —
628 2142 680 2174 42.
711 2143 793 2175 Post
819 2151 945 2175 vocem
972 2144 1152 2183 pomponio
1182 2144 1216 2176 in
1245 2144 1278 2176 M
1309 2152 1411 2176 erasa
1435 2145 1489 2175 est
1511 2142 1625 2176 littera
1650 2142 1698 2184 (s).
1727 2160 1763 2166 -
1801 2141 1855 2175 44.
1880 2146 1972 2182 tepus
1993 2142 2027 2175 M
2052 2159 2089 2182 ,-

301 2207 414 2231 cesare
435 2199 468 2232 M
494 2216 529 2222 -
564 2198 616 2231 47.
641 2198 787 2233 uibilliu's
808 2200 859 2239 M;
890 2200 954 2233 sed
985 2200 1029 2233 cf.
1054 2201 1092 2240 2,
1118 2200 1172 2233 63.
1200 2220 1236 2224 —
1271 2200 1324 2233 48.
1350 2209 1546 2241 quanquam
1566 2200 1600 2233 M
1636 2217 1672 2223 —
1704 2199 1759 2232 49.
1783 2199 1985 2232 certantibus
2012 2198 2109 2240 bar-5

303 2255 395 2288 baris
415 2255 616 2288 certantibus
638 2257 687 2296 M,
713 2257 807 2289 unde
830 2257 962 2290 incerta
987 2258 1159 2300 participii
1181 2257 1298 2290 sedes.
1327 2275 1362 2281 —
1388 2257 1443 2290 20.
1468 2257 1610 2298 Palpeiio
1633 2257 1788 2299 Lipsius:
1810 2265 1846 2296 p.
1872 2254 2029 2288 ateitioM
2052 2271 2088 2278 —

299 2312 486 2354 presidebat
508 2313 541 2346 M
567 2330 602 2336 —
628 2313 682 2345 24.
707 2317 914 2355 componeret
936 2314 992 2347 ed.
1019 2315 1213 2357 Spirensis:
1238 2323 1433 2356 componere
1456 2315 1500 2348 M.

304 2451 380 2490 tur,
405 2452 441 2483 et
455 2449 669 2483 vocabulum
685 2451 877 2493 suspicioni
893 2460 963 2484 non
980 2451 1174 2485 obnoxium

303 2501 551 2542 intempestive
575 2502 741 2533 tentatur.
766 2502 900 2534 errnu.
922 2520 955 2524 —
986 2503 1176 2545 Vangionas

305 2559 345 2583 ac
367 2550 538 2592 Nemetas]
573 2551 649 2583 Duo
680 2551 715 2583 hi
746 2551 865 2593 populi
892 2552 984 2584 inter
1007 2561 1045 2585 se
1070 2552 1174 2585 vicini

305 2601 379 2634 fere
411 2609 554 2642 semper
584 2601 784 2642 iunguntur.
822 2602 923 2635 Conf.
949 2603 1033 2635 Hist.
1060 2602 1092 2642 4,
1118 2603 1172 2635 70.

306 2652 424 2683 Germ.
449 2650 502 2683 28.
529 2649 612 2683 Plin.
637 2652 676 2683 N.
704 2652 743 2684 H.
763 2651 783 2684 4
807 2651 826 2693 g
852 2653 925 2685 406.
963 2652 1175 2686 Habitabant

305 2702 426 2733 autem
456 2700 501 2733 ad
534 2701 642 2733 Rheni
665 2702 778 2743 ripam
802 2702 990 2735 sinistram.
1021 2703 1175 2744 Vangio-

307 2759 391 2784 num
416 2752 522 2792 caput
544 2750 823 2793 Borbetomagus
844 2751 1023 2794 (Worms),
1049 2754 1176 2785 Neme-

306 2803 382 2834 tum
405 2801 639 2841 Noviomagus
664 2801 798 2842 (postea
822 2802 931 2843 Spira,
957 2802 1093 2844 Speier)⁴
1121 2802 1172 2835 Cf.

306 2852 414 2884 Zeuss
437 2851 490 2883 die
511 2851 695 2883 Deutschen
724 2860 758 2893 p.
784 2851 858 2883 249.
896 2852 1001 2885 Ukert
1024 2853 1175 2894 Geoqra-

299 2901 378 2942 phio
399 2901 446 2941 11,
471 2900 511 2939 2,
536 2909 571 2942 p.
598 2900 673 2932 359.
701 2917 737 2923 —
772 2901 879 2941 equite
901 2901 1032 2944 atario]
1057 2902 1175 2944 Oppo-

306 2952 401 2983 nitur
424 2958 536 2992 eques
559 2950 774 2991 leqionarius.
801 2950 851 2983 Cf.
870 2950 908 2990 4,
935 2951 986 2983 73.
1009 2970 1045 2975 -
1071 2953 1178 2984 antei-

305 3004 379 3033 rent
395 2998 621 3041 populatores]
648 3001 918 3042 «praevenirent
941 3001 1091 3034 reditum
1116 3010 1177 3043 po-

308 3050 544 3093 pulatorum.»
571 3050 621 3083 Cf.
641 3050 673 3088 6,
691 3051 745 3082 29.
774 3067 809 3075 -
834 3052 964 3092 praeda
981 3061 1044 3093 per
1058 3053 1177 3084 luxum

306 3100 390 3142 usos]
415 3099 570 3142 Intellige
594 3103 630 3133 et
646 3100 690 3132 de
708 3100 912 3134 temulentia
929 3104 964 3134 et
980 3102 1024 3135 de
1045 3103 1176 3144 stupris

308 3151 518 3184 feminarum
564 3159 827 3193 puerorumque
874 3153 1103 3194 captivorum.
1136 3170 1172 3175 —

308 3201 622 3242 quadragensimum
646 3204 722 3242 post
751 3201 893 3243 annum]
931 3201 1057 3234 Clades
1081 3202 1176 3235 enim

310 3251 364 3283 illa
389 3253 533 3293 accepta
559 3253 634 3284 erat
667 3260 699 3283 a.
725 3259 760 3283 u.
786 3251 860 3283 762.
898 3251 983 3283 Vide
1016 3251 1060 3283 ad
1086 3253 1116 3290 4,
1142 3253 1173 3285 3.

312 3302 477 3334 Homines
511 3301 615 3342 igitur
649 3302 749 3333 erant
777 3300 916 3333 circiter
945 3302 1174 3342 sexagenarii.

314 3367 349 3374 -
366 3352 499 3383 servitio
514 3350 717 3392 exemerunt]
743 3349 793 3382 Cf.
811 3350 945 3382 Seneca
966 3351 1025 3392 Ep.
1043 3350 1097 3390 47,
1115 3352 1175 3383 4οι

316 3401 465 3434 Variana
487 3401 579 3434 clade
592 3401 711 3434 multos
724 3400 979 3443 splendidissime
994 3403 1100 3440 natos,
1125 3410 1177 3434 se-

1222 2453 1392 2485 natorium
1421 2461 1484 2493 per
1517 2452 1672 2484 militiam
1705 2451 1916 2493 auspicantes
1935 2449 2092 2492 pradum,

1222 2503 1359 2544 fortuna
1395 2502 1571 2543 depressit:
1607 2502 1712 2534 alium
1744 2510 1789 2534 ea:
1821 2501 1887 2533 illis
1909 2502 2092 2541 pastorem,

1224 2551 1330 2584 alium
1351 2553 1516 2584 custodem
1537 2561 1635 2584 casae
1656 2551 1743 2593 fecit.

1267 2601 1322 2634 28.
1350 2601 1511 2643 Taunum]
1538 2601 1625 2634 Vide
1648 2601 1692 2633 ad
1717 2602 1748 2640 4,
1773 2600 1828 2633 56.
1856 2617 1893 2623 -
1921 2601 2094 2632 antemnam

1223 2651 1430 2693 discordant]
1465 2651 1562 2684 Conf.
1589 2651 1621 2690 3,
1646 2651 1708 2684 26:
1733 2654 1904 2683 aeternum
1925 2657 2089 2682 mansere.

1223 2701 1255 2739 4,
1273 2702 1334 2734 27;
1359 2701 1538 2743 gliscebant
1552 2702 1766 2738 immensum,
1793 2700 1914 2732 contra
1932 2700 2011 2740 Agr.
2029 2697 2089 2730 32:

1222 2751 1258 2783 in
1287 2754 1457 2783 aeternum
1488 2751 1648 2792 perferre.
1678 2768 1713 2774 —
1733 2749 1938 2794 'caminum
1969 2747 2090 2791 gloria]

1223 2801 1312 2834 Vide
1336 2801 1381 2833 ad
1405 2802 1458 2840 44,
1486 2801 1545 2834 43;
1578 2801 1607 2833 is
1635 2800 1790 2833 carmina
1817 2807 1956 2832 scaenae
1977 2798 2091 2839 dabat,

1224 2851 1268 2884 de
1293 2851 1421 2883 eodem
1445 2851 1512 2883 hoc
1535 2852 1572 2883 P.
1597 2850 1802 2892 Pomponio.
1829 2849 1880 2882 Cf.
1905 2850 1938 2888 5,
1963 2848 1996 2881 8.

1267 2901 1321 2933 29.
1351 2900 1505 2942 Vannius]
1529 2900 1635 2942 gentis
1652 2900 1847 2940 Quadorum
1868 2900 1901 2939 2,
1920 2898 1973 2931 63.
2002 2899 2093 2931 Van-

1223 2951 1363 2983 nianum
1379 2959 1517 2993 regnum
1533 2951 1708 2982 memorat
1724 2949 1831 2982 etiam
1847 2948 1977 2981 Plinius
1992 2949 2033 2980 N.
2048 2947 2090 2980 Η.

1224 3000 1245 3034 4
1268 3001 1287 3043 g
1311 3001 1362 3034 84.
1390 3017 1425 3023 -
1459 3000 1584 3042 Suevis]
1618 2998 1772 3041 intellige
1796 3000 1933 3041 partem
1957 2999 2093 3030 Suevo-

1224 3060 1320 3091 rum,
1347 3051 1406 3092 qui
1423 3049 1631 3083 dicebantur
1650 3049 1908 3088 Marcomanni,
1933 3046 2093 3080 Marobo-

1225 3101 1296 3134 duo
1320 3102 1356 3133 et
1378 3099 1567 3133 Catualdae
1592 3099 1674 3132 olim
1699 3099 1860 3132 subiecti.
1888 3115 1924 3122 —
1948 3096 2091 3138 mutans]

1226 3150 1463 3185 intransitive.
1495 3151 1534 3182 ut
1560 3150 1599 3187 2,
1623 3149 1685 3182 23:
1721 3147 1875 3181 mutabat
1906 3149 2025 3179 aestus.
2052 3163 2089 3169 —

1225 3199 1545 3241 Hermundurorum]
1568 3199 1619 3232 Cf.
1638 3199 1671 3238 2,
1689 3198 1743 3231 63.
1768 3199 1886 3230 Germ.
1904 3196 1958 3229 44.
1984 3196 2092 3229 Zeuss

1225 3251 1277 3283 die
1299 3251 1482 3283 Deutschen
1505 3258 1539 3291 p.
1567 3250 1639 3282 402.
1665 3267 1700 3272 -
1725 3246 1815 3289 Sido]
1839 3246 1894 3281 ille
1918 3247 2006 3288 ipse,
2032 3247 2092 3288 qui

1227 3301 1349 3342 postea
1374 3300 1408 3332 in
1424 3299 1582 3342 partibus
1599 3297 1803 3340 Vespasiani
1819 3298 1906 3328 erat.
1932 3295 1983 3329 Cf.
2002 3296 2089 3329 Hist.

1226 3351 1258 3391 3,
1283 3351 1303 3383 ὅ
1327 3351 1363 3382 et
1385 3350 1439 3382 24.
1470 3368 1501 3374 -
1534 3349 1676 3390 Palpeiio
1696 3346 1819 3388 Histro]
1848 3347 1947 3380 Hunc
1970 3345 2091 3380 decla-

1225 3403 1280 3433 rat
1306 3398 1425 3433 titulus
1455 3401 1583 3433 lnscrr.
1610 3399 1695 3431 Latt.
1720 3405 1756 3430 n.
1781 3397 1845 3430 693
1868 3396 2090 3431 emendatius
