2254 3770
250 274 304 316 60
733 275 777 319 Ρ.
810 272 1058 318 CORNELII
1089 271 1259 317 TACITI
1288 270 1556 315 ANNALIUM

250 380 513 439 singulorum
542 379 766 432 extollere3
805 378 981 423 vulnera
1009 378 1177 422 intuens
1206 377 1337 422 alium
1366 391 1460 436 spe,
1498 375 1628 421 alium
1663 374 1815 433 gloria,
1853 379 2030 418 cunctos

250 455 453 515 adloquio
483 462 534 500 et>
554 468 656 500 cura
686 454 855 512 sibique
886 460 929 498 et
957 453 1122 512 proelio
1152 452 1357 496 firmabat.

367 531 447 588 (72)
478 532 659 576 Decreta
688 543 740 573 eo
769 542 880 573 anno
909 527 1179 587 triumphalia
1208 527 1390 586 insignia
1419 527 1464 570 A.
1498 525 1726 574 Caecinae,
1757 525 1802 567 L.
1830 523 2028 581 Apronio,

252 605 295 650 C.
318 604 420 649 Silio
450 605 505 649 ob
534 619 604 649 res
635 618 733 649 cum
753 603 1005 648 Germanico
1035 609 1189 660 gestas.
1220 616 1375 646 nomen
1404 601 1536 659 patris
1566 600 1728 658 patriae
1760 598 1973 648 Tiberius,
2005 612 2030 642 a

219 679 410 738 spopulo
439 680 609 738 saepius
638 680 869 738 ingestum,
910 678 1170 737 repudiavit3
1212 691 1354 736 neque
1391 676 1434 719 in
1464 681 1557 720 acta
1588 688 1665 732 sua
1694 674 1845 725 iurari,
1882 687 2032 732 quam-

250 768 380 813 quam
408 761 608 799 censente
639 760 806 805 senatu,
847 754 1056 812 permisit,
1100 758 1252 797 cuncta
1290 750 1531 796 mortalium
1560 750 1746 801 incerta,
1786 754 2032 808 quantoque

249 829 345 887 plus
375 828 554 888 adeptus
583 829 709 880 foret,
740 835 856 873 tanto
886 843 934 873 se
963 828 1098 886 magis
1128 829 1171 871 in
1200 827 1364 871 lubrico
1397 825 1604 870 dictitans.
1647 839 1733 868 non
1762 830 1904 868 tamen
1933 823 2032 868 ideo

249 904 429 948 faciebat
456 904 585 948 fidem
616 904 749 948 civilis
780 905 920 948 animi.
952 917 1050 947 nam
1079 903 1218 961 legem
1246 901 1478 946 maiestatis
1507 900 1757 952 reduxerat3
1789 900 1858 944 cui
1878 912 2034 943 nomen

251 984 353 1037 aput
386 985 551 1023 veteres
588 979 720 1029 idem,
761 979 838 1023 sed
868 979 950 1023 alia
985 979 1027 1021 in
1065 978 1269 1028 iudicium
1297 976 1541 1026 veniebant,
1588 976 1623 1019 si
1663 975 1760 1033 quis
1795 974 2034 1033 proditione

204 1065 240 1095 ιο
253 1054 485 1098 exercitum
513 1060 585 1098 aut
612 1053 785 1112 plebem
814 1053 1114 1105 seditionibus,
1147 1053 1334 1111 denique
1363 1051 1473 1095 male
1503 1057 1623 1109 gesta
1641 1064 1689 1095 re
1710 1050 1881 1109 publica
1900 1050 2035 1094 maie-

253 1135 404 1173 statem
432 1128 578 1187 populi
607 1129 782 1173 Romani
810 1128 1058 1181 minuisset;
1092 1128 1198 1172 facta
1227 1128 1532 1186 arguebantur,
1566 1126 1680 1170 dicta
1708 1128 1868 1184 inpune
1899 1131 2031 1170 erant.

252 1204 414 1263 primus
443 1206 656 1261 Augustus
685 1203 971 1262 cognitionem
1000 1203 1054 1247 de
1084 1203 1256 1246 famosis
1286 1202 1439 1247 libellis
1471 1201 1616 1259 specie
1641 1201 1747 1259 legis
1768 1201 1862 1245 eius
1881 1206 2035 1245 tracta-

296 1330 326 1364 5.
349 1330 543 1371 rupudiavit
568 1338 624 1372 pr,
648 1330 681 1362 M
712 1347 749 1354 —-
781 1330 813 1362 7.
837 1329 942 1362 lubico
964 1338 1018 1372 pr.
1044 1330 1078 1362 M
1107 1345 1143 1352 —
1175 1329 1330 1361 dictitans
1351 1329 1526 1362 Muretus:
1557 1327 1669 1360 dictan
1690 1328 1882 1370 (superscr.
1906 1327 1943 1360 in
1964 1326 2034 1360 fine

252 1385 395 1419 litteras
417 1385 462 1418 ab
486 1385 551 1419 alia
579 1385 706 1427 manu)
731 1386 765 1420 M
786 1403 830 1410 --
859 1386 891 1419 9.
916 1386 1062 1418 iudicum
1083 1393 1137 1427 pr.
1162 1385 1196 1418 M
1222 1403 1256 1408 -
1281 1384 1432 1418 ueniebat
1455 1383 1595 1426 (eadem
1619 1392 1727 1417 manu
1750 1392 1844 1422 corr,
1865 1384 1901 1416 in
1922 1383 2037 1416 uenie-

253 1442 341 1484 bant)
365 1443 400 1476 M
423 1460 459 1466 —
487 1443 539 1475 40.
565 1447 625 1475 aut
645 1442 855 1476 Beroaldus:
880 1446 918 1476 ut
940 1443 973 1476 M
999 1461 1034 1467 —
1062 1442 1115 1475 42.
1140 1442 1238 1483 spetie
1260 1442 1306 1478 M.

252 1549 409 1590 Hyginus
439 1542 485 1581 de
509 1550 747 1582 castrametat.
768 1558 822 1591 pr.
848 1550 986 1591 (Graev.
1012 1549 1116 1581 Thes.

251 1598 298 1638 X,
324 1607 357 1640 p.
376 1597 484 1639 4044),
509 1598 574 1631 sed
597 1599 797 1631 sauciorum
821 1600 1117 1640 aegrotorumque

252 1647 400 1680 militum
428 1656 513 1680 cura
542 1648 709 1687 ducibus,
742 1647 879 1690 legatis,
911 1648 1058 1680 tribunis
1083 1649 1119 1679 et

253 1697 441 1738 praefectis
471 1697 768 1738 demandabatur,
802 1700 838 1731 et
866 1699 970 1730 motis
993 1698 1117 1730 castris

251 1746 298 1780 illi
312 1747 348 1780 in
363 1748 459 1780 vicos
476 1748 649 1790 oppidave
665 1749 778 1781 vicina
798 1748 928 1781 deferri
943 1747 1115 1781 solebant.

251 1799 405 1831 Romu.
448 1799 491 1831 At
525 1799 705 1831 medicum
739 1799 937 1841 (libertum)
971 1798 1118 1839 legionis

252 1848 337 1880 XXI.
373 1849 531 1890 reperies
561 1849 596 1881 in
626 1850 752 1881 Inscrr.
787 1848 955 1881 Confoed.
981 1847 1115 1880 Helvet.

254 1906 288 1929 n.
312 1897 375 1929 252
411 1897 467 1930 ed.
499 1898 694 1931 Mommsen
732 1899 768 1931 et
795 1898 975 1931 medicum
1003 1897 1118 1929 trieris

255 1946 434 1989 Cupidinis
458 1946 578 1980 classis
600 1949 797 1989 praetoriae
813 1947 1020 1981 Misenensis
1035 1948 1060 1978 Ι.
1078 1946 1116 1978 R.

253 1998 340 2039 Nap.
355 2006 390 2029 n.
408 1997 505 2038 2704,
531 2007 598 2030 nec
621 1998 720 2030 facile
744 1998 819 2031 sine
835 1997 985 2030 medicis
1009 2005 1118 2038 expe-

255 2047 405 2080 ditiones
428 2048 559 2089 suscipi
583 2049 757 2090 poterant.
778 2066 814 2071 —
840 2048 1007 2090 adloquio]
1032 2055 1118 2079 con-

255 2097 436 2132 solatione.
471 2098 558 2130 Vide
575 2107 639 2131 nos
663 2099 708 2131 ad
730 2099 845 2131 Horat.
863 2098 973 2141 Epod.
993 2098 1044 2138 43,
1063 2097 1115 2129 48.

297 2149 350 2180 72.
375 2148 593 2188 triumphalia
607 2148 762 2190 insignia]
779 2149 817 2181 In
832 2146 1119 2189 inscriptionibus

255 2207 398 2240 semper
428 2199 482 2231 est
503 2198 684 2240 proprium
706 2197 935 2238 vocabulum,
967 2206 1036 2239 quo
1060 2205 1120 2229 se-

256 2250 358 2282 natus
380 2249 435 2282 his
457 2248 677 2290 temporibus
695 2248 878 2288 utebatur,
905 2248 1121 2288 triumphalia

255 2302 462 2332 ornamenta.
497 2299 584 2332 Vide
612 2308 646 2332 n.
673 2299 748 2331 622.
773 2300 848 2331 750.
874 2298 970 2331 5366.
1006 2299 1118 2330 Nemo

255 2350 324 2383 iam
340 2350 456 2392 ipsum
471 2350 689 2391 triumphum
705 2348 887 2382 obtinebat
902 2347 1119 2391 principibus

255 2401 489 2433 reservatum.
518 2418 552 2423 —
583 2409 701 2432 nomen
723 2399 835 2441 patris
852 2399 987 2440 patriae
1001 2416 1049 2422 --
1063 2407 1120 2430 re-

249 2450 415 2492 pudiavit]
440 2451 513 2483 Hoc
536 2459 666 2482 nomen
690 2459 728 2482 re
746 2458 828 2482 vera
852 2459 922 2482 non
939 2450 1120 2491 comparet

255 2503 290 2534 in
315 2502 389 2534 eius
413 2500 697 2542 inscriptionibus
722 2501 757 2533 et
779 2500 947 2532 nummis.
976 2500 1040 2532 Dio
1064 2499 1117 2538 57,

256 2553 294 2586 8:
319 2548 364 2584 τὸ
386 2549 454 2584 τοῦ
477 2548 620 2610 πατρὸς
638 2549 706 2594 τῆς
720 2549 898 2610 πατρίδος
914 2548 1121 2596 πρόσρημα

257 2600 447 2642 παντελῶς
475 2598 678 2641 διειόσατο,
710 2601 775 2633 καὶ
804 2597 848 2633 τὸ
880 2600 948 2646 τοῦ
972 2597 1120 2644 Αὐγού-

257 2662 351 2686 στου
383 2648 454 2685 οῦκ
482 2651 639 2685 ἐπέθετο
666 2651 737 2694 μέν
766 2647 869 2693 (οὐδὲ
895 2649 967 2698 γὰρ
989 2656 1120 2694 ψηφι-

257 2700 400 2746 σθῆναί
421 2710 512 2735 ποτε
535 2699 670 2743 ειασε),
696 2699 901 2745 λεγόμενον
919 2699 950 2733 δ’
967 2698 1120 2734 ἀκούων

257 2753 366 2794 καὶγ
343 2748 588 2798 γραφόμενον
611 2747 883 2794 ἀναγινώσκων
898 2747 1029 2795 ἔφερε·
1055 2751 1119 2783 καὶ

258 2800 396 2843 ὁσάκις
417 2811 459 2845 γε
480 2799 682 2841 βασιλεῦσί
703 2811 801 2834 τισιν
823 2800 1030 2841 ἐπέστελλε,
1054 2802 1119 2834 καὶ

258 2853 381 2887 ἐκεῖνο
404 2852 719 2898 προσενέγραφεν.
757 2851 807 2884 Cf.
827 2851 880 2891 58,
900 2852 951 2884 42.
977 2852 1066 2884 Ann.
1084 2851 1117 2891 2,

258 2904 299 2937 87
309 2913 316 2934 ε
342 2910 446 2943 neque
461 2905 569 2934 tamen
581 2901 618 2933 ob
631 2911 670 2934 ea
676 2902 828 2942 parentis
832 2903 969 2942 patriae
977 2901 1121 2933 delatum

258 2956 289 2986 et
314 2956 413 2985 antea
434 2951 629 2983 vocabulum
657 2951 838 2991 adsumpsit
880 2968 911 2973 -
948 2950 1119 2992 inyestum]

259 3012 324 3046 per
345 3001 647 3035 acclamationem.
675 3020 710 3024 —-
746 3001 782 3033 in
809 3004 886 3033 aeta
914 3010 977 3033 sua
998 3000 1120 3042 iurari]

260 3054 344 3086 Nota
369 3053 436 3085 hoc
459 3051 622 3092 distingui
642 3059 662 3082 a
678 3050 825 3082 formula
849 3051 884 3082 in
905 3050 1007 3082 verba
1023 3051 1123 3091 prin-

260 3104 340 3145 cipis
365 3104 499 3142 iurare,
532 3110 563 3134 o.
588 3101 620 3133 7.
654 3101 812 3133 Primum
842 3099 924 3132 illud
949 3100 1078 3133 sactum
1103 3109 1122 3132 a

260 3153 466 3191 triumviris,
491 3152 552 3193 qui
569 3149 640 3183 Kal
660 3151 731 3182 Ian.
750 3158 781 3181 a.
800 3150 874 3181 742
900 3150 989 3182 teste
1013 3150 1123 3181 Dione

261 3202 314 3241 47,
341 3203 398 3235 48·
425 3200 536 3235 αὐτοὶ
557 3210 597 3232 τε
622 3196 781 3243 ὤμοσαν
800 3199 865 3231 καὶ
880 3196 970 3240 τοὺς
984 3195 1124 3240 α’λλους

261 3246 462 3298 ὥρκωσαν,
496 3249 636 3291 βέβαια
669 3251 816 3293 νοιιιεΐν
844 3246 967 3281 πάντα
995 3246 1041 3281 τὰ
1066 3246 1125 3281 ὑπ’

262 3300 407 3335 ἐκείνου
425 3300 518 3342 (Iulio
535 3299 696 3341 Caesare)
714 3296 912 3343 γενόμενα,
930 3299 993 3330 καὶ
1011 3297 1124 3331 τοῦτο

262 3351 328 3384 καὶ
342 3349 409 3383 νῦν
425 3351 486 3384 ἐπὶ
501 3349 595 3383 πᾶσι
610 3351 691 3391 τοῖς
706 3346 751 3382 τὸ
766 3345 906 3395 κράτος
920 3344 1007 3381 ἀεὶ”
996 3346 1125 3387 ι’σχου-

265 3411 326 3434 σιν
350 3396 377 3443 ἢ
398 3401 462 3433 καὶ
485 3400 540 3433 ἐπ’
564 3396 683 3433 αὐτοῦ
707 3398 798 3432 ποτὲ
818 3398 1037 3442 γενομένοις
1059 3398 1124 3431 καὶ

1166 1545 1222 1590 μὴ
1246 1543 1474 1590 ἀτιμωθεΐσι
1502 1547 1680 1590 γίγνεται.
1724 1545 1775 1578 Cf.
1801 1545 1889 1578 Ann.
1915 1545 1955 1586 4,
1980 1545 2036 1579 42.

1169 1599 1221 1638 43,
1249 1599 1300 1630 44.
1328 1598 1386 1638 46,
1411 1598 1465 1631 22.
1496 1597 1560 1630 Dio
1583 1597 1642 1637 57,
1668 1596 1700 1629 8.
1725 1597 1868 1628 Sueton.
1894 1595 1968 1628 Tib.
1993 1596 2036 1629 26

1169 1651 1204 1682 et
1226 1650 1279 1682 67.
1311 1667 1343 1673 -
1380 1649 1451 1681 alia
1478 1649 1514 1680 in
1543 1648 1613 1680 iud.
1637 1646 1820 1688 veniebant]
1847 1645 1913 1679 alia
1937 1647 2038 1679 erant

1168 1699 1326 1738 erimina,
1346 1698 1390 1731 de
1407 1698 1536 1739 quibus
1555 1699 1631 1730 tum
1647 1697 1806 1738 quaestio
1822 1696 2034 1729 habebatur.

1167 1751 1285 1784 WOLF.
1310 1767 1346 1772 —
1366 1749 1556 1789 proditione
1571 1765 1619 1771 --
1634 1747 1840 1780 maiestatem
1855 1747 1974 1788 pepuli
1995 1747 2031 1779 R.

1166 1798 1346 1840 minuisset]
1372 1799 1443 1831 Cic.
1469 1798 1514 1831 de
1539 1798 1631 1830 Orat.
1656 1798 1695 1837 2,
1721 1796 1740 1838 5
1766 1796 1845 1830 ⁴64:
1871 1797 1908 1829 Si
1929 1796 2036 1829 maie-

1167 1854 1236 1883 stas
1266 1853 1314 1882 est
1346 1849 1528 1890 amplitudo
1559 1857 1600 1880 ac
1632 1848 1778 1889 diynitas
1811 1848 1972 1888 civitatis,
2007 1847 2037 1879 is

1167 1909 1241 1932 earm
1272 1899 1410 1938 minuit,
1447 1899 1503 1938 qui
1536 1898 1720 1930 exercitum
1747 1898 1892 1930 hostibus
1916 1897 2036 1939 populi

1169 1950 1307 1983 Romani
1333 1948 1484 1981 tradidit.
1521 1947 1725 1980 Cornificius
1751 1947 1796 1979 ad
1820 1948 1974 1980 Herenn.
1998 1949 2032 1986 2,

1168 2000 1186 2042 ἓ
1211 2001 1270 2032 47ε
1295 2000 1502 2032 maiestatem
1522 1999 1551 2030 is
1572 1998 1707 2037 minuit,
1733 1998 1791 2038 qui
1813 2007 1853 2030 ea
1868 1998 1966 2038 tollit,
1989 2006 2035 2029 σω

1167 2050 1284 2091 quibus
1305 2049 1402 2081 rebus
1423 2048 1568 2080 civitatis
1594 2048 1776 2088 amplitudo
1797 2050 1942 2087 constat,
1967 2047 2036 2088 suf-

1165 2101 1295 2142 fragia,
1312 2099 1542 2141 magistratus.
1569 2098 1639 2131 Cio.
1657 2099 1788 2130 Partitt.
1808 2099 1895 2130 orat.
1914 2097 1935 2139 S
1953 2098 2031 2130 ⁴05:

1167 2151 1324 2183 maiestas
1355 2153 1403 2182 est
1422 2150 1458 2181 in
1480 2149 1610 2190 imperii
1633 2152 1733 2189 atque
1755 2149 1790 2180 in
1811 2148 1954 2181 nominis
1970 2156 2035 2188 po-

1162 2201 1238 2242 puli
1268 2202 1303 2233 R.
1337 2201 1514 2242 diqnitate,
1547 2208 1648 2240 quam
1676 2199 1797 2232 minuit
1818 2200 1863 2239 is,
1901 2198 1957 2239 qui
1972 2207 2037 2239 per

1167 2251 1236 2282 vim
1264 2250 1485 2282 multitudinis
1513 2258 1584 2281 rem
1612 2249 1657 2280 ad
1678 2249 1868 2281 seditionem
1889 2247 2033 2280 vocavit.

1171 2300 1221 2333 Cf.
1256 2300 1300 2332 de
1325 2300 1460 2332 invent.
1487 2298 1528 2340 ἐξ
1552 2299 1604 2330 52.
1631 2298 1685 2331 53.
1709 2299 1763 2331 55.
1798 2316 1834 2321 -—
1867 2298 1956 2330 dicta
1980 2297 2036 2329 in-

1162 2358 1253 2392 pune
1281 2348 1387 2390 erant]
1423 2347 1527 2381 Solita
1558 2348 1647 2380 haec
1678 2349 1732 2381 est
1761 2347 1856 2390 apud
1878 2347 2034 2380 Tacitum

1169 2398 1327 2432 adverbii
1350 2399 1474 2439 inpune
1496 2397 1708 2430 constructio
1730 2406 1812 2430 cum
1827 2396 1938 2429 verbo
1953 2395 2037 2429 sub-

1169 2449 1331 2482 stantivo.
1358 2447 1408 2481 Cf.
1434 2448 1470 2487 2,
1496 2448 1550 2480 52.
1575 2447 1612 2486 3,
1637 2447 1698 2479 28:
1732 2447 1910 2479 deterrima
1931 2454 2036 2487 quae-

1169 2509 1231 2542 que
1252 2500 1374 2540 inpune
1389 2516 1437 2522 --
1451 2498 1553 2538 fuere.
1581 2498 1640 2538 42,
1666 2497 1718 2531 34.
1751 2499 1868 2530 Germ.
1893 2497 1947 2529 25.
1983 2496 2034 2528 De

1169 2550 1342 2584 sententia
1367 2548 1410 2581 cs.
1436 2549 1609 2581 Senecam
1632 2548 1677 2581 de
1695 2548 1815 2580 Benef.
1833 2548 1866 2588 3,
1883 2547 1941 2580 27:
1967 2545 2036 2579 Sub

1169 2601 1244 2633 divo
1276 2599 1424 2641 Auyusto
1456 2599 1603 2630 nondum
1634 2597 1816 2630 hominibus
1844 2596 1945 2629 verba
1971 2604 2036 2628 sua

1163 2650 1353 2691 periculosa
1368 2651 1481 2687 erant,
1506 2648 1576 2679 iam
1590 2649 1738 2680 molesta.
1761 2665 1795 2669 —
1817 2647 2036 2688 cognitionem

1169 2701 1208 2732 de
1227 2700 1364 2741 famosis
1385 2697 1510 2738 libellis]
1535 2697 1598 2729 Dio
1621 2697 1676 2737 56,
1701 2697 1762 2729 27:
1790 2693 1928 2739 μαθών
1952 2696 2035 2737 (Au—

1169 2749 1304 2791 gustus)
1335 2743 1395 2780 ὅτι
1424 2746 1557 2787 βιβλία
1584 2742 1679 2779 ἅττα
1713 2745 1771 2786 ἐφ’
1796 2741 1902 2792 ιβρει
1924 2743 2035 2778 τινῶν

1168 2796 1447 2857 συγγράφοιτο,
1473 2794 1628 2840 ζήτησιν
1657 2792 1782 2829 αὐτῶν
1810 2794 2034 2838 ἐποιήσατο,

1166 2850 1231 2882 καὶ
1261 2844 1388 2881 ἐκεῖνά
1411 2857 1467 2886 τε,
1504 2843 1552 2879 τὰ
1573 2845 1645 2889 μὲν
1668 2845 1708 2878 ἐν
1729 2844 1775 2892 τῇ
1800 2844 1907 2878 πόλει
1931 2841 2037 2890 εὗρε-

1163 2900 1280 2934 θέντα
1302 2895 1397 2955 πρὸς
1419 2896 1492 2930 τῶν
1515 2893 1786 2955 ἀγορανόμων,
1819 2893 1866 2928 τὰ
1894 2894 1935 2928 δὲ
1957 2893 2031 2937 εξω

1169 2947 1263 2997 πρὸς
1299 2948 1373 2981 τῶν
1406 2945 1641 2987 ἑκασταχόθι
1672 2943 1890 3004 ἀρχόντων,
1925 2947 2037 2980 κατέ-

1171 2997 1284 3041 φλεξε
1314 2999 1379 3031 καὶ,
1409 2997 1484 3031 τῶν
1515 2998 1731 3031 συνθέντων
1754 2992 1852 3030 αὐτὰ
1875 2994 2038 3029 ἑκόλασέ

1170 3061 1286 3091 τινας.
1323 3051 1464 3082 Sueton.
1491 3049 1609 3081 Octav.
1629 3049 1686 3081 55·
1712 3048 1826 3080 Etiam
1846 3056 1978 3088 sparsos
1999 3048 2038 3080 de

1170 3110 1204 3134 se
1226 3101 1261 3133 in
1284 3100 1382 3132 curia
1402 3099 1546 3140 famosos
1567 3098 1690 3131 libellos
1711 3106 1770 3130 nec
1791 3098 1947 3140 ewpavit,
1979 3106 2038 3129 nec

1171 3159 1297 3192 magna
1319 3158 1404 3182 cura
1424 3149 1622 3190 redarguit:
1646 3157 1699 3188 ac,
1723 3156 1764 3180 ne
1785 3147 1952 3187 requisitis
1966 3147 2038 3187 qui-

1172 3202 1244 3232 dem
1267 3199 1475 3239 auctoribus,
1499 3200 1534 3231 id
1555 3199 1651 3231 modo
1673 3198 1815 3238 censuit,
1839 3206 2037 3240 coynoscen-

1172 3251 1250 3282 dum
1267 3250 1405 3290 posthac
1428 3250 1467 3281 de
1488 3249 1545 3289 iis,
1574 3248 1631 3289 qui
1653 3247 1776 3280 libellos
1802 3249 1863 3279 aut
1883 3247 2038 3279 carmina

1172 3301 1216 3331 ad
1250 3300 1422 3341 infamiam
1457 3299 1642 3339 cuiuspiam
1675 3297 1733 3329 sub
1766 3297 1873 3329 alieno
1906 3297 2036 3329 nomine

1171 3349 1280 3381 edant.
1314 3366 1350 3372 —
1377 3348 1482 3380 Cassii
1505 3347 1628 3388 Severi]
1651 3346 1701 3379 Cf.
1725 3346 1763 3386 4,
1790 3346 1844 3378 2⁴.
1871 3345 1959 3379 Vide
1973 3347 2036 3379 im-

1171 3399 1292 3441 primis
1308 3398 1489 3431 Weichert
1510 3398 1559 3438 de,
1578 3397 1699 3431 Cassio
1723 3397 1903 3430 Parmensi
1927 3397 2034 3439 ρ,499
