2254 3770
750 273 905 318 LIBER
933 274 999 318 lv.
1042 272 1144 330 Cap.
1174 273 1242 317 ⁶25.
1272 273 1339 316 26.
1370 273 1437 317 27.

1906 270 1988 315 223

203 386 249 429 R.
278 383 465 427 miserat.
509 381 689 439 cognitis
718 379 872 424 dehinc
901 378 1132 423 Ptolemaei
1161 392 1241 436 per
1270 379 1313 422 id
1343 378 1504 423 bellum
1532 377 1683 422 studiis
1711 377 1917 435 repetitus
1938 391 1991 420 ex

202 464 370 503 vetusto
406 470 525 501 more
563 456 719 506 honos,
760 455 1006 512 missusque
1042 468 1066 498 e
1097 453 1365 497 senatoribus
1396 454 1467 512 qui
1499 453 1733 511 scipionem
1765 451 1988 501 eburnum,

203 541 344 591 togam
372 532 540 590 pictam,
573 531 747 589 antiqua
774 536 942 588 patrum
972 542 1161 579 munera,
1194 528 1316 572 daret
1345 541 1579 586 regemque
1598 534 1640 572 et
1669 527 1834 572 socium
1863 534 1991 585 atque

203 608 388 652 amicum
414 606 661 665 appellaret.

315 683 398 740 (27)
429 682 587 726 Eadem
623 687 784 725 aestate
825 686 937 724 mota
976 694 1055 738 per
1091 679 1253 723 Italiam
1283 679 1449 723 servilis
1480 665 1578 723 belli
1607 679 1771 723 semina
1799 678 1886 722 fors
1915 691 2023 736 opas

202 758 371 817 pressit.
416 763 566 802 auctor
593 756 796 801 tumultus
827 757 868 798 T.
892 756 1111 805 Curtisius,
1145 754 1361 813 quondam
1386 751 1836 812 praetoriae’cohortis
1855 753 1991 804 mileS,

202 833 340 892 primo
361 832 554 878 coetibus
584 831 858 876 clandestinis
887 837 990 889 aput
1018 830 1290 874 Brundisium
1321 836 1363 874 et
1392 830 1665 874 circumiecta
1693 829 1864 888 oppida,
1895 843 1994 872 mox

203 908 353 966 positis
389 906 613 966 propalam
648 906 802 950 libellis
837 906 890 950 ad
927 906 1166 950 libertatem
1196 904 1378 949 vocabat
1407 905 1591 962 agrestia
1626 919 1704 962 per
1737 904 1994 963 longinquos

204 983 336 1028 saltus
356 989 399 1027 et
426 983 586 1026 ferocia
615 982 799 1031 servitia,
833 995 932 1025 cum
960 980 1076 1024 velut
1106 994 1282 1024 munere
1303 980 1436 1024 deum
1463 986 1551 1023 tres
1581 979 1767 1024 biremes
1788 979 1994 1038 adpulere

204 1058 259 1102 ad
288 1072 395 1102 usus
425 1058 752 1103 commeantium
782 1056 853 1100 illo
884 1058 1003 1100 mari.
1045 1062 1088 1099 et
1116 1063 1207 1099 erat
1236 1055 1374 1099 isdem
1404 1055 1652 1112 regionibus
1677 1056 1824 1100 Cutius
1851 1057 2045 1114 Lupusw

203 1139 420 1192 quaestor,
451 1133 520 1178 cui
549 1132 770 1191 provincia
798 1139 942 1176 vetere
973 1145 1026 1175 ex
1054 1145 1174 1175 more
1201 1130 1331 1175 calles
1352 1136 1566 1174 evenerat.
1601 1130 1638 1173 is
1659 1130 1866 1188 disposita
1886 1131 1996 1176 clas-

205 1209 431 1254 siariorum
460 1208 584 1266 copia
613 1214 881 1266 coeptantem
911 1221 1009 1251 cum
1038 1207 1219 1251 maxime
1240 1206 1579 1250 coniurationem
1598 1205 1778 1250 disiecit.
1816 1207 1997 1251 missus-

206 1298 293 1342 que
322 1298 348 1328 a
379 1285 564 1329 Caesare
592 1297 777 1341 propere
807 1283 949 1326 Staius
984 1282 1180 1326 tribunus
1210 1296 1308 1326 cum
1342 1281 1481 1326 valida
1511 1295 1642 1325 manu
1670 1281 1826 1327 ducem
1855 1283 1996 1341 ipsum

273 1436 304 1468 4.
323 1435 482 1477 ptolomei
503 1435 537 1469 M
563 1452 598 1458 —
625 1436 658 1468 2.
682 1444 774 1468 more
794 1435 914 1475 honos,
937 1435 1121 1475 missusque
1141 1433 1374 1467 Doederlein:
1406 1444 1498 1468 more
1520 1437 1721 1477 emissusque
1742 1445 1797 1479 pr.
1822 1437 1874 1476 M;
1905 1445 1997 1470 more

205 1491 387 1532 missusque
409 1500 500 1524 corr.
526 1492 576 1531 M;
607 1500 696 1532 mos,
728 1491 911 1533 missusque
934 1491 1080 1533 Lipsius.

1113 1509 1156 1515 —
1187 1492 1219 1524 ὅ.
1244 1491 1390 1532 oppressit
1410 1492 1443 1525 M
1469 1507 1504 1515 -
1533 1492 1564 1525 6.
1592 1490 1635 1525 ,ἰ
1661 1493 1714 1526 M:
1748 1492 1838 1525 Titus
1859 1501 1993 1535 margo.

210 1566 247 1571 —
273 1547 431 1581 Curtilius
452 1547 646 1580 Reinesius.
675 1565 710 1570 —
748 1545 896 1588 quddam
918 1547 951 1580 M
983 1564 1019 1570 —
1056 1547 1088 1579 9.
1113 1547 1272 1588 fer-aricia
1299 1548 1333 1580 M
1367 1547 1510 1588 (ferocia
1533 1549 1569 1581 et
1597 1548 1765 1590 ferociora
1789 1549 1943 1597 margo),
1958 1567 1993 1574 —

206 1604 261 1637 40.
286 1604 399 1637 Cutius
420 1613 474 1646 pr.
499 1605 551 1638 M:
579 1604 714 1637 Curtius
736 1613 827 1637 corr.
854 1605 886 1638 M
912 1621 948 1627 -—
974 1604 1028 1637 44.
1053 1604 1154 1637 calles
1176 1605 1226 1637 M:
1253 1604 1346 1637 Cales
1367 1605 1516 1647 Lipsius.
1544 1621 1581 1629 —-
1607 1609 1784 1638 evenerant
1806 1606 1933 1639 Haase.
1957 1621 1993 1629 -—

206 1660 261 1693 ⁴2.
285 1669 360 1693 cum
384 1660 635 1703 (superscripto
658 1660 738 1702 tum)
763 1661 796 1694 M
823 1679 856 1684 -
889 1660 1118 1693 coniuratione
1142 1659 1267 1703 (littera
1289 1670 1324 1694 m
1345 1662 1380 1695 in
1403 1663 1561 1704 margine
1585 1662 1714 1704 addita)
1739 1663 1773 1697 M
1799 1680 1834 1686 —
1864 1663 1917 1696 43.
1941 1671 1998 1696 ce-

205 1725 283 1750 sare
304 1717 349 1751 M.

207 1862 380 1897 superum
395 1855 469 1887 sive
485 1854 702 1888 Adriaticum
717 1863 856 1895 versus,
870 1854 948 1888 illae
964 1856 1076 1897 ipsae,

208 1905 243 1937 in
260 1905 340 1946 quis
357 1904 528 1938 tumultus
544 1907 643 1938 ortus
660 1906 724 1938 est.
744 1906 804 1938 His
820 1905 866 1938 ob
883 1906 1018 1939 reditus
1035 1915 1079 1938 ex

208 1955 350 1996 pascuis
368 1956 403 1987 et
417 1954 606 1996 pecoribus
623 1958 779 1996 quaestor
791 1958 967 1997 praeerat,
986 1964 1077 1997 quae

208 2004 346 2036 callium
363 2006 542 2045 provincia
565 2004 668 2037 dicta.
702 2006 790 2037 Nam
814 2005 912 2037 calles
934 2006 1076 2047 proprie

209 2055 292 2087 sunt
314 2055 460 2088 semitae
483 2064 654 2097 pecorum
674 2055 828 2096 vestigiis
851 2055 1077 2097 perduratae.

209 2105 337 2138 Dtmmr.
373 2106 429 2138 Sic
452 2107 549 2138 certe
573 2106 714 2138 Servius
731 2106 776 2138 ad
792 2105 920 2147 Vergil.
939 2108 1024 2138 Aen.
1043 2106 1076 2146 4,

209 2153 286 2188 405.
323 2154 478 2188 Isidorus
501 2156 592 2197 orig.
618 2156 678 2195 45,
704 2155 762 2195 46,
786 2155 848 2188 20:
879 2155 1007 2188 Callis
1032 2159 1081 2188 est

208 2205 274 2238 iter
292 2206 455 2246 pecudum
471 2206 559 2239 inter
572 2208 698 2238 montes
713 2208 890 2247 anqustum
904 2209 935 2239 et
949 2207 1078 2246 tritum,

210 2264 234 2288 a
263 2256 350 2288 callo
373 2257 538 2296 pecudum
561 2257 799 2297 perduratum.
835 2257 945 2289 Huius
968 2265 1080 2298 quae-

211 2307 315 2339 storis
338 2307 569 2348 praecipuum
588 2315 718 2339 munus
741 2306 849 2340 fuisse
867 2307 1017 2347 videtur,
1042 2309 1082 2340 ut

211 2354 406 2396 invigilaret
428 2357 534 2396 atque
552 2356 708 2398 exigeret
723 2357 950 2398 scripturam,
976 2357 1012 2389 id
1027 2357 1082 2390 est

212 2403 362 2445 vectigal
391 2413 605 2447 pascuorum
628 2406 664 2438 in
688 2414 771 2447 agro
797 2405 955 2448 publico,
987 2415 1079 2448 quae

212 2462 278 2495 per
300 2452 375 2486 illas
397 2455 607 2496 praesertim
629 2455 792 2496 regiones
815 2454 884 2488 late
909 2455 1082 2489 extende-

212 2503 359 2543 bantur;
392 2504 468 2537 sine
492 2504 600 2537 dubio
624 2505 730 2538 etiam
752 2504 932 2539 latrocinia
956 2514 1080 2539 arcere

214 2552 371 2586 debebat
393 2553 459 2594 ibi,
484 2555 524 2586 ut
546 2553 671 2595 hodie,
696 2555 905 2597 frequentia.
944 2556 1081 2598 Lipsius

214 2602 313 2636 dedit
334 2603 428 2636 Cales
450 2604 566 2645 (hodie
589 2604 712 2646 Calvi),
742 2606 843 2647 quasi
866 2614 951 2639 vero
975 2614 1083 2647 quae-

214 2654 289 2687 stor
322 2653 371 2685 ibi
403 2653 528 2687 sedem
561 2653 761 2696 habuisset,
796 2657 894 2689 nisus
927 2656 1081 2689 maxime

215 2703 300 2736 Livii
332 2701 410 2736 loco
444 2704 498 2744 25,
527 2704 566 2736 3:
602 2705 691 2737 Nero
717 2709 860 2746 praetor
891 2706 1083 2739 Suessulam

214 2754 366 2786 sortitur.
401 2753 534 2786 Verum
564 2753 658 2787 aliud
681 2756 736 2787 est
757 2764 789 2788 a.
815 2764 850 2788 u.
875 2755 956 2796 542,
989 2758 1083 2788 tem-

214 2812 302 2846 pore
329 2802 413 2836 belli
442 2804 563 2837 Punici
591 2805 761 2846 secundi,
793 2806 969 2848 praetoria
997 2815 1083 2848 pro—

213 2852 328 2886 vincia
367 2852 554 2893 Suessula,
594 2855 679 2887 item
712 2854 850 2887 Etruria
887 2857 922 2888 et
959 2855 1082 2898 Apulia

217 2903 319 2944 (quae
343 2902 476 2936 ibidem
498 2905 768 2946 memorantur),
797 2904 890 2938 aliud
914 2906 1084 2939 huiusce-

216 2951 316 2985 modi
337 2954 538 2993 quaestoria
562 2962 594 2986 a.
619 2962 654 2986 u.
680 2954 756 2987 777
796 2955 941 2988 Firmari
966 2956 1083 2998 potius

217 3000 438 3042 aliquatenus
467 3003 607 3044 poterat
635 3012 678 3036 ex
708 3004 819 3036 Dione
843 3005 905 3044 55,
930 3004 950 3038 4
980 3004 1026 3037 ad
1048 3013 1080 3037 a.

217 3059 252 3083 ιι.
274 3049 356 3084 745.
381 3047 561 3093 ταμίας“
542 3061 583 3084 εν
605 3061 646 3084 τε
667 3049 714 3099 τῇ
738 3051 905 3099 παραλία
926 3051 973 3099 τῇ
990 3050 1084 3099 πρὸς

219 3097 265 3147 τῇ
289 3096 397 3132 πόλει
418 3099 484 3133 καὶ
499 3099 539 3132 ἐν
555 3099 656 3147 ἑτέρ
666 3110 740 3142 οις
754 3102 832 3135 τισὶ
846 3100 915 3144 τῆς
928 3089 1084 3144 ’Ῐταλίας

219 3150 375 3196 χωρίοις
407 3160 539 3196 αρχειν
568 3149 748 3194 ἐποίησεν
773 3152 983 3193 (Augustus).
1019 3153 1084 3185 καὶ

219 3198 335 3233 τοῦτο
357 3201 421 3234 καὶ
444 3201 507 3234 ἐπὶ
529 3196 686 3234 πλειω”
668 3210 734 3244 ετη
757 3200 926 3259 ἐποίησε.
952 3202 1002 3234 Cf.
1029 3203 1083 3243 60,

220 3249 264 3283 24
286 3249 332 3283 ad
354 3259 385 3284 a.
411 3260 446 3284 u
471 3251 554 3283 797:
589 3253 671 3291 τοῖς
699 3249 770 3294 μὲν
799 3244 868 3284 οὖν
898 3252 1085 3294 ταμιείαις

219 3295 292 3353 τὴν
314 3298 502 3344 διοίκησιν
524 3296 609 3333 ἀντὶ
631 3298 706 3333 τῶν
727 3296 856 3356 ἀρχῶν
878 3299 953 3334 τῶν
975 3300 1016 3334 ἐν
1037 3300 1084 3349 τῇ

219 3342 357 3394 Ἰταλίᾳ
380 3345 455 3392 ἔξω
485 3348 554 3394 τῆς
583 3348 730 3392 πόλεως
759 3345 946 3384 ἀντέδωκε
970 3350 1087 3393 (Clau-

1129 1855 1251 1888 Claud.
1283 1855 1353 1897 24.)
1393 1855 1493 1895 Quod
1527 1856 1647 1889 autem
1678 1856 1819 1898 Pighius
1848 1857 1937 1890 Ann.
1970 1858 1997 1890 1.

1128 1914 1163 1947 p.
1182 1905 1246 1938 469
1269 1906 1390 1938 narrat
1403 1905 1448 1938 de
1469 1904 1599 1939 Calena
1613 1906 1796 1948 provincia
1811 1915 1855 1939 ex
1870 1907 1996 1948 Dione,

1129 1957 1165 1987 ut
1190 1957 1257 1996 ait,
1283 1955 1346 1988 sed
1370 1954 1448 1988 loco
1472 1965 1542 1988 non
1558 1955 1731 1997 indicato,
1756 1965 1822 1998 per
1837 1965 1999 1990 errorem

1127 2006 1255 2046 partim
1292 2015 1334 2038 ex
1367 2006 1484 2047 priore
1518 2004 1597 2038 loco
1631 2006 1691 2046 55,
1721 2005 1753 2039 4.
1790 2007 1921 2049 partim
1955 2016 2000 2040 ex

1095 2086 1098 2090 .
1128 2055 1233 2096 Lipsii
1272 2055 1500 2088 adnotatione
1535 2055 1677 2088 duxisse
1710 2055 1872 2096 videtum
1916 2066 2000 2091 nam

1130 2107 1248 2138 certus
1270 2104 1369 2137 locus
1393 2104 1437 2137 de
1468 2105 1647 2147 provincia
1672 2104 1800 2139 Calena
1822 2115 2000 2149 nusquam

1129 2156 1260 2196 exstat,
1285 2157 1325 2187 ut
1346 2154 1476 2187 fatetur
1490 2155 1573 2196 -ipse
1590 2155 1744 2197 Lipsius;
1770 2164 1836 2198 pro
1859 2156 2001 2190 callium

1128 2205 1308 2247 provincia
1338 2203 1473 2237 clarum
1505 2204 1681 2238 habemus
1712 2206 1868 2239 Suetonii
1899 2208 2001 2241 testi—

1129 2256 1288 2288 monium
1304 2257 1340 2288 et
1355 2254 1486 2288 codicis
1502 2253 1702 2288 lectionem.
1731 2256 1876 2290 Mirifice
1893 2258 2000 2292 etiam

1131 2307 1329 2347 congruunt
1360 2304 1470 2338 verba
1498 2306 1638 2339 servitia
1667 2307 1817 2348 agrestia
1840 2316 1905 2348 per
1925 2308 2000 2342 lon-

1128 2358 1270 2399 qinquos
1298 2356 1420 2395 saltus,
1452 2364 1606 2397 quorum
1637 2365 1722 2388 cura
1745 2356 1999 2400 qualiscunque

1130 2407 1284 2439 maxime
1314 2407 1460 2448 propter
1490 2405 1651 2448 fugitivos
1682 2407 1764 2439 huic
1787 2411 1998 2449 quaesturae

1128 2456 1271 2489 videtur
1297 2455 1405 2489 fuisse
1435 2457 1601 2489 iniuncta.
1642 2457 1788 2490 Accedit
1818 2458 1914 2500 quod
1943 2460 2001 2492 vix

1130 2505 1348 2548 intelligitur,
1382 2506 1561 2548 quomodo
1593 2506 1714 2540 Cutius
1741 2508 1814 2540 tam
1838 2507 2001 2543 celeriter

1131 2565 1151 2589 a
1168 2555 1310 2589 Calibus
1325 2555 1552 2589 Brundisium
1566 2555 1613 2589 ad
1628 2557 1902 2598 opprimendum
1915 2559 2001 2592 Cur-

1130 2607 1251 2640 tisium
1274 2606 1495 2649 pervenerit.
1513 2606 1555 2639 Et
1578 2606 1675 2648 quod
1699 2606 1782 2639 dicit
1795 2607 1996 2642 Ernestius:

1133 2657 1241 2689 «Rem
1274 2656 1488 2689 maritimam
1521 2655 1726 2690 mandatam
1759 2656 1867 2690 fuisse
1899 2659 2000 2692 Cutio

1130 2707 1228 2748 patet
1251 2715 1270 2738 e
1285 2705 1537 2747 sequentibus;
1563 2714 1647 2738 nam
1664 2714 1734 2748 qua
1749 2715 1816 2749 ope
1833 2708 2001 2749 opprimit

1131 2756 1279 2789 servos‘?
1310 2764 1439 2797 nempe
1470 2765 1536 2798 per
1567 2754 1784 2796 classiarios,
1815 2765 1904 2799 quos
1931 2757 1999 2791 sub

1131 2814 1240 2839 manu
1262 2805 1438 2838 habebat:
1465 2814 1549 2847 ergo
1572 2806 1786 2839 maritimam
1801 2815 1880 2840 rem
1896 2816 2001 2840 cura-

1130 2857 1179 2889 vit
1203 2857 1238 2889 et
1259 2856 1473 2888 maritimam
1495 2856 1713 2898 provinciam
1736 2856 1878 2896 habuit,
1908 2866 1999 2900 quae

1131 2905 1225 2938 nulla
1249 2905 1315 2938 alia
1339 2914 1419 2938 esse
1442 2906 1556 2947 potuit
1577 2914 1684 2947 quam
1709 2906 1876 2940 Calenam
1875 2916 2000 2950 ›pro-

1131 2956 1223 2989 fecto
1246 2964 1317 2988 non
1339 2955 1426 2988 vidit
1448 2954 1647 2989 classiarios
1670 2956 1778 2990 fuisse
1801 2958 1907 2990 trium
1929 2956 2000 2990 illa-

1132 3014 1212 3038 rum
1244 3005 1434 3038 biremium
1468 3014 1575 3048 supra
1605 3007 1903 3047 memoratarum,
1939 3009 2001 3049 qui

1133 3064 1218 3088 sane
1250 3055 1429 3097 quaestori
1460 3064 1609 3098 operam
1644 3065 1775 3089 navare
1804 3055 1997 3091 debebant.

1133 3103 1233 3136 Adde
1267 3103 1421 3146 denique
1452 3103 1554 3138 Cales
1585 3105 1772 3147 oppidum,
1808 3105 1901 3138 inter
1931 3107 2001 3140 Ca-

1134 3162 1242 3196 puam
1258 3154 1294 3186 et
1309 3154 1466 3187 Teanum
1481 3155 1599 3194 situm,
1624 3155 1767 3187 minime
1783 3155 2000 3190 maritimum

1135 3211 1214 3236 esse
1244 3203 1413 3246 nulloque
1442 3206 1546 3246 pacto
1577 3204 1622 3236 ad
1651 3212 1730 3236 rem
1752 3203 1915 3238 navalem
1937 3215 1999 3240 ac-

1135 3253 1411 3286 commodatum.
1446 3254 1498 3286 De
1521 3253 1658 3286 callibus
1672 3252 1716 3285 cf.
1735 3253 1842 3287 etiam
1857 3254 2000 3290 Schnei-

1135 3302 1242 3337 derus
1264 3304 1311 3337 ad
1332 3304 1528 3337 Varronem
1550 3304 1588 3336 R.
1606 3304 1643 3336 R.
1661 3311 1697 3345 p.
1716 3302 1792 3336 409.
1812 3321 1848 3328 -
1872 3305 1998 3350 Staius]

1134 3353 1174 3385 In
1195 3352 1297 3386 titulo
1311 3352 1454 3387 Nolensi
1477 3354 1614 3395 (Inscrr.
1632 3352 1719 3384 Latt.
1737 3351 1834 3395 4033)
1850 3353 1896 3388 ad
1910 3364 1944 3390 a.
1960 3365 1996 3391 ιι.

227 3395 336 3438 dius),
359 3396 486 3441 πάσας
506 3396 580 3447 γὰρ
594 3393 749 3441 aurae*
730 3407 907 3434 επαυσεν.
927 3401 1081 3444 (sueton.
1134 3409 1166 3435 c.
1191 3399 1255 3435 784
1277 3403 1497 3436 memoratur
1517 3401 1565 3435 M.
1582 3401 1698 3434 Staius
1716 3400 1857 3436 naam
1876 3405 2000 3440 duum-
