2254 3770
763 286 920 332 Lmen
949 287 980 330 1.
1027 286 1128 345 cap.
1158 286 1225 331 52.
1256 286 1324 330 53.
1354 287 1420 330 54.
1930 283 1985 326 45

206 411 258 443 ac
284 397 382 442 tabe
410 395 537 454 longa
565 395 763 454 peremit,
806 394 1037 440 obscuram
1064 393 1155 438 sore
1185 407 1336 438 necem
1377 391 1683 451 longinquitate
1712 389 1825 435 exilii
1855 395 1984 434 ratus.

204 487 284 532 par
310 485 442 516 causa
470 471 674 516 saevitiae
702 471 746 514 in
767 470 1066 529 Sempronium
1087 468 1343 520 Gracchum,
1376 469 1449 527 qui
1477 467 1633 512 familia
1652 466 1801 518 nobili,
1834 464 1985 510 sollers

202 547 373 607 ingenio
405 553 447 592 et
474 561 607 605 prave
636 545 862 597 facundus,
897 545 1077 629 eandem
1095 544 1244 588 Iuliam
1276 544 1319 586 in
1304 542 1605 627 matrimonio
1624 542 1753 586 Marci
1774 541 1987 599 Agrippae

201 698 385 742 tumacia
414 704 457 741 et
485 657 595 741 odiis
626 698 668 740 in
697 697 893 740 maritum
915 695 1200 748 accendebat3
1230 694 1482 752 litteraeque
1502 707 1611 752 quas
1639 692 1744 736 Iulia
1774 692 1883 750 patri
1904 693 2018 735 Au-is

202 779 326 831 gusto
347 787 444 818 cum
466 773 742 817 insectatione
761 772 916 816 Tiberii
936 771 1107 829 scripsit
1131 784 1157 814 a
1178 769 1371 814 Graccho
1399 769 1662 827 compositae
1688 767 1986 813 credebantur.
2013 771 2015 777 ’

201 848 328 906 igitur
357 855 523 892 amotus
554 849 795 899 Cercinam,
827 847 952 891 Africi
981 847 1111 890 maris
1142 845 1341 897 insulam,
1377 844 1719 903 quattuordecim
1748 844 1870 887 annis
1899 842 1987 886 exi-

201 923 305 968 lium
325 923 530 968 toleravit.
569 930 669 968 tunc
688 923 843 967 milites
864 922 919 966 ad
949 922 1128 967 caedem
1156 921 1276 965 missi
1305 921 1509 964 invenere
1539 921 1580 963 in
1609 918 1866 978 prominenti
1893 917 1989 962 lito-

203 1000 281 1050 ris,
312 998 414 1042 nihil
442 998 598 1043 laetum
621 999 928 1057 opperientem.
970 1012 1153 1056 quorum
1174 997 1359 1041 adventu
1387 996 1522 1040 breve
1551 1002 1721 1053 tempus
1746 995 1910 1053 petivit,
1941 999 1989 1036 ut

204 1088 406 1133 suprema
436 1074 632 1118 mandata
661 1074 783 1118 uxori
805 1074 1001 1118 Alliariae
1030 1087 1110 1131 per
1137 1072 1297 1116 litteras
1318 1072 1457 1123 daret,
1490 1071 1790 1128 cervicemque
1810 1082 2036 1127 percus-⁴0

203 1150 374 1194 soribus
404 1149 573 1202 obtulit,
605 1150 842 1194 constantia
870 1149 1018 1193 mortis
1046 1147 1162 1192 haud
1190 1147 1389 1205 indignus
1409 1146 1663 1204 Sempronio
1683 1146 1871 1190 nomine:
1902 1146 1987 1190 vita

203 1225 552 1285 degeneraverat.
591 1226 765 1284 quidam
794 1239 880 1269 non
900 1227 1033 1269 Roma
1062 1237 1139 1268 eos
1169 1222 1322 1267 milites
1353 1223 1429 1267 sed
1461 1221 1515 1267 ab
1535 1223 1580 1266 L.
1601 1224 1856 1280 Asprenate,
1886 1235 1988 1279 pro-

131 1323 135 1326 -
203 1300 380 1346 consule
409 1301 593 1352 Africae,
635 1302 792 1345 missos
821 1300 1056 1351 tradidere,
1096 1306 1270 1344 auctore
1309 1298 1496 1350 Tiberio,
1542 1298 1617 1356 qui
1652 1297 1806 1342 famam
1842 1296 1987 1343 caedis

202 1390 333 1435 posse
363 1377 406 1419 in
434 1378 714 1435 Asprenatem
743 1377 851 1421 verti
878 1376 1036 1419 frustra
1062 1380 1323 1434 speraverat.

317 1452 397 1509 (54)
427 1451 546 1496 Idem
578 1466 714 1495 annus
744 1465 877 1495 novas
898 1451 1179 1495 caerimonias
1200 1449 1365 1508 accepit
1384 1448 1529 1493 addito
1549 1447 1759 1492 sodalium
1780 1450 2037 1507 Augusta-is

202 1526 307 1571 lium
335 1527 596 1578 sacerdotio,
637 1534 683 1571 ut
712 1527 930 1585 quondam
959 1528 1001 1570 T.
1033 1526 1175 1569 Tatius
1204 1524 1436 1570 retinendis
1466 1524 1721 1568 Sabinorum
1755 1525 1889 1568 sacris
1919 1538 1990 1568 so-

206 1602 327 1647 dales
358 1603 487 1647 Titios
517 1603 765 1647 instituerat.
806 1609 921 1646 sorte
952 1601 1067 1646 ducti
1088 1616 1113 1645 e
1132 1600 1394 1659 primoribus
1424 1600 1604 1644 civitatis
1632 1614 1744 1644 unus
1765 1607 1810 1657 et·
1827 1600 1988 1658 viginti:

205 1678 398 1723 Tiberius
440 1680 694 1736 Drususque
730 1685 773 1722 et
811 1677 1013 1723 Claudius
1053 1683 1095 1721 et
1134 1676 1412 1721 Germanicus
1450 1676 1703 1720 adiciuntur.
1749 1674 1876 1719 ludos
1905 1678 1991 1719 Au-

205 1753 392 1811 gustales
421 1760 521 1798 tunc
549 1754 732 1812 primum
754 1760 930 1811 coeptos
959 1752 1144 1797 turbavit
1163 1751 1380 1797 discordia
1400 1765 1453 1795 ex
1472 1751 1703 1796 certamine
1722 1749 1987 1796 histrionum.

248 1899 281 1933 4.
305 1900 512 1933 contumatia
531 1900 566 1934 M
589 1916 625 1923 —
657 1900 689 1933 5.
713 1900 883 1941 littereque
904 1900 939 1934 Μ
963 1918 1000 1923 -
1025 1899 1080 1934 47.
1106 1899 1206 1933 Titios
1226 1899 1450 1932 Vertranius:
1474 1899 1576 1932 lacios
1595 1898 1640 1932 M.

206 2026 314 2059 citum
326 2026 568 2059 inveniuntur:
588 2026 699 2058 immo
712 2034 857 2068 semper
868 2025 961 2059 inest
972 2026 1073 2068 spatii

206 2077 314 2109 notio.
349 2076 472 2118 Itaque
498 2076 723 2118 lonqinquitas
745 2075 838 2108 eoeilii
860 2077 915 2108 est
936 2077 1073 2109 remota

205 2127 418 2168 Reginorum
449 2127 570 2160 civitas
594 2127 630 2159 et
651 2126 789 2159 exilium
812 2125 858 2159 de
880 2125 959 2159 loco
983 2126 1075 2159 exilii

206 2177 341 2210 dictum
363 2178 429 2211 est.
453 2176 603 2211 Perinde
626 2177 694 2209 iter
716 2176 761 2209 ab
776 2176 866 2210 urbe
883 2176 929 2209 ad
943 2176 1075 2210 fretum

206 2225 343 2260 Siciliae
367 2227 499 2260 factum
521 2227 703 2269 longinqua
727 2227 952 2269 peregrinatio
975 2226 1007 2266 6,
1033 2225 1075 2259 ⁴4

207 2276 416 2320 appellatur.
441 2277 588 2318 Rrrrsn.)
615 2276 781 2318 Relegata
805 2278 859 2310 est
880 2285 912 2310 a.
939 2285 972 2308 u.
997 2276 1073 2316 752,

207 2328 248 2359 ut
269 2336 289 2359 e
312 2326 444 2359 Velleio
467 2326 490 2359 Ι.
514 2326 538 2360 l.
565 2328 601 2359 et
622 2325 802 2360 Macrobio
834 2327 973 2359 Saturn.
999 2327 1032 2366 2,
1054 2327 1075 2359 5

209 2376 331 2410 docuit
359 2377 515 2410 Nox-isius
546 2377 670 2410 Cenot.
696 2377 763 2410 Pis.
787 2386 823 2419 p.
850 2376 924 2410 480.
953 2377 1073 2410 Womv.

212 2445 248 2450 —
266 2426 498 2467 Sempronium
516 2427 713 2468 Gracchum]
739 2427 790 2460 Cf.
809 2426 929 2460 Vellei.
947 2427 978 2467 2,
999 2427 1073 2459 400.

208 2476 354 2509 Exstant
376 2477 452 2510 eius
474 2477 610 2510 nummi
634 2485 716 2510 cum
741 2477 989 2519 inscriptione:
1024 2477 1074 2510 TI.

208 2527 422 2559 SEMPRON.
459 2526 648 2560 GRACCVS
682 2528 767 2569 (sic).
806 2528 878 2560 1111.
919 2527 997 2560 VIR.
1035 2527 1074 2568 Q.

208 2576 352 2610 DESIG.
377 2577 554 2610 Akerman
575 2578 600 2610 I.
626 2586 661 2620 p.
680 2578 755 2610 425.
776 2595 812 2601 -
832 2586 941 2619 prave
960 2578 1078 2619 facun-

209 2627 281 2668 dus]
302 2636 372 2660 non
389 2629 444 2661 est
458 2626 634 2669 garrulus,
659 2628 698 2659 ut
711 2627 861 2660 Bachius
878 2626 1074 2670 explicavit,

210 2676 275 2709 sed
304 2676 495 2718 facundus,
527 2677 574 2710 ita
605 2678 744 2717 tamen,
775 2679 814 2710 ut
843 2686 971 2719 pravas
999 2678 1075 2711 tere

210 2728 402 2760 sententias
436 2727 612 2770 proferret
645 2729 751 2768 atque
790 2727 1010 2761 defenderet.
1038 2747 1074 2752 —

211 2776 394 2820 Cercinam]
419 2777 466 2809 ad
489 2778 629 2819 Syrtem
652 2777 844 2818 minorem,
869 2778 974 2810 hodie
998 2779 1079 2811 Ker-

210 2825 296 2858 kine.
324 2843 360 2850 -
387 2828 653 2867 quattuordecim
677 2828 775 2859 annis
796 2828 938 2860 exilium
951 2827 989 2869 t]
1014 2829 1078 2860 Re-

211 2873 346 2916 legatus
369 2876 425 2909 est
446 2875 550 2909 simul
573 2885 656 2909 cum
671 2875 769 2909 Iulia.
804 2877 880 2909 Fuit
895 2878 986 2910 inter
1001 2886 1075 2917 eos,

212 2923 258 2956 de
281 2923 411 2965 quibus
433 2925 496 2958 Dio
511 2926 566 2966 55,
585 2926 646 2959 ⁴0:
673 2926 714 2958 οἱ
733 2924 774 2959 δὲ
795 2924 923 2959 λοιποὶ
946 2925 987 2959 ἐν
1008 2924 1078 2968 νή-

213 2982 298 3014 σοις
322 2969 656 3021 ὖπεχωρίσθησαν.
683 2976 800 3008 Ceteri
815 2975 958 3008 fuerunt
973 2976 1079 3016 Quin-

213 3023 299 3055 ctius
321 3022 493 3064 Crispinus
519 3027 551 3057 et
576 3025 702 3066 Appius
725 3026 884 3059 Claudius
906 3034 948 3058 ac
969 3026 1080 3066 Scipio

213 3072 339 3112 aliique
359 3073 499 3105 minoris
511 3075 655 3107 nominis
668 3076 843 3116 utriusque
857 3076 986 3107 ordinis
998 3074 1078 3107 viri.

213 3120 334 3154 Vellei.
359 3123 392 3162 2,
417 3123 492 3156 400.
512 3141 548 3146 -
573 3124 611 3157 L.
635 3124 825 3166 Asprenate]
851 3133 871 3158 e
887 3126 990 3166 gente
1007 3125 1079 3156 No·

214 3172 289 3212 nia,
311 3171 455 3205 consule
471 3173 619 3206 suffecto
634 3173 805 3207 inlocum
820 3175 857 3206 L.
873 3174 1027 3206 Arruntii
1043 3182 1076 3205 a.

215 3229 251 3253 u.
286 3221 361 3255 759.
398 3223 527 3256 Inscrr.
564 3224 653 3256 Latt.
685 3232 722 3257 n.
746 3223 843 3256 7430.
886 3223 938 3256 Cf.
963 3223 1008 3257 de
1035 3232 1079 3256 eo

214 3271 335 3305 Vellei.
359 3273 399 3314 2,
423 3274 500 3307 420.

257 3321 312 3354 54.
335 3322 751 3365 sodaliumAuqustalium]
770 3322 822 3356 Cf.
834 3322 931 3363 3,64.
947 3323 1076 3362 Hist.2,

215 3368 269 3402 98.
286 3370 429 3405 Sueton.
443 3372 564 3406 Claud.
579 3373 612 3405 6.
627 3371 725 3405 Galb.
739 3373 771 3406 8.
790 3372 933 3406 Henzen
947 3374 1076 3406 Inscrr.

216 3417 303 3452 Latt.
326 3420 403 3455 Vol.
418 3422 483 3464 m,
506 3431 542 3466 p.
559 3422 623 3456 200
638 3430 693 3465 sq.
711 3423 748 3456 et
768 3421 896 3456 Indicis
910 3430 946 3466 p.
964 3421 1018 3456 46.
1039 3437 1075 3445 -

1121 2026 1248 2059 sodales
1282 2024 1392 2066 Titios]
1426 2023 1471 2057 de
1508 2023 1637 2066 quibus
1671 2023 1789 2056 minus
1822 2023 1988 2057 accurate

1123 2077 1211 2109 Hist.
1235 2076 1276 2115 2,
1301 2075 1343 2108 92
1366 2074 1521 2107 dixerat:
1556 2074 1644 2114 quod
1671 2073 1895 2106 sacerdotium
1918 2073 1990 2115 (so-

1125 2126 1256 2159 dalium
1278 2123 1552 2167 Augustalium),
1578 2127 1624 2157 ut
1645 2124 1845 2157 Romulus
1869 2123 1991 2157 Tatio

1123 2186 1168 2209 re
1175 2178 1235 2219 qi,
1259 2178 1312 2209 ita
1333 2175 1458 2209 Caesar
1481 2174 1629 2210 Tiberius
1648 2175 1754 2207 Iuliae
1767 2175 1857 2217 uenti
1871 2182 1992 2206 sacra-

1123 2228 1184 2259 vit.
1219 2225 1331 2258 Aliter
1357 2233 1481 2259 rursus
1508 2225 1620 2257 Varro
1650 2225 1688 2257 L.
1715 2225 1753 2257 L.
1777 2225 1810 2264 5,
1835 2224 1896 2257 85:
1927 2223 1992 2255 So-

1124 2278 1215 2310 dales
1238 2276 1314 2310 Titii
1336 2276 1417 2309 dicti
1439 2275 1482 2308 ab
1498 2275 1593 2309 Titiis
1607 2274 1743 2314 avibus,
1768 2283 1853 2315 quas
1873 2275 1910 2307 in
1925 2282 1992 2306 au-

1123 2329 1232 2369 9uriis
1253 2327 1353 2359 certis
1366 2326 1543 2359 observare
1558 2326 1673 2358 solent.
1698 2325 1829 2358 Rittero
1851 2324 1991 2357 Tacitus

1124 2377 1292 2410 Titiorum
1320 2384 1451 2409 nomen
1482 2384 1502 2408 a
1532 2376 1763 2418 praenomine
1787 2375 1874 2408 Tatii
1899 2373 1991 2415 regis

1125 2426 1267 2460 duxisse
1289 2425 1448 2466 videtur,
1472 2424 1538 2458 sed
1561 2433 1624 2458 eos
1646 2433 1719 2458 non
1741 2433 1763 2457 a
1778 2424 1874 2457 Tatio
1896 2422 1993 2456 insti-

1125 2478 1220 2510 tutos
1242 2476 1359 2518 putat,
1384 2483 1475 2516 quae
1499 2475 1545 2508 sit
1558 2482 1712 2517 persona
1727 2474 1900 2515 mythica,
1925 2471 1992 2506 sed

1125 2525 1331 2560 sacerdotes
1344 2533 1424 2558 esse
1436 2525 1604 2557 Titiorum
1620 2532 1651 2557 s.
1664 2524 1883 2563 Titiensium,
1905 2522 1940 2555 h.
1956 2531 1989 2556 e.

1126 2576 1337 2610 Sabinorum
1367 2576 1499 2608 Romae
1526 2574 1773 2607 habitantium.
1805 2572 1856 2606 Cf.
1881 2572 1992 2605 Varro

1126 2628 1164 2659 L.
1183 2627 1220 2659 L.
1246 2627 1279 2666 ὅ,
1304 2625 1358 2658 84.
1383 2624 1520 2657 sodales
1543 2625 1620 2657 Titii
1635 2624 1877 2657 memorantur
1891 2630 1911 2654 a
1927 2622 1993 2654 Lu-

1127 2685 1215 2710 cano
1238 2677 1270 2716 4,
1289 2676 1373 2709 602:
1397 2675 1646 2716 Septemvirque
1667 2674 1772 2715 epulis
1790 2674 1882 2715 festis
1898 2673 1993 2705 Titii-

1127 2736 1189 2768 que
1216 2726 1360 2765 sodales,
1402 2727 1438 2758 et
1465 2726 1502 2758 in
1530 2724 1662 2767 aliquot
1691 2722 1990 2766 inscriptionibus,

1126 2787 1161 2810 n.
1186 2776 1263 2810 746.
1293 2776 1368 2809 890.
1399 2775 1499 2809 2364.
1523 2775 1622 2809 2366.
1647 2774 1743 2808 5399.
1770 2773 1867 2807 6474.
1892 2773 1990 2806 6944.

1126 2827 1260 2860 sodalis
1275 2826 1425 2858 Titiensis
1440 2834 1476 2858 n.
1489 2825 1588 2858 2365.
1605 2842 1641 2847 -
1660 2823 1831 2865 Claudius]
1848 2823 1990 2855 Sueten.

1128 2875 1250 2909 Claud.
1283 2875 1320 2908 6:
1357 2877 1492 2907 senatus
1524 2882 1653 2915 quoque
1682 2876 1720 2906 ut
1747 2874 1793 2906 ad
1819 2880 1993 2904 nmnerum

1126 2925 1291 2958 sodalium
1311 2923 1548 2966 Augustalium
1575 2925 1665 2955 sorte
1694 2923 1871 2956 ductorum
1892 2923 1994 2953 extra

1127 2976 1277 3008 ordinem
1303 2975 1492 3007 adiceretur
1514 2973 1651 3006 censuit.
1679 2989 1715 2996 —
1745 2975 1824 3005 tunc
1844 2971 1993 3012 primum

1127 3023 1265 3065 coeptos]
1290 3023 1343 3056 Cf.
1367 3023 1414 3056 ad
1436 3032 1467 3056 c.
1487 3024 1540 3056 45.
1564 3040 1601 3047 —-
1626 3022 1796 3055 discordia
1817 3029 1861 3053 σω
1882 3024 1993 3053 certa-

1126 3075 1214 3106 mine
1234 3072 1442 3115 histrionum]
1466 3073 1553 3106 Rem
1577 3073 1628 3105 sic
1645 3073 1764 3104 narrat
1777 3071 1841 3103 Dio
1857 3070 1912 3110 56,
1929 3069 1989 3103 47:

1127 3119 1200 3155 κάν
1232 3120 1356 3167 τούτῳ
1395 3120 1441 3156 τὸ
1478 3120 1644 3165 πλῆθος,
1682 3130 1757 3154 των
1792 3115 1992 3166 ὀρχηστῶν

1127 3169 1230 3213 τινὸς
1256 3169 1313 3216 μὴ
1341 3169 1580 3215 θελήσαντος
1609 3170 1671 3204 ἐπὶ
1695 3168 1746 3213 τῷ
1777 3170 1992 3214 τεταγμένῳ

1127 3221 1256 3267 μισθῷ
1280 3222 1319 3264 ἐς
1343 3220 1389 3256 τὸ
1410 3222 1574 3269 θέατρον
1595 3222 1678 3261 τοῖς
1692 3215 1992 3264 Αὕγουσταλίοις

1128 3271 1314 3313 ἐσελθεῖν,
1356 3272 1581 3306 ἐστασίασε·
1624 3270 1688 3302 καὶ
1727 3265 1773 3302 οὐ
1807 3267 1992 3327 πρότερον

1128 3320 1348 3355 ἐπαύσαντο
1361 3318 1666 3380 ταραττόμενοι,
1687 3318 1783 3376 πρὶν
1810 3316 1902 3360 τοὺς
1924 3317 1993 3362 δη-

1126 3370 1303 3419 μάρχους
1323 3369 1394 3415 τήν
1415 3381 1456 3405 τε
1476 3367 1623 3413 βουλὴν
1649 3364 1873 3426 αῧθήμερον
1898 3378 1991 3403 συν-

1127 3424 1284 3467 αγαγεῖν
1318 3422 1385 3456 καὶ
1420 3418 1607 3464 δεηθῆναι
1639 3414 1761 3462 αὐτῆς
1786 3419 1991 3468 ἐπιτρέψαι
