2254 3770
787 316 940 361 LIBER
971 315 1041 359 111.
1100 314 1200 372 Cap.
1230 313 1298 358 24.
1328 313 1394 358 22.
1896 309 1968 353 464

196 428 328 471 missu
368 426 500 485 patris
536 424 748 483 Apronius
787 423 1019 467 Caesianus
1056 435 1154 466 cum
1191 421 1334 480 equite
1371 426 1412 466 et
1449 417 1711 465 cohortibus.
1732 415 1974 468 auxiliariis,

194 503 292 562 quis
327 501 621 546 velocissimos
663 499 878 556 legionum
922 497 1162 550 addiderat,
1207 511 1458 555 prosperam
1503 494 1729 540 adversum
1772 491 1975 538 Numidas

193 571 378 636 pugnam
407 577 505 621 facit
532 575 736 635 pellitque
766 574 808 617 in
839 574 1022 618 deserta.

305 653 386 710 (22)
429 654 480 696 At
516 653 675 696 Romae
715 649 895 710 Lepida,
937 650 1005 693 cui
1046 662 1177 706 super
1212 646 1486 691 Aemiliorum
1527 645 1660 690 decus
1697 645 1742 688 L.
1782 643 1898 688 Sulla
1936 649 1979 687 et

193 729 266 773 Cn.
296 728 526 786 Pompeius
556 726 702 785 proavi
735 731 870 777 erant,
902 724 1091 768 defertur
1119 722 1387 767 simulavisse
1417 728 1585 780 partum
1613 735 1667 765 ex
1695 722 1740 764 P.
1771 719 2008 773 Quirinio,5

192 803 321 848 divite
367 810 496 862 atque
542 802 662 846 orbo.
708 800 1001 845 adiciebantur
1040 798 1265 849 adulteria,
1311 812 1492 851 venena,
1534 797 1862 856 quaesitumque
1899 808 1978 853 per

193 877 429 923 Chaldaeos
467 878 509 921 in
548 877 723 922 domum
759 875 971 925 Caesaris,
1011 874 1265 918 defendente
1303 887 1420 917 ream
1460 873 1597 917 Manio
1637 871 1799 931 Lepido
1835 871 1976 914 fratre.

192 954 411 1007 Quirinius
440 959 538 1011 post
567 953 724 997 dictum
764 951 990 1009 repudium
1030 949 1171 994 adhuc
1206 950 1394 993 infensus
1425 948 1619 1007 quamvis
1650 948 1790 992 infami
1821 961 1871 991 ac
1901 960 1978 990 no-

192 1029 301 1073 centi
329 1029 644 1073 miserationem
675 1026 909 1071 addiderat.
941 1025 1052 1069 haud
1075 1025 1195 1069 facile
1215 1025 1312 1083 quis
1333 1024 1566 1082 dispexerit
1585 1023 1655 1067 illa
1674 1024 1716 1066 in
1738 1023 1977 1081 cognitione

193 1111 376 1148 mentem
405 1103 630 1161 principis:
662 1102 771 1146 adeo
801 1101 925 1146 vertit
954 1115 1004 1145 ac
1027 1100 1196 1144 miscuit
1215 1101 1304 1143 irae
1326 1107 1369 1165 et
1388 1099 1638 1144 clementiae
1659 1101 1791 1157 signa.
1822 1099 2027 1157 depre—io

191 1187 310 1224 catus
345 1179 483 1237 primo
513 1185 706 1226 senatum
735 1191 789 1222 ne
820 1177 1052 1221 maiestatis
1082 1176 1260 1220 crimina
1288 1182 1587 1227 tractarentur,
1625 1189 1723 1219 mox
1751 1175 1803 1218 M.
1835 1175 1978 1219 Servi-

191 1255 293 1298 lium
332 1269 356 1299 e
397 1253 692 1299 consularibus
731 1252 925 1310 aliosque
964 1258 1094 1296 testes
1136 1251 1279 1296 inlexit
1316 1252 1371 1295 ad
1416 1250 1673 1310 proferenda
1710 1264 1822 1309 quae
1861 1250 1978 1295 velut

190 1330 355 1374 reicere
390 1329 595 1374 voluerat.
633 1329 832 1386 idemque
869 1342 1019 1372 servos
1049 1327 1256 1386 Lepidae,
1297 1340 1394 1371 cum
1426 1327 1591 1371 militari
1622 1326 1815 1371 custodia
1846 1326 1977 1377 habe-

190 1411 348 1457 rentur,
380 1405 591 1449 transtulit
619 1404 673 1448 ad
707 1403 905 1448 consules
935 1416 1077 1461 neque
1106 1416 1186 1461 per
1213 1408 1423 1447 tormenta
1451 1403 1703 1461 interrogari
1734 1416 1889 1460 passus
1911 1408 1977 1447 est

257 1558 287 1590 4.
313 1557 492 1599 acpronius
512 1557 546 1590 M
569 1574 605 1580 -
630 1556 664 1589 2.
690 1553 836 1588 aduersd‘
859 1556 893 1589 M
918 1571 955 1579 -—
981 1554 1013 1588 4.
1038 1554 1223 1587 emiliorwm
1245 1556 1279 1588 M
1303 1571 1339 1579 --
1366 1556 1398 1589 5.
1424 1555 1459 1588 C.
1484 1555 1527 1588 N.
1552 1555 1587 1588 M
1606 1574 1642 1580 —
1670 1554 1810 1596 Quirino
1835 1555 1870 1587 et
1892 1563 1975 1587 mox

191 1614 350 1656 Quirinus
371 1615 539 1656 Ryckius;
571 1613 634 1647 sed
658 1612 740 1645 vide
764 1612 808 1645 ad
832 1613 870 1653 2,
896 1611 950 1645 30.
978 1629 1014 1635 -
1047 1612 1078 1644 6.
1104 1611 1340 1645 adnectebantur
1360 1612 1395 1646 M
1420 1630 1456 1636 -
1488 1612 1521 1645 7.
1546 1611 1696 1644 chaldeos
1716 1612 1751 1645 M
1776 1629 1813 1636 -
1839 1611 1892 1644 40.
1917 1612 1976 1644 de-

187 1667 306 1711 iicatus
327 1671 361 1704 M
380 1689 414 1694 -
442 1671 494 1703 42.
511 1670 674 1711 profonda
689 1670 722 1702 M
738 1668 948 1710 (proferenda
962 1668 1095 1710 margo)
1114 1685 1151 1693 -
1173 1668 1226 1702 43.
1243 1668 1368 1702 reicere
1381 1668 1434 1703 M:
1457 1668 1594 1702 reticere
1607 1666 1819 1708 Beroaldus3
1843 1666 1976 1701 reticeri

188 1726 382 1767 Acidalius3
404 1727 531 1771 nescire
551 1724 767 1768 Nipperdey.
794 1742 831 1748 ——
855 1725 990 1766 lapidae
1011 1726 1056 1759 M.

1103 1856 1166 1890 Tit.
1185 1857 1220 1890 24
1248 1857 1369 1898 servis,
1398 1857 1455 1898 qui
1477 1858 1517 1891 de
1539 1858 1664 1891 domini
1685 1859 1792 1891 salute
1804 1858 1975 1891 consulue-

1101 1907 1172 1939 rint
1192 1907 1450 1940 mathematicos.
1479 1925 1514 1932 -
1547 1917 1610 1949 per
1632 1907 1823 1950 Chaldaeos]
1849 1908 1973 1942 Cicero

188 1859 352 1901 praetore
375 1857 408 1898 4,
426 1857 480 1891 73.
505 1859 543 1899 6,
561 1857 614 1891 30.
634 1858 687 1898 44,
707 1857 761 1891 49.
786 1855 956 1890 consula.
975 1856 1051 1889 792.

192 1927 228 1932 —
245 1907 421 1950 leyionum]
444 1908 530 1941 Inde
549 1907 593 1940 ab
610 1908 714 1940 huius
730 1908 812 1940 anni
827 1907 923 1940 initio
939 1915 1053 1948 usque

189 1958 235 1992 ad
268 1967 300 1991 a.
326 1958 389 1990 777
424 1957 515 1991 duae
549 1957 703 1999 legiones
737 1958 771 1990 in
794 1957 909 1990 Africa
941 1957 1052 1998 erant,

188 2009 330 2050 praeter
351 2008 491 2041 tertiam
515 2008 708 2050 Augustam
732 2007 774 2049 (2,
799 2006 852 2049 52)
876 2015 970 2039 nona
994 2006 1055 2039 Hi-

189 2064 321 2100 spana:
343 2056 394 2090 Cf.
420 2066 450 2090 c.
477 2057 509 2091 9.
534 2057 574 2099 4,
600 2058 632 2090 5.
657 2057 712 2091 23.

230 2108 284 2141 22.
314 2106 357 2140 At
382 2108 504 2141 Romae
531 2108 656 2149 Lepida
684 2106 767 2150 cet]
802 2107 944 2139 Sueten.
977 2104 1052 2139 Tib.

187 2156 248 2191 49:
273 2158 468 2192 Procedente
488 2167 570 2191 mom
584 2161 728 2200 tempore
742 2159 843 2192 etiam
857 2158 902 2191 ad
914 2157 1056 2198 rapinas

188 2209 349 2241 convertit
371 2209 520 2242 animum
536 2208 731 2251 (Tiberius).
765 2209 856 2242 Satis
870 2210 1054 2241 constat-—

187 2259 439 2292 condemnatam
460 2262 493 2292 et
512 2260 796 2301 qenerosissimam
815 2259 975 2304 feminam
997 2258 1056 2290 Le-

183 2308 300 2349 pidam
334 2309 370 2341 in
397 2309 546 2351 qratiam
575 2310 709 2350 Quirini
738 2309 924 2342 consularis
948 2316 1053 2349 prae-

187 2359 300 2391 divitis
322 2362 353 2392 et
374 2359 465 2400 orbi,
490 2359 548 2400 qui
570 2360 738 2393 dimissam
759 2368 834 2393 eam
847 2369 864 2393 e
881 2360 1055 2392 matrimo-

185 2409 243 2440 nio
258 2411 337 2449 post
363 2409 559 2451 vigesimum
580 2417 705 2443 annum
726 2411 842 2443 veneni
864 2409 943 2442 olim
963 2410 999 2442 in
1022 2417 1055 2442 se

186 2459 374 2499 comparati
396 2458 569 2501 arquebat.
597 2477 633 2483 —
659 2460 696 2493 L.
714 2460 809 2494 Sulla
832 2462 863 2494 et
881 2460 938 2493 Cn.
956 2460 1054 2492 Pom-

183 2507 279 2550 peius
300 2509 442 2552 proavi]
475 2509 549 2543 Hoc
579 2510 626 2543 ita
649 2510 870 2544 demonstrat
895 2510 1052 2543 Norisius

188 2555 250 2600 (ad
273 2558 466 2601 Cenotaph.
491 2559 558 2593 Pis.
583 2568 618 2602 p.
644 2560 742 2602 257):
782 2563 844 2595 «P.
871 2559 1053 2594 Cornelius

186 2606 334 2642 Faustus
356 2607 448 2641 sulla
464 2609 502 2641 L.
519 2608 633 2643 Sullae
649 2610 831 2644 dictatoris
846 2610 937 2645 filius
951 2613 1053 2644 Pom-

185 2658 303 2700 peiam
334 2659 398 2692 Cn.
423 2660 582 2703 Pompeii
607 2661 720 2703 Magni
742 2660 850 2696 filiam
872 2662 908 2695 in
930 2662 1053 2695 matri-

186 2709 306 2741 monio
329 2707 453 2742 habuit
475 2718 518 2742 ex
541 2710 665 2753 Script.
684 2710 728 2744 de
743 2710 837 2745 bello
852 2711 922 2745 Afr.
942 2721 974 2745 c.
992 2710 1050 2745 95:

185 2758 307 2792 Fausto
330 2768 354 2792 a
374 2760 410 2792 P.
429 2759 514 2793 Sitio
538 2760 772 2805 (Caesariano)
795 2763 831 2796 in
847 2762 976 2805 proelio
997 2763 1053 2795 in-

184 2808 318 2851 terfecto
346 2810 519 2851 Pompeiae
547 2818 623 2844 cum
651 2812 769 2845 Fausti
797 2813 907 2846 liberis
929 2813 1054 2847 Caesar

183 2858 444 2893 incolumitatem
478 2868 606 2902 suaque
641 2862 755 2895 omnia
790 2864 958 2896 concessit.
1002 2863 1052 2895 Ex

151 2920 153 2922 ·
187 2908 313 2941 Fausto
337 2910 373 2942 et
390 2911 557 2953 Pompeia
573 2912 653 2944 nata
670 2910 831 2946 Cornelia
848 2913 887 2953 Q.
905 2911 1052 2947 Aemilio

186 2957 317 3000 Lepido
341 2959 477 3002 nupsit,
502 2968 546 2994 ex
569 2960 697 3004 quibus
720 2964 797 2996 orta
814 2962 961 2996 Aemilia
984 2964 1052 2996 Le—

185 3006 286 3050 pida,
312 3008 350 3042 L.
375 3008 490 3044 Sullae
514 3011 549 3044 et
571 3011 728 3054 Pompeii
750 3013 966 3055 proneptis.»
997 3012 1049 3046 Cf.

185 3057 221 3096 2,
248 3057 302 3091 30.
327 3058 365 3100 3,
390 3058 444 3093 48.
470 3076 506 3083 -
537 3062 898 3102 quaesitumque-—in
920 3063 1053 3096 domwn

187 3107 355 3149 Caesonis]
379 3109 476 3151 quod
498 3118 642 3153 semper
658 3111 817 3155 capitale.
844 3112 906 3155 (Cf.
925 3113 979 3153 42,
995 3112 1049 3145 22.

187 3157 240 3198 46,
267 3157 420 3201 30-33.)
463 3159 524 3193 Cui
545 3163 657 3194 autem
679 3170 760 3203 opus
781 3165 828 3196 est
842 3163 1054 3204 perscrutari

186 3213 285 3248 super
306 3208 459 3242 Caesaris
479 3210 603 3251 salute,
626 3211 692 3243 nisi
713 3221 736 3244 a
759 3221 823 3253 quo
845 3211 975 3254 aliquid
989 3211 1052 3244 ad-

187 3263 301 3290 versus
319 3258 415 3291 illam
437 3260 608 3302 cogitatur
627 3259 680 3293 vel
707 3263 861 3302 optatur,
894 3264 954 3294 aut
977 3264 1056 3303 post

187 3305 282 3339 illam
313 3311 468 3349 speratur
497 3311 530 3342 et
554 3310 762 3343 sustinetur?
794 3311 870 3344 Non
900 3311 986 3344 enim
1013 3319 1053 3344 ea

188 3358 293 3389 mente
322 3358 360 3391 de
387 3359 478 3392 caris
506 3360 707 3402 consulitur,
740 3370 808 3402 qua
837 3361 876 3395 de
900 3361 1052 3402 dominis,

190 3403 237 3436 ait
257 3407 415 3449 apposite
437 3407 482 3441 ad
504 3409 596 3442 hanc
618 3418 697 3442 rem
720 3409 861 3444 Tertull.
878 3409 978 3453 Apol.
997 3410 1050 3443 35.

190 3453 276 3488 Lms.
311 3455 487 3492 minitatur
511 3467 656 3494 crucem
678 3459 805 3495 Paulus
834 3461 872 3495 L.
894 3461 927 3495 δ.
954 3460 1050 3494 sent.

257 3515 398 3554 TAclwn
418 3519 448 3554 1.

1104 1955 1149 1989 de
1172 1957 1322 1990 Divinat.
1348 1958 1380 1998 4,
1406 1956 1425 1999 ἓ
1448 1957 1487 1990 2:
1524 1958 1698 1999 Chaldaei,
1730 1967 1797 1991 nou
1822 1967 1867 1991 ex
1889 1958 1974 1991 artis

1102 2007 1158 2039 sed
1191 2015 1236 2040 ea>
1269 2007 1376 2050 qentis
1406 2007 1566 2041 vocabulo
1594 2009 1775 2050 nominati,
1812 2009 1974 2042 diuturna

1103 2056 1330 2090 observatione
1351 2057 1498 2090 siderum
1518 2059 1690 2092 scientiam
1704 2062 1874 2101 putantur
1894 2060 1974 2100 effe-

1102 2107 1201 2148 cisse,
1232 2111 1271 2140 ut
1291 2108 1447 2149 praedici
1469 2111 1599 2150 posset,
1631 2109 1712 2150 quid
1733 2110 1853 2150 cuique
1873 2118 1974 2142 even-

1102 2160 1215 2190 turum
1236 2161 1269 2191 et
1290 2167 1356 2199 quo
1379 2158 1517 2199 quisque
1536 2159 1608 2201 fato
1629 2163 1732 2192 natus
1750 2163 1842 2194 esset.
1869 2159 1919 2193 Cf.
1937 2160 1970 2200 2,

1102 2208 1156 2241 27.
1185 2226 1221 2231 —
1245 2208 1292 2242 Μ’
1299 2233 1307 2240 .
1331 2207 1471 2250 Lepido]
1496 2208 1639 2242 consule
1667 2218 1699 2243 a.
1724 2210 1800 2244 764.
1831 2210 1971 2252 (Ins'crr.

1102 2259 1189 2291 Latt.
1222 2267 1257 2291 n.
1283 2257 1380 2292 2489.
1406 2257 1517 2300 4263.)
1551 2259 1661 2305 Cf.vc.
1687 2260 1741 2293 44.
1777 2278 1813 2284 -
1847 2261 1973 2294 dictum

1100 2308 1286 2351 repudium]
1316 2309 1548 2351 Frequentius
1572 2311 1744 2353 usurpant
1765 2313 1896 2344 mittere
1916 2319 1973 2344 re-

1094 2359 1249 2400 pudium.
1264 2377 1300 2382 —
1314 2360 1448 2392 vertit·
1460 2377 1479 2383 -
1490 2360 1598 2403 siqua]
1622 2361 1729 2394 modo
1746 2361 1847 2403 iram,
1865 2361 1972 2394 modo

1103 2408 1328 2442 clementiam
1360 2409 1591 2443 monstrabat.
1630 2429 1666 2434 —
1704 2412 1751 2445 M.
1783 2411 1972 2454 Servilium]

1103 2459 1154 2493 Cf.
1179 2460 1220 2502 2,
1251 2459 1304 2493 48.
1339 2476 1375 2482 —
1413 2468 1500 2502 quae
1531 2460 1624 2493 velut
1654 2462 1778 2494 reicere
1808 2460 1972 2503 voluerat]

1103 2510 1193 2543 Cum
1226 2510 1390 2543 senatum
1424 2509 1638 2552 deprecatus
1673 2513 1768 2545 esset
1797 2511 1970 2553 Tiberius,

1102 2568 1147 2593 ne
1177 2561 1370 2593 maiestatis
1400 2560 1548 2593 crimina
1577 2562 1831 2602 tractarentur,
1863 2563 1972 2596 testes

1102 2612 1222 2645 tamen
1258 2610 1378 2644 inlexit
1415 2610 1459 2643 ad
1498 2610 1625 2644 delicta
1664 2621 1705 2645 ea
1743 2612 1970 2655 proferenda,

1102 2669 1255 2703 quorum
1277 2661 1513 2703 cognitionem
1529 2660 1627 2694 velut
1648 2663 1785 2695 reicere
1799 2662 1970 2696 voluerat.

1101 2711 1261 2745 Plenam.
1283 2729 1319 2734 —
1344 2711 1487 2744 militari
1509 2712 1670 2754 custodia]
1695 2713 1730 2745 in
1754 2721 1897 2746 carcere
1915 2722 1972 2746 ca-

1101 2762 1258 2807 strorum
1273 2761 1543 2803 praetoriorum.
1569 2762 1866 2804 Frequentissima
1881 2762 1971 2795 haec

1102 2811 1262 2844 custodia
1289 2812 1325 2844 et
1352 2812 1484 2844 Romae
1514 2812 1550 2844 et
1579 2812 1615 2844 in
1637 2813 1845 2854 provinciis,
1875 2813 1972 2845 eius-

1101 2871 1171 2904 que
1195 2861 1337 2902 modus,
1363 2862 1402 2894 ut
1424 2861 1474 2902 is,
1500 2862 1559 2903 qui
1579 2862 1614 2895 in
1631 2871 1721 2896 noxa
1738 2864 1846 2905 esset,
1873 2863 1971 2896 cate-

1101 2921 1184 2945 nam
1199 2912 1318 2945 manui
1334 2911 1479 2944 dextrae
1496 2910 1671 2953 alligatam
1691 2912 1852 2954 haberet,
1878 2920 1969 2954 quae

1101 2962 1229 2995 eadem
1259 2960 1375 2994 militis
1407 2961 1585 2995 sinistram
1607 2963 1757 2996 vinciret
1789 2962 1970 2996 custodiae

1101 3013 1177 3046 eius
1206 3010 1386 3054 praefecti.
1430 3011 1565 3044 Seneca
1592 3012 1700 3054 Epist.
1728 3014 1760 3054 5,
1786 3013 1824 3045 7:
1856 3012 1970 3045 eadem

1100 3066 1218 3095 catena
1241 3065 1272 3094 et
1293 3061 1477 3094 custodiam
1492 3061 1692 3104 (captivum)
1716 3065 1747 3096 et
1761 3062 1897 3094 militem
1910 3070 1970 3095 co-

1094 3111 1205 3151 pulat.
1243 3110 1293 3144 Cf.
1319 3110 1364 3144 de
1397 3111 1524 3153 Tranq.
1553 3119 1609 3144 an.
1635 3112 1689 3152 40,
1715 3111 1746 3144 3.
1781 3111 1907 3145 Athen.
1933 3112 1967 3153 5,

1100 3160 1154 3192 50.
1176 3178 1211 3184 —
1237 3161 1282 3193 ad
1303 3160 1459 3203 consules]
1481 3161 1520 3193 ut
1543 3161 1578 3194 in
1594 3160 1694 3194 solito
1709 3160 1807 3193 urbis
1824 3170 1968 3195 carcere

1102 3210 1378 3251 custodirentur3
1412 3211 1534 3244 durior
1562 3212 1666 3252 igitur
1696 3210 1852 3244 custodia
1875 3211 1968 3246 mili-

1101 3261 1199 3303 taris,
1234 3269 1449 3303 quamquam
1478 3261 1513 3294 in
1541 3260 1626 3294 Cod.
1652 3259 1783 3293 Theod.
1809 3261 1863 3302 44,
1889 3263 1921 3304 7,
1946 3262 1967 3296 3

1102 3311 1234 3344 mentio
1255 3310 1296 3344 fit
1318 3311 1424 3344 etiam
1448 3313 1585 3352 apertae
1606 3313 1635 3342 et
1656 3309 1779 3342 liberae
1801 3311 1969 3347 custodiae

1101 3361 1265 3394 militaris.
1311 3361 1362 3394 De
1391 3359 1503 3393 libera
1530 3360 1565 3391 in
1592 3357 1778 3392 consulum
1801 3359 1966 3396 domibus

1103 3409 1262 3444 custodia
1286 3409 1453 3452 equidem
1476 3408 1699 3450 interpretari
1721 3407 1849 3450 nolim3
1877 3410 1967 3445 haec

1104 3459 1196 3494 enim
1218 3459 1340 3495 vetere
1362 3466 1402 3492 re
1430 3456 1571 3501 publica
1594 3456 1766 3491 destinata
1789 3459 1865 3493 erat
1886 3461 1968 3495 tan-

1595 3516 1642 3561 44
