2254 3770
298 296 380 340 508
779 297 824 340 P.
857 295 1106 340 CORNELII
1136 295 1306 340 TACITI
1335 294 1603 340 ANNALIUM

296 403 400 447 tium
431 410 651 449 arceretur
680 402 896 448 foribusve
916 417 1065 447 eorum
1087 403 1334 454 adsisteret,
1366 408 1595 462 tantusque
1619 403 1660 447 ei
1685 405 1864 456 Romae,
1896 409 2083 463 quantus

294 479 560 532 consulibus,
592 478 728 523 honor
758 485 884 523 esset.
917 478 1079 524 scilicet
1108 485 1311 524 externae
1341 478 1570 537 superbiae
1601 485 1724 524 sueto
1745 494 1830 524 non
1851 480 1988 524 inerat
2003 493 2088 524 no-

295 554 382 599 titia
411 555 567 606 nostri,
599 554 713 613 apud
744 568 854 613 quos
883 555 948 598 vis
979 554 1145 613 imperii
1175 553 1307 606 valet,
1339 554 1481 599 inania
1510 555 1807 599 tramittuntur.

407 631 488 688 (32)
527 629 689 674 Eodem
719 644 830 674 anno
862 630 1021 675 Caesar
1055 630 1247 674 nationes
1277 629 1446 688 Alpium
1476 631 1780 675 maritimarum
1809 631 1851 674 in
1880 631 1948 675 ius
1978 630 2085 676 Latii

262 705 514 750 stranstulit.
567 706 759 765 equitum
800 707 1085 750 Romanorum
1123 705 1244 750 locos
1283 705 1490 750 sedilibus
1530 706 1669 764 plebis
1698 707 1940 764 anteposuit
1968 706 2083 765 apud

294 782 467 827 circum.
497 795 684 840 namque
715 781 768 825 ad
795 795 892 825 eam
911 781 1025 825 diem
1050 781 1269 826 indiscreti
1291 781 1468 833 inibant,
1501 782 1603 840 quia
1622 781 1690 826 lex
1707 782 1861 827 Roscia
1880 781 1981 826 nihil
2000 781 2081 826 nisi

294 857 348 902 de
388 857 730 916 quattuordecim
770 856 992 901 ordinibus
1034 858 1182 901 sanxit.
1214 856 1460 915 spectacula
1490 856 1772 914 gladiatorum
1801 857 1916 902 idem
1947 871 2083 902 annus

292 933 440 978 habuit
468 933 559 991 pari
590 931 904 991 magnificentia
934 947 984 977 ac
1005 934 1171 992 priora3
1202 933 1279 977 sed
1301 933 1553 977 feminarum
1573 932 1798 977 illustrium
1818 939 2084 978 senatorum-

292 1023 378 1067 que
406 1008 552 1067 plures
582 1022 661 1067 per
691 1022 866 1053 arenam
894 1009 1047 1054 foedati
1080 1015 1189 1053 sunt.

406 1084 487 1142 (33)
521 1085 567 1129 C.
597 1085 807 1129 Laecanio
838 1086 889 1129 M.
919 1085 1082 1129 Licinio
1113 1089 1196 1129 cos.
1229 1085 1394 1129 acriore
1425 1085 1467 1127 in
1497 1084 1590 1128 dies
1612 1083 1813 1142 cupidine
1834 1083 2085 1143 adigebatur

292 1161 404 1204 Nero
434 1161 702 1218 promiscuas
723 1174 904 1204 scaenas
924 1160 1236 1220 frequentandi.
1268 1174 1363 1204 nam
1386 1159 1526 1204 adhuc
1546 1174 1625 1218 per
1645 1159 1820 1204 domum
1840 1166 1912 1203 aut
1937 1159 2084 1203 hortos

293 1236 526 1286 cecinerat,
558 1236 830 1280 Iuvenalibus
859 1236 989 1288 ludis,
1023 1251 1132 1295 quos
1162 1243 1208 1280 ut
1237 1250 1387 1294 parum
1421 1234 1615 1280 celebres
1646 1242 1688 1279 et
1717 1242 1855 1279 tantae
1886 1235 1981 1280 voci
2009 1248 2085 1279 an·-

291 1317 438 1370 gustos
469 1311 711 1369 spernebat.
742 1326 827 1356 non
858 1319 999 1357 tamen
1024 1315 1181 1358 Romae
1203 1311 1393 1369 incipere
1413 1324 1545 1354 ausus
1564 1310 1785 1369 Neapolim
1805 1310 1930 1369 quasi
1952 1310 2084 1355 Grae-

293 1400 387 1431 cam
415 1387 567 1431 urbem
597 1387 777 1446 delegit:
810 1387 909 1431 inde
940 1388 1105 1432 initium
1135 1388 1244 1438 fore,
1277 1393 1323 1431 ut
1351 1393 1645 1444 transgressus
1680 1386 1722 1429 in
1752 1385 1952 1430 Achaiam
1981 1386 2084 1430 insi-

356 1515 388 1547 2.
412 1514 544 1547 inherat
566 1515 600 1549 M
625 1532 661 1538 —
688 1514 720 1547 6.
744 1514 845 1547 nichil
866 1515 899 1548 M
926 1533 961 1539 -
986 1515 1017 1548 7.
1043 1516 1177 1549 sancxit
1197 1515 1232 1548 M
1257 1532 1292 1538 —
1318 1514 1350 1548 9.
1375 1514 1479 1556 fedati
1495 1514 1528 1548 M
1549 1531 1584 1537 —
1612 1514 1665 1547 ⁴0.
1684 1512 1734 1556 C.]
1753 1513 1793 1547 G.
1817 1513 1850 1547 M
1874 1531 1909 1537 -
1933 1513 2084 1546 laecanio
2152 1490 2155 1499 ¹

291 1571 343 1604 M:
369 1571 509 1604 Lecanio
532 1569 649 1612 vulgo.
678 1588 714 1594 —
743 1571 796 1603 Η.
820 1579 934 1603 scenas
957 1571 991 1605 M
1015 1589 1052 1594 —
1078 1572 1132 1604 ⁴2.
1156 1571 1321 1617 cecinerat
1340 1570 1551 1604 iuuenalibus
1572 1571 1624 1610 M3
1649 1570 1814 1603 cecinerat
1834 1572 1895 1602 aut
1914 1570 2084 1603 Iuvenali-

291 1627 351 1661 bus
372 1628 499 1660 Haase.
526 1645 562 1650 —
589 1630 680 1660 tante
701 1628 735 1660 M
761 1644 796 1651 ——
823 1626 876 1660 ⁴4.
902 1628 1118 1670 transyressis
1139 1629 1183 1662 M.

289 1743 407 1778 μενος
418 1731 632 1780 παρεδίδου.
651 1734 701 1766 Ne
714 1733 808 1775 apud
820 1735 997 1766 Neronem
1015 1734 1160 1775 quidem
1185 1727 1190 1762 l
1211 1734 1351 1774 Cottiis,
1377 1733 1440 1767 sed
1464 1734 1499 1766 in
1521 1733 1705 1766 maritimis
1720 1731 1864 1776 Alpibus
1887 1732 1996 1767 fuisse
2019 1733 2083 1767 do-

290 1785 460 1818 Tiridates
477 1781 544 1817 τὸν
559 1780 760 1827 ἀκινάκην,
778 1777 842 1816 ὅτε
858 1781 1021 1831 προσῄει
1043 1781 1159 1829 αὐτῷ,

290 1834 530 1868 καταθέσθαι
552 1835 688 1881 καίπερ
716 1833 934 1876 κελευσθεὶς
957 1830 1158 1878 ἠθέλησεν,

290 1882 370 1919 ἀλλ’
401 1880 511 1929 ἥλοις
540 1881 660 1919 αὐτὸν
683 1883 733 1929 τῷ
762 1883 883 1929 κολεῷ
907 1883 1158 1932 προσέπηξεν,

290 1938 329 1970 ut
351 1937 471 1969 narrat
493 1936 557 1969 Dio
582 1935 635 1976 63,
660 1936 693 1968 2.
719 1936 828 1968 Domi.
856 1953 891 1959 —
921 1937 1096 1977 compleaeu
1112 1954 1161 1960 -—

290 1986 478 2029 adsisteret]
510 1985 646 2028 Duplex
669 1987 770 2019 ritus.
802 1986 961 2019 Priorem
984 1986 1117 2020 illustro
1141 1996 1160 2020 e

290 2037 462 2080 Spartiani
479 2037 622 2076 Severo,
642 2036 687 2069 de
704 2045 775 2077 quo
788 2035 902 2077 legato
917 2036 1053 2070 Africae
1071 2046 1102 2070 c.
1121 2038 1157 2069 2:

290 2088 328 2120 In
351 2096 419 2129 qua
440 2087 602 2129 leqatione
623 2095 699 2119 curm
714 2086 850 2127 quidam
864 2087 1069 2128 municipum
1084 2096 1163 2119 suo—

289 2147 368 2171 rum
385 2139 652 2179 Leptitanorum,
671 2137 939 2178 praecedentibus
952 2137 1108 2179 fascibus,
1125 2141 1164 2170 ut

290 2189 467 2228 antiquum
488 2187 754 2220 contubernalem
780 2187 850 2228 ipse
869 2187 1013 2228 plebeius
1034 2188 1162 2228 ample-

288 2247 356 2271 ωας
387 2241 487 2279 esset,
518 2237 657 2279 fustibus
690 2246 765 2270 eum
797 2237 856 2270 sub
887 2237 992 2279 elogio
1022 2239 1163 2272 eiusdem

292 2289 364 2330 (qui
387 2297 470 2321 eum
494 2287 677 2328 caedebat)
705 2288 885 2328 praeconis
913 2288 1045 2329 cecidit,
1078 2289 1164 2321 «Le-

289 2342 407 2381 9atum
440 2339 474 2371 P.
500 2339 536 2371 R.
562 2338 657 2370 homo
685 2337 831 2379 plebeius
860 2340 978 2370 temere
1010 2338 1162 2379 amplecti

289 2391 392 2423 noli.»
416 2388 595 2421 Interdicti
611 2396 694 2430 ergo
712 2386 944 2430 provinciales
961 2388 1159 2430 complexu.

290 2439 361 2473 Sed
384 2447 454 2484 nec
472 2440 508 2471 in
530 2438 623 2471 fores
647 2439 763 2470 statim
784 2437 848 2471 illis
864 2437 998 2478 aditus,
1023 2440 1071 2471 uti
1089 2437 1163 2470 ele-

290 2491 414 2532 ganter
444 2487 624 2521 Salvianus
655 2487 698 2520 de
731 2487 922 2520 Gubernat.
953 2487 1010 2520 dei
1042 2487 1073 2527 3,
1099 2488 1158 2521 82:

289 2541 386 2573 Intra
407 2540 529 2572 ianuas
550 2548 617 2571 non
632 2539 729 2571 modo
746 2539 928 2571 illustrium
946 2541 1160 2579 potestatum,

289 2591 346 2624 sed
373 2591 477 2623 etiam
498 2590 692 2631 praesidum
723 2592 783 2621 aut
805 2591 1074 2630 praepositorum
1095 2598 1163 2621 non

291 2650 401 2675 omnes
424 2641 550 2682 passim
575 2640 707 2672 intrare
727 2643 964 2681 praesumunt,
995 2640 1060 2672 nisi
1083 2649 1163 2680 quos

292 2695 352 2724 aut
373 2691 476 2724 iudeoe
495 2690 664 2723 vocaverit
685 2692 746 2722 aut
759 2690 926 2731 negotium
941 2690 1088 2722 traoeerit
1102 2692 1164 2722 aut

289 2743 367 2784 ipsa
394 2741 528 2774 honoris
554 2741 685 2781 proprii
709 2741 855 2782 dignitas
876 2740 1016 2772 introire
1034 2741 1163 2781 permi-

290 2793 388 2833 serit,
410 2793 462 2824 ita
482 2794 538 2832 ut,
564 2791 594 2824 si
614 2792 780 2832 quispiam
799 2791 903 2832 fuerit
916 2791 1093 2823 insolenter
1107 2791 1163 2823 in-

290 2851 434 2886 pressus,
456 2845 515 2875 aut
536 2842 698 2875 caedatur
721 2844 780 2873 aut
796 2842 1009 2882 propellatur
1025 2844 1087 2873 aut
1101 2841 1164 2873 ali-

292 2903 360 2936 qua
375 2892 593 2926 verecundiae
607 2894 707 2932 atque
722 2891 980 2924 existimationis
994 2900 1076 2924 suae
1090 2891 1163 2924 labe

291 2944 460 2976 multetur.
476 2941 575 2982 Quod
588 2941 770 2983 augendae
784 2941 941 2987 dignitati
953 2942 1162 2984 usurpatum

292 3003 311 3027 a
328 2992 563 3037 praesidibus,
581 2992 631 3024 uti
649 2992 813 3033 privatim
828 3000 847 3023 a
865 2991 1079 3033 quibusdam
1098 3000 1163 3033 per

292 3042 497 3086 superbiam
514 3043 657 3075 Romae.
676 3042 762 3073 Lips.
788 3040 838 3073 Cf.
853 3041 987 3073 Seneca
1001 3040 1045 3073 de
1058 3041 1160 3074 Brev.

292 3094 384 3126 vitae
408 3094 441 3126 2.
466 3093 610 3125 Sueton.
628 3092 709 3124 Ner.
727 3090 782 3123 37.
806 3091 925 3123 Iuven.
945 3090 977 3130 3,
995 3091 1048 3123 37.
1075 3092 1162 3125 Mar-

293 3144 363 3178 tial.
389 3145 442 3181 ⁴0.
469 3144 522 3183 40,
540 3144 572 3176 5.
592 3160 628 3166 —
654 3142 715 3185 vis]
739 3139 911 3184 δύναμις,
937 3137 1063 3175 οὐσία.

337 3195 390 3227 32.
415 3195 566 3227 nationes
587 3192 719 3234 Alpium
739 3192 999 3234 maritimarum]
1031 3191 1160 3233 quibus

294 3243 399 3277 Gallia
423 3244 596 3277 dirimitur
618 3252 637 3275 a
660 3243 814 3284 Liguria,
840 3250 1002 3283 quaeque
1019 3242 1124 3284 Alpes
1141 3251 1160 3275 a

294 3295 381 3327 mari
405 3296 440 3327 et
463 3295 551 3327 ostio
577 3294 656 3326 Vari
679 3293 724 3326 ad
747 3293 905 3325 montem
930 3292 1002 3323 Viso
1026 3295 1061 3324 et
1078 3292 1159 3325 Padi

293 3345 408 3378 fontes
434 3346 670 3387 porriguntur.
706 3343 853 3376 Nomina
882 3342 1056 3374 nationum
1077 3343 1158 3375 vide

294 3396 330 3428 in
353 3395 496 3436 Augusti
520 3396 666 3437 tropaeo
689 3393 783 3436 apud
799 3391 883 3426 Plin.
901 3392 941 3424 N.
961 3392 1000 3424 H.
1020 3391 1039 3424 3
1060 3391 1078 3432 ἓ
1097 3392 1158 3424 436

295 3454 363 3488 sq.,
393 3444 490 3488 quod
519 3446 706 3488 tropaeum
735 3452 805 3477 non
829 3441 961 3476 Secusii
983 3440 1099 3483 (Susa)
1123 3442 1158 3474 in

1211 1787 1311 1818 cetur
1333 1786 1368 1817 in
1393 1786 1530 1817 Theatre
1552 1785 1607 1816 des
1629 1786 1714 1816 etats
1736 1784 1775 1817 de
1797 1784 1832 1816 S.
1849 1783 1888 1817 A.
1907 1785 1946 1817 R.
1968 1784 1998 1817 le
2019 1785 2084 1830 duc

1211 1837 1249 1869 de
1271 1836 1400 1876 Savoye
1422 1837 1454 1875 Ι,
1479 1844 1514 1877 p.
1541 1835 1593 1867 72.
1619 1835 1721 1867 Bao-r.
1752 1853 1785 1858 —
1815 1834 1868 1866 ius
1891 1834 1990 1877 Latii]
2013 1836 2082 1868 La-

1210 1888 1363 1920 tinorum
1386 1887 1551 1919 veterum
1574 1885 1724 1925 statum,
1755 1885 1989 1918 Latinitatem.
2025 1886 2082 1919 Sic

1211 1937 1296 1970 Hist.
1321 1936 1352 1976 3,
1378 1937 1439 1969 55:
1464 1936 1599 1969 Latium
1622 1934 1770 1967 externis
1791 1935 1958 1977 dilaryiri.
1992 1934 2079 1968 Plin.

1210 1989 1339 2028 Paneg.
1365 1986 1422 2019 37:
1453 1987 1530 2019 novi
1562 1985 1699 2028 (cives),
1731 1994 1789 2018 seu
1803 1994 1869 2026 per
1889 1986 2025 2018 Latium
2045 1986 2083 2018 in

1209 2037 1377 2069 civitatem
1391 2045 1448 2068 seu
1463 2036 1615 2077 beneficio
1629 2035 1796 2076 principis
1808 2036 1981 2068 venissent.
2007 2035 2079 2068 Cic.

1211 2086 1256 2119 ad
1279 2087 1346 2120 Att.
1373 2086 1432 2126 ⁴4,
1460 2086 1512 2126 ⁴2,
1538 2086 1575 2118 4:
1605 2085 1716 2119 Multa
1736 2085 1802 2119 illis
1826 2084 1973 2127 (Siculis)
1997 2085 2083 2119 Cae-

1210 2146 1279 2178 sar,
1303 2145 1409 2178 neque
1430 2145 1482 2169 me
1503 2136 1625 2176 invito,
1650 2136 1709 2168 etsi
1731 2135 1899 2168 Latinitas
1920 2138 1995 2169 erat
2015 2145 2082 2168 non

1209 2188 1357 2230 ferenda.
1384 2188 1527 2220 Sueton.
1554 2188 1640 2228 Aug.
1665 2185 1725 2219 47:
1756 2187 1879 2219 Merita
1908 2195 1992 2228 erya
2012 2195 2081 2228 po·-

1205 2239 1325 2280 pulum
1358 2239 1395 2271 R.
1429 2238 1619 2279 adleyantes
1652 2236 1833 2269 Latinitate
1865 2236 1918 2269 vel
1948 2238 2083 2270 civitate

1211 2290 1359 2322 donavit.
1397 2287 1510 2321 Media
1535 2288 1610 2320 erat
1632 2287 1798 2319 Latinitas
1821 2287 1913 2319 inter
1934 2286 1988 2320 ius
2011 2287 2082 2320 lta-

1210 2337 1319 2373 licum
1342 2340 1377 2372 et
1400 2339 1453 2371 ius
1477 2338 1623 2371 civitatis
1646 2337 1838 2370 Romanae.
1864 2337 1913 2370 Ex
1937 2345 1979 2370 ea
2001 2335 2079 2378 soli,

1212 2390 1271 2432 qui
1283 2388 1546 2434 magistratibus
1558 2386 1828 2429 municipalibus
1842 2386 1951 2420 functi
1966 2387 2081 2428 erant,

1211 2441 1308 2473 cives
1331 2439 1478 2472 Romani
1500 2437 1645 2470 fiebant.
1679 2437 1731 2470 Cf.
1749 2437 1882 2470 Puchta
1899 2437 2084 2471 Gesebicbte

1211 2490 1265 2522 des
1287 2489 1401 2522 Rechts
1423 2488 1472 2521 bei
1494 2488 1566 2520 dem
1581 2490 1666 2520 rom.
1689 2487 1766 2519 Vollc
1787 2485 1916 2528 (zweite
1929 2486 2080 2530 Auslaqo,

1210 2541 1345 2582 Leipzig]
1362 2538 1459 2581 1845)
1482 2547 1516 2580 p.
1535 2537 1610 2570 236.
1633 2555 1666 2561 -—
1693 2538 1841 2578 equitum
1857 2538 2083 2570 Romanorum

1211 2589 1307 2632 locos]
1340 2588 1504 2622 Claudius
1535 2586 1758 2621 senatoribus
1785 2585 1869 2620 solis
1891 2587 2082 2620 discretam

1211 2641 1246 2672 in
1270 2640 1365 2673 circo
1381 2639 1507 2672 sedem
1522 2637 1695 2671 tribuerat
1712 2637 1866 2678 (Sueton.
1885 2636 2007 2670 Claud.
2024 2637 2079 2670 2⁴.

1211 2691 1274 2723 Dio
1299 2690 1352 2728 60,
1375 2689 1425 2730 7);
1451 2689 1522 2721 iam
1545 2689 1638 2721 Nero
1654 2687 1761 2719 etiam
1777 2686 1967 2729 equitibus.
1992 2685 2078 2720 Plin.

1211 2742 1251 2773 N.
1271 2741 1312 2772 H.
1331 2740 1350 2773 8
1375 2739 1394 2781 ἓ
1418 2739 1454 2771 2⁴
1472 2748 1478 2771 :
1506 2738 1631 2771 Caesar
1653 2737 1797 2769 dictator
1812 2736 2082 2778 --euripisha-

1211 2799 1329 2822 renam
1343 2789 1575 2827 circumdedit,
1601 2795 1683 2828 quos
1695 2787 1784 2819 Nero
1802 2786 1958 2828 princeps
1971 2789 2082 2819 sustu·-

1211 2841 1267 2880 lit,
1293 2839 1395 2880 equiti
1409 2840 1484 2872 loca
1500 2839 1635 2870 addens,
1661 2837 1804 2869 Sueton.
1823 2838 1905 2870 Ner.
1925 2837 1984 2869 ⁴⁴:
2010 2835 2082 2870 Cir-

1211 2889 1358 2923 censibus
1386 2889 1460 2921 loca
1487 2888 1588 2929 equiti
1616 2890 1742 2920 secreta
1770 2895 1793 2919 a
1815 2887 1930 2919 ceteris
1951 2885 2078 2920 tribuit.

1211 2942 1319 2980 (Inter
1334 2942 1429 2972 varia
1446 2939 1641 2981 fragmenta
1653 2946 1864 2977 marmorea,
1882 2946 1973 2979 quae
1989 2938 2082 2971 Hen-

1211 2992 1332 3024 zenius
1355 2998 1468 3032 nuper
1494 2990 1527 3021 in
1553 2988 1812 3030 amphitheatro
1834 2986 1996 3020 Flaviano
2019 2987 2081 3020 de·

1210 3040 1365 3082 scripsit,
1397 3047 1508 3072 unum
1531 3038 1674 3071 exhibet
1704 3036 1837 3070 litteras
1859 3037 2004 3078 EQVITI
2024 3037 2080 3070 ni-

1211 3091 1281 3123 tide
1299 3088 1475 3132 scriptas.)
1495 3106 1530 3112 —
1551 3089 1607 3121 lex
1624 3086 1749 3129 Roscia]
1775 3086 1965 3130 theatralis.
1990 3087 2079 3120 Nam

1212 3142 1247 3173 L.
1273 3140 1419 3173 Roscius
1449 3139 1536 3171 Otho
1570 3137 1730 3170 tribunus
1760 3136 1874 3179 plebis
1897 3145 1928 3169 a.
1953 3145 1987 3168 u.
2013 3135 2078 3168 686

1210 3189 1324 3231 legem
1342 3188 1480 3229 tulerat,
1501 3192 1538 3220 ut
1553 3187 1715 3228 equitibus
1729 3186 1885 3219 Romanis
1898 3185 1934 3217 in
1948 3185 2077 3217 theatro

1210 3240 1475 3282 quattuordecim
1495 3239 1623 3281 ‚aradus
1643 3237 1793 3279 proximi
1814 3237 1917 3278 (pone
1933 3236 2076 3273 senato-

1211 3291 1278 3330 res)
1303 3290 1570 3331 assignarentur.
1596 3289 1668 3320 Liv.
1687 3288 1774 3330 Epit.
1793 3287 1846 3319 99.
1871 3287 1914 3318 At
1935 3284 1980 3317 de
1999 3283 2074 3319 aliis

1208 3340 1312 3381 locis,
1337 3342 1376 3372 ut
1398 3339 1442 3372 de
1466 3339 1578 3379 circo,
1603 3338 1658 3371 lex
1674 3337 1795 3371 Roscia
1819 3334 1901 3369 nihil
1918 3337 2071 3368 caverat.

1211 3409 1246 3415 —
1263 3391 1464 3433 feminarum
1478 3408 1498 3415 -
1509 3407 1528 3414 —
1541 3389 1664 3431 foedati
1677 3387 1764 3429 sunt]
1781 3386 1866 3419 Vide
1883 3385 1927 3419 ad
1944 3385 1999 3427 ⁴4,
2016 3385 2069 3420 Η.

1207 3441 1368 3474 Feminae
1393 3441 1498 3473 etiam
1515 3438 1710 3472 Domitiano
1726 3437 1921 3480 imperante
1938 3436 1973 3469 in
1989 3444 2071 3469 are—
