2254 3770
736 319 892 363 LIBER
918 317 1021 363 xlv.

1073 316 1172 375 Cap.
1201 316 1270 361 ⁴5.
1301 317 1366 360 46.
1839 311 1922 357 449

150 427 372 472 libidinum
399 426 680 472 circumdedit
697 440 825 485 quam
845 424 915 469 illa
934 423 1152 470 colluvies.
1184 424 1255 468 vix
1274 423 1436 468 artibus
1454 422 1645 467 honestis
1663 421 1804 479 pudor
1823 421 1923 464 reti-

151 509 298 554 netur3
328 502 487 546 nedum
515 503 624 546 inter
653 501 884 546 certamina
906 501 1103 544 vitiorum
1133 499 1337 557 pudicitia
1365 506 1438 543 aut
1465 498 1674 542 modestia
1702 503 1774 541 aut
1802 497 1924 554 quic-

151 591 281 636 quam
307 577 430 635 probi
460 577 592 621 moris
621 583 926 621 reservaretur.
955 582 1197 633 postremus
1228 576 1320 632 ipse
1351 588 1548 619 scaenam
1577 573 1752 624 incedit,
1794 571 1924 615 multa

151 666 255 697 cura
281 658 492 710 temptans
521 652 724 696 citharam
753 658 796 696 et
833 650 1147 709 praemeditans
1181 650 1476 693 assistentibus
1505 648 1746 708 phonascis.
1774 647 1926 692 adces-

152 734 266 772 serat
294 726 449 772 cohors
476 726 666 778 militum,
697 727 968 770 centuriones
996 725 1242 782 tribunique
1272 731 1315 769 et
1342 739 1540 769 maerens
1567 726 1727 768 Burrus
1757 738 1808 768 ac
1836 722 1958 766 lau-⁵

146 802 291 871 gan-Q
309 809 496 860 tuncque
532 803 716 860 primum
745 801 973 859 conscripti
1002 806 1101 844 sunt
1129 800 1296 858 equites
1322 800 1957 858 Romani·†1i“⁴'c'o“g”1ioffieiitinn
1983 813 1985 815 ¹

152 879 526 935 Augustianorum,
568 884 706 921 aetate
742 890 793 921 ac
824 876 981 920 robore
1020 875 1257 933 conspicui,
1303 882 1346 919 et
1382 889 1482 933 pars
1511 876 1680 934 ingenio
1708 888 1927 933 procaces,

155 953 225 997 alii
254 967 332 1011 spe
361 952 587 1010 potentiae.
632 953 662 995 ii
691 952 785 996 dies
814 965 866 996 ac
894 958 1041 996 noctes

1069 952 1291 1010 plausibus
1319 965 1571 1010 personare,
1613 951 1790 995 sormam
1817 951 1931 1008 prin-

156 1029 265 1086 cipis
309 1041 545 1086 vocemque
584 1027 713 1071 deum
748 1027 968 1071 vocabulis
1008 1027 1291 1085 appellantes;
1334 1028 1457 1085 quasi
1497 1042 1576 1085 per
1605 1028 1800 1071 virtutem
1830 1026 1932 1070 clari

156 1103 439 1161 honoratique
468 1117 609 1160 agere.
655 1102 686 1158 (i
697 1104 736 1158 6)
768 1117 821 1146 ne
849 1109 992 1146 tamen
1020 1102 1208 1146 ludicrae
1237 1108 1397 1146 tantum
1427 1102 1694 1159 imperatoris
1723 1108 1836 1145 artes
1856 1108 1983 1144 κιο-40

157 1185 389 1230 tescerent,
420 1163 654 1222 carminum
682 1191 857 1235 quoque
886 1177 1073 1222 studium
1098 1177 1338 1228 adfectavit,
1371 1178 1597 1221 contractis
1617 1176 1773 1235 quibus
1793 1176 1936 1235 aliqua

157 1254 370 1313 pangendi
409 1253 584 1298 facultas
622 1253 807 1297 necdum
846 1253 1022 1310 insignis
1057 1259 1160 1297 erat.
1213 1252 1257 1296 hi
1297 1253 1434 1298 cenati
1472 1252 1698 1297 considere
1733 1252 1856 1296 simul
1895 1258 1937 1296 et

223 1363 254 1396 3.
275 1365 462 1404 postremus
483 1362 533 1395 M:
552 1364 718 1402 postremo
738 1361 884 1403 Lipsius.
904 1378 939 1384 —
965 1369 1096 1394 scenam
1118 1370 1170 1403 pr.
1189 1361 1240 1400 Μ,
1266 1360 1393 1393 deinde
1410 1360 1454 1393 ab
1473 1360 1599 1393 eadem
1616 1369 1722 1394 manu
1738 1360 1937 1402 eodemque

159 1420 356 1452 atramento
380 1427 472 1452 corr.
496 1419 534 1451 in
555 1427 680 1452 scenas.
701 1435 738 1441 —
761 1417 792 1451 4.
817 1418 994 1458 cytharam
1014 1419 1048 1451 Μ

160 1476 314 1518 Lipsius:
346 1475 546 1508 abscesserat
566 1475 600 1508 Μ
631 1491 667 1497 -
697 1475 729 1507 5.
755 1483 882 1507 merens
903 1474 937 1507 Μ
962 1491 999 1497 -
1030 1474 1062 1507 6.

1065 1435 1100 1440 -
1116 1418 1292 1458 phonascis
1314 1418 1489 1451 Muretus:
1511 1418 1613 1459 facies
1634 1418 1668 1451 Μ
1692 1435 1728 1442 -
1753 1417 1940 1450 adcesserat

1086 1475 1123 1506 in
1144 1477 1393 1516 cognomentum
1414 1474 1613 1507 Wurmius:
1649 1470 1864 1516 cognomenti}
1884 1473 1936 1511 Μ;

160 1534 372 1573 cognomento
388 1529 612 1564 Puteolanus.
632 1548 667 1553 —
693 1530 725 1562 7.
742 1530 1023 1572 Auqustianorum
1041 1530 1262 1572 Nipperdey:
1288 1533 1567 1572 auqusttanorum
1582 1531 1616 1563 Μ
1636 1548 1671 1554 -
1697 1530 1729 1562 8.
1753 1538 1809 1570 spe
1823 1529 1939 1562 Mure-

161 1588 236 1620 tus:
261 1587 298 1619 in
318 1596 374 1628 spe
395 1588 446 1625 Μ;
470 1589 506 1619 in
527 1596 616 1628 spem
637 1586 823 1620 Acidalius.
846 1605 881 1610 —
906 1587 952 1619 hii
974 1588 1025 1625 Μ;
1053 1587 1087 1619 hi
1109 1586 1177 1619 alii.
1198 1606 1234 1611 —
1259 1588 1291 1619 9.
1317 1586 1372 1620 dn'i
1393 1588 1427 1621 Μ
1451 1604 1487 1610 -
1515 1588 1568 1620 42.
1600 1590 1684 1620 erat.
1709 1587 1742 1618 hi
1764 1587 1939 1619 Muretus:

163 1644 282 1676 aetatis
302 1644 353 1682 M;
380 1645 577 1677 auctoritas.
601 1644 635 1676 hi
657 1643 833 1682 Halmius;
865 1644 1014 1677 claritas.
1038 1645 1072 1676 hi
1093 1644 1309 1687 Nipperdey.
1337 1663 1373 1669 -
1407 1645 1515 1677 cenati
1538 1644 1668 1677 Haase:
1693 1643 1766 1676 nati
1786 1643 1839 1681 M;
1870 1640 1940 1674 del.

164 1699 321 1733 Muretus
344 1701 380 1733 et
401 1699 616 1742 Nipperdey.

164 1808 238 1858 γὰρ
247 1804 317 1854 ἦν)
335 1807 552 1858 ὠρχήσατο.
573 1828 608 1835 -
634 1814 855 1855 extructaque
871 1813 953 1855 cet]
977 1812 1028 1846 Cf.
1053 1813 1058 1821 '

167 1862 232 1895 Dio
256 1863 310 1902 62,
335 1863 388 1895 45.
413 1880 448 1886 -
473 1871 608 1903 nemus,
632 1863 720 1904 quod
740 1873 774 1895 n.
799 1867 838 1896 st.
864 1871 892 1895 c.
917 1862 1033 1904 Anqu—

167 1911 247 1954 stus]
270 1912 358 1944 Vide
381 1912 426 1944 ad
450 1913 502 1951 ⁴2,
527 1912 582 1945 56.
609 1931 646 1936 —
671 1912 902 1953 dabanturque
923 1912 1032 1954 stipes]

166 1961 273 1995 Multa
295 1962 353 1994 hic
375 1961 430 1994 alii
454 1961 499 1994 de
523 1961 671 2004 stipibus
694 1962 739 1994 ad
761 1962 863 1995 ludos
886 1961 1031 2002 collatis,

169 2011 287 2053 deque
310 2012 373 2051 iis,
398 2013 488 2054 qu'ae
512 2012 566 2045 dis
587 2012 827 2055 ponebantur,
863 2012 928 2046 sed
950 2011 1034 2045 nihil

169 2062 216 2095 ad
244 2063 403 2094 mentem
434 2063 562 2103 Taciti,
598 2064 658 2104 qui
681 2064 816 2096 certam
846 2064 1035 2105 pecuniam

170 2111 245 2144 vult
266 2111 489 2145 distributam
511 2121 533 2144 a
554 2114 693 2146 Nerone
720 2113 812 2146 inter
833 2121 935 2153 suos,
966 2113 1036 2145 im-

170 2161 400 2203 pendendam
414 2163 450 2194 in
465 2163 654 2195 continenti
671 2164 707 2196 in
722 2164 840 2195 scorta
856 2164 892 2195 et
906 2171 1035 2204 ganeas

171 2212 218 2252 (in
238 2213 349 2254 posita
369 2222 451 2245 veno
473 2214 685 2246 irritamenta
705 2214 828 2254 lumi).
863 2214 919 2246 Sic
942 2212 1036 2255 apud

171 2261 408 2305 Tranquillum
429 2264 606 2304 Augustus
631 2265 673 2305 (c.
695 2264 750 2302 98)
775 2264 954 2296 admodum
975 2272 1036 2296 ex-

171 2312 338 2345 hilaratus
359 2313 591 2356 quadragenos
612 2323 732 2347 aureos
745 2314 915 2346 comitibus
929 2314 1039 2346 divisit

171 2363 288 2403 uosque
308 2363 490 2395 iurandum
512 2366 542 2396 et
563 2363 749 2396 cautionem
771 2373 794 2396 a
816 2364 954 2406 sinyulis
974 2372 1038 2396 ex-

174 2413 256 2454 egit,
280 2422 347 2445 non
368 2413 435 2445 alio
457 2413 573 2446 datam
594 2422 757 2446 mamam
779 2421 883 2453 quam
910 2414 946 2446 in
968 2423 1038 2446 em-

170 2462 316 2503 ptionem
336 2462 645 2495 Alexandrinarum
665 2464 824 2496 mercium
846 2463 1040 2504 absumptu-

173 2520 242 2544 ros.
267 2513 411 2545 Gaurum.
435 2529 480 2536 —
500 2513 622 2555 gloria]
646 2511 851 2554 gloriatione
874 2513 919 2546 de
941 2515 1040 2556 prin-

176 2562 264 2603 cipis
293 2562 330 2594 in
357 2561 453 2603 ipsos
483 2562 733 2595 munificentia.
756 2582 801 2587 —
826 2572 885 2596 neo
905 2563 1040 2596 ulla--

175 2611 339 2654 colluvies]
363 2610 455 2644 nulla
479 2620 538 2645 res
560 2612 719 2646 moribus
740 2614 810 2646 iam
833 2615 936 2646 antea
960 2622 1042 2646 cor-

175 2662 288 2703 ruptis
305 2660 385 2703 plus
401 2660 587 2694 libidinum
601 2662 735 2695 addidit
749 2671 856 2704 quam
873 2663 1039 2696 effrenata

176 2710 232 2744 illa
254 2710 431 2744 venalium
455 2713 561 2754 atque
591 2713 900 2755 intemperantium
928 2713 1042 2746 unde-

177 2769 318 2803 cunque
347 2761 496 2795 affluens
524 2761 720 2795 multitudo.
757 2763 813 2795 Sic
834 2763 874 2803 2,
898 2764 940 2795 55
963 2763 1042 2796 Piso

177 2810 411 2844 Athenienses
433 2812 619 2854 increpans
641 2812 811 2845 colluviem
824 2813 917 2845 illam
931 2813 1044 2845 natio-

177 2869 260 2892 num
280 2862 396 2894 vocat.
417 2878 453 2885 -
475 2862 670 2904 postremus]
695 2864 799 2905 «post
821 2871 945 2896 omnes
967 2861 1043 2895 illos

180 2910 360 2950 homines,
385 2919 536 2952 quorum
550 2911 737 2946 vilissimas
753 2921 880 2954 operas
896 2914 1043 2952 emerat,

181 2961 258 3002 ipse
280 2969 422 3002 quoque
445 2969 590 2995 scenam
614 2963 774 3003 incessit,
798 2961 834 2994 id
856 2962 952 3004 quod
966 2970 1045 2995 om·

181 3011 280 3043 nium
312 3011 554 3052 turpissimum
585 3012 683 3045 fuit.»
719 3029 755 3035 —
787 3013 1044 3055 praemeditans]

182 3058 408 3102 praeludens.
434 3076 470 3083 —
504 3062 724 3094 assistemibus
745 3061 928 3103 phonascis]
957 3063 1047 3094 Sue-

183 3107 300 3142 tonius
326 3109 408 3142 Ner.
431 3110 492 3142 25:
529 3114 659 3143 tantiam
687 3111 773 3152 afuit
803 3120 826 3143 a
855 3111 1046 3144 remittendo

185 3158 398 3200 mundoque
411 3160 530 3201 studio,
548 3164 586 3194 ut
599 3162 847 3194 cmuservandae
860 3162 949 3193 vocis
962 3170 1046 3203 yra—

186 3207 236 3240 tia
255 3217 360 3249 neque
379 3209 498 3243 milites
515 3218 676 3251 umquam
692 3210 758 3242 nisi
772 3210 886 3243 absens
903 3213 963 3242 aut
977 3210 1047 3243 alio

185 3257 290 3290 verba
313 3260 550 3299 prommtiante
582 3259 782 3300 appellaret,
816 3267 921 3299 neque
950 3260 1048 3300 quid-

188 3315 291 3347 quam
309 3309 395 3341 serio
415 3309 527 3341 iocoue
541 3309 644 3351 cuerit
657 3309 720 3341 nisi
735 3309 933 3341 adstante
950 3309 1048 3349 pho—

187 3364 332 3398 nasco,
356 3358 412 3399 qui
433 3361 580 3391 moneret
599 3361 751 3399 parceret
772 3357 906 3390 arteriis
927 3366 970 3390 ac
990 3366 1050 3390 su-

189 3405 326 3438 darium
345 3407 392 3439 aa
412 3415 448 3440 os
469 3407 664 3450 applicaret.
685 3425 721 3432 —
745 3415 788 3440 ac
809 3406 962 3449 laudans]
984 3407 1050 3441 Mi-

190 3453 310 3488 rabilis
329 3454 576 3500 brachylogia:
600 3457 695 3491 «etsi
709 3455 908 3497 maerebat,
930 3457 1050 3490 tamen

262 3515 402 3551 umus
422 3517 450 3551 1.

1080 1814 1186 1846 timor
1208 1822 1250 1846 ex
1271 1814 1410 1845 Nerone
1425 1813 1541 1845 virum
1555 1811 1743 1845 militarem
1758 1811 1946 1854 subigebat

1081 1862 1176 1895 illum
1206 1862 1369 1902 laudare,
1401 1864 1440 1895 ut
1470 1871 1651 1895 summum
1674 1862 1879 1895 artificem.»
1905 1880 1942 1886 —

1081 1912 1379 1955 Auyustianorum]
1417 1913 1602 1945 Suetonius
1632 1913 1714 1945 Ner.
1738 1913 1799 1945 20:
1834 1913 1948 1953 Neque

1082 1972 1119 1995 eo
1148 1964 1278 2005 segnius
1307 1962 1561 1995 adolescentulos
1589 1963 1746 2002 equestris
1772 1963 1897 1995 ordinis
1918 1965 1949 1994 et

1083 2013 1226 2054 quinque
1259 2013 1402 2053 amplius
1427 2012 1523 2044 milia
1553 2021 1570 2045 e
1594 2012 1686 2053 plebe
1707 2012 1949 2045 robustissimae

1081 2063 1260 2095 iuventutis
1281 2063 1426 2103 undique
1447 2062 1559 2104 elegit,
1584 2063 1641 2103 qui
1663 2062 1758 2095 divisi
1772 2063 1808 2095 in
1829 2063 1950 2103 factio-

1083 2122 1139 2146 nes
1163 2113 1345 2154 plausuum
1373 2121 1497 2155 genera
1526 2113 1746 2145 condiscerent
1768 2113 1950 2155 (bombos

1084 2168 1115 2197 et
1135 2163 1325 2196 imbrices
1346 2167 1376 2196 et
1399 2166 1530 2196 testas
1553 2163 1730 2205 vocabant)
1753 2172 1951 2204 operamque

1084 2217 1249 2246 navarent
1277 2214 1428 2246 cantanti
1455 2213 1526 2245 sibi.
1575 2213 1627 2246 Cf.
1653 2213 1807 2247 eundem
1838 2223 1868 2246 c.
1893 2215 1949 2254 25,

1085 2264 1147 2297 ubi
1169 2265 1340 2296 vocantur
1361 2263 1576 2305 Auyustiani,
1602 2264 1638 2295 et
1651 2264 1800 2296 Dionem
1816 2264 1870 2303 64,
1887 2264 1948 2296 20:

1080 2306 1148 2346 Ἦν
1169 2323 1206 2346 τι
1226 2313 1293 2345 καὶ
1314 2311 1412 2345 ἴδιον
1433 2308 1537 2356 αὐτῷ
1560 2310 1741 2356 σύστημα
1756 2313 1797 2354 ἐς
1813 2322 1950 2346 πεντα-

1086 2360 1298 2404 κισχιλίους
1321 2360 1553 2409 στρατιώτας
1568 2364 1929 2410 παρεσκευασμένον
1939 2373 1947 2380 ·

1087 2410 1337 2457 Αὖγούστειοί
1358 2423 1398 2446 τε
1420 2409 1684 2456 ὠνομάζοντο,
1708 2415 1773 2447 καὶ
1789 2411 1952 2461 ἐξῆρχον

1087 2462 1163 2497 τῶν
1185 2463 1368 2497 ἐπαίνων·
1404 2460 1666 2507 ἠναγκάζοντο
1687 2463 1729 2497 δὲ
1751 2466 1866 2505 σφίσι
1887 2465 1953 2497 καὶ

1089 2515 1130 2547 οἱ
1159 2510 1270 2547 ἄλλοι
1304 2511 1440 2555 πάντες
1473 2514 1539 2547 καὶ
1572 2510 1730 2556 ἄκοντες
1763 2511 1861 2557 πλὴν
1883 2512 1951 2548 τοῦ

1089 2565 1244 2611 Θρασέα
1258 2562 1413 2608 ἐκβοᾷν.
1434 2582 1469 2587 -
1491 2564 1684 2607 personare]
1702 2564 1874 2597 absolute.
1901 2565 1952 2598 Cf.

1090 2615 1151 2656 46,
1177 2614 1216 2648 t:
1253 2618 1284 2648 et
1309 2614 1400 2655 plebs
1427 2615 1556 2655 quidem
1586 2616 1680 2647 urbis
1693 2615 1956 2657 --personabat

1089 2666 1186 2697 certis
1217 2665 1322 2697 modis
1350 2665 1536 2706 plausuque
1569 2666 1756 2706 composito.
1793 2683 1827 2690 —
1859 2666 1955 2697 deum

1090 2714 1258 2747 vocabulis
1290 2713 1509 2756 appellantes]
1545 2715 1609 2747 Dio
1640 2715 1694 2755 64,
1720 2715 1781 2748 20:
1818 2715 1883 2747 καὶ
1907 2707 1955 2757 ἢν

1091 2760 1248 2797 ἀκούειν
1278 2774 1356 2804 πως
1385 2760 1512 2796 αὐτῶν
1534 2762 1720 2808 λεγόντων
1754 2761 1815 2796 «Ὁ
1837 2762 1955 2804 καλὸς

1096 2813 1262 2859 Καῖσαρ,
1287 2810 1309 2845 ὁ
1322 2810 1520 2854 Ἀπόλλων,
1538 2810 1560 2845 ὁ
1577 2810 1809 2858 Αὔγουστος,
1835 2810 1888 2855 εἷς
1904 2810 1956 2855 ὦς

1092 2861 1238 2905 Πύθιος
1251 2874 1259 2882 ·
1283 2861 1340 2906 μά
1362 2873 1407 2896 σε
1429 2863 1593 2910 Καῖσαρ,
1618 2860 1743 2906 οὐδείς
1766 2874 1811 2897 σε
1832 2862 1954 2908 νικᾷ.»

1094 2914 1146 2946 Cf.
1171 2914 1224 2953 63,
1248 2914 1303 2946 20.
1332 2913 1422 2946 Infra
1447 2913 1501 2953 46,
1525 2914 1567 2946 22
1591 2916 1627 2946 et
1648 2915 1789 2947 Sueten.
1814 2916 1895 2947 Ner.
1913 2915 1950 2947 24

1092 2963 1239 2996 caelestis
1258 2971 1327 2995 υοω
1350 2963 1382 2995 ei
1404 2962 1579 2996 tribuitur.

1078 3038 1089 3049 ,
1137 3013 1190 3045 46.
1215 3013 1354 3045 necdum
1374 3013 1513 3054 insignis
1535 3013 1625 3055 erat]
1659 3013 1880 3047 Manifestum
1903 3014 1958 3045 est

1092 3063 1162 3095 hoc
1191 3063 1349 3104 inprimis
1381 3063 1516 3096 cavisse
1546 3064 1741 3103 Neronem,
1772 3072 1816 3095 ne
1839 3063 1957 3096 statim

1094 3113 1281 3154 appareret
1299 3120 1436 3152 versus,
1462 3121 1551 3154 quos
1574 3114 1756 3154 tamquam
1777 3121 1860 3145 suos
1879 3121 1959 3154 pro-

1093 3160 1241 3201 ferebat,
1265 3169 1336 3194 uon
1358 3161 1403 3194 ab
1427 3161 1504 3204 ipso
1527 3162 1638 3195 factos
1653 3171 1743 3195 esse.
1768 3161 1852 3194 Ideo
1870 3162 1960 3195 eius-

1096 3210 1191 3243 modi
1215 3219 1342 3253 operas
1365 3211 1411 3244 ad
1438 3211 1506 3244 hoc
1527 3212 1759 3244 ministerium
1782 3210 1957 3251 acciebat‚

1096 3269 1246 3302 quarum
1264 3260 1405 3294 dicendi
1423 3269 1618 3302 versusque
1643 3260 1878 3303 componendi
1902 3269 1960 3302 ge-

1097 3317 1164 3342 nus
1184 3309 1342 3343 nondum
1366 3310 1501 3351 insigne
1525 3311 1584 3342 aut
1606 3310 1690 3342 satis
1713 3311 1834 3342 notum
1851 3311 1957 3342 esset.

1100 3358 1266 3391 Ceterum
1288 3359 1378 3392 haec
1401 3361 1437 3392 et
1452 3367 1542 3401 quae
1562 3359 1759 3400 sequuntur
1779 3359 1962 3401 impugna-

1098 3407 1149 3440 vit
1170 3408 1354 3442 Suetonius
1375 3410 1457 3442 Ner.
1482 3409 1543 3441 52:
1575 3408 1626 3441 Aa
1650 3408 1817 3449 poeticam
1836 3417 1963 3449 pronus

1098 3458 1253 3491 carniina
1274 3458 1410 3492 libenter
1430 3457 1960 3500 acsinelaborecomposuitnec,

1582 3516 1638 3562 29
