2254 3770
296 312 379 357 428

765 315 810 356 P.
844 312 1095 357 CORNELII
1124 312 1295 357 TACITI
1323 312 1592 357 ANNALIUM

412 421 493 478 (49)
537 422 628 465 Non
669 420 873 464 referrem
916 419 1260 478 vulgarissimum
1301 425 1476 464 senatus
1516 420 1908 480 consultum,*quo
1939 418 2094 463 civitati

298 498 669 557 Syracusanorum
702 495 849 554 egredi
880 511 1104 540 numerum
1132 495 1313 539 edendis
1341 495 1651 555 ¹gladiatoribus
1681 496 1845 540 finitum
1878 495 2096 554 permitte-

296 573 439 625 batur,
473 573 552 616 nisi
583 574 739 616 Paetus
770 571 957 616 Thrasea
987 577 1133 616 contra
1165 571 1363 623 dixisset,
1395 571 1755 630 praebuissetque
1776 570 1997 615 materiem
2017 569 2096 614 ob-

297 648 596 693 trectatoribus
627 648 873 705 arguendae
904 648 1152 692 sententiae.
1206 661 1282 691 cur
1312 647 1448 699 onim,
1482 648 1517 691 si
1549 661 1641 691 rem
1668 662 1709 705 p.
1741 661 1872 705 egere
1902 645 2095 690 libertate

265 725 511 769 5senatoria
542 724 760 776 crederet,
785 720 880 767 'tam
909 723 1020 768 levia
1051 724 1404 768 consectaretur?
1434 723 1537 781 quin
1569 723 1624 767 de
1654 723 1768 767 bello
1789 729 1862 766 aut
1879 735 2007 780 pace,
2039 721 2095 765 de

296 799 574 857 vectigalibus
606 806 647 844 et
677 799 860 857 legibus,
894 800 1140 858 quibusque
1172 799 1266 843 aliis
1294 813 1362 842 res
1390 800 1581 843 Romana
1612 799 1862 850 continetur,
1895 799 2097 842 suaderet

297 876 656 920 dissuaderetve?
685 875 815 919 licere
845 876 1058 934 patribus,
1093 875 1294 934 quotiens
1325 875 1392 918 ius
1415 875 1624 919 dicendae
1645 875 1882 919 sententiae
1902 878 2096 932 accepis-

297 958 408 1003 sent,
448 965 562 1010 quae
592 951 750 995 vellent
786 965 1040 1009 expromere
1071 951 1412 1009 relationemque
1443 951 1485 993 in
1516 965 1567 995 ea
1607 950 1838 1009 postulare.
1872 964 1926 993 an
1957 948 2097 993 solum

297 1028 597 1072 emendatione
637 1028 812 1085 dignum
851 1041 906 1070 ne
938 1027 1166 1086 Syracusis
1197 1027 1443 1085 spectacula
1471 1027 1631 1084 largius
1662 1026 1914 1070 ederentur:
1953 1032 2097 1069 cetera

247 1115 284 1144 ἰο
296 1118 389 1162 per,
405 1117 554 1147 omnes
584 1104 751 1161 imperii
782 1109 926 1162 partes
956 1090 1137 1161 perinde
1165 1103 1337 1161 egregia
1358 1117 1488 1161 quam
1509 1103 1543 1146 si
1567 1117 1650 1146 non
1673 1106 1788 1145 Nero
1810 1101 1886 1145 sed
1910 1101 2095 1145 Thrasea

296 1180 487 1237 regimen
519 1193 669 1224 eorum
699 1179 896 1223 teneret?
926 1178 1042 1237 quod
1075 1179 1108 1221 si
1141 1193 1308 1222 summa
1330 1178 1668 1222 dissimulatione
1698 1178 2094 1228 transmitterentur,

297 1261 456 1315 quanto
489 1256 623 1314 magis
653 1255 850 1298 inanibus
881 1254 1203 1298 abstinendum!
1249 1254 1434 1298 Thrasea
1465 1260 1630 1307 contra,
1672 1255 1884 1297 rationem
1914 1266 2097 1311 poscen-

297 1332 410 1375 tibus
440 1332 609 1383 amicis,
642 1345 728 1375 non
758 1331 1050 1389 praesentium
1087 1330 1281 1390 ignarum
1311 1329 1603 1388 respondebat
1632 1330 1726 1373 eius
1757 1328 1872 1372 modi
1903 1327 2097 1373 consulta

298 1408 534 1464 corrigere,
568 1406 646 1451 sed
677 1414 845 1465 patrum
879 1406 1028 1450 honori
1059 1406 1185 1458 dare,

1224 1412 1270 1449 ut
1298 1406 1569 1450 manifestum
1598 1405 1720 1449 fieret
1749 1418 1998 1462 magnarum
2028 1417 2098 1447 re-

249 1493 285 1523 45
299 1499 395 1528 rum
425 1497 571 1528 curam
601 1497 687 1526 non
718 1481 1075 1534 dissimulaturos,
1108 1482 1180 1540 qui
1203 1483 1390 1525 animum
1413 1482 1539 1526 etiam
1563 1480 1792 1525 levissimis
1813 1480 2096 1523 adverterent.

413 1560 495 1616 (50)
528 1560 691 1603 Eodem
727 1573 836 1602 anno
871 1558 1035 1603 crebris
1069 1557 1214 1616 populi
1244 1557 1596 1615 flagitationibus,
1629 1555 1927 1600 inmodestiam
1956 1554 2097 1612 publi-

299 1650 502 1680 canorum
543 1635 778 1693 arguentis,
821 1634 1029 1678 dubitavit
1066 1636 1198 1685 Nero,
1243 1647 1295 1677 an
1328 1640 1481 1678 cuncta
1510 1631 1730 1690 vectigalia
1762 1631 1895 1675 omitti
1931 1630 2099 1675 iuberet

365 1747 395 1779 4.
420 1746 693 1788 vulgarissimum
715 1745 829 1777 Haase
855 1744 908 1787 (ad
937 1743 1073 1785 Reisigii
1096 1741 1212 1775 schol.
1239 1741 1298 1774 lat.
1326 1751 1360 1774 n.
1383 1742 1478 1783 200):
1509 1741 1777 1783 uulgatissimum
1799 1741 1834 1774 M
1859 1759 1895 1763 —
1920 1729 1983 1773 'S—C.
2002 1740 2035 1773 M
2058 1756 2093 1763 —

297 1804 432 1836 ciuitate
453 1804 728 1835 siracusanorum
750 1802 784 1835 M
811 1820 846 1824 —
883 1801 914 1834 3.
935 1804 1034 1843 petus
1056 1801 1090 1833 M
1117 1819 1151 1822 —
1185 1798 1452 1840 praebuitsetque
1475 1799 1507 1832 M
1535 1816 1570 1822 -
1603 1797 1634 1830 6.
1659 1806 1712 1829 res
1738 1798 1891 1829 Romana
1913 1797 2099 1829 continetur

299 1860 454 1902 Lipsius:
490 1869 636 1893 romana
663 1859 875 1891 continentur
904 1858 954 1896 Μ;
989 1866 1044 1890 res
1076 1858 1110 1889 R.
1142 1856 1366 1888 contineretur
1396 1854 1566 1887 Halmius.
1602 1871 1637 1877 —
1673 1854 1826 1886 suaderet
1857 1853 2099 1886 dissuaderetve

298 1917 455 1959 Lipsius:
483 1917 624 1949 suadere
646 1915 877 1948 dissuadereue
900 1915 933 1948 M
959 1932 994 1937 ——
1027 1914 1080 1946 46.
1104 1912 1332 1956 ftaqitionibus
1352 1912 1550 1944 inmodestia
1572 1912 1617 1944 M.

299 2017 390 2058 lum,
422 2017 466 2050 de
492 2016 622 2058 quibus
646 2017 687 2049 H.
713 2015 745 2056 4,
771 2015 827 2049 44.
863 2015 904 2048 Ηί
930 2015 1036 2055 (teste
1060 2015 1171 2047 Dione

299 2068 353 2108 63,
380 2068 421 2100 47
445 2067 490 2100 ad
515 2077 549 2100 a.
566 2076 600 2099 u.
621 2066 696 2108 820)
722 2066 828 2099 ambo
852 2066 1060 2098 Germaniae
1084 2065 1173 2097 utri-

299 2127 369 2160 que
394 2118 522 2151 eodem
538 2119 701 2159 tempore
721 2126 800 2150 cum
818 2117 1045 2159 praeessent,
1071 2124 1091 2147 a
1106 2116 1174 2148 Ne-

298 2177 385 2201 rone
410 2169 571 2201 arcessiti
593 2168 629 2200 in
647 2168 828 2200 Graeciam
847 2169 953 2209 atque
969 2166 1172 2208 interempti

288 2219 392 2251 sunt.
424 2218 474 2251 Cf.
502 2219 588 2251 Hist.
615 2217 651 2258 4,
677 2217 731 2250 44.

343 2294 397 2327 49.
422 2293 711 2336 vulyarissimum]
745 2294 767 2325 i.
794 2303 826 2326 e.
851 2292 1081 2326 levissimum.
1119 2292 1170 2325 Cf.

300 2345 353 2385 46,
379 2346 440 2378 22:
476 2345 654 2377 adsiduum
687 2344 767 2376 olim
801 2346 832 2376 et
863 2343 1079 2384 indefessum,
1117 2343 1174 2382 qua·

299 2395 495 2437 uolgaribus
510 2403 642 2437 quoque
659 2397 801 2434 patrum
816 2393 973 2426 consultis
987 2396 1086 2426 semet
1098 2393 1173 2434 fau-

298 2449 404 2478 torem
427 2449 487 2478 aut
509 2444 745 2477 adversarium
767 2445 958 2476 ostenderet.
988 2462 1023 2466 —
1056 2452 1174 2475 nume-

298 2494 603 2537 rum-—finitumJ
638 2496 815 2536 Augustus
849 2493 955 2526 edixit
985 2503 1017 2526 a.
1048 2503 1082 2526 u.
1109 2493 1172 2526 732

300 2547 400 2586 (teste
426 2546 536 2578 Dione
560 2545 622 2582 54,
648 2546 700 2584 2):
737 2541 832 2588 μήθ’
862 2540 1174 2586 ὁπλομαχίαν--

300 2592 503 2636 πλεονάκις
535 2590 563 2637 ἢ
597 2593 654 2636 δὶς
687 2594 728 2628 ἐν
763 2592 913 2638 ἑκάστῳ
944 2590 1039 2634 ἔτει,
1074 2591 1174 2637 μήτε

301 2643 486 2679 πλειόνων
517 2643 641 2678 εἴκοσι
664 2646 728 2677 καὶ
752 2642 892 2678 ἑκατὸν
914 2641 1063 2691 ἀνδρῶν
1086 2654 1173 2677 ποι-

301 2695 442 2729 εῖσθαι.
475 2696 619 2728 Sueton.
645 2695 719 2728 Tib.
746 2695 807 2729 34:
839 2696 1012 2728 Ludorum
1034 2704 1075 2727 ac
1096 2704 1174 2726 mu·-

299 2756 418 2779 nerum
439 2747 603 2786 impensas
625 2746 788 2786 corripuit
812 2745 994 2785 (Tiberius)
1018 2745 1175 2777 mercedi·

301 2797 360 2829 bus
374 2797 578 2829 scenicorum
593 2796 706 2828 recisis
727 2796 931 2836 paribusque
945 2795 1175 2837 pladiatorum

301 2849 346 2880 ad
360 2850 488 2880 certum
502 2855 677 2878 numerum
688 2847 843 2879 redactis.
869 2846 1018 2887 Triginta
1038 2846 1174 2887 parium

302 2899 436 2931 mentio
459 2898 495 2930 in
516 2896 632 2939 lapide
649 2897 742 2938 apud
759 2897 947 2929 Gruterum
965 2905 999 2938 p.
1018 2895 1093 2929 352.
1121 2894 1172 2929 Cf.

301 2950 430 2981 Inscrr.
458 2948 544 2980 Latt.
571 2956 606 2979 n.
632 2947 728 2979 2530.
755 2947 853 2979 2535.
875 2964 909 2969 -
935 2947 1053 2979 Paetus
1070 2946 1175 2978 Thra-

301 2998 368 3040 sea]
406 2997 457 3031 Cf.
484 2997 537 3037 46,
562 2997 598 3029 24
627 3005 707 3038 sqq.
735 3014 770 3019 —
804 3005 891 3036 quae
912 2996 1029 3029 vellent
1051 3005 1175 3036 expro-

301 3047 400 3088 mere]
426 3046 522 3089 quod
546 3046 731 3079 dicebatur
753 3047 864 3087 eqredi
887 3046 1096 3078 relationem.
1122 3045 1172 3078 Cf.

304 3099 336 3136 2,
355 3097 408 3130 33.
428 3098 481 3130 38.
507 3115 538 3120 —
561 3097 699 3137 perinde
714 3113 733 3119 -
748 3096 860 3137 quam]
886 3096 1092 3137 posterioris
1108 3096 1175 3128 La—

306 3148 449 3180 tinitatis
483 3148 591 3188 atque
626 3146 824 3184 Tacitinae,
861 3147 900 3177 ut
923 3145 955 3184 4,
980 3146 1034 3178 20.
1061 3146 1093 3184 6,
1119 3145 1172 3178 30.

305 3197 358 3230 46.
385 3197 439 3236 44,
466 3198 518 3230 40.
554 3196 607 3236 43,
632 3196 687 3228 24.
721 3196 774 3235 45,
800 3195 855 3227 2⁴.
892 3195 978 3227 Hist.
1004 3196 1035 3234 4,
1061 3195 1115 3228 30.
1140 3196 1172 3235 2,

302 3247 356 3279 27.
382 3246 436 3279 35.
462 3247 515 3279 39.
541 3247 572 3286 3,
598 3246 653 3279 58.
679 3245 711 3285 4,
737 3246 769 3277 2.
795 3245 849 3276 72.
874 3245 979 3277 BAcn.

340 3322 392 3354 50.
407 3321 637 3353 inmodestiam
646 3318 911 3361 publicanorum]
927 3319 1084 3351 Eandem
1097 3327 1175 3351 rem

305 3378 384 3403 mox
406 3371 661 3411 publicanorum
684 3369 853 3410 cupidines
876 3370 988 3400 vocat.
1014 3386 1043 3391 —
1072 3369 1175 3401 vecti-

303 3421 397 3463 =‹Jalia
413 3421 528 3461 omitti]
542 3421 735 3463 opponitur
750 3419 867 3453 statim
884 3418 1083 3451 tributorum
1094 3418 1176 3451 abo-

304 3471 385 3504 litio.
433 3470 528 3503 Haec
561 3470 714 3513 (tributa)
752 3478 817 3504 nos
850 3477 1021 3502 vocamus
1056 3469 1177 3501 directe

1223 2014 1381 2054 Steuern,
1420 2011 1477 2045 illa
1512 2010 1718 2054 (vectigalia)
1751 2010 1909 2043 indirecte
1942 2010 2097 2050 sconem.

1224 2063 1275 2097 Cf.
1308 2065 1340 2104 4,
1376 2064 1429 2095 44.
1470 2063 1699 2095 Locutionem
1739 2061 1896 2094 omittere*
1919 2060 2098 2103 vectiyalia

1222 2114 1332 2147 habet
1364 2113 1470 2146 etiam
1493 2112 1682 2145 Suetonius
1705 2111 1853 2153 vespas.
1880 2111 1941 2144 ⁴6:
1975 2111 2098 2144 omissa

1222 2164 1280 2196 sub
1304 2163 1411 2197 Galba
1440 2162 1629 2204 vectiyalia.
1658 2181 1693 2185 -
1727 2160 1907 2203 portoriis]
1943 2161 2097 2194 Portoria

1223 2224 1293 2247 non
1317 2212 1432 2247 solum
1457 2213 1538 2245 sunt
1552 2210 1738 2253 vectigalia
1753 2220 1875 2244 rerum
1894 2212 2018 2253 portus
2041 2211 2097 2243 in-

1223 2265 1407 2303 trantium,
1441 2262 1506 2296 sed
1538 2263 1655 2295 omnia
1688 2261 1761 2302 illa,
1795 2270 1887 2303 quae
1911 2261 2017 2293 hodie
2042 2261 2098 2294 di-

1224 2317 1352 2348 cuntur
1373 2315 1476 2354 Ze‘lle,
1508 2315 1643 2355 peaqes.
1680 2332 1716 2336 —
1749 2311 1905 2354 sequens]
1940 2310 2097 2354 Intellige

1223 2375 1299 2405 esse.
1326 2365 1397 2398 Cic.
1419 2363 1468 2396 'de
1493 2364 1551 2396 Or.
1570 2365 1602 2404 2,
1621 2363 1684 2396 53:
1709 2371 1776 2395 non
1798 2370 1865 2394 esse
1886 2369 2096 2401 consequens.

1223 2409 1304 2450 Ean.
1332 2433 1366 2438 —
1393 2415 1605 2457 vectiqalium
1634 2413 1822 2455 societates]
1860 2413 1935 2446 sine
1968 2411 2098 2454 quibus

1223 2465 1405 2507 vectigalia
1419 2465 1563 2498 omnino
1580 2464 1714 2507 percipi
1731 2472 1801 2497 non
1814 2463 1989 2506 poterant.
2009 2463 2100 2495 Con-

1223 2516 1364 2550 stabant
1387 2517 1507 2548 autem
1531 2523 1575 2547 ex
1598 2513 1777 2556 equitibus
1804 2513 1991 2553 Romanis,
2017 2512 2099 2555 qui-

1222 2567 1291 2600 bus
1327 2566 1425 2598 certo
1460 2566 1573 2607 pretio
1608 2574 1627 2597 a
1658 2563 1867 2598 censoribus
1889 2562 2099 2596 locabantur

1223 2615 1422 2658 vectigalia,
1449 2625 1540 2657 quae
1561 2614 1607 2648 illi
1625 2615 1826 2657 exigerent,
1848 2613 2020 2655 publicani
2043 2612 2099 2646 di-

1223 2668 1286 2706 cti,
1311 2675 1380 2699 non
1405 2665 1585 2699 absimiles
1609 2664 1826 2698 nostratibus
1844 2662 1925 2697 olim
1946 2663 2099 2706 formiers

1223 2719 1417 2760 generaux,
1455 2716 1714 2756 Staatspachter.
1752 2715 1878 2747 Durum.
1921 2713 1972 2747 Cf.
1998 2712 2036 2754 4,
2063 2714 2095 2747 6.

1225 2769 1298 2800 Cic.
1335 2767 1380 2799 ad
1415 2765 1536 2799 Famil.
1564 2766 1616 2806 43,
1643 2766 1674 2798 9.
1710 2782 1744 2788 --
1782 2763 2096 2806 acri--libertateJ

1223 2819 1357 2859 integra
1392 2818 1498 2859 atque
1534 2818 1690 2849 actuosa.
1737 2816 1792 2848 Sic
1820 2814 1936 2847 acrior
1966 2814 2099 2847 libertas

1225 2869 1331 2901 etiam
1367 2868 1484 2900 Germ.
1510 2867 1571 2906 373
1614 2867 1737 2899 contra
1769 2866 1883 2897 acrius
1913 2865 2096 2905 servitium,

1224 2918 1402 2958 severius,
1437 2917 1638 2950 adstrictius
1667 2918 1755 2949 Anu.
1783 2916 1820 2956 6,
1847 2916 1900 2949 48.
1933 2934 1977 2939 —
2004 2915 2099 2948 novis

1224 2968 1468 3008 acerbitatibus]
1485 2966 1652 3009 Exempla
1670 2968 1752 2999 sunt
1767 2966 1860 3009 apud
1878 2966 1949 2999 Cic.
1967 2967 2095 2999 Aecus.

1223 3019 1259 3052 in
1282 3019 1383 3051 Verr.
1409 3018 1442 3058 3,
1467 3018 1520 3050 78.
1552 3018 1651 3050 Caes.
1679 3018 1717 3050 B.
1745 3017 1819 3049 Civ.
1844 3016 1876 3058 3,
1903 3017 1957 3050 32.
1990 3015 2097 3050 Multa

1224 3069 1408 3112 praeterea
1442 3068 1486 3100 ad
1514 3066 1726 3109 explendam
1750 3067 1931 3099 avaritiam
1955 3065 2097 3106 excogi-

1224 3118 1408 3151 tabantur:
1447 3118 1481 3150 in
1513 3117 1627 3159 capita
1660 3115 1878 3158 singulorum
1909 3122 2096 3149 servorum

1224 3168 1395 3201 tributum
1408 3167 1676 3210 imponebatur;
1697 3165 1926 3206 columnaria,
1941 3163 2094 3205 ostiaria,

1225 3219 1461 3257 frumentum,
1494 3217 1638 3258 milites,
1672 3218 1843 3258 remiges,
1877 3223 1994 3254 arma,
2020 3215 2096 3247 tor-

1225 3269 1364 3308 menta,
1389 3269 1558 3301 vecturae
1583 3266 1860 3310 imperabantur.
1886 3266 1994 3298 Dono.

1268 3369 1322 3402 54.
1348 3367 1445 3411 leyes]
1469 3367 1714 3407 condiciones,
1740 3366 1784 3399 de
1808 3364 1938 3407 quibus
1961 3373 2095 3397 conve-

1225 3421 1326 3453 nerat
1347 3420 1440 3452 inter
1462 3419 1687 3460 magistratus
1710 3418 1746 3449 et
1768 3414 1988 3458 publicanos,
2014 3415 2095 3457 qui-

1224 3468 1293 3502 bus
1317 3468 1599 3502 constituebatur
1617 3468 1653 3500 et
1675 3465 1915 3500 conductionis
1939 3465 2091 3509 pretium
