2254 3770
770 251 925 295 LIBER
954 251 1004 294 Π.
1049 249 1150 308 Cap.
1181 251 1221 294 2.
1250 251 1292 295 3.
1323 250 1361 295 4.

1903 251 1958 295 73

182 362 264 406 this
283 361 479 410 virtutes,
512 371 621 402 nova
640 357 760 410 vitia;
793 347 835 401 et
853 357 955 416 quia
983 357 1175 415 ipsorum
1203 356 1394 401 moribus
1414 356 1570 406 aliena,
1600 355 1782 414 perinde
1812 356 1959 400 odium

182 437 326 496 pravis
344 442 388 479 et
406 434 606 478 honestis.
639 434 692 490 (3)
714 433 841 490 igitur
855 432 1092 498 Artabanus
1108 432 1406 476 Arsacidarum
1427 446 1452 476 e
1473 431 1679 489 sanguine
1699 437 1802 489 aput
1816 432 1957 476 Dahas

183 511 350 557 adultus
369 510 551 559 excitur,
583 509 808 567 primoque
830 522 1063 565 congressu
1083 507 1201 551 fusus
1221 514 1391 565 reparat
1410 508 1524 551 vires
1546 520 1767 564 regnoque
1787 507 1958 564 potitur.

181 588 293 631 victo
312 585 472 630 Vononi
501 584 738 643 perfugium
768 583 966 627 Armenia
996 583 1088 634 fuit,
1122 596 1257 628 vacua
1284 589 1384 626 tunc
1414 582 1608 640 interque
1637 581 1887 625 Parthorum
1918 587 1961 625 et

181 665 390 707 Romanas
419 674 525 718 opes
554 659 684 703 infida
713 658 768 703 ob
798 659 939 703 scelus
964 659 1143 710 Antonii,
1175 658 1249 716 qui
1269 657 1541 708 Artavasden,
1573 670 1719 714 regem
1738 657 1990 700 Armenio-5

180 752 286 789 rum,
317 736 463 795 specie
491 735 702 779 amicitiae
732 733 950 784 inlectum‚
982 733 1083 777 dein
1103 733 1262 777 catenis
1283 739 1516 782 oneratum,
1547 738 1764 790 postremo
1790 731 1960 775 interfe-

181 818 309 858 cerat.
340 812 433 855 eius
461 810 572 854 filius
601 810 813 856 Artaxias.
855 809 1063 853 memoria
1091 809 1226 867 patris
1255 808 1379 851 nobis
1408 808 1620 858 infensus,
1661 806 1959 851 Arsacidarum

179 889 220 932 vi
250 901 384 946 seque
414 899 679 944 regnumque
699 891 857 928 tutatus
882 890 959 928 est.
990 885 1135 928 occiso
1155 885 1325 927 Artaxia
1343 898 1424 941 per
1443 883 1589 927 dolum
1606 883 1957 942 propinquorum,
1989 926 2005 937 ,

181 965 304 1009 datus
340 977 365 1007 a
402 963 587 1007 Caesare
622 961 829 1005 Armeniis
865 960 1066 1018 Tigranes
1105 959 1403 1017 deductusque
1439 959 1482 1002 in
1519 972 1697 1016 regnum
1736 973 1761 1002 a
1791 958 1960 1002 Tiberio

178 1042 360 1084 Nerone.
393 1051 472 1082 nec
491 1037 655 1094 Tigrani
685 1036 935 1080 diuturnum
957 1036 1183 1093 imperium
1212 1035 1288 1078 fuit
1314 1048 1457 1093 neque
1486 1033 1634 1077 liberis
1665 1034 1778 1085 eius,
1810 1047 1959 1092 quam-
1972 1043 2009 1072 ⁴0

181 1129 308 1175 quam
339 1113 509 1158 sociatis
538 1126 658 1156 more
687 1117 862 1155 externo
893 1111 934 1154 in
965 1110 1278 1155 matrimonium
1306 1123 1585 1168 regnumque.
1635 1109 1688 1165 (4)
1719 1109 1818 1153 dein
1839 1109 1960 1152 iussu

182 1190 357 1249 Augusti
386 1189 594 1247 inpositus
629 1186 884 1231 Artavasdes
923 1193 966 1230 et
992 1200 1077 1230 non
1108 1186 1200 1230 sine
1230 1185 1351 1230 clade
1381 1191 1526 1228 nostra
1556 1184 1760 1229 deiectuS.
1800 1191 1889 1227 tum
1913 1185 1957 1228 C.

225 1325 257 1357 4.
280 1322 427 1357 mbas
447 1322 623 1357 Muretus:
646 1320 830 1354 maioribus
850 1321 884 1354 M
908 1336 944 1344 —
970 1319 1003 1354 4.
1020 1319 1202 1361 pachorum
1222 1319 1258 1353 M
1275 1337 1311 1342 —
1336 1318 1369 1351 6.
1392 1318 1514 1359 speciae
1537 1317 1666 1360 (littera
1689 1326 1712 1350 a
1732 1318 1871 1360 punctis
1894 1326 1960 1350 no-

181 1379 269 1422 tata)
292 1380 338 1414 u.

183 1493 315 1533 menae,
345 1492 384 1524 ut
407 1489 545 1531 Quintil.
571 1491 603 1529 8,
628 1489 661 1532 4,
685 1489 747 1523 24:
776 1489 874 1523 obvia
895 1491 965 1522 eius
984 1498 1047 1521 vo-

183 1544 322 1576 luntate.
356 1560 392 1565 —
423 1550 513 1573 nova
546 1539 642 1582 vitia]
679 1540 846 1572 «virtutes
878 1539 1045 1579 Vononis,

183 1594 265 1635 quia
288 1593 427 1634 ignotae
457 1592 537 1623 ante
561 1590 695 1623 Parthis
723 1590 759 1622 in
787 1589 949 1631 regibus,
981 1598 1046 1632 pro

183 1643 285 1676 novis
305 1641 397 1674 vitiis
419 1640 677 1674 habebantur.»
705 1640 785 1672 Em«.

226 1693 259 1730 3.
282 1690 483 1732 Artabanus]
516 1691 619 1723 huius
647 1690 800 1723 nominis
822 1690 959 1722 tertius.
993 1688 1044 1722 Cf.

183 1743 356 1784 Iosephus
378 1743 456 1774 Ant.
475 1741 528 1780 48,
551 1741 584 1772 2.
610 1749 646 1782 p.
670 1740 746 1772 875.
774 1758 810 1762 —
836 1748 854 1772 e
875 1739 1046 1781 sanquine]

183 1794 345 1826 materna
368 1791 512 1831 origine.
549 1790 599 1823 Cf.
626 1790 658 1830 6,
683 1789 737 1822 42.
767 1808 802 1813 -
828 1793 910 1830 aput
931 1789 1049 1822 Dahas

185 1842 330 1884 malm]
364 1842 415 1873 De
445 1840 573 1872 eadem
602 1846 641 1872 re
671 1839 707 1880 6,
741 1839 802 1872 4⁴:
840 1839 1049 1872 Artabanum

183 1893 322 1933 Scythas
341 1893 429 1923 inter
449 1891 613 1922 eductum.
644 1890 764 1922 Dahae
781 1889 927 1922 Caucasi
950 1898 1049 1921 mon-

185 1943 228 1976 tis
251 1940 386 1974 incolae
400 1966 408 1981 ,
434 1949 478 1972 ex
501 1941 604 1981 gente
624 1940 854 1980 Scytharum,
880 1939 926 1971 ad
949 1947 1046 1971 mare

184 1992 371 2034 Caspium,
395 1999 491 2023 nunc
512 1990 689 2022 Dahistan.
715 1989 764 2022 Cf.
785 1988 870 2021 Plin.
887 1990 928 2021 N.
948 1990 988 2022 H.
1013 1989 1045 2029 6,

183 2043 203 2084 5
226 2043 279 2074 50.
316 2041 379 2081 37,
413 2040 531 2082 §⁴⁴0—
578 2039 632 2072 Ad
666 2039 804 2079 Dahas,
845 2040 1045 2080 Hyrcanos.

183 2092 386 2125 Bactrianos
422 2091 568 2132 propter
604 2098 832 2122 communem
877 2089 1046 2130 originem

183 2142 394 2176 Parthorum
425 2139 561 2182 (Strabo
586 2140 644 2179 44,
671 2140 722 2172 40.
755 2148 790 2181 p.
815 2139 903 2179 545.)
942 2140 1048 2171 Arsa-

183 2193 284 2226 cidae
309 2189 444 2234 expulsi
462 2184 629 2231 'refugere
654 2189 825 2222 solebant.
859 2188 910 2221 Cf.
935 2189 967 2229 6,
992 2188 1045 2222 44.

184 2243 237 2282 44,
263 2242 294 2275 8.
325 2259 361 2264 -—
386 2243 525 2281 reparat
545 2239 642 2281 vires]
667 2239 747 2281 fuga
764 2239 930 2271 nimirum
947 2240 1047 2280 capta

182 2293 228 2325 ad
243 2293 384 2324 montes
401 2290 553 2328 Mediae,
576 2291 718 2322 auctore
736 2289 884 2331 losepho
899 2290 976 2321 Ant.
994 2289 1045 2329 48,

182 2343 213 2375 3.
243 2360 278 2365 -
303 2341 419 2383 infida]
450 2349 563 2381 aeque
595 2341 630 2372 et
652 2339 786 2372 Parthis
814 2341 849 2371 et
871 2339 1046 2372 Romanis.

185 2393 255 2425 Cur
286 2391 420 2424 Parthis
448 2390 555 2422 infida
587 2390 691 2422 fuerit
712 2398 778 2431 pro
802 2390 884 2423 noto
908 2388 1046 2428 omittit,

184 2449 382 2484 properans
405 2441 521 2472 statim
546 2440 589 2472 ad
613 2439 730 2472 scelus
753 2439 901 2472 Antonii.
928 2439 1046 2471 Wonr.

184 2492 331 2526 Parthos
354 2489 488 2523 scilicet
510 2490 658 2522 oderant
680 2489 726 2522 ob
749 2491 900 2528 metum,
933 2498 978 2521 ne
1002 2489 1047 2521 ab

184 2543 239 2575 his
273 2541 531 2582 subigerentur.
568 2559 604 2564 —
638 2540 856 2582 Artavasden]
894 2540 1048 2581 Tigranis

185 2591 305 2624 filium.
343 2590 392 2623 Cf.
418 2590 544 2623 Strabo
569 2591 620 2622 44.
652 2600 687 2632 p.
712 2589 776 2623 524
800 2591 835 2622 et
857 2590 932 2622 530.
969 2589 1049 2623 Plu-

186 2642 295 2674 tarch.
328 2642 362 2673 in
387 2641 516 2674 Crasso
543 2649 578 2682 p.
603 2639 666 2673 554
698 2641 734 2672 et
761 2641 795 2672 in
822 2641 970 2672 Antonio
994 2641 1047 2673 50.

185 2689 224 2734 p.
244 2691 319 2723 939.
369 2691 433 2725 Dio
456 2689 516 2730 49,
539 2690 602 2722 25.
635 2690 688 2722 34.
713 2689 766 2723 33.
792 2690 845 2722 39.
894 2690 956 2722 Hic
980 2691 1050 2722 An—

186 2741 320 2774 tonium
343 2741 377 2774 in
394 2741 493 2782 Oppii
513 2740 653 2772 Statiani
677 2739 803 2773 infelici
827 2739 1049 2782 expeditione

187 2791 348 2825 Parthica
372 2791 572 2824 deseruisse
594 2791 710 2829 visus,
736 2789 915 2823 fallacibus
938 2789 983 2822 ab
1008 2798 1049 2822 eo

187 2841 311 2874 litteris
349 2841 504 2879 excitus,
543 2841 578 2872 in
614 2839 736 2874 vinclis
773 2840 914 2873 habitus
948 2841 984 2872 et
1015 2841 1048 2872 in

186 2891 363 2933 triumpho
396 2889 643 2922 Alexandriam
673 2890 799 2923 ductus
830 2892 893 2923 est.
922 2908 958 2913 —
991 2899 1050 2922 ca—

186 2941 278 2983 tenis]
303 2941 476 2982 argenteis
501 2940 654 2982 primum
678 2940 712 2972 in
737 2941 860 2973 castris
884 2941 919 2972 et
935 2940 1050 2972 aureis

187 2992 223 3024 in
252 2990 440 3032 triumpho.
481 2990 533 3022 Cf.
565 2990 629 3022 Dio
659 2991 719 3029 50,
753 2991 789 3022 l:
828 2990 979 3036 Καῖσαρ
1011 2987 1051 3021 δὲ

187 3040 318 3083 ἐκείνῳ
351 3039 519 3081 (Antonio)
556 3037 747 3080 ἐπεκάλει,
783 3035 843 3072 ὅτι
876 3037 943 3072 τὸν
973 3036 1052 3085 Ἀρ-

186 3092 319 3134 μὲνιον
356 3087 600 3133 ἐξαπατήσας
635 3091 700 3123 καὶ
742 3090 943 3130 συλλαβών
986 3090 1050 3122 καὶ

189 3140 312 3184 δήσας
345 3138 490 3184 πολλὴν
525 3138 576 3184 τῷ
611 3139 720 3185 δήμῳ
754 3140 828 3173 τῶν
859 3138 1052 3183 Ῥωμαίων

191 3189 421 3234 κακοδοξίαν
444 3192 748 3238 προσετέτριπτο.
780 3190 901 3223 Vellei.
926 3192 966 3231 2,
990 3191 1049 3223 82:

192 3242 350 3274 Antonius
377 3251 530 3274 reversus
560 3243 597 3274 in
623 3242 815 3274 Armeniam
842 3250 952 3283 reqem
983 3242 1054 3273 eius

192 3291 398 3324 Artavasden
417 3292 539 3333 fraude
560 3292 727 3332 deceptum
749 3292 893 3331 catenis,
918 3291 988 3331 sed,
1013 3299 1054 3322 ne

195 3341 274 3380 quid
300 3341 417 3374 honora·
446 3342 581 3382 deesset,
611 3343 725 3374 aureis
750 3342 863 3373 vinxit
892 3341 934 3381 (a.
959 3350 993 3373 u.
1019 3349 1049 3373 c.

195 3389 281 3430 720).
298 3408 334 3414 -
345 3395 512 3433 postremo
521 3391 742 3434 interfecerat]
757 3400 827 3424 non
841 3391 958 3424 statim
973 3392 1055 3434 post

1095 1488 1324 1530 triumphum.
1353 1488 1438 1521 Post
1450 1495 1606 1530 pugnam
1621 1486 1767 1520 demum
1782 1486 1960 1519 Actiacam

1097 1537 1300 1580 Cleopatra,
1337 1539 1375 1570 ut
1404 1536 1528 1570 auxilia
1559 1536 1605 1569 ah
1635 1536 1850 1575 Artavasde,
1885 1537 1961 1569 Me-

1097 1589 1225 1621 dorum
1239 1597 1343 1629 rege,
1369 1588 1595 1629 impetraret,
1622 1587 1728 1629 caput
1743 1587 1960 1627 cognominis

1096 1638 1298 1672 Artavasdis
1321 1638 1478 1671 Armenii
1500 1637 1546 1670 ad
1569 1636 1664 1669 illum
1688 1637 1793 1669 misit.
1823 1636 1888 1668 Dio
1903 1637 1959 1676 54,

1096 1691 1136 1722 5:
1163 1685 1231 1721 τὸν
1250 1683 1442 1734 Ἀρμένιον
1464 1685 1725 1720 ἀποκτείνασα
1746 1683 1817 1728 τὴν
1839 1695 1961 1726 κεφα-

1096 1737 1167 1782 λὴν
1196 1734 1315 1771 αὐτοῦ
1338 1736 1390 1781 τῷ
1414 1735 1551 1781 Μήδῳ,
1587 1733 1638 1778 ὦς
1661 1737 1726 1777 καὶ
1757 1734 1962 1782 ἐπικουρή-

1097 1798 1205 1822 σοντι
1228 1789 1342 1828 σφίσι
1363 1784 1426 1820 διὰ
1445 1786 1572 1827 τοῦτο,
1597 1783 1772 1829 ἔπεμψεν
1796 1787 1839 1827 (a.
1864 1795 1899 1819 u.
1926 1796 1958 1819 c.

1097 1839 1185 1879 724).
1213 1857 1248 1861 -
1274 1839 1448 1878 Artaxias]
1478 1839 1540 1870 Dio
1564 1837 1618 1877 49,
1643 1838 1704 1870 39;
1730 1837 1771 1869 οἱ
1790 1834 1838 1869 τὰ
1861 1831 1961 1869 ὅπλα

1096 1884 1249 1929 ἔχοντες
1273 1889 1448 1929 (Armenii)
1469 1884 1646 1934 Ἆρτάξην
1668 1884 1736 1919 τὸν
1751 1885 1961 1933 πρεσβύτα-

1097 1949 1164 1971 τον
1175 1937 1250 1971 τῶν
1263 1937 1406 1971 παίδων
1417 1935 1536 1971 αὐτοῦ
1549 1936 1713 1977 βασιλέα
1724 1933 1959 1970 ἀνθείλοντο.

1098 1992 1122 2022 Α
1141 1989 1290 2031 losepho
1312 1990 1390 2021 Ant.
1411 1989 1463 2028 45,
1489 1989 1522 2026 5,
1546 1990 1585 2020 ut
1608 1997 1628 2020 a
1651 1989 1788 2028 Tacito,
1813 1989 1962 2020 vocatur

1098 2040 1266 2072 Artaxias.
1287 2057 1323 2062 —
1348 2038 1442 2070 nobis
1462 2038 1619 2080 infensus]
1643 2039 1730 2070 Hinc
1744 2039 1834 2071 teste
1852 2039 1962 2070 Dione

1097 2090 1151 2127 54,
1178 2089 1218 2121 46
1246 2089 1455 2121 Octavianus
1479 2097 1510 2120 a.
1533 2087 1598 2121 724
1620 2085 1672 2131 τῷ
1692 2083 1848 2134 Ἀρτάξῃ
1870 2084 1962 2128 τοὺς

1097 2135 1289 2180 ἀδελφοὺς
1305 2139 1440 2185 καίπερ
1455 2136 1657 2181 αἰτήσαντι
1679 2134 1751 2171 οὐκ
1773 2134 1960 2181 ἔπεμψεν,

1098 2184 1158 2222 ὅτι
1179 2187 1271 2230 τοὺς
1293 2186 1593 2230 ὑπολειφθέντας
1612 2185 1824 2231 Ῥωμαίους
1852 2188 1892 2221 ἐν
1914 2186 1960 2234 τῇ

1094 2237 1265 2286 Ἀρμενίᾳ
1287 2234 1498 2272 ἀπεκτόνει.
1524 2241 1690 2272 Ceterum
1714 2239 1756 2271 cf.
1776 2240 1882 2271 etiam
1898 2239 1962 2271 Dio

1098 2290 1152 2330 49,
1178 2289 1230 2323 44.
1252 2309 1287 2313 -
1315 2291 1420 2322 occiso
1442 2290 1590 2323 Artaxia
1613 2289 1695 2331 cet]
1718 2290 1872 2322 Monum.
1889 2290 1963 2321 An-

1099 2349 1173 2381 cyr.
1198 2340 1281 2372 Tab.
1307 2341 1347 2379 V,
1372 2339 1433 2372 24ε
1462 2340 1654 2372 Armeniam
1678 2340 1841 2371 maiorem
1861 2340 1964 2370 inter-

1096 2391 1180 2432 fecto
1209 2400 1285 2433 rege
1315 2392 1386 2423 eius
1406 2390 1554 2423 Artaxia
1575 2399 1650 2422 cum
1673 2398 1802 2430 possem
1819 2390 1963 2429 provin-

1097 2442 1186 2473 ciam
1204 2441 1325 2482 facere,
1348 2441 1454 2473 malui
1469 2442 1636 2473 maiorum
1650 2443 1801 2472 nostrum
1815 2439 1964 2479 exemplo

1097 2500 1237 2533 reynwm
1263 2492 1298 2524 id
1327 2492 1371 2523 ad
1398 2492 1592 2532 Timarum,
1619 2491 1817 2523 Artavasdis
1843 2490 1961 2531 filium,

1096 2545 1245 2582 nepotem
1262 2541 1415 2583 Tigranis
1428 2543 1517 2583 regis
1532 2550 1596 2582 per
1611 2540 1774 2572 Tiberium
1787 2540 1962 2580 Neronem,

1100 2593 1156 2632 qui
1179 2594 1250 2623 tum
1271 2594 1344 2623 erat
1364 2593 1544 2633 priviynus
1572 2600 1680 2630 meus,
1714 2590 1895 2630 transferre
1918 2592 1960 2631 (a.

1099 2650 1134 2673 u.
1161 2650 1191 2673 c.
1217 2641 1303 2681 734).
1345 2641 1395 2673 Cf.
1422 2641 1591 2682 Iosephus
1622 2641 1737 2681 Antiq.
1769 2641 1825 2679 45,
1858 2639 1898 2679 4,
1929 2640 1960 2672 3.

1100 2692 1164 2723 Dio
1180 2691 1233 2731 54,
1258 2691 1290 2723 9.
1316 2690 1467 2723 Velleius
1482 2691 1516 2729 2,
1542 2690 1595 2722 94.
1620 2691 1762 2722 Sueton.
1781 2689 1855 2721 Tib.
1874 2689 1905 2721 9.
1925 2708 1959 2712 —

1099 2751 1157 2774 nec
1175 2742 1309 2783 Tigrani
1332 2740 1414 2781 cet]
1438 2740 1491 2773 Ad
1513 2740 1604 2772 hanc
1627 2739 1750 2781 capitis
1773 2740 1863 2771 tertii
1886 2748 1965 2781 par-

1101 2794 1172 2824 tem
1205 2790 1247 2823 cf.
1282 2799 1403 2823 rursus
1433 2791 1700 2823 Monumentum
1724 2792 1960 2830 Ancyranum‚

1101 2842 1196 2884 quod
1219 2842 1299 2883 post
1320 2840 1431 2872 verba
1455 2849 1560 2882 supra
1585 2841 1758 2882 exscripta
1781 2841 1826 2872 ita
1850 2839 1963 2881 pergit

1099 2901 1133 2923 v.
1151 2891 1212 2923 28:
1237 2891 1386 2922 Eandem
1408 2893 1536 2932 qentem
1551 2893 1668 2931 postea
1690 2892 1913 2931 insurgentem
1933 2892 1964 2920 et

1099 2943 1323 2981 rebellantem,
1340 2943 1499 2974 domitam
1509 2951 1572 2982 per
1586 2942 1709 2974 Gaium
1720 2943 1827 2984 fllium
1841 2949 1961 2980 meum,

1100 2995 1170 3035 regi
1193 2992 1432 3031 Ariobarzani,
1463 2994 1552 3034 regis
1573 2994 1746 3025 Medorum
1770 2992 1965 3025 Artavasdis

1098 3043 1187 3085 filio,
1212 3043 1391 3084 regendam
1412 3043 1537 3075 tradidi
1562 3043 1604 3084 (a.
1621 3051 1657 3074 u.
1676 3051 1706 3074 c.
1729 3042 1818 3082 755.)
1841 3044 1873 3072 et
1888 3044 1965 3081 post

1101 3094 1172 3124 eius
1192 3095 1331 3124 mortem
1350 3093 1420 3134 filio
1443 3093 1513 3124 eius
1534 3092 1733 3131 Artavasdi,
1766 3100 1830 3131 quo
1858 3092 1964 3122 inter-

1099 3142 1183 3182 fecto
1219 3142 1411 3183 Tiqranem,
1448 3143 1505 3183 qui
1539 3146 1614 3175 erat
1645 3151 1690 3174 ea:
1722 3142 1814 3182 reqio
1846 3149 1963 3182 yenere

1100 3191 1331 3223 Armeniorum
1363 3193 1539 3232 oriundus,
1574 3193 1611 3224 in
1644 3192 1679 3223 id
1709 3199 1848 3231 reymom
1874 3191 1960 3223 misi.

1103 3240 1154 3273 Cr.
1179 3241 1284 3273 etiam
1314 3242 1458 3282 Augusti
1492 3249 1674 3273 nummum
1706 3240 1799 3281 apud
1830 3240 1961 3273 Arneth

1102 3291 1142 3323 11.
1160 3301 1195 3334 p.
1214 3291 1267 3324 40.
1286 3300 1320 3323 n.
1339 3291 1397 3324 94:
1423 3290 1615 3324 ARMENIA
1633 3290 1776 3329 CAPTA,
1802 3291 1836 3322 et
1852 3299 1886 3322 n.
1906 3290 1959 3330 95,

1102 3342 1138 3374 in
1159 3350 1229 3383 quo
1253 3350 1421 3383 expressa
1453 3342 1507 3374 est
1530 3341 1692 3372 Armenia
1715 3339 1845 3372 flexum
1869 3349 1961 3381 genu

1101 3391 1323 3425 submittens.
1359 3391 1447 3424 Vide
1477 3391 1662 3433 praeterea
1688 3390 1813 3422 Norisii
1836 3389 1960 3427 Cenot,
