2254 3770
273 273 357 317 208
750 275 796 318 Ρ.
828 273 1080 318 CORNELII
1109 275 1279 320 TACITI
1308 271 1576 321 ANNALIUM

272 374 465 438 regibus,
498 380 570 439 qui
602 380 892 438 magnitudine
920 387 1064 425 nostra
1095 388 1378 439 proteguntur
1407 382 1637 426 adversum
1667 389 1842 427 externa
1870 383 2061 442 imperia.

271 461 314 499 et
343 455 589 500 Thraeciam
619 455 942 500 Rhoemetalces
973 470 1023 500 ac
1054 455 1173 500 liberi
1202 457 1359 516 Cotyis,
1393 458 1617 516 ripamque
1638 459 1818 502 Danuvii
1848 458 2063 516 legionum

270 530 382 575 duae
413 532 456 574 in
486 531 720 580 Pannonia,
763 530 874 574 duae
914 533 955 574 in
985 532 1144 575 Moesia
1175 532 1425 582 attinebant,
1462 533 1639 576 totidem
1677 540 1779 592 aput
1816 534 2065 578 Delmatiam

269 605 431 656 locatis,
464 621 576 664 quae
607 607 747 664 positu
780 606 966 663 regionis
989 621 1013 650 a
1033 614 1151 665 tergo
1183 606 1275 658 illis,
1309 621 1360 652 ac
1380 608 1414 651 si
1437 607 1702 666 repentinum
1725 609 1926 654 auxilium
1947 609 2066 654 Italia

237 697 256 727 5
268 689 486 739 posceret,
527 681 641 725 haud
681 681 831 740 procul
867 684 1124 736 accirentur,
1157 697 1420 741 quamquam
1450 683 1656 728 insideret
1683 685 1835 728 urbem
1864 674 2065 744 proprius

269 757 403 808 miles,
437 764 523 801 tres
543 757 745 808 urbanae,
779 771 935 801 novem
959 758 1201 822 praetoriae
1223 759 1432 809 cohortes,
1464 759 1630 802 Etruria
1650 759 1783 804 ferme
1805 761 2064 819 Umbriaque

268 832 462 877 delectae
492 840 564 876 aut
593 840 738 877 vetere
768 834 886 877 Latio
918 839 960 877 et
990 833 1168 878 coloniis
1199 835 1429 892 antiquitus
1453 835 1664 878 Romanis.
1707 843 1750 879 et
1778 843 1881 894 aput
1910 836 2065 880 idonea

266 909 583 966 provinciarum
614 909 758 952 sociae
790 909 986 953 triremes
1017 909 1198 967 alaeque
1229 916 1271 953 et
1301 909 1456 953 auxilia
1477 909 1726 962 cohortium,
1759 925 1902 969 neque
1931 911 2063 956 multo

267 998 395 1028 secus
428 985 466 1027 in
498 985 548 1027 iis
578 984 753 1027 virium:
786 984 864 1028 sed
895 985 1099 1043 persequi
1131 986 1339 1029 incertum
1369 986 1504 1038 suerit,
1537 1001 1634 1031 cum
1661 1002 1713 1036 ex
1743 1002 1824 1031 usu
1856 987 2062 1046 temporis

216 1075 253 1104 io
267 1059 350 1104 huc
380 1059 479 1104 illuc
509 1067 710 1111 mearent,
743 1059 972 1117 gliscerent
999 1074 1178 1104 numero
1209 1067 1251 1104 et
1281 1061 1511 1119 aliquando
1540 1064 1846 1108 minuerentur.

379 1136 432 1193 (6)
466 1136 716 1193 Congruens
757 1136 1014 1180 crediderim
1059 1150 1290 1180 recensere
1331 1144 1497 1182 ceteras
1538 1153 1714 1197 quoque
1756 1140 1818 1184 rei
1863 1138 2062 1197 publicae

264 1218 420 1270 partes,
454 1211 612 1270 quibus
641 1211 782 1255 modis
812 1211 863 1255 ad
898 1226 994 1256 eam
1024 1212 1137 1256 diem
1169 1212 1336 1256 habitae
1365 1213 1459 1263 sint,
1491 1215 1692 1272 quoniam
1713 1214 1883 1258 Tiberio
1915 1213 2061 1258 mutati

264 1288 308 1330 in
350 1287 540 1331 deterius
578 1287 842 1345 principatus
881 1287 1045 1330 initium
1081 1287 1150 1332 ille
1192 1301 1329 1331 annus
1366 1288 1513 1332 attulit.
1555 1290 1639 1333 iam
1673 1290 1859 1348 primum
1892 1289 2064 1348 publica

263 1363 436 1422 negotia
460 1370 502 1407 et
530 1363 794 1421 privatorum
822 1364 1005 1406 maxima
1036 1370 1138 1421 aput
1166 1370 1311 1421 patres
1341 1364 1640 1416 tractabantur,
1673 1365 1942 1423 dabaturque
1971 1365 2062 1423 pri-

214 1452 251 1483 ⁴5
263 1439 455 1483 moribus
476 1438 702 1489 disserere,
736 1445 777 1482 et
805 1439 848 1482 in
874 1438 1162 1502 adulationem
1183 1439 1328 1497 lapsos
1349 1439 1576 1484 cohibebat
1596 1440 1710 1498 ipse3
1741 1440 2060 1500 mandabatque

263 1515 450 1559 honores
481 1514 743 1559 nobilitatem
773 1516 992 1566 maiorum,
1026 1514 1321 1560 claritudinem
1351 1515 1536 1566 militiae,
1569 1515 1770 1560 inlustres
1799 1516 1915 1560 domi
1945 1522 2059 1561 artes

263 1590 517 1649 spectando,
558 1597 604 1633 ut
641 1590 744 1635 satis
774 1596 988 1635 constaret
1022 1605 1107 1634 non
1141 1590 1247 1635 alios
1278 1591 1468 1649 potiores
1498 1591 1642 1636 fuisse.
1689 1605 1767 1636 sua
1796 1591 2056 1644 consulibus,

327 1725 360 1759 4.
385 1725 536 1765 locatisq;
557 1726 669 1766 positu
690 1725 724 1758 M
749 1742 785 1748 —
812 1724 844 1757 7.
861 1725 998 1757 coloniis
1020 1725 1178 1767 Lipsius:
1203 1725 1328 1758 colonis
1349 1726 1383 1758 M
1402 1744 1438 1749 —
1464 1725 1497 1758 8.
1523 1725 1662 1771 alaeque
1683 1726 1717 1759 M
1741 1742 1777 1748 —
1803 1726 1963 1759 cohortim
1987 1726 2059 1768 (su—

262 1783 459 1825 perscripta
481 1780 596 1814 littera
618 1783 655 1833 v)
675 1782 708 1816 M
745 1799 780 1805 -
817 1782 849 1815 9.
873 1782 977 1824 fuerit
999 1782 1152 1824 Lipsius:
1187 1782 1251 1824 fuit
1273 1783 1318 1816 M.
1346 1781 1396 1815 Cf.
1423 1783 1582 1830 Heraeus
1605 1782 1691 1815 Stud
1714 1783 1790 1815 crit.
1823 1783 1858 1815 in
1881 1782 2059 1816 Mediceos

262 1839 371 1872 Taciti
394 1839 537 1872 codices
559 1847 595 1881 p.
614 1837 688 1871 443.
718 1854 753 1861 -
779 1847 855 1870 cum
876 1847 1000 1871 sea-usu
1015 1839 1049 1872 M
1066 1855 1103 1863 -
1130 1838 1183 1871 40.
1209 1839 1285 1872 huic
1299 1847 1353 1881 pr.
1371 1839 1405 1873 M
1423 1856 1460 1862 —
1479 1839 1532 1872 ⁴2.
1550 1839 1709 1880 quoniam
1731 1836 1824 1881 (quii)
1848 1839 1898 1873 M:
1924 1839 2059 1880 quando

261 1894 468 1928 Beroaldus.

260 2013 503 2048 ΠΙΤΙΑΞΗΣ
533 2013 726 2046 ΙΒΗΡΩΝ
750 2011 1030 2047 ΚΑΡΗΙΔΩΝ.
1070 2014 1132 2047 Hi-
1181 2013 1280 2047 ribus
1304 2013 1452 2046 clarum.
1477 2015 1564 2047 Lips.
1602 2015 1684 2048 Post
1705 2015 1903 2056 Augustum
1926 2015 2052 2048 auctus

259 2066 359 2099 beria
377 2074 472 2098 nunc
487 2066 634 2098 vocatur
651 2065 833 2106 Georyien,
856 2064 1001 2098 Albania
1017 2065 1132 2097 Schir—
1183 2067 1239 2098 est
1260 2073 1431 2098 numerus
1455 2066 1490 2097 et
1513 2066 1818 2106 praetorianarum
1842 2067 1878 2098 et
1899 2065 2056 2099 urbana-

252 2127 351 2151 wan.
372 2135 408 2140 —-
434 2120 575 2149 eaeterna
597 2115 751 2158 imperia]
777 2115 923 2148 Parthos
941 2117 1046 2157 atque
1065 2116 1132 2148 Ar-

260 2176 398 2201 menos.
427 2184 463 2189 -—
488 2166 727 2199 Rhoemetalces
749 2174 790 2197 ac
812 2165 908 2198 liberi
932 2165 1052 2207 Cotyis]
1078 2165 1128 2198 Cf.

260 2219 293 2258 2,
320 2218 373 2250 67.
399 2217 431 2257 3,
457 2216 511 2249 38.
538 2234 573 2239 -
600 2216 686 2247 duae
709 2215 744 2247 in
766 2215 950 2257 Pannonia]
975 2215 1063 2248 Vide
1087 2215 1131 2248 ad

260 2271 293 2310 4,
320 2269 374 2302 46.
401 2285 436 2291 -
468 2268 555 2300 duae
576 2266 612 2298 in
633 2264 777 2307 Moesia]
810 2266 870 2298 1111
894 2266 1076 2307 Scythica,
1101 2267 1132 2298 V

259 2318 500 2354 Macedonica.
522 2334 556 2339 -
583 2316 716 2349 totidem
739 2318 822 2356 aput
836 2315 1047 2357 Delmatiam]
1073 2316 1132 2348 VII

260 2370 296 2403 et
324 2369 403 2408 XII,
442 2375 533 2409 quae
569 2367 693 2408 postea
730 2364 894 2398 Claudiae
929 2367 1130 2398 nominatae

259 2421 353 2453 sunt.
380 2418 571 2451 «Delmatia
588 2418 744 2458 Augusto
761 2415 886 2448 tradita
904 2418 1133 2459 perpetuum-

259 2478 329 2512 que
353 2467 572 2511 praesidium
600 2467 635 2499 in
660 2475 702 2499 ea
726 2466 912 2499 decretum
935 2475 966 2499 a.
992 2476 1026 2499 u.
1052 2466 1128 2500 743.

258 2521 372 2554 Antea
406 2519 551 2552 inermis
586 2517 660 2550 fuit.
696 2517 762 2549 Adi
793 2517 942 2550 Dionem
966 2517 1026 2558 54,
1053 2516 1129 2550 34.»

258 2572 347 2605 Lim.
367 2588 403 2594 -
423 2569 505 2610 iltis]
530 2566 728 2610 legionibus
751 2569 959 2601 Pannonicis
980 2577 1023 2600 ac
1038 2568 1132 2601 Moe-

259 2622 353 2655 sicis.
382 2638 418 2644 -
441 2619 603 2661 proprius
624 2618 729 2658 miles]
755 2617 806 2650 Cf.
826 2618 911 2650 Hist.
930 2617 962 2658 3,
981 2616 1039 2650 64:
1065 2625 1132 2662 psse

256 2673 307 2706 illi
333 2670 522 2715 (praefecto
538 2668 647 2710 urbis)
669 2668 846 2709 proprium
860 2668 997 2700 militem
1012 2667 1132 2700 cohor-

257 2723 340 2756 tiwm
372 2720 594 2753 urbanarum.
633 2734 668 2741 —
708 2721 775 2750 tres
807 2717 980 2758 urbanae,
1015 2725 1131 2750 novem

252 2773 448 2815 praetoriae
469 2768 626 2811 cohortes]
647 2767 800 2810 Vigilum
815 2769 934 2801 autem
951 2776 1015 2800 cur
1030 2767 1132 2800 omit-

259 2824 317 2864 tit,
343 2830 434 2865 quae
458 2828 608 2853 numero
625 2820 661 2852 et
679 2818 809 2851 robore
826 2827 933 2861 supra
949 2817 1130 2851 urbanas?

260 2874 406 2916 Septem
422 2871 517 2904 enim
533 2870 698 2902 cohortes
715 2870 833 2907 erant,
859 2868 1036 2901 institutae
1057 2869 1129 2900 iam

260 2923 344 2956 inde
379 2921 423 2955 ab
457 2920 614 2962 Augusto
640 2919 686 2959 (a.
711 2927 746 2950 u.
772 2918 848 2951 759.
881 2918 945 2951 Dio
969 2918 1030 2957 55,
1054 2917 1126 2958 26).

262 2975 376 3008 Causa
410 2973 518 3011 haee,
555 2970 637 3011 quia
670 2968 706 3001 id
730 2969 807 3001 aevi
835 2969 927 3001 inter
953 2967 1128 3009 legitimos

259 3026 442 3066 iustosque
471 3019 598 3055 milites
629 3018 749 3060 vigiles
780 3027 849 3051 non
874 3018 1125 3052 censebantur.

257 3075 381 3116 Itaque
411 3074 447 3106 in
475 3069 640 3104 omnibus
668 3067 769 3101 bellis
799 3067 959 3101 civilibus
983 3067 1125 3109 Galbae,

258 3124 416 3162 Othonis,
438 3119 581 3159 Vitellii,
605 3126 686 3151 rara
702 3126 826 3150 eorum
842 3118 987 3159 mentio,
1013 3117 1127 3151 nullus

257 3183 355 3207 usus.
392 3173 419 3205 E
448 3169 619 3204 libertinis
650 3167 731 3201 lecti
755 3168 872 3207 erant,
908 3166 976 3199 vile
999 3175 1124 3208 genus,

258 3225 294 3256 et
308 3223 454 3256 Vulcani
476 3221 592 3264 potius
615 3217 764 3252 ministri
780 3225 888 3259 quam
904 3218 1035 3250 Martis.
1061 3218 1127 3250 lta·

258 3282 327 3315 que
363 3266 434 3306 neo
465 3269 635 3314 praefecti
671 3266 814 3310 vigilum
848 3267 940 3299 inter
972 3266 1125 3301 illustres

258 3323 444 3365 dignitates
467 3321 600 3355 mentio
616 3319 733 3352 Tacito
753 3325 926 3359 usquam;
951 3317 1050 3350 cuius
1067 3326 1127 3350 au-

258 3374 401 3406 ctoritas
432 3374 550 3404 tamen
581 3367 753 3407 adolevit,
789 3367 880 3400 sicut
911 3367 947 3399 et
975 3365 1123 3400 militum

257 3421 433 3465 ipsorum,
457 3421 509 3454 uti
531 3428 574 3454 ex
596 3417 783 3453 pandectis
805 3414 953 3458 aliisque
973 3415 1126 3458 scripto-

1182 2124 1263 2148 rum
1286 2115 1505 2153 cohortium;
1530 2114 1608 2148 illae
1631 2116 1666 2148 in
1690 2115 1978 2158 inscriptionibus
1994 2125 2056 2150 us-

1183 2174 1252 2207 que
1276 2165 1322 2198 ad
1346 2165 1596 2198 duodecimam
1623 2166 1915 2208 progrediuntur,
1944 2166 2055 2199 urba-

1183 2224 1249 2248 nae
1274 2224 1294 2248 a
1318 2215 1456 2248 decima
1480 2216 1652 2257 incipiunt
1676 2217 1711 2249 et
1733 2216 1778 2249 ad
1801 2217 1963 2258 quartam
1987 2216 2054 2249 de-

1183 2267 1312 2299 cimam
1344 2275 1459 2308 usque
1492 2265 1701 2308 procedunt.
1739 2266 1790 2300 Cf.
1817 2268 1903 2300 Hist.
1926 2268 1966 2308 2,
1996 2266 2050 2300 93.

1182 2316 1246 2348 Dio
1269 2316 1331 2355 55,
1357 2315 1399 2348 24
1423 2315 1468 2348 ad
1490 2317 1687 2358 Augustum
1717 2317 1860 2350 serioris
1882 2317 2053 2359 temporis
2110 2356 2111 2359 Ἰ

1182 2373 1351 2404 numeros
1373 2365 1496 2398 refert.
1515 2384 1551 2389 —
1575 2369 1684 2399 vetere
1705 2366 1813 2409 Latio]
1838 2376 1882 2400 ex
1897 2367 1940 2400 iis
1956 2367 2054 2410 oppi-

1182 2415 1256 2456 dis,
1283 2423 1374 2457 quae
1399 2416 1479 2448 ante
1504 2424 1638 2448 annum
1662 2424 1696 2449 u.
1723 2425 1754 2449 c.
1780 2416 1855 2457 664,
1881 2425 1952 2458 quo
1974 2415 2051 2459 lege

1180 2464 1265 2498 Iulia
1294 2466 1330 2497 in
1361 2465 1538 2498 civitatem
1570 2466 1763 2499 Romanam
1789 2467 1933 2509 recepta
1956 2467 2050 2508 sunt,

1181 2516 1235 2548 ius
1273 2514 1359 2547 Latii
1393 2513 1586 2548 habebant.
1624 2532 1661 2539 —
1701 2516 1838 2549 coloniis
1870 2517 2054 2558 antiquitus

1183 2563 1349 2606 Romanis]
1383 2564 1615 2606 opponuntur
1647 2564 1714 2599 illis
1749 2565 1888 2608 oppidis
1923 2565 2051 2599 Galliae

1181 2614 1470 2658 Transpadanae,
1502 2624 1593 2656 quae
1625 2616 1689 2650 Cn.
1714 2617 1903 2658 Pompeius
1925 2616 2051 2649 Strabo

1181 2663 1304 2698 consul
1338 2673 1369 2698 a.
1394 2673 1430 2696 u.
1458 2665 1521 2697 665
1556 2664 1633 2707 lege
1667 2664 1736 2698 lata
1766 2665 1802 2698 in
1832 2664 2051 2699 coloniarum

1181 2724 1312 2748 nomen
1341 2716 1378 2749 et
1406 2716 1461 2748 ius
1492 2715 1662 2757 traduxit,
1698 2724 1770 2748 non
1793 2716 1893 2749 novis
1916 2715 2050 2750 colonis

1181 2765 1360 2805 deductis,
1394 2764 1459 2798 sed
1490 2765 1537 2797 ita
1560 2766 1600 2798 ut
1620 2764 1802 2798 veteribus
1824 2765 1947 2798 incolis
1970 2774 2050 2799 ma-

1180 2814 1346 2848 nentibus
1368 2815 1423 2846 ius
1447 2813 1550 2847 daret
1571 2815 1670 2854 Latii,
1696 2817 1771 2847 tum
1793 2814 1847 2855 iis,
1873 2823 1965 2857 quae
1987 2825 2050 2858 po-

1178 2866 1256 2898 stea
1283 2865 1319 2896 in
1347 2863 1535 2906 provinciis
1567 2865 1776 2897 constitutae
1806 2866 1889 2897 sunt
1919 2865 2048 2899 civium

1178 2913 1359 2947 militares.
1380 2930 1415 2936 -
1439 2914 1547 2946 sociae
1568 2914 1720 2947 triremes
1734 2913 1816 2956 cet]
1843 2915 1908 2946 tria
1931 2915 2048 2948 socia—

1177 2963 1262 2997 lium
1298 2964 1480 3006 copiarum
1519 2972 1647 3005 genera
1663 2987 1672 3004 ‚
1717 2964 1870 3006 primum
1906 2966 2048 3008 remiges

1178 3015 1378 3057 militesque
1401 3015 1438 3047 iu
1460 3012 1632 3048 classibus
1654 3013 1861 3055 militantes,
1892 3024 2046 3058 quorum

1177 3065 1288 3099 duces
1306 3064 1469 3106 praefecti
1482 3064 1663 3106 remiqum,
1683 3063 1736 3105 ⁴3,
1755 3063 1808 3098 30.
1834 3064 1920 3098 Hist.
1937 3064 1969 3105 4,
1987 3066 2042 3099 55.

1177 3116 1379 3158 Sequuntur
1393 3115 1480 3156 alae,
1504 3114 1540 3147 h.
1558 3123 1591 3147 e.
1610 3114 1748 3147 numeri
1766 3115 1936 3157 equitum,
1958 3123 2044 3157 quo-

1176 3175 1256 3199 rum
1280 3164 1405 3208 singuli
1421 3165 1620 3207 quingentis
1640 3163 1842 3198 hominibus
1858 3166 2044 3208 compositi

1169 3216 1339 3258 praefecto
1361 3213 1554 3258 parebant;
1579 3213 1648 3248 vid.
1674 3214 1761 3248 Hist.
1785 3215 1819 3254 2,
1837 3213 1879 3247 ⁴4
1898 3216 1935 3247 et
1949 3214 1991 3248 22
2008 3216 2045 3248 et

1175 3267 1230 3299 59.
1255 3265 1293 3307 4,
1318 3265 1360 3299 49
1385 3267 1421 3299 et
1442 3266 1496 3299 70.
1532 3265 1651 3298 Tertio
1673 3263 1750 3298 loco
1773 3263 1970 3298 succedunt
1991 3274 2045 3298 co-

1175 3316 1283 3350 hortes
1305 3317 1494 3349 auxiliares
1516 3316 1590 3349 sive
1613 3315 1717 3356 leves,
1748 3315 1932 3358 oppositae
1961 3324 2045 3358 gra-

1176 3365 1279 3399 vibus
1313 3366 1387 3399 sive
1424 3365 1590 3399 Romanis
1626 3363 1803 3406 legionum
1839 3364 2044 3399 cohortibus

1175 3415 1222 3458 (v.
1248 3417 1280 3457 ⁴,
1309 3414 1376 3457 60).
1421 3415 1500 3448 Dux
1534 3413 1690 3449 cohortis
1723 3411 1862 3448 socialis
1897 3415 1934 3448 et
1966 3415 2043 3458 ipse
