2254 3770
742 309 893 355 LIBER
922 308 1005 352 XV.
1046 307 1147 364 Cap.
1179 306 1244 351 47.
1276 307 1342 351 48.
1854 306 1935 351 499

158 418 293 477 pedes
322 417 538 462 confectus
569 416 716 474 spatiis
747 415 943 460 itinerum
971 414 1155 458 alacrem
1184 421 1227 458 et
1255 413 1450 457 facilitate
1481 426 1729 471 camporum
1756 425 1937 470 praeve-

158 496 343 539 nientem
373 492 561 551 equitem
590 492 914 549 adsequeretur.
945 490 1041 533 exin
1071 490 1226 532 Paetus
1253 503 1332 546 per
1352 488 1665 546 Cappadociam
1685 487 1935 532 hibernavit.

158 577 200 613 at
228 568 448 625 Vologesis
486 566 539 611 ad
571 565 854 610 Corbulonem
898 565 1012 608 missi
1045 565 1194 615 nuntii,
1235 562 1479 607 detraheret
1506 563 1678 608 castella
1708 571 1824 606 trans
1855 563 1938 606 Eu-

159 645 334 702 phraten
365 656 643 700 amnemque,
675 649 721 685 ut
749 640 869 692 olim,
900 639 1089 683 medium
1118 639 1287 683 faceret.
1318 638 1387 682 ille
1407 639 1649 683 Armeniam
1677 651 1852 696 quoque
1872 637 1938 680 di-

159 719 292 763 versis
330 717 556 776 praesidiis
594 730 774 761 vacuam
808 715 900 758 fieri
930 713 1235 772 expostulabat.
1281 720 1324 758 et
1352 721 1569 772 postremo
1599 713 1812 759 concessit
1840 723 1969 764 rex;⁵

159 794 385 851 dirutaque
415 806 526 850 quae
559 791 800 849 Euphraten
830 790 938 834 ultra
968 789 1303 834 communiverat
1333 790 1537 841 Corbulo,
1570 797 1613 834 et
1633 789 1816 834 Armenii
1847 788 1938 832 sine

158 869 317 914 arbitro
347 868 481 912 relicti
511 874 621 911 sunt.

274 943 355 1000 (48)
386 945 437 986 At
465 944 624 987 Romae
654 949 828 999 tropaea
856 940 913 985 de
934 940 1097 985 Parthis
1127 953 1341 998 arcusque
1370 940 1513 984 medio
1535 941 1754 998 Capitolini
1787 940 1940 984 montis

161 1019 438 1070 sistebantur,
479 1018 651 1062 decreta
693 1016 747 1061 ab
784 1023 932 1060 senatu
976 1016 1138 1073 integro
1167 1015 1308 1059 adhuc
1336 1015 1449 1059 bello
1479 1030 1622 1074 neque
1652 1023 1741 1060 tum
1770 1016 1939 1066 omissa,

162 1095 265 1138 dum
294 1093 484 1151 aspectui
515 1092 747 1137 consulitur
775 1097 918 1149 spreta
948 1091 1216 1136 conscientia.
1249 1090 1350 1148 quin
1381 1097 1423 1134 et
1450 1090 1768 1135 dissimulandis
1799 1102 1992 1137 rerumw

163 1177 432 1216 externarum
462 1168 576 1212 curis
606 1169 718 1211 Nero
749 1167 1001 1213 frumentum
1031 1166 1168 1224 plebis
1190 1172 1397 1211 vetustate
1428 1174 1672 1224 corruptum
1697 1168 1740 1209 in
1760 1167 1945 1211 Tiberim

164 1245 276 1297 iecit,
318 1258 404 1302 quo
443 1243 712 1287 securitatem
751 1255 944 1289 annonae
981 1247 1257 1294 sustentaret3
1298 1242 1422 1285 cuius
1456 1238 1593 1299 pretio
1621 1241 1722 1286 nihil
1753 1242 1942 1286 additum

163 1326 247 1372 est,
288 1318 483 1377 quamvis
523 1319 729 1361 ducentas
767 1317 900 1363 ferme
939 1330 1070 1360 naves
1103 1323 1226 1374 portu
1259 1316 1300 1359 in
1330 1316 1425 1374 ipso
1454 1317 1654 1362 violentia
1683 1318 1944 1375 tempestatis

164 1403 207 1439 et
235 1401 408 1451 centum
437 1393 542 1437 alias
572 1392 710 1436 Tiberi
741 1391 969 1438 subvectas
1000 1392 1194 1436 fortuitus
1233 1392 1341 1449 ignis
1371 1392 1694 1450 absumpsisset.
1742 1393 1816 1437 tris
1845 1393 1944 1437 dein

166 1469 433 1521 consulares,
466 1469 508 1512 L.
531 1468 748 1519 Pisonem,
779 1462 1017 1514 Ducenium
1039 1467 1274 1518 Geminum,
1305 1468 1554 1526 Pompeium
1574 1468 1796 1513 Paulinum
1815 1469 1996 1513 vecti-⁴⁵

167 1545 331 1603 galibus
370 1543 551 1602 publicis
589 1543 855 1601 praeposuit,
895 1556 993 1587 cum
1029 1543 1302 1589 insectatione
1337 1543 1529 1601 priorum
1568 1543 1826 1601 principum,
1872 1544 1946 1602 qui

168 1621 370 1678 gravitate
401 1625 646 1676 sumptuum
676 1619 809 1662 iustos
841 1618 1001 1664 reditus
1030 1618 1283 1662 anteissent:
1315 1632 1362 1663 se
1392 1632 1579 1662 annuum
1608 1619 1848 1663 sexcenties
1879 1632 1948 1663 se-

168 1696 360 1741 stertium
388 1694 450 1738 rei
481 1709 520 1752 p.
549 1692 702 1751 largiri.

236 1835 267 1868 4.
291 1834 454 1867 itenerum
469 1842 523 1876 pr.
540 1834 573 1867 M
593 1852 629 1857 —
653 1834 686 1866 2.
706 1836 803 1874 petus
822 1834 856 1866 M
875 1851 911 1857 —
929 1832 1135 1875 cappadocia
1150 1834 1183 1866 M
1201 1851 1237 1857 —
1256 1832 1289 1866 3.
1307 1834 1472 1876 uoloyeses
1487 1834 1532 1875 M,
1559 1833 1656 1867 «fort.
1676 1844 1717 1868 ex
1737 1836 1893 1879 Vologesi,
1911 1836 1950 1869 ut

169 1894 223 1926 est
245 1899 352 1934 supra
369 1900 399 1923 c.
418 1890 460 1924 44
481 1890 572 1922 missi
592 1891 690 1923 Paeto
712 1890 855 1922 nuntii.»
874 1890 982 1923 HALM.
1002 1907 1037 1913 —
1063 1890 1238 1923 corbulone
1259 1891 1333 1924 M—
1359 1890 1390 1923 6.
1408 1892 1586 1934 dirutaque
1608 1900 1694 1932 quae
1715 1891 1947 1925 Puteolanus:

168 1949 283 1981 diruta
304 1955 431 1988 queque
451 1947 484 1981 Μ
501 1964 537 1969 -
562 1947 825 1978 communiverat
846 1947 1041 1979 Bekkerus:
1066 1947 1317 1979 comminiuerat
1331 1947 1383 1986 M;
1408 1948 1647 1980 communierat
1669 1947 1891 1982 Puteolanus.
1911 1965 1947 1971 —

169 2004 202 2037 8.
226 2007 343 2044 tropea
370 2003 404 2037 M
430 2021 464 2026 -
497 2003 530 2036 9.
554 2002 675 2035 omissa
702 2001 930 2035 Puteolanus:
962 2003 1087 2035 amissa
1115 2002 1149 2036 M
1177 2019 1214 2025 -
1248 2003 1301 2035 40.
1325 2006 1438 2043 spreta
1464 2003 1695 2037 Puteolanus:
1721 2007 1831 2045 spreto
1853 2004 1886 2037 M
1912 2022 1948 2028 —

170 2061 224 2094 44.
239 2059 379 2101 tyberim
399 2059 434 2092 M
461 2076 494 2083 -
519 2059 573 2091 ⁴2.
591 2067 722 2091 annone
743 2059 776 2092 M
793 2076 829 2082 —
855 2061 1052 2091 sustentaret
1073 2059 1124 2092 M:
1149 2061 1326 2092 ostentaret
1348 2058 1463 2092 alii.—
1485 2057 1556 2101 sitio
1577 2060 1677 2094 nichil
1698 2061 1732 2094 M
1752 2077 1797 2084 -
1820 2060 1873 2093 ⁴4.
1897 2063 1952 2100 tu-

170 2116 245 2150 bert
261 2117 296 2150 M
312 2133 348 2140 -
373 2115 603 2156 absumpsisset
624 2116 671 2147 G:
696 2115 920 2156 assmnpsisset
941 2115 975 2148 M
998 2131 1032 2138 —
1064 2115 1117 2148 48.
1141 2115 1204 2149 RP.
1227 2115 1262 2149 M
1285 2115 1344 2157 (rei
1367 2115 1402 2151 in
1425 2117 1581 2158 margine
1605 2116 1651 2149 ab
1675 2116 1802 2150 eadem
1818 2117 1950 2158 manu).

170 2236 355 2277 Tigranem
378 2235 562 2276 impositis.
579 2253 623 2258 —
644 2234 714 2267 sine
736 2233 876 2276 arbitro]
900 2235 923 2266 i.
940 2243 971 2267 e.
990 2235 1036 2266 ita

171 2287 210 2318 ut
233 2294 338 2319 nemo
362 2293 486 2317 eorum
507 2284 616 2318 rebus
640 2285 881 2317 interveniret.
908 2284 958 2318 Cf.
982 2283 1034 2324 46,

174 2337 206 2368 44
223 2345 230 2367 τ
257 2338 394 2368 mortem
415 2336 484 2367 sine
506 2334 634 2366 arbitro
650 2335 853 2375 permittens.

216 2385 268 2419 48.
286 2385 414 2426 integro
430 2384 538 2416 adhuc
550 2383 641 2425 bello]
659 2383 816 2416 nondum
829 2383 906 2416 fuso
918 2384 1036 2416 Paeto.

176 2453 212 2458 —
227 2435 309 2477 tum]
328 2443 409 2466 cum
425 2434 529 2467 huius
542 2433 622 2475 fuga
638 2434 769 2466 Romae
783 2435 916 2475 cognita
930 2434 1036 2467 esset.

176 2503 212 2508 —
237 2483 396 2526 aspectui]
420 2483 722 2525 magnificentiae,
748 2492 818 2525 qua
830 2483 916 2517 urbs
933 2493 1040 2516 orna-

172 2535 278 2569 batur
299 2534 453 2578 tropaeis
471 2533 536 2567 illis
553 2534 588 2566 et
607 2532 761 2567 arcubus
777 2533 823 2566 ad
839 2533 946 2567 finem
961 2542 1041 2576 per·

173 2585 301 2618 ductis.
322 2602 358 2607 —
381 2584 584 2626 frumentum
603 2583 716 2625 plebis]
741 2583 837 2625 quod
859 2582 954 2626 plebi
973 2585 1041 2616 sin-

174 2634 262 2677 gulis
284 2633 470 2671 mensibus
493 2632 726 2671 dividebatur,
751 2633 824 2665 sive
838 2633 1041 2674 frumentum

171 2684 358 2726 publicum,
382 2686 422 2717 ut
442 2683 498 2716 est
518 2683 648 2715 Inscrr.
673 2683 747 2715 Lat.
773 2692 808 2715 n.
833 2682 908 2716 754.
935 2683 1041 2716 Cete-

175 2743 254 2768 rum
277 2733 495 2773 conferatur,
529 2733 590 2774 qui
611 2733 722 2765 totam
745 2740 823 2764 rem
845 2732 1040 2765 frumenta-

175 2784 264 2817 riam
272 2784 512 2816 Romanorum
524 2781 708 2823 diligenter
718 2783 961 2824 perscrutatus
973 2783 1038 2823 est,

175 2833 214 2866 E.
227 2833 329 2865 Kuhn
344 2832 425 2865 iiber
440 2833 492 2865 die
502 2831 727 2872 Korneinfuhr
740 2832 776 2863 in
787 2833 867 2864 Rom
882 2832 928 2864 im
938 2831 1041 2864 Alter-

176 2883 279 2923 thum,
295 2883 332 2916 in
346 2882 497 2917 Zeitschr.
513 2882 539 2924 f.
555 2881 692 2914 Alterth.
711 2885 807 2922 1845,
832 2890 868 2924 p.
887 2882 982 2915 4080.
999 2899 1036 2905 -

176 2931 382 2974 sustentaret]
412 2932 561 2974 Ryckio,
593 2932 653 2974 qui
682 2932 822 2974 scripsit
852 2935 1040 2972 ostentaret,

177 2984 326 3018 dicenti:
352 2984 444 3023 «Qui
467 2982 681 3016 frumentum
704 2984 910 3024 corruptum
930 2983 966 3019 in
989 2983 1042 3015 Ti—

179 3034 293 3068 berim
309 3032 400 3072 iacit,
422 3033 452 3065 is
473 3031 588 3074 potius
604 3032 730 3064 minuit
745 3041 854 3074 quam
869 3033 1042 3065 sustentat

179 3091 399 3117 annonamtn
426 3083 523 3114 recte
546 3081 728 3124 respondit
742 3079 917 3114 Walther:
945 3082 1043 3114 «lm-

180 3143 240 3168 mo
269 3133 330 3175 qui
359 3131 574 3165 frumentum
604 3132 809 3172 corruptum
835 3131 980 3172 retinet,
1013 3131 1042 3164 is

181 3184 334 3219 ostentat
354 3182 538 3225 penuriam
559 3190 638 3214 esse
660 3181 826 3214 frumenti
848 3182 884 3213 et
906 3181 1044 3214 securi·

181 3236 289 3268 tatem
321 3241 482 3266 annonae
510 3232 655 3270 minuit3
688 3231 749 3272 qui
772 3240 856 3264 vero
885 3231 921 3264 in
943 3230 1044 3263 Tibe-

181 3284 250 3319 rim
271 3284 392 3324 iactat,
416 3283 446 3315 is
462 3282 614 3315 ostentat
635 3280 771 3314 tantum
791 3279 957 3313 frumenti
979 3279 1044 3312 ad-

183 3341 280 3375 esse,
304 3334 343 3366 ut
364 3309 571 3374 cbrruptum
591 3331 715 3373 proiici
736 3330 859 3370 liceat;
884 3339 1042 3364 annonae

183 3391 344 3416 securam
368 3382 471 3424 igitur
489 3381 606 3415 reddit
626 3379 786 3424 plebem,
810 3380 879 3414 hoc
896 3382 968 3421 est,
992 3389 1044 3413 se-

182 3433 356 3469 amenum
377 3440 530 3466 annonae
550 3433 720 3467 sustentat.
747 3428 897 3464 Nolebat
913 3430 1043 3474 quippe

1087 2235 1177 2266 Nero
1201 2232 1344 2275 plebem
1367 2235 1507 2267 anxiam
1530 2244 1609 2268 esse
1634 2235 1679 2268 ob
1699 2235 1818 2270 clades
1835 2238 1953 2270 exter-

1087 2293 1163 2318 nas.
1189 2284 1239 2318 Cf.
1258 2294 1289 2318 c.
1307 2285 1366 2318 36:
1392 2285 1477 2327 plebi
1492 2303 1543 2311 --
1557 2294 1643 2326 quae
1662 2289 1848 2329 praecipua
1869 2297 1954 2325 cura

1087 2337 1151 2374 est,
1175 2335 1225 2367 rei
1246 2334 1488 2375 frumentariae
1510 2337 1684 2377 angustias
1705 2338 1733 2369 si
1747 2338 1870 2371 abesset
1882 2347 1953 2371 me-

1087 2386 1225 2417 tuenti.»
1250 2385 1363 2426 Atque
1386 2385 1476 2417 haec
1495 2386 1568 2427 ipsa
1585 2388 1746 2420 securitas
1762 2387 1888 2428 effecit,
1914 2389 1954 2420 ut

1089 2433 1253 2466 frumenti
1276 2435 1389 2476 pretio
1413 2434 1495 2469 nihil
1518 2435 1599 2468 addi
1623 2439 1744 2479 posset
1761 2446 1779 2469 a
1800 2438 1954 2479 negotia-

1089 2483 1236 2516 toribus.
1263 2483 1448 2526 («Pertinet
1470 2485 1541 2518 huc
1556 2487 1703 2520 Neronis
1723 2496 1901 2528 nummus,
1918 2489 1953 2521 in

1090 2542 1159 2575 quo
1183 2534 1397 2576 conspicitur
1419 2535 1527 2567 Ceres
1557 2536 1688 2569 sedens
1712 2538 1747 2570 et
1769 2539 1849 2570 ante
1874 2546 1954 2571 eam

1089 2583 1215 2616 mulier
1237 2585 1332 2617 stans
1355 2593 1437 2617 cum
1461 2594 1570 2618 cornu
1593 2588 1730 2628 copiae,
1755 2588 1840 2620 item
1857 2588 1955 2622 navis

1089 2635 1208 2676 parte;
1234 2634 1366 2667 circum
1388 2633 1531 2676 legitur:
1555 2635 1745 2670 ANNONA.
1762 2638 1953 2671 AVGVSTI.

1090 2683 1236 2716 CERES.
1261 2684 1344 2716 SC.»
1367 2685 1469 2717 chx.
1495 2684 1546 2717 Cf.
1564 2686 1739 2719 Akerman
1754 2687 1786 2725 Ι,
1810 2696 1844 2729 p.
1865 2687 1953 2727 465.)

1092 2752 1128 2757 -
1142 2737 1245 2774 portu
1263 2734 1300 2766 in
1321 2733 1403 2775 ipso]
1428 2734 1587 2768 Ostiensi.
1610 2751 1644 2759 —
1663 2736 1700 2768 L.
1717 2736 1874 2778 Pisonem]
1900 2736 1953 2770 Cf.

1090 2784 1143 2823 43,
1168 2784 1223 2816 28.
1251 2802 1286 2807 —
1317 2783 1501 2816 Ducenium
1523 2784 1713 2828 Geminum]
1747 2786 1814 2819 sub
1846 2785 1952 2819 Galba

1089 2833 1308 2875 praefectum
1336 2832 1417 2865 urbi
1451 2834 1506 2872 (H.
1533 2835 1565 2873 4,
1591 2834 1661 2876 44).
1698 2853 1730 2859 -
1765 2836 1955 2877 Pompeium

1088 2881 1276 2924 Paulinum]
1301 2881 1351 2915 Cf.
1372 2883 1424 2923 43,
1442 2883 1495 2916 53.
1521 2885 1655 2917 Seneca
1679 2885 1724 2918 de
1741 2886 1841 2919 Brev.
1859 2887 1958 2919 vitae.

1091 2942 1121 2965 c.
1148 2933 1188 2965 48
1219 2930 1350 2964 Paulini
1379 2932 1533 2966 officium
1560 2935 1704 2976 respicit
1731 2936 1786 2968 his
1813 2936 1950 2970 verbis:

1093 2983 1140 3015 Tu
1153 2982 1284 3023 quidem
1297 2981 1385 3014 orbis
1399 2986 1567 3016 terrarum
1581 2986 1727 3018 rationes
1741 2987 1957 3020 admi‘nistras

1090 3037 1160 3065 tam
1181 3032 1379 3065 abstinenter
1400 3042 1502 3074 quam
1523 3034 1667 3075 alienas,
1692 3039 1761 3069 tam
1782 3037 1955 3078 diliqenter

1091 3091 1193 3124 quam
1215 3086 1308 3123 tuas,
1333 3086 1403 3117 tam
1424 3085 1576 3126 religiose
1599 3095 1701 3126 quam
1719 3087 1880 3126 publicas.
1914 3087 1955 3120 In

1091 3142 1128 3166 eo
1150 3133 1256 3174 officio
1278 3141 1425 3166 mnorem
1446 3136 1668 3175 consequeris,
1699 3136 1735 3168 in
1756 3144 1821 3175 quo
1843 3137 1955 3170 odium

1090 3183 1197 3215 vitare
1218 3181 1350 3224 difficile
1362 3186 1420 3216 est.
1445 3184 1509 3216 Sed
1523 3188 1650 3224 tamen,
1674 3185 1873 3226 mihicrede,
1896 3195 1956 3220 sa-

1092 3233 1158 3265 tius
1184 3234 1232 3265 est
1257 3233 1346 3265 vitae
1374 3242 1455 3266 suae
1480 3234 1643 3266 rationem
1672 3244 1772 3274 quam
1797 3235 1955 3277 frmnente‘

1089 3281 1213 3322 publici
1232 3290 1336 3315 nosse.
1357 3300 1392 3304 —
1417 3284 1521 3315 iustos
1540 3284 1666 3316 reditus
1686 3285 1872 3328 anteissent]
1894 3295 1955 3320 re—

1093 3331 1185 3364 ditus
1207 3330 1367 3374 publicos
1389 3331 1525 3374 legibus
1545 3334 1751 3367 constitutos
1773 3343 1816 3368 ac
1839 3335 1954 3370 finitos

1092 3381 1353 3424 profusionibus
1375 3383 1446 3415 suis
1469 3384 1687 3424 supergressi
1711 3386 1840 3419 essent.
1862 3404 1898 3410 -
1923 3395 1956 3419 se

1093 3447 1113 3455 -
1123 3447 1142 3455 -
1156 3430 1288 3474 taratra]
1313 3431 1364 3466 Cf.
1382 3431 1435 3472 43,
1453 3431 1489 3465 34
1505 3440 1512 3464 :
1536 3434 1719 3470 sestertium
1734 3434 1955 3478 quadr-inam-
