2254 3770
737 287 893 336 LIBER
922 288 1023 332 xiv.
1067 287 1170 346 Cap.
1202 287 1219 332 ⁴
1229 288 1268 333 3.
1298 288 1366 335 at.
1875 289 1959 338 t47

174 397 311 441 visum
342 394 598 453 Agrippinae
627 407 782 439 nomen
813 400 855 438 et
884 399 1019 439 morte
1048 393 1142 438 eius
1172 408 1401 439 accensum
1432 394 1578 453 populi
1607 394 1796 440 favorem
1818 394 1959 440 disse-

173 477 291 516 runt:
324 470 403 514 iret
432 469 670 527 intrepidus
700 475 743 513 et
770 469 1091 513 venerationem
1120 469 1184 513 sui
1212 483 1357 514 coram
1378 469 1657 528 experiretur.
1688 469 1813 517 simul
1835 483 1960 528 prae-

171 545 292 605 gredi
313 551 561 603 exposcunt.
594 551 637 588 et
655 545 917 602 promptiora
938 558 1067 602 quam
1087 544 1371 602 promiserant
1391 545 1620 597 inveniunt,
1642 545 1790 589 obvias
1810 545 1958 597 tribus,

171 621 279 665 sesto
310 619 423 665 cultu
454 626 672 671 senatum,
704 619 934 676 coniugum
964 633 1014 663 ac
1044 618 1276 663 liberorum
1305 620 1472 677 agmina
1500 633 1580 678 per
1608 634 1760 665 sexum
1779 627 1822 665 et
1843 626 1960 665 aeta-

171 702 257 740 tem
278 695 496 753 disposita,
529 701 757 746 extructos,
790 709 876 753 qua
894 694 1135 746 incederet,
1168 695 1510 751 spectaculorum
1530 694 1700 753 gradus,
1723 709 1810 754 quo
1830 696 1991 740 modos

169 769 370 828 triumphi
410 770 615 814 visuntur.
675 770 771 814 hinc
812 769 1027 827 superbus
1065 783 1115 813 ac
1154 769 1311 826 publici
1350 770 1511 814 servitii
1541 771 1676 815 victor
1707 771 1960 829 Capitolium

169 845 292 897 adiit,
325 852 467 903 grates
498 845 674 896 exolvit,
713 859 850 902 seque
881 845 921 888 in
952 858 1101 889 omnes
1131 844 1331 888 libidines
1361 844 1526 897 effudit,
1559 860 1667 904 quas
1696 846 1808 891 male
1838 851 1960 891 co'er-

170 922 276 966 citas
314 920 641 979 qualiscumque
681 921 827 963 matris
862 920 1103 964 reverentia
1141 920 1395 969 tardaverat.
1441 920 1523 977 (44)
1559 928 1682 965 vetus
1713 921 1769 965 illi
1800 922 1958 980 cupido

169 1003 263 1041 erat
291 995 504 1040 curriculo
533 995 838 1053 quadrigarum
869 995 1087 1045 insistere,
1119 1009 1200 1039 nec
1228 995 1368 1038 minus
1398 995 1569 1039 foedum
1591 996 1779 1041 studium
1800 997 1959 1043 cithara

170 1071 381 1116 ludicrum
423 1071 466 1114 in
504 1070 678 1114 modum
711 1083 879 1116 canere.
926 1084 1054 1114 curru
1085 1077 1251 1115 certare
1281 1077 1323 1114 et
1352 1071 1476 1129 equis
1506 1072 1672 1128 regium
1701 1078 1744 1116 et
1773 1074 2008 1131 antiquisto

169 1146 353 1192 ducibus
383 1146 615 1190 factitatum
642 1145 924 1197 memorabat,
957 1145 1088 1203 idque
1118 1151 1262 1189 vatum
1289 1145 1488 1190 laudibus
1519 1146 1689 1192 celebre
1716 1154 1759 1191 et
1777 1147 1957 1194 deorum

170 1222 319 1266 honori
341 1221 498 1265 datum.
535 1221 649 1265 enim
670 1234 772 1264 vero
793 1226 941 1270 cantus
963 1219 1143 1277 Apollini
1165 1234 1330 1272 sacros,
1363 1220 1521 1280 talique
1543 1228 1691 1267 ornatu
1713 1229 1853 1267 astare
1873 1238 1957 1268 non

169 1297 297 1341 modo
329 1297 504 1341 Graecis
534 1297 575 1339 in
596 1296 787 1346 urbibus,
820 1295 895 1339 sed
918 1297 1107 1339 Romana
1125 1296 1239 1353 apud
1261 1296 1418 1354 templa
1438 1311 1596 1341 numen
1615 1298 1897 1356 praecipuum
1917 1307 1960 1343 et

168 1373 426 1431 praescium.
457 1385 537 1416 nec
565 1371 649 1414 iam
679 1371 769 1414 sisti
799 1377 983 1428 poterat,
1017 1384 1115 1414 cum
1136 1372 1337 1432 *Senecae
1364 1385 1415 1415 ac
1435 1373 1570 1416 Burro
1590 1373 1741 1425 visum,
1768 1388 1823 1418 ne
1844 1381 1960 1419 utra-

171 1462 258 1506 que
286 1447 573 1505 pervinceret,
604 1446 785 1490 alterum
815 1446 1068 1490 concedere.
1115 1425 2010 1508 cmmi'cffispatiumw

169 1523 212 1566 in
243 1537 330 1581 quo
360 1536 498 1581 equos
518 1528 707 1579 regeret,
740 1521 853 1564 haud
892 1521 1105 1579 promisco
1136 1521 1395 1579 spectaculo.
1439 1536 1540 1566 mox
1568 1523 1678 1567 ultro
1707 1525 1850 1569 vocari
1881 1541 1960 1583 po-

169 1597 297 1656 pulus
327 1599 542 1641 Romanus
572 1596 862 1654 laudibusque
891 1595 1116 1647 extollere,
1147 1603 1194 1640 ut
1223 1604 1289 1640 est
1317 1596 1470 1655 vulgus
1498 1599 1677 1656 cupiens
1696 1599 1960 1658 voluptatum

171 1680 231 1726 et,
264 1674 299 1718 si
331 1674 485 1718 eodem
514 1673 715 1731 princeps
744 1671 897 1723 trahat,
929 1671 1099 1715 laetum.
1145 1677 1336 1715 ceterum
1367 1672 1588 1731 evulgatus
1615 1674 1757 1732 pudor
1785 1690 1870 1720 non
1890 1690 1959 1721 sa-

232 1824 267 1858 4.
291 1828 409 1858 senatu
431 1825 464 1858 M
490 1840 526 1848 ·—-
552 1827 671 1857 etatem
692 1824 727 1857 M
753 1841 787 1848 —
816 1824 847 1856 5.
872 1823 1058 1856 incenderet
1079 1824 1111 1857 M
1136 1840 1174 1847 —
1199 1823 1233 1857 8.
1256 1824 1376 1864 cupido
1397 1825 1552 1866 Lipsius:
1583 1826 1680 1867 copia
1701 1828 1750 1868 M;
1784 1836 1869 1861 cura
1890 1830 1961 1862 Pu—

171 1880 342 1914 teolanus.
372 1898 408 1904 —
434 1881 465 1914 9.
490 1881 606 1926 fedum
628 1881 662 1913 M
687 1897 722 1903 —
747 1880 888 1920 cythara
911 1880 943 1913 M
962 1896 998 1902 —
1026 1879 1078 1912 40.
1103 1888 1208 1912 cinru
1228 1883 1358 1913 certare
1379 1884 1409 1913 et
1430 1881 1522 1922 equis
1542 1881 1717 1916 Baiterus:
1740 1892 1818 1916 cum
1839 1885 1962 1918 celaret

169 1938 243 1978 quis
265 1937 316 1976 M3
341 1945 417 1970 cum
438 1940 588 1975 cenaret,·
612 1937 700 1979 quod
721 1935 844 1978 vulg03
869 1940 1060 1969 concertare
1080 1937 1173 1978 equis
1195 1935 1364 1970 Halmius.
1384 1955 1421 1961 —
1447 1939 1501 1971 Η.
1517 1943 1683 1973 memorat
1705 1941 1739 1974 M
1752 1959 1797 1966 —-
1820 1942 1872 1975 ⁴2.
1897 1951 1961 1984 ap-

166 1993 288 2034 polini's
309 1993 342 2027 M
359 2010 396 2017 -
423 1992 475 2026 ⁴3.
493 1993 600 2035 grecis
614 1993 648 2027 M
666 2011 702 2017 -
726 2001 848 2025 numen
869 1993 1075 2026 Rhenanus:
1100 2001 1218 2026 nomen
1240 1994 1274 2028 M
1299 2012 1335 2017 —
1361 1993 1415 2027 ⁴4.
1434 1995 1603 2036 prescium
1623 1997 1658 2031 M
1673 2014 1716 2021 —
1737 2005 1848 2031 senece
1867 1999 1913 2033 M.

216 2117 267 2151 ⁴4.
304 2118 424 2159 cupido
456 2121 530 2151 erat
563 2119 650 2158 cet.]
700 2127 807 2152 «acre
842 2118 1037 2152 studium».

167 2167 413 2201 Emendationi
446 2177 517 2200 non
539 2167 657 2201 obstat
680 2167 869 2202 infinitivus
892 2169 1040 2202 insistere

168 2227 234 2260 pro
262 2219 445 2260 gerundio.
482 2220 539 2252 Sic
562 2219 691 2251 Ennius
716 2219 811 2261 apud
835 2219 907 2252 Cic.
933 2220 1036 2252 Tusc.

169 2269 203 2307 3.
228 2269 288 2302 26:
315 2270 442 2308 Cupido
463 2270 550 2310 cepit
564 2286 612 2294 ·-
627 2278 679 2301 me
698 2270 865 2310 proloqui.
890 2269 944 2302 Ad
959 2278 1038 2302 rem

169 2317 213 2352 cf.
250 2320 393 2352 sueton.
429 2320 510 2351 Ner.
536 2320 596 2351 22:
641 2320 816 2359 Equorum
847 2320 955 2351 studio
988 2319 1040 2352 vel

163 2370 347 2410 praecipue
376 2368 418 2401 ab
445 2370 576 2402 ineunte
605 2373 713 2402 aetate
738 2369 901 2411 flayravit
928 2370 1040 2410 pluri-

167 2428 307 2460 musque
334 2420 386 2452 illi
412 2428 535 2459 sermo,
567 2427 774 2461 quamquam
794 2422 976 2458 vetaretur,
1001 2420 1040 2452 de

168 2470 367 2503 circensibus
399 2473 486 2502 erat.
515 2486 551 2494 -
589 2470 758 2502 curriculo
791 2470 1039 2511 quadriqarum

166 2520 327 2562 insistere]
351 2520 373 2551 i.
399 2528 431 2552 e.
458 2518 646 2561 quadrigas
670 2527 788 2560 agere.
819 2518 869 2551 Cf.
897 2520 948 2559 45,
974 2519 1036 2553 44:

168 2569 284 2602 habitu
307 2570 449 2611 aurigae
472 2570 662 2609 permiaetus
686 2568 774 2608 plebi
795 2568 849 2600 vel
870 2569 1039 2601 curriculo

172 2619 334 2652 insistens.
368 2620 487 2651 Horat.
521 2619 636 2651 Carm.
664 2619 696 2657 4,
721 2618 753 2657 i,
778 2618 816 2650 3:
850 2618 936 2650 Sunt
960 2627 1040 2659 quos

168 2669 336 2701 curriculo
369 2669 402 2709 (i.
428 2677 459 2701 e.
489 2668 603 2709 curru)
633 2667 803 2708 pulverem
833 2667 1040 2709 Olympicum

1088 2119 1241 2161 utraque]
1258 2119 1451 2161 Bipontini:
1479 2124 1648 2164 «utraque
1665 2121 1799 2156 scilicet
1812 2123 1957 2158 libido.»

1089 2170 1155 2202 Pro
1179 2168 1331 2202 ablativo
1362 2169 1552 2204 subaudito
1574 2172 1685 2206 verbo
1711 2177 1811 2214 parte
1835 2174 1960 2208 habuit

1090 2218 1295 2258 Oberlinus;
1321 2220 1386 2253 sed
1409 2221 1463 2254 est
1485 2221 1602 2263 potius
1617 2224 1839 2257 accusativus
1853 2234 1960 2266 gene—

1089 2267 1137 2300 ris
1160 2269 1275 2300 neutri
1303 2278 1367 2311 pro
1390 2273 1581 2311 utrumque.
1605 2290 1650 2296 —
1674 2272 1761 2306 valle
1785 2274 1957 2317 Vaticana]

1089 2316 1218 2351 Plinius
1252 2319 1293 2350 N.
1319 2319 1360 2352 H.
1393 2319 1435 2352 36
1470 2321 1489 2362 g
1521 2320 1580 2353 74:
1617 2321 1744 2355 Tertius
1775 2322 1958 2367 (obeliscus)

1089 2369 1212 2401 Romae
1234 2368 1269 2400 in
1289 2369 1449 2402 Vaticano
1466 2370 1530 2403 Gai
1553 2373 1584 2403 et
1603 2371 1748 2405 Neronis
1766 2374 1959 2415 principum

1088 2419 1188 2450 circo.
1226 2418 1278 2451 Cf.
1305 2419 1358 2459 ⁴5,
1383 2418 1446 2452 44:
1477 2420 1590 2453 hortos
1616 2430 1692 2455 suos
1718 2423 1748 2456 ei
1776 2425 1959 2465 spectoeulo

1087 2468 1176 2500 Nero
1205 2468 1384 2509 obtulerat,
1416 2472 1447 2502 et
1475 2470 1620 2504 circense
1644 2472 1810 2506 ludicrum
1830 2475 1956 2508 edebat.

1089 2518 1232 2550 sueton.
1250 2519 1333 2551 Ner.
1350 2518 1411 2552 22:
1437 2527 1520 2553 mox
1542 2523 1572 2553 et
1593 2521 1662 2562 ipse
1683 2523 1845 2565 aurigare
1860 2528 1959 2566 atque

1087 2568 1190 2599 etiam
1222 2569 1367 2608 spectari
1400 2569 1532 2610 saepius
1559 2571 1665 2604 voluit
1678 2597 1686 2612 ,
1719 2574 1891 2615 positoque
1922 2575 1959 2607 in

1087 2617 1192 2649 hortis
1212 2618 1300 2650 inter
1320 2619 1459 2651 servitia
1473 2623 1504 2652 et
1525 2620 1695 2654 sordidam
1713 2623 1839 2663 plebem
1860 2626 1959 2658 rudi-

1087 2671 1195 2700 mento
1217 2668 1450 2702 universorum
1470 2678 1505 2702 se
1526 2671 1630 2704 oculis
1646 2672 1682 2704 in
1703 2674 1792 2706 circo
1806 2675 1959 2708 mamimo

166 2719 342 2760 Celleqisse
370 2719 475 2750 iuvat.
504 2735 539 2740 —
572 2717 739 2749 ludicrum
761 2717 797 2749 in
818 2717 969 2759 modurn]
1000 2719 1039 2750 ut
1082 2717 1252 2758 praebuit.
1291 2719 1422 2752 Canina
1451 2720 1663 2754 Indicazione
1684 2732 1719 2765 p.
1745 2723 1827 2758 306:
1862 2725 1960 2758 Nella

168 2768 203 2800 in
233 2767 324 2801 ludis
355 2766 506 2810 publicis
538 2768 574 2799 et
600 2767 634 2800 in
667 2766 813 2799 theatris
836 2765 912 2798 fieri
935 2765 1036 2806 solet,

168 2827 238 2851 non
261 2819 300 2850 ut
320 2818 356 2850 in
372 2817 605 2850 oblectatione
621 2816 829 2849 domestica.
856 2816 906 2849 Cf.
925 2824 956 2848 c.
976 2816 1034 2848 46:

164 2868 316 2900 ludicrae
337 2867 550 2908 imperatoris
571 2869 671 2899 artes.
698 2867 751 2906 ⁴6,
769 2865 808 2899 4:
834 2866 965 2898 ludicra
981 2867 1039 2898 de-

168 2917 330 2959 formitas.
364 2917 508 2950 Exstant
536 2916 692 2954 nummi,
728 2916 763 2947 in
787 2915 916 2957 quibus
946 2917 1038 2948 Nero

169 2965 408 3000 citharoedico
431 2965 573 3006 habitu,
599 2966 635 2997 in
658 2965 776 2997 tunica
792 2964 960 3006 oblonga,
988 2965 1039 2998 ci-

168 3017 307 3049 tharam
330 3017 533 3058 percutiens
551 3016 778 3057 conspicitur.
803 3014 890 3047 Vide
908 3013 1038 3047 Eckhel

169 3068 211 3100 D.
235 3068 276 3100 N.
303 3067 363 3106 VI,
388 3075 424 3108 p.
449 3066 526 3098 276.
548 3083 583 3089 —-
607 3066 737 3107 reqium
753 3082 802 3089 -—
818 3064 943 3106 datum]
969 3065 1039 3098 Me-

169 3115 236 3150 lius
259 3118 378 3159 (quam
402 3125 445 3148 ex
467 3114 606 3156 vulgata
637 3115 788 3148 lectione
813 3115 858 3147 ad
882 3115 1036 3147 citharae

171 3165 337 3207 studium)
363 3165 452 3198 haec
467 3164 578 3197 verba
602 3164 731 3197 cadunt
754 3165 789 3196 in
807 3163 950 3196 laudem
966 3165 1037 3197 stu-

171 3214 218 3247 dii
234 3215 502 3257 quadrigarum:
529 3213 563 3246 id
588 3214 681 3246 enim
703 3214 833 3255 regium
855 3212 900 3245 ab
919 3213 1038 3245 heroi-

171 3263 239 3298 bus
262 3265 476 3303 Homericis,
502 3271 585 3295 mox
608 3271 628 3295 a
645 3261 835 3295 Gelonibus
854 3264 889 3294 et
913 3263 1037 3295 Hiero-

169 3313 275 3347 nibus
292 3314 538 3352 exercitatum
557 3313 593 3344 et
606 3315 722 3344 vatum
737 3311 889 3344 laudibus
902 3311 1035 3351 celebre,

171 3364 211 3395 ut
239 3362 378 3396 Pindari
401 3365 437 3396 et
460 3361 665 3401 Simonidis,
699 3363 734 3393 et
757 3362 893 3393 deorum
922 3361 1040 3394 honori

166 3413 306 3452 datum,
329 3414 369 3446 ut
382 3413 472 3453 Iovi,
490 3411 653 3455 Apollini,
669 3412 843 3453 Neptuno.
869 3411 975 3444 Donn.
997 3427 1034 3434 -

1087 2767 1175 2799 valle
1209 2767 1265 2800 che
1294 2768 1386 2800 esiste
1413 2772 1470 2800 tra
1503 2770 1695 2804 l’estremild
1715 2775 1959 2807 settentrionale

1088 2817 1140 2849 del
1155 2817 1328 2850 Gianicolo
1350 2819 1390 2850 ed
1411 2818 1437 2850 il
1458 2819 1538 2853 colle
1556 2821 1735 2863 Vaticano,
1761 2823 1878 2856 benene*
1894 2833 1959 2865 per

1088 2866 1123 2898 la
1146 2867 1305 2899 immensa
1325 2867 1476 2907 fabbrica
1499 2869 1585 2902 della
1607 2870 1746 2905 basilica
1769 2874 1802 2905 di
1824 2874 1859 2906 S.
1884 2875 1958 2907 Pie-

1088 2920 1140 2948 ινο
1162 2917 1210 2948 ivi
1232 2919 1354 2956 erecta,
1378 2927 1446 2950 non
1467 2918 1520 2951 sia
1541 2920 1681 2954 rimasto
1704 2923 1803 2955 alcun
1823 2932 1958 2957 avanzo

1088 2966 1122 2997 di
1144 2966 1255 2998 antico
1282 2965 1487 3008 fabbricato,
1519 2970 1547 3002 si
1579 2970 1689 3003 hanno
1708 2972 1790 3012 pere
1813 2972 1959 3006 bastanti

1087 3015 1193 3055 indizj
1210 3023 1275 3056 per
1296 3017 1500 3051 riconoscere
1515 3018 1549 3051 la
1560 3021 1693 3060 precisa
1707 3022 1892 3055 situazione
1907 3023 1958 3055 del

1087 3066 1177 3097 circo
1207 3065 1241 3097 di
1273 3065 1423 3107 Caliyola
1445 3076 1462 3100 e
1485 3068 1519 3100 di
1540 3069 1671 3103 Nerone
1693 3071 1749 3103 che
1769 3075 1866 3103 stava
1888 3072 1958 3105 col-

1087 3115 1194 3146 locato
1216 3117 1252 3146 in
1275 3116 1350 3156 quel
1370 3117 1544 3150 medesimo
1566 3119 1674 3162 luogo.
1702 3121 1907 3161 smper-ocche*
1918 3122 1958 3164 fu

1086 3164 1134 3196 ivi
1155 3164 1320 3198 ritrovato
1343 3164 1499 3199 l’obelisco
1521 3168 1578 3200 che
1593 3168 1742 3210 Caliqola
1762 3170 1831 3210 fece
1843 3172 1958 3206 venire

1088 3213 1166 3245 dall’
1188 3213 1299 3255 Egilto
1323 3224 1389 3256 per
1410 3216 1672 3250 l'adornamento
1694 3219 1782 3251 della
1803 3221 1901 3261 spina
1923 3222 1957 3255 di

1088 3262 1153 3294 tale
1175 3262 1283 3303 circo,
1307 3264 1334 3296 il
1349 3265 1447 3306 quale
1469 3266 1507 3306 fu
1523 3267 1638 3306 quindi
1654 3270 1859 3308 traspertato
1873 3274 1956 3304 sotto

1086 3311 1112 3343 il
1126 3311 1317 3354 Pontificato
1333 3315 1367 3348 di
1383 3314 1469 3347 Siste
1488 3315 1523 3346 V.
1538 3316 1591 3347 nel
1604 3325 1718 3349 mezzo
1732 3315 1818 3350 della
1826 3319 1957 3360 piazza

1087 3361 1121 3393 di
1143 3361 1178 3394 S.
1203 3362 1321 3396 Pietro.
1349 3380 1385 3386 —
1420 3364 1524 3406 ultro]
1559 3364 1652 3397 nulla
1679 3367 1867 3402 occasione
1891 3378 1955 3403 ex—

1086 3410 1261 3446 trinsecus
1284 3414 1372 3446 orta.
1399 3430 1435 3436 -
1460 3413 1651 3456 evulyatus]
1681 3417 1861 3452 rarissimo
1886 3427 1954 3453 usu
