2254 3770
708 313 865 358 LIBER
892 314 961 357 XI.
1002 312 1122 370 Cap.
1152 312 1219 357 42.
1250 312 1317 356 43.
1347 312 1414 356 44.
1883 304 1958 358 324

180 422 460 481 Pomponium
481 421 750 466 consularem
780 421 830 477 (is
851 420 1039 465 carmina
1060 432 1242 463 scaenae
1265 419 1405 476 dabat)
1434 419 1564 478 inque
1583 418 1760 463 feminas
1782 417 1966 463 illustres

178 498 336 558 probra
364 498 542 550 iecerat3
575 504 618 541 et
646 496 741 554 lege
771 496 854 540 lata
881 495 1103 540 saevitiam
1122 494 1378 539 creditorum
1399 495 1597 547 coercuit,
1628 509 1683 539 ne
1712 494 1754 537 in
1784 500 1965 538 mortem

179 579 401 633 parentum
435 574 642 631 pecunias
677 571 774 616 filiis
808 572 1057 616 familiarum
1089 571 1251 615 faenori
1281 570 1450 624 darent;
1492 571 1718 629 fontesque
1757 583 1966 628 aquarum

179 648 431 694 Simbruinis
469 647 649 692 collibus
688 647 898 691 deductos
937 646 1032 690 urbi
1071 645 1230 699 intulit;
1276 659 1327 690 ac
1368 659 1500 690 novas
1539 646 1772 691 litterarum
1809 645 1967 689 formas

178 724 342 769 addidit
375 722 669 782 vulgavitque,
702 729 922 781 comperto
954 722 1160 767 Graecam
1191 735 1365 780 quoque
1403 721 1681 766 litteraturam
1719 735 1804 765 non
1843 719 2000 764 simule

181 806 377 858 coeptam
406 799 745 858 absolutamque.

291 875 373 933 (44)
404 875 532 919 Primi
562 889 642 933 per
670 874 829 932 figuras
859 873 1106 918 animalium
1127 873 1324 933 Aegyptii
1355 887 1508 917 sensus
1537 873 1691 917 mentis
1713 872 1970 931 effingebant

180 977 236 984 —
265 965 318 995 ea
348 950 644 1009 antiquissima
682 950 942 994 monimenta
979 949 1213 993 memoriae
1255 949 1466 993 humanae
1502 949 1698 1007 inpressa
1733 948 1845 993 saxis
1876 962 1970 993 cer-

181 1033 338 1071 nuntur
357 1052 412 1059 —
433 1032 476 1070 et
504 1025 736 1070 litterarum
767 1031 905 1070 semet
923 1026 1170 1069 inventores
1190 1024 1437 1083 perhibent;
1468 1024 1568 1069 inde
1587 1024 1836 1076 Phoenicas,
1869 1024 1971 1082 quia

178 1102 284 1146 mari
314 1100 648 1160 praepollebant,
682 1101 874 1145 intulisse
897 1101 1100 1145 Graeciae
1121 1099 1386 1159 gloriamque
1409 1099 1600 1158 adeptos,
1631 1107 1849 1159 tamquam
1871 1109 2022 1157 rep-lo

179 1178 368 1236 pererint
397 1191 510 1236 quae
549 1183 815 1235 acceperant.
866 1176 1028 1234 quippe
1065 1176 1175 1219 sama
1205 1183 1271 1220 est
1300 1175 1508 1220 Cadmum
1537 1175 1674 1221 classe
1709 1175 1972 1220 Phoenicum

178 1260 350 1298 vectum
386 1253 566 1297 rudibus
607 1252 748 1296 adhuc
787 1251 1049 1296 Graecorum
1086 1251 1258 1310 populis
1299 1251 1400 1295 artis
1437 1251 1530 1296 eius
1569 1257 1787 1297 auctorem
1825 1251 1971 1295 fuisse.

180 1328 358 1388 quidam
397 1329 635 1386 Cecropem
682 1327 986 1372 Atheniensem
1027 1326 1096 1371 vel
1140 1327 1292 1371 Linum
1336 1327 1584 1372 Thebanum
1624 1333 1666 1371 et
1707 1325 1973 1385 temporibus

245 1438 277 1470 4.
300 1437 341 1480 is]
364 1437 428 1478 his,
454 1445 555 1470 erasa
578 1435 692 1469 littera
714 1437 753 1477 h,
779 1437 813 1469 M
827 1453 864 1460 —
890 1437 991 1477 inque
1013 1445 1107 1469 corr.
1125 1435 1171 1468 ab
1197 1435 1323 1468 eadem
1348 1444 1457 1469 manu
1473 1444 1516 1468 ex
1538 1435 1648 1477 inquit
1670 1436 1704 1470 M
1722 1453 1758 1458 —
1783 1436 1817 1469 2.
1834 1437 1975 1468 mortem

179 1493 333 1536 Lipsius:
357 1496 464 1526 morte
484 1494 518 1527 Μ
537 1512 572 1517 -
598 1492 629 1526 4.
655 1493 854 1526 Simbruinis
876 1493 1083 1526 Rhenanus:
1110 1491 1169 1525 sub
1191 1491 1361 1525 Inbruinis
1382 1493 1435 1531 M3
1461 1491 1503 1524 ab
1526 1492 1725 1525 Simbruinis
1746 1492 1817 1525 Iac.
1837 1492 1975 1542 Grono-

178 1549 269 1582 vius.
298 1567 334 1572 —
359 1549 523 1592 deductos]
549 1550 678 1582 Littera
701 1559 724 1582 u
747 1549 783 1582 in
806 1549 839 1583 M
863 1550 919 1582 est
942 1558 985 1582 ex
1009 1549 1242 1582 correctione.
1270 1566 1306 1572 -
1339 1547 1432 1580 urbis
1454 1557 1510 1590 pr.
1534 1549 1584 1590 M,
1609 1549 1648 1581 ut
1669 1547 1827 1587 videtur;
1851 1546 1973 1580 ultima

179 1605 253 1639 scil.
271 1604 384 1638 littera
408 1614 509 1638 erasa
533 1607 598 1639 est.
619 1623 655 1629 —
682 1606 714 1638 5.
734 1605 899 1639 Graecam
914 1614 1044 1649 quoque
1059 1605 1215 1647 Lipsius:
1241 1613 1370 1646 guoque
1391 1613 1550 1647 graecam
1564 1605 1598 1639 M
1617 1622 1653 1629 -
1678 1604 1710 1637 6.
1735 1607 1864 1652 ceptam
1881 1605 1916 1638 Μ
1934 1620 1973 1629 -

179 1662 211 1695 8.
235 1671 277 1695 ea
298 1662 450 1704 Lipsius:
476 1665 507 1695 et
529 1663 562 1696 M
579 1679 615 1686 —-
642 1662 694 1695 40.
711 1663 842 1705 greciae
856 1663 891 1696 M
909 1681 945 1686 —
963 1663 1018 1695 44.
1034 1662 1179 1704 fenicum
1192 1662 1226 1696 M
1246 1680 1281 1686 —
1302 1662 1354 1694 42.
1372 1670 1549 1704 grecorum
1564 1662 1598 1695 M
1615 1678 1651 1685 -
1673 1660 1726 1694 43.
1745 1669 1913 1707 cecropem
1927 1660 1973 1694 M.

180 1755 394 1788 neratoribus
414 1756 569 1798 exigendi
585 1756 701 1789 crediti
716 1756 768 1788 ius
783 1765 944 1797 umquam
960 1759 1051 1796 esset,

179 1806 241 1838 hoc
270 1809 316 1838 est
345 1815 387 1838 ne
413 1809 488 1847 post
512 1810 653 1847 patrum
676 1807 808 1847 guidem
834 1809 985 1838 mortem.
1014 1825 1050 1830 —

180 1856 389 1898 Simbruinis]
416 1856 466 1889 Cf.
486 1855 539 1895 ⁴4,
556 1857 611 1889 22.
637 1857 678 1889 Hi
694 1855 802 1889 colles
819 1857 948 1898 oppido
966 1856 1055 1889 Sub-

180 1905 308 1948 laqueo
331 1906 446 1947 (hodie
462 1906 618 1948 Subiaco)
634 1907 739 1939 vicini
755 1906 933 1939 XXXVIII.
951 1907 996 1940 M.
1013 1908 1051 1940 P.

182 1955 227 1989 ab
243 1955 334 1989 urbe
351 1956 525 1989 orientem
540 1965 668 1989 versus
684 1956 825 1990 distant.
851 1956 936 1990 Inde
954 1955 1055 1990 Clau-

182 2005 260 2040 dius
283 2015 456 2048 aquarum
479 2005 592 2040 sontes
609 2007 770 2040 Curtium
794 2007 900 2048 atque
919 2007 1050 2039 Caeru-

181 2056 278 2089 leum
307 2057 456 2089 Romam
488 2056 664 2098 perduxit.
710 2057 804 2099 Opus
827 2057 1054 2090 inchoaverat

180 2107 252 2139 iam
269 2105 441 2148 Caligula,
466 2106 615 2149 perfecit
637 2107 758 2140 autem
777 2107 1055 2148 magnificentis-

181 2157 270 2190 sime
294 2155 461 2189 Claudius
484 2155 732 2199 dedicavitque
756 2166 789 2190 a.
807 2165 842 2190 u.
861 2157 936 2190 805.
963 2158 1052 2191 teste

180 2206 345 2238 Frontino
376 2205 421 2238 de
450 2206 610 2248 Aquaed.
638 2206 690 2240 44.
725 2208 821 2240 Grut.
855 2216 891 2249 p.
918 2207 993 2247 476,
1021 2208 1051 2240 4.

179 2257 290 2289 Inscr.
316 2256 389 2288 Lat.
414 2264 449 2288 n.
474 2255 528 2289 54.
566 2256 694 2289 Plinius
717 2257 779 2297 36,
805 2256 824 2298 5
849 2257 932 2290 ⁴22:
971 2257 1054 2289 Vicit

181 2306 399 2339 antecedentis
428 2315 597 2347 aquarum
619 2307 736 2339 ductus
766 2307 983 2340 novissimum
1004 2308 1054 2340 in-

178 2356 337 2397 pendium
359 2356 467 2397 operis
487 2356 633 2390 inchoati
656 2366 679 2389 a
702 2357 736 2390 C.
758 2357 901 2390 Caesare
923 2361 956 2390 et
971 2366 1054 2399 per-

181 2407 250 2439 acti
276 2415 299 2438 a
324 2406 484 2445 Claudio,·
518 2407 637 2448 quippe
664 2416 687 2439 a
718 2407 837 2439 XXXX
857 2407 1051 2448 (XXXVIII.

181 2455 348 2497 Frontin.)
378 2455 488 2497 lapide
517 2457 562 2489 ad
590 2466 665 2489 eam
688 2457 928 2498 excelsitatem,
943 2455 997 2490 'ut
1019 2458 1054 2490 in

182 2514 293 2539 omnes
332 2505 426 2538 urbis
463 2509 589 2540 montes
628 2507 844 2548 lavarentur,
889 2508 1055 2551 influxere

183 2556 318 2590 Curtius
339 2558 440 2596 atque
455 2556 633 2590 Caemleus
651 2557 758 2599 fontes
771 2560 804 2591 et
817 2558 921 2591 Anien
936 2567 1050 2591 novus.

181 2606 368 2648 Erogatum
396 2606 432 2638 in
459 2606 495 2638 id
527 2615 608 2648 epus
629 2608 814 2640 sestertium
836 2609 1056 2650 quinquagies

183 2657 356 2698 quinquies
388 2659 420 2689 et
451 2657 665 2700 quingenties.
715 2659 838 2700 Quodsi
872 2659 945 2700 quis
976 2659 1054 2691 dili-

182 2708 313 2750 gentius
344 2709 581 2741 aestumaverit
609 2717 781 2750 aquarum
813 2709 1054 2742 abundantiam

182 2758 219 2790 in
243 2758 395 2799 publico,
427 2757 571 2799 balneis,
601 2759 754 2800 piscinis,
780 2760 921 2801 euripis,
947 2761 1054 2792 domi-

183 2807 260 2848 bus,
283 2808 402 2848 hortis,
426 2807 644 2849 suburbanis,
668 2809 772 2850 villis,
796 2810 968 2851 spatioque
990 2811 1054 2843 ad-

182 2857 340 2890 venientis
369 2861 555 2891 exstructos
584 2867 703 2899 arcus,
732 2861 853 2893 montis
877 2861 1052 2903 perfossos,

183 2907 343 2940 convallis
364 2911 543 2950 aequatas,
571 2909 730 2950 fatebitur
757 2909 840 2942 nihil
859 2911 969 2952 magis
988 2911 1054 2943 mi-

183 2959 330 2991 randum
359 2958 460 2999 fuisse
482 2958 518 2991 in
543 2962 610 2992 toto
637 2959 714 2992 orbe
740 2963 920 2993 terrarum.
953 2960 1051 2993 Conf.

184 3008 327 3041 Sueton.
360 3006 483 3041 Claud.
509 3009 563 3042 20.
594 3026 630 3032 -
660 3009 903 3051 litteraturam]
935 3009 1055 3053 alpha·-

184 3057 320 3091 betum.
347 3057 418 3090 Cic.
445 3057 552 3091 Oratt.
578 3060 683 3092 Partt.
709 3060 804 3101 526:
830 3060 891 3092 illa
914 3058 1055 3102 (littera-

185 3110 274 3150 tura)
298 3110 427 3142 constat
448 3117 492 3142 eoe
511 3110 598 3141 notis
619 3109 808 3142 litterarum
829 3113 860 3143 et
880 3119 925 3143 ex
938 3119 994 3152 eo,
1018 3111 1054 3144 in

186 3167 252 3200 quo
279 3158 519 3199 imprimuntur
539 3158 618 3191 illae
637 3162 745 3191 notae.
780 3159 981 3192 Secundam
1005 3160 1054 3193 si-

186 3207 448 3250 gnificationem
471 3208 629 3250 reperies
652 3208 746 3250 apud
768 3209 940 3241 Senecam
962 3209 1051 3252 Epp.

187 3257 250 3297 88,
273 3257 335 3290 2οε
357 3259 471 3298 prima
490 3258 565 3298 illa,
589 3260 628 3290 ut
649 3259 780 3299 antiqui
795 3257 971 3298 vocabant,
995 3259 1054 3292 lit-

189 3308 362 3347 teratura,
385 3315 450 3348 per
471 3315 574 3348 quam
591 3308 708 3348 pueris
729 3308 888 3340 elementa
910 3308 1055 3341 tradun—

191 3357 266 3395 tur-3
298 3357 439 3390 tertiam
462 3357 557 3400 apud
579 3357 718 3397 Quintil.
743 3358 783 3399 2,
808 3359 840 3398 4,
865 3357 905 3392 4:
937 3367 1055 3401 gram-

190 3404 310 3438 matice
338 3406 452 3448 (nobis
474 3407 660 3450 Philologie)
673 3433 681 3449 ,
713 3416 815 3449 quam
841 3407 877 3440 in
898 3408 1055 3441 Latinum

190 3454 425 3497 &mterentes
444 3457 673 3492 litteraturam
693 3460 907 3493 vocavonmt.

261 3516 401 3552 'nmm-
421 3518 449 3552 1.

1147 1756 1201 1789 44.
1225 1757 1356 1799 figuras
1378 1755 1590 1798 animalium]
1614 1756 1715 1789 notas
1738 1754 1979 1798 hieroglyphi-

1103 1815 1175 1839 cas.
1198 1824 1232 1829 —
1259 1806 1366 1848 samis]
1392 1805 1573 1839 Obeliscos
1596 1804 1765 1847 intelligit.
1787 1821 1823 1829 -
1849 1806 1978 1838 littera-

1101 1865 1180 1889 rum
1194 1860 1292 1889 semet
1305 1858 1493 1889 inventores
1507 1855 1689 1899 perhibent]
1714 1855 1844 1889 Herod.
1861 1856 1894 1895 2,
1913 1855 1975 1888 36:

1102 1905 1321 1947 διφασίοισι
1342 1905 1384 1939 δὲ
1399 1904 1600 1965 γράμμασι
1616 1906 1822 1963 χρέωνται,
1846 1905 1912 1938 καὶ
1927 1901 1976 1938 τὰ

1101 1955 1174 1999 μὲν
1197 1952 1324 1990 αὐτῶν
1348 1954 1426 2004 ἱρά,
1450 1953 1499 1989 τὰ
1521 1954 1563 1989 δὲ
1578 1952 1769 1999 δημοτικὰ
1784 1954 1974 1989 καλέεται.

1104 2005 1269 2039 Clemens
1292 2005 1389 2039 Alex.
1414 2007 1542 2039 Strom.
1560 2007 1593 2047 5,
1618 2006 1639 2040 4
1661 2015 1696 2049 p.
1715 2006 1798 2039 657:
1825 2005 1866 2038 οἱ
1887 2005 1974 2052 παρ’

1102 2055 1322 2101 Αἰγυπτίοις
1337 2032 1609 2101 παιδευόμενοι
1625 2055 1775 2116 πρῶτον
1790 2056 1863 2101 μὲν
1878 2054 1977 2089 πάν-

1102 2117 1178 2140 των
1208 2104 1280 2151 τὴν
1308 2106 1522 2151 Αἰγυπτίων
1549 2104 1785 2155 γραμμάτων
1806 2105 1977 2151 μέθοδον

1102 2155 1393 2201 ἐκμανθάνουσι
1416 2154 1487 2202 τὴν
1509 2154 1886 2203 ἑπιστολογραφικὴν
1903 2168 1977 2191 κα-

1103 2206 1315 2251 λουμένην,
1351 2207 1529 2256 δευτέραν
1550 2207 1592 2241 δὲ
1613 2204 1685 2251 τὴν
1709 2204 1924 2268 ἱερατικήν,
1948 2199 1975 2255 ᾖ

1102 2257 1269 2306 χρῶνται
1297 2259 1338 2292 οἱ
1366 2259 1702 2307 ἱερογραμματεῖς,
1739 2256 1910 2303 ὑστάτην
1935 2257 1977 2292 δὲ

1102 2310 1169 2343 καὶ
1190 2309 1408 2344 τελευταίαν
1431 2308 1502 2354 τὴν
1526 2308 1810 2358 ἱερογλυφικήν.
1839 2328 1875 2334 -
1900 2310 1977 2343 inde

1102 2361 1280 2393 Phoenicas
1303 2360 1385 2403 cet]
1411 2361 1541 2394 Herod.
1566 2362 1599 2401 5,
1625 2360 1690 2394 58:
1716 2360 1764 2393 Οἱ
1783 2359 1825 2393 δὲ
1848 2360 1976 2394 Φοίνι-

1102 2420 1166 2452 κες
1189 2403 1298 2444 οὗτοι
1321 2411 1362 2443 οἱ
1381 2407 1454 2444 σὺν
1472 2409 1617 2455 Κάδμῳ
1632 2406 1861 2454 ἀπικόμενοι
1876 2406 1976 2444 ἅλλα

1101 2469 1142 2493 τε
1173 2459 1296 2493 πολλὰ
1329 2458 1522 2506 εσήγαγον
1554 2458 1783 2494 διδασκάλια
1815 2460 1855 2503 ἐς
1883 2457 1976 2502 τοὺς

1095 2505 1280 2554 εΈλληνας
1296 2511 1363 2544 καὶ
1378 2508 1425 2554 δὴ
1441 2511 1507 2544 καὶ
1523 2508 1747 2558 γράμματα,
1773 2507 1845 2545 οῦκ
1860 2508 1976 2546 ἐόντα

1102 2561 1191 2608 πρὶν
1205 2555 1382 2604 Ἕλλησι,
1408 2572 1461 2604 ως
1484 2561 1572 2605 ἐμοὶ
1595 2560 1762 2595 δοκέειν
1787 2580 1838 2587 --
1853 2559 1975 2609 χρεώ-

1101 2620 1212 2654 μενοι
1234 2609 1275 2643 δὲ
1297 2608 1507 2652 ἐφάτισαν,
1531 2606 1661 2659 ὥσπερ
1682 2612 1749 2645 καὶ
1763 2608 1810 2644 τὸ
1825 2610 1975 2645 δίκαιον

1102 2671 1235 2708 εφερε,
1259 2658 1528 2706 εσαγαγόντων
1547 2661 1734 2695 Φοινίκιον
1754 2660 1793 2703 ἐς
1808 2659 1879 2705 τὴν
1890 2658 1974 2695 Ἑλ-

1102 2709 1218 2753 λάδα,
1244 2710 1444 2755 Φοινικήια
1464 2710 1689 2755 κεκλῆσθαι.
1715 2707 1791 2752 Quo
1813 2713 1975 2746 testimo-

1103 2762 1160 2794 nio
1193 2762 1303 2794 utitur
1337 2761 1502 2796 Clemens
1535 2762 1587 2795 Al.
1620 2763 1750 2795 Strom.
1780 2763 1812 2803 4,
1837 2762 1891 2802 46,
1916 2761 1971 2795 74.

1101 2811 1231 2845 Plinius
1254 2813 1294 2845 N.
1322 2812 1362 2845 H.
1388 2813 1408 2844 7
1433 2813 1452 2854 5
1478 2812 1559 2845 492ι
1590 2812 1735 2845 Litteras
1762 2821 1890 2853 semper
1910 2821 1974 2844 ar·-

1102 2862 1207 2895 bitror
1228 2862 1371 2902 Assyriis
1390 2863 1511 2904 fuisse,
1535 2863 1591 2895 sed
1613 2862 1673 2896 alii
1694 2863 1786 2904 apud
1798 2863 1975 2905 Aegyptios

1103 2921 1126 2945 a
1147 2913 1335 2952 Mercurio,
1363 2915 1402 2945 ut
1425 2913 1549 2945 Gellius
1573 2911 1772 2955 (Annalium
1794 2912 1970 2955 scriptor),

1102 2963 1164 2994 alii
1197 2962 1287 3003 apud
1320 2961 1423 3002 Syros
1451 2966 1602 3004 repertas
1630 2963 1767 3002 volunt‚·
1801 2963 1915 3004 utique
1935 2963 1973 2995 in

1103 3012 1282 3045 Graeciam
1309 3012 1460 3045 intulisse
1481 3020 1499 3045 e
1519 3013 1675 3045 Phoenice
1697 3013 1858 3046 Cadmum
1879 3011 1973 3045 sede-

1102 3063 1168 3095 cim
1188 3070 1348 3103 numero,
1374 3062 1492 3102 quibus
1508 3063 1650 3096 Troiano
1673 3062 1754 3096 bello
1775 3062 1972 3095 Palameden

1102 3112 1258 3144 adiecisse
1285 3114 1445 3152 quattuor
1473 3113 1537 3145 hac
1562 3114 1676 3155 figura
1702 3111 1856 3153 ΘΞΦΧ,
1892 3112 1971 3145 toti-

1102 3162 1175 3194 dem
1201 3164 1279 3202 post
1310 3170 1385 3195 eum
1406 3162 1599 3196 Simoniden
1620 3162 1789 3203 melicum,
1813 3160 1969 3203 ΖΗΨΩ,

1102 3219 1248 3252 quarum
1268 3212 1415 3245 omnium
1436 3212 1488 3245 vis
1509 3213 1545 3245 in
1565 3212 1689 3245 nostris
1708 3212 1970 3254 recognoscitur.

1104 3259 1156 3293 Cf.
1174 3259 1285 3302 Hitzig
1300 3261 1352 3294 die
1366 3262 1554 3304 Erfindung
1569 3262 1623 3294 des
1633 3260 1824 3302 Alphabetes
1837 3270 1872 3304 p.
1883 3262 1915 3295 ὃ.
1929 3279 1968 3287 -

1104 3310 1278 3352 Cecropem
1291 3311 1526 3355 Atheniensem]
1550 3311 1638 3344 Huic
1654 3311 1884 3353 scriptorum,
1909 3313 1971 3355 qui

1103 3369 1199 3394 nunc
1221 3362 1378 3403 exstant,
1403 3357 1536 3402 nullus,
1562 3361 1660 3403 quod
1675 3361 1802 3400 sciam,
1827 3363 1972 3404 praeter

1103 3410 1259 3444 Tacitum
1274 3409 1469 3445 litterarum
1486 3410 1727 3444 inventionem
1741 3409 1875 3445 tribuit.
1901 3413 1971 3446 Ce-

1103 3459 1219 3494 terum
1248 3460 1309 3503 qui
1338 3460 1428 3494 haec
1450 3459 1496 3494 de
1520 3459 1698 3503 Cecrope,
1729 3459 1833 3503 Lino,
1868 3459 1971 3495 Pala-

1628 3519 1678 3566 24
