2254 3770
267 384 272 390 *
338 313 422 357 430
831 316 876 359 P.
907 314 1158 360 conssul
1186 315 1357 360 TAcirl
1386 281 1655 362 ANNALIUM

339 422 452 480 apud
484 423 789 468 transmarinas
820 423 1063 481 provincias
1083 423 1280 467 frumenti
1307 423 1550 476 subvecti03
1581 430 1624 467 et
1644 436 1698 468 ne
1718 424 1920 469 censibus
1941 426 2134 484 negotia—

338 504 478 542 torum
509 512 642 543 naves
671 499 992 544 ascriberentur
1023 498 1313 556 tributumque
1338 502 1422 556 'pro
1447 498 1529 542 illis
1553 498 1812 557 penderent,
1845 502 2132 545 constitutum.

453 575 535 630 (52)
565 576 677 619 Reos
708 587 761 619 ex
791 574 1012 632 provincia
1040 574 1197 626 Africa,
1236 574 1308 632 qui
1350 574 1661 632 proconsulare
1690 575 1917 634 imperium
1946 575 2031 621 illic
2059 576 2137 621 ha-

337 648 535 700 buerant,
569 649 805 708 Sulpicium
836 650 1108 694 Camerinum
1138 656 1180 694 et
1209 650 1491 708 Pomponium
1522 649 1739 694 Silvanum
1760 651 1942 696 absolvit
1961 653 2132 703 Caesar,

304 725 611 770 ⁵Camerinum
640 724 850 769 adversus
880 725 1068 783 privatos
1099 732 1142 770 et
1170 739 1350 783 paucos,
1383 726 1587 770 saevitiae
1609 726 1744 784 magis
1762 740 1893 786 quam
1914 733 2133 786 captarum

336 800 618 858 pecuniarum
647 801 823 845 crimina
844 801 1094 846 obicientes.
1129 801 1348 845 Silvanum
1367 814 1522 860 magna
1541 802 1606 845 vis
1629 809 1928 847 accusatorum
1951 802 2132 847 circum-

336 882 511 920 steterat
551 876 846 935 poscebatque
881 883 1053 935 tempus
1093 876 1412 921 evocandorum
1453 877 1647 921 testium:
1695 891 1797 922 reus
1832 877 1932 922 ilico
1962 877 2134 922 defendi

336 951 592 1009 postulabat.
638 951 856 1010 valuitque
899 953 1134 1010 pecuniosa
1174 953 1356 996 orbitate
1396 959 1438 996 et
1467 960 1660 1005 senecta,
1706 967 1837 1012 quam
1866 953 1976 998 ultra
2004 954 2134 999 vitam

337 1041 488 1071 eorum
517 1027 737 1085 produxit,
770 1042 955 1086 quorum
984 1014 1146 1072 ambitu
1175 1035 1384 1072 evaserat.

286 1116 322 1146 io
448 1103 535 1160 (53)
567 1103 749 1156 Quietae
779 1103 835 1147 ad
865 1103 906 1147 id
937 1111 1107 1162 tempus
1139 1118 1209 1148 res
1235 1105 1278 1147 in
1299 1104 1526 1148 Germania
1550 1104 1735 1156 fuerant,
1769 1104 1939 1163 ingenio
1959 1105 2131 1158 ducum,

336 1178 410 1236 qui
439 1178 701 1236 pervulgatis
730 1179 932 1237 triumphi
963 1179 1200 1237 insignibus
1228 1180 1368 1223 maius
1398 1193 1452 1223 ex
1481 1193 1533 1223 eo
1565 1179 1699 1223 decus
1720 1179 1967 1238 sperabant,
2000 1181 2035 1224 si
2056 1192 2133 1238 pa-

336 1267 430 1299 cem
461 1255 836 1299 continuavissent.
882 1254 1086 1298 Paulinus
1117 1255 1348 1313 Pompeius
1379 1262 1421 1298 et
1445 1256 1489 1298 L.
1510 1256 1640 1300 Vetus
1662 1267 1714 1299 ea
1733 1261 1988 1313 tempestate
2008 1268 2133 1300 exer-

336 1330 436 1374 citui
466 1337 707 1388 praeerant.
739 1344 793 1374 ne
823 1337 965 1374 tamen
996 1343 1175 1388 segnem
1204 1330 1376 1374 militem
1398 1331 1646 1381 attinerent,
1678 1329 1748 1374 ille
1769 1330 2014 1375 inchoatum
2035 1337 2132 1376 ante

334 1412 422 1450 tres
452 1413 495 1450 et
524 1406 742 1464 sexaginta
772 1420 907 1450 annos
938 1419 963 1449 a
992 1407 1133 1449 Druso
1163 1419 1367 1464 aggerem
1387 1406 1629 1450 coercendo
1649 1405 1797 1450 Rheno
1818 1406 2020 1457 absolvit,
2051 1407 2133 1451 Ve-

282 1488 401 1525 istus
431 1481 651 1526 Mosellam
679 1488 809 1540 atque
834 1482 1006 1525 Ararim
1035 1481 1143 1525 sacta
1172 1482 1282 1526 inter
1302 1488 1534 1539 utrumque
1559 1482 1674 1526 fossa
1693 1488 1921 1526 conectere
1942 1482 2130 1539 parabat,

333 1563 380 1600 ut
409 1557 560 1615 copiae
590 1571 671 1615 per
701 1571 836 1608 mare,
870 1557 968 1600 dein
1000 1555 1205 1601 Rhodano
1237 1563 1280 1601 et
1299 1559 1430 1601 Arare
1461 1557 1695 1601 subvectae
1725 1571 1805 1613 per
1834 1571 1928 1601 eam
1959 1557 2130 1607 fossam.

333 1647 433 1676 mox
461 1631 592 1676 fluvio
623 1632 800 1677 Mosella
830 1633 871 1676 in
902 1633 1114 1684 Rhenum,
1147 1633 1260 1677 exim
1288 1633 1509 1677 Oceanum
1531 1633 1832 1684 decurrerent,
1865 1632 2131 1691 sublatisque

333 1708 495 1753 itineris
516 1707 835 1753 difficultatibus
856 1707 1111 1766 navigabilia
1134 1708 1244 1752 inter
1259 1722 1306 1752 se
1324 1708 1571 1753 Occidentis
1589 1707 1987 1766 Septentrionisque
2007 1707 2133 1754 litora

332 1784 497 1829 fierent.
528 1783 679 1828 invidit
698 1785 819 1842 operi
839 1783 984 1828 Aelius
1006 1772 1201 1836 Gracilis,
1233 1783 1432 1842 Belgicae
1452 1783 1629 1842 legatus,
1651 1782 1910 1827 deterrendo
1931 1785 2128 1828 Veterem

283 1873 320 1905 20
334 1875 388 1906 ne
432 1861 628 1919 legiones
667 1859 834 1904 alienae
873 1860 1119 1918 provinciae
1155 1859 1330 1903 inferret
1367 1859 1596 1917 studiaque
1634 1858 1864 1903 Galliarum
1900 1859 2129 1911 affectaret,

398 2008 430 2040 2.
455 2006 659 2040 tributumve
679 2006 874 2040 Wurmius.
902 2023 938 2029 —
966 2006 997 2039 3.
1022 2005 1208 2039 habuerant
1229 2006 1438 2039 Rhenanus:
1463 1995 1651 2038 habuerunt
1672 2005 1704 2038 M
1732 2022 1768 2029 —
1792 2004 1826 2038 4.
1850 2005 2049 2047 mappltcimn
2070 2009 2132 2038 ca-

330 2064 490 2097 melinum
512 2064 545 2097 M
570 2081 604 2088 —
630 2064 822 2104 Pompeium
843 2062 1019 2096 Silvanum
1043 2062 1133 2104 (coll.
1162 2063 1248 2096 Hist.
1273 2063 1310 2103 2,
1336 2062 1391 2095 86.
1417 2062 1450 2102 3,
1475 2062 1529 2095 50.
1555 2061 1588 2102 4,
1606 2061 1660 2103 47)
1683 2061 1901 2104 Nipperdey.
1921 2079 1958 2085 —
1983 2062 2016 2095 5.
2041 2061 2132 2094 toute

330 2122 397 2155 tiae
420 2121 454 2155 M
479 2138 514 2144 —
541 2119 574 2153 7.
595 2119 838 2161 poscebantque
859 2119 995 2152 mavult
1016 2119 1186 2153 Halmius.
1208 2137 1244 2144 —
1271 2119 1325 2152 40.
1351 2119 1458 2160 quiete
1479 2119 1513 2153 M
1530 2136 1566 2142 -
1594 2119 1648 2151 44.
1669 2118 1879 2160 pervulgatis
1894 2116 2123 2151 Puteolanus:

326 2176 523 2220 peruulyati
544 2175 579 2212 M
605 2194 639 2201 --
667 2176 721 2209 43.
746 2186 787 2210 ne
809 2175 1039 2210 Puteolanus:
1065 2185 1125 2209 nec
1147 2176 1182 2210 M
1200 2194 1236 2200 —
1263 2175 1317 2209 44.
1333 2176 1533 2208 cohercendo
1555 2175 1589 2209 M
1607 2193 1643 2198 —
1670 2175 1723 2208 45.
1741 2174 1880 2207 Ararim
1895 2173 2127 2208 Puteolanus:

331 2243 403 2268 om.
427 2232 462 2268 M
491 2251 524 2258 —
553 2233 727 2275 parabant
747 2242 802 2276 pr.
826 2233 861 2268 M
895 2251 930 2257 —
963 2233 1018 2267 46.
1042 2234 1171 2266 rodano
1194 2233 1228 2267 M
1253 2250 1289 2255 —
1314 2231 1465 2266 subnecte
1486 2232 1521 2266 M
1545 2248 1581 2254 —
1609 2231 1663 2265 49.
1688 2230 1809 2273 belqice
1830 2230 1865 2265 M
1887 2247 1924 2254 —
1950 2230 2130 2273 dalidam-

329 2291 433 2325 rendo
455 2291 490 2325 M
515 2308 551 2314 -
576 2290 631 2324 20.
655 2290 831 2332 studiaque
853 2290 1060 2324 Rhenanus:
1087 2291 1124 2323 in
1144 2290 1320 2331 studiaque
1341 2289 1388 2323 M.

330 2416 472 2451 blicani.
500 2434 536 2440 —-
561 2425 603 2450 ne
624 2416 773 2450 censibus
795 2418 880 2459 cet.]
910 2417 992 2460 quia
1023 2417 1128 2451 nimis
1150 2418 1205 2450 in-

331 2468 428 2501 certa
458 2475 583 2500 earum
616 2468 797 2509 possessio
830 2469 979 2510 propter
1011 2467 1201 2509 naufragia.

331 2517 383 2550 Cf.
409 2518 446 2550 P.
474 2516 627 2550 Fabrum
650 2517 819 2551 Semestr.
847 2518 879 2558 4,
904 2518 958 2550 25.
988 2536 1022 2541 —
1051 2518 1205 2559 negotia-

330 2567 452 2608 torum]
477 2566 800 2601 frumentariorum.
832 2567 883 2601 cf.
907 2569 940 2608 2,
966 2569 1020 2602 87.
1046 2567 1100 2607 44,
1126 2567 1180 2601 33.

373 2619 429 2651 52.
453 2619 536 2651 Reos
560 2627 604 2651 ea>
629 2619 808 2659 provincia
829 2619 955 2662 Africa]
993 2627 1074 2651 reos
1097 2627 1205 2661 repe-

331 2667 522 2701 tundarum
557 2676 601 2700 ex
636 2668 939 2702 administratione
974 2668 1125 2702 Africae.
1166 2686 1200 2692 --

329 2719 516 2760 Sulpicium
531 2719 756 2762 camerinum]
772 2719 921 2752 fratrum
937 2718 1115 2753 Arvalium
1132 2729 1206 2753 ma-

330 2770 479 2811 gistrum
503 2767 587 2810 (tab.
612 2769 822 2802 xlv-XVII
838 2768 893 2810 b),
925 2779 995 2802 una
1027 2779 1110 2803 cum
1133 2769 1203 2802 filio

329 2818 377 2852 ab
394 2817 512 2858 Helio,
536 2819 686 2852 Neronis
708 2818 849 2859 liberto,
875 2819 1113 2860 interfectum,
1138 2819 1203 2852 Dio

330 2869 384 2908 63,
410 2868 464 2901 48.
493 2885 530 2892 -
556 2876 594 2909 p.
626 2872 754 2910 tempus
783 2870 1029 2902 evocandorum
1060 2869 1202 2911 testium]

329 2917 418 2951 Vide
441 2917 487 2950 ad
510 2926 542 2950 c.
567 2917 622 2951 43.
650 2935 686 2942 -
711 2919 806 2951 altra
826 2920 932 2952 vitam
954 2919 1079 2962 eorum]
1106 2919 1205 2952 Deri—

329 2967 391 3001 det
418 2967 611 3000 vanitatem
642 2976 764 3001 rerum
786 2968 1024 3002 humanarum
1047 2969 1200 3008 Tacitus,

330 3019 367 3051 et
385 3018 434 3051 ait
448 3017 675 3060 heredipetas
691 3018 777 3051 istos
794 3019 1038 3053 intercessisse
1055 3018 1201 3061 quidem

328 3075 395 3111 pro
423 3075 486 3100 reo
510 3068 546 3100 et
569 3075 653 3100 eum
675 3076 838 3101 servasse
862 3077 927 3110 spe
951 3069 1201 3111 adipiscendae

329 3117 550 3151 substantiae
587 3117 717 3159 ipsius;
756 3117 822 3150 sed
860 3120 983 3152 contra
1017 3119 1199 3158 evenisse;

329 3166 400 3200 fato
429 3167 525 3199 enim
552 3169 634 3199 ante
662 3165 803 3199 functos
831 3167 949 3209 itaque
977 3168 1113 3214 praeda
1137 3176 1201 3202 sua

329 3217 461 3250 misere
485 3216 671 3250 excidisse.
697 3217 841 3249 Gnnren.
862 3233 898 3239 —
918 3226 1061 3257 quorum
1076 3218 1202 3251 arnbita

329 3266 493 3309 evaserat]
517 3266 597 3308 qui,
623 3274 707 3299 cum
730 3266 887 3299 favorem
911 3267 987 3300 eius
1010 3267 1199 3309 ambirent,

329 3324 393 3348 reo
416 3315 634 3349 absolvendo
657 3324 803 3358 operam
826 3315 1011 3350 dederant.

373 3365 428 3399 53.
448 3366 657 3408 pervulgatis
677 3365 838 3407 triumphi
858 3365 1050 3407 lusionibus]
1074 3366 1125 3399 Ct'.
1145 3368 1199 3408 44,

329 3414 385 3447 20.
411 3432 447 3439 -
472 3415 631 3448 Paulinus
651 3414 832 3457 Pompeius]
856 3413 908 3448 Cf.
927 3415 980 3454 ⁴5,
1000 3415 1052 3447 48.
1078 3416 1199 3449 Utrum

330 3465 433 3507 pater
462 3473 509 3498 an
538 3464 647 3499 trater
673 3464 781 3499 tuerit
808 3464 998 3508 Pompeiae
1020 3463 1198 3507 Paulinae,

1254 2413 1374 2447 uxoris
1397 2414 1555 2446 Senecae
1580 2412 1646 2453 (45,
1670 2411 1744 2452 60),
1776 2411 1837 2454 qui
1869 2411 1901 2445 ei
1926 2410 2059 2444 librum
2081 2409 2127 2444 de

1254 2463 1429 2497 brevitate
1457 2464 1550 2496 vitae
1581 2463 1778 2505 inscripsit,
1808 2469 1880 2495 non
1901 2460 2022 2504 liquet.
2057 2460 2128 2495 Pli-

1254 2515 1333 2548 nius
1355 2515 1397 2547 N.
1423 2514 1465 2546 H.
1490 2513 1532 2546 33
1556 2512 1576 2555 5
1601 2512 1683 2545 ⁴43:
1719 2513 1910 2553 Pompeium
1934 2511 2125 2552 Paulinum,

1252 2563 1452 2597 Arelatensis
1481 2563 1599 2604 equitis
1627 2562 1768 2595 Romani
1787 2562 1895 2604 fllium
1917 2564 2128 2603 patentisque

1252 2624 1348 2662 gente
1357 2620 1521 2661 pellitam,
1537 2627 1590 2651 111
1597 2619 1710 2660 pondo
1725 2618 1857 2660 argenti
1871 2617 2023 2651 habuisse
2035 2617 2128 2659 apud

1254 2670 1439 2703 exercitum
1456 2669 1668 2711 ferocissimis
1681 2669 1832 2711 gentibus
1848 2668 2054 2710 (Germanis)
2069 2676 2128 2710 op-

1249 2721 1396 2761 positum
1426 2720 1558 2752 scimus.
1594 2720 1763 2752 Praeerat
1789 2719 1960 2751 exercitui
1983 2719 2127 2751 Germa-

1254 2771 1333 2803 niae
1356 2770 1542 2802 inferioris.
1571 2787 1605 2793 —
1641 2769 1678 2802 L.
1706 2769 1812 2811 Vetus]
1837 2768 1888 2801 Cf.
1915 2776 1946 2801 c.
1973 2769 2026 2801 44.
2062 2768 2127 2802 Hic

1253 2820 1475 2862 superiorem
1499 2820 1725 2852 Germaniam
1748 2818 1943 2851 obtinebat.
1979 2835 2015 2842 —
2048 2821 2128 2852 ante

1252 2874 1319 2903 tres
1340 2873 1371 2903 et
1392 2870 1572 2911 sexaginta
1594 2868 1711 2911 annos]
1736 2877 1767 2902 a.
1794 2877 1828 2901 u.
1848 2868 1926 2909 745,
1951 2876 2023 2909 quo
2037 2867 2127 2901 Dru-

1251 2928 1314 2953 sus
1337 2918 1460 2952 consul
1484 2919 1518 2951 in
1538 2919 1726 2952 Germania
1748 2919 1911 2951 mortuus
1927 2919 1999 2956 est,
2024 2918 2070 2950 ita
2085 2918 2126 2950 ut

1251 2970 1322 3003 hoc
1344 2977 1438 3002 anno
1462 2969 1532 3001 sint
1554 2969 1733 3010 sexaginta
1756 2976 1819 3001 sex
1841 2967 1935 3000 anui.
1972 2966 2041 3000 Sed
2057 2966 2125 2999 Ta—

1251 3020 1341 3052 citus
1371 3017 1617 3060 complectitur
1651 3027 1743 3060 quae
1773 3017 1934 3060 proxime
1972 3025 2125 3059 praece-

1251 3067 1419 3102 dentibus
1453 3068 1553 3101 annis
1587 3077 1607 3100 a
1637 3067 1780 3100 Paulino
1810 3068 1847 3100 et
1881 3067 2009 3100 Vetere
2043 3067 2123 3099 acta

1250 3119 1402 3153 fuerant.
1420 3118 1547 3151 Dur-:sm
1566 3134 1602 3140 —
1629 3126 1785 3160 aggerem
1806 3116 1986 3150 coercendo
2001 3115 2121 3159 Rheno]

1250 3168 1338 3201 Vide
1362 3166 1408 3200 ad
1432 3168 1518 3201 Hist.
1536 3168 1569 3207 ὅ,
1589 3168 1642 3200 49.
1658 3184 1693 3190 -
1713 3166 1863 3209 Ararim]
1887 3166 1923 3199 h.
1939 3165 2061 3199 Saone.
2081 3182 2119 3190 -

1247 3227 1310 3259 per
1319 3217 1426 3261 mare]
1444 3216 1758 3250 mediterraneum.
1776 3234 1813 3239 —
1829 3214 2007 3257 oceanum]
2021 3223 2121 3248 mare

1251 3269 1513 3300 Germanicum.
1533 3282 1571 3290 -
1594 3265 1855 3308 famidoloswm]
1879 3265 1918 3297 ut
1939 3265 2121 3306 inceptum
2147 3270 2150 3274 '

1250 3326 1361 3360 prope
1385 3317 1522 3358 regium
1545 3325 1588 3349 ac
1612 3314 1859 3358 proconsulem
1883 3314 2074 3348 excedens.

1293 3367 1347 3400 54.
1369 3367 1473 3407 eacus]
1492 3375 1587 3399 nuuc
1603 3367 1638 3399 in
1655 3372 1766 3399 unum
1782 3365 2002 3404 coniunctos,
2021 3371 2121 3398 mare

1250 3416 1499 3456 meridionale,
1523 3416 1719 3456 Zuydcrzee.
1739 3431 1775 3438 -
1792 3414 1901 3457 ripae]
1925 3415 2036 3448 Rheni
2050 3414 2121 3448 ssu-

1249 3465 1354 3499 minis
1375 3466 1470 3499 inter
1489 3465 1622 3499 fossam
1645 3464 1855 3499 Drusianam
1870 3462 1989 3507 (Υωοι)
2004 3465 2041 3497 et
2055 3463 2122 3497 va-
