<?xml version="1.0" encoding="UTF-8"?>
<!DOCTYPE html PUBLIC "-//W3C//DTD XHTML 1.0 Transitional//EN"
    "http://www.w3.org/TR/xhtml1/DTD/xhtml1-transitional.dtd">
<html xmlns="http://www.w3.org/1999/xhtml" xml:lang="en" lang="en">
 <head>
  <title>
</title>
<meta http-equiv="Content-Type" content="text/html;charset=utf-8" />
  <meta name='ocr-system' content='tesseract 3.04.00' />
  <meta name='ocr-capabilities' content='ocr_page ocr_carea ocr_par ocr_line ocrx_word'/>
</head>
<body>
  <div class='ocr_page' id='page_1' title='image "./pcorneliitacitio01taciuoft_0047.png"; bbox 0 0 2254 3770; ppageno 0'>
   <div class='ocr_carea' id='block_1_1' title="bbox 807 246 1947 308">
    <p class='ocr_par' dir='ltr' id='par_1_1' title="bbox 807 246 1947 308">
     <span class='ocr_line' id='line_1_1' title="bbox 807 246 1947 308; baseline -0.006 -13"><span class='ocrx_word' id='word_1_1' title='bbox 807 250 962 296; x_wconf 85' lang='lat' dir='ltr'>LIBER</span> <span class='ocrx_word' id='word_1_2' title='bbox 986 251 1019 294; x_wconf 89' lang='grc' dir='ltr'><strong>Ι.</strong></span> <span class='ocrx_word' id='word_1_3' title='bbox 1078 251 1178 308; x_wconf 94' lang='lat' dir='ltr'>Cap.</span> <span class='ocrx_word' id='word_1_4' title='bbox 1208 249 1247 293; x_wconf 88' lang='lat'>7.</span> <span class='ocrx_word' id='word_1_5' title='bbox 1277 249 1316 295; x_wconf 87' lang='lat'>8.</span> <span class='ocrx_word' id='word_1_6' title='bbox 1919 246 1947 288; x_wconf 82' lang='lat'>9</span> 
     </span>
    </p>
   </div>
   <div class='ocr_carea' id='block_1_2' title="bbox 175 346 1980 933">
    <p class='ocr_par' dir='ltr' id='par_1_2' title="bbox 175 346 1980 933">
     <span class='ocr_line' id='line_1_2' title="bbox 182 346 1946 411; baseline -0.006 -7"><span class='ocrx_word' id='word_1_7' title='bbox 182 360 334 409; x_wconf 83' lang='lat' dir='ltr'>forum,</span> <span class='ocrx_word' id='word_1_8' title='bbox 355 358 477 402; x_wconf 91' lang='lat' dir='ltr'>miles</span> <span class='ocrx_word' id='word_1_9' title='bbox 498 358 539 401; x_wconf 92' lang='lat' dir='ltr'>in</span> <span class='ocrx_word' id='word_1_10' title='bbox 559 357 718 402; x_wconf 89' lang='lat' dir='ltr'>curiam</span> <span class='ocrx_word' id='word_1_11' title='bbox 738 346 1029 401; x_wconf 88' lang='lat' dir='ltr'>comitabatur.</span> <span class='ocrx_word' id='word_1_12' title='bbox 1075 355 1232 399; x_wconf 79' lang='lat' dir='ltr'>litteras</span> <span class='ocrx_word' id='word_1_13' title='bbox 1252 355 1306 399; x_wconf 90' lang='lat' dir='ltr'>ad</span> <span class='ocrx_word' id='word_1_14' title='bbox 1327 355 1538 399; x_wconf 89' lang='lat' dir='ltr'>exercitus</span> <span class='ocrx_word' id='word_1_15' title='bbox 1557 359 1772 411; x_wconf 87' lang='lat' dir='ltr'><strong>tamquam</strong></span> <span class='ocrx_word' id='word_1_16' title='bbox 1791 351 1946 409; x_wconf 91' lang='lat' dir='ltr'>adepto</span> 
     </span>
     <span class='ocr_line' id='line_1_3' title="bbox 181 427 1946 493; baseline -0.005 -16"><span class='ocrx_word' id='word_1_17' title='bbox 181 434 415 493; x_wconf 83' lang='lat' dir='ltr'>principatu</span> <span class='ocrx_word' id='word_1_18' title='bbox 445 433 576 484; x_wconf 83' lang='lat' dir='ltr'><strong>misit,</strong></span> <span class='ocrx_word' id='word_1_19' title='bbox 607 446 819 490; x_wconf 85' lang='lat' dir='ltr'><strong>nusquam</strong></span> <span class='ocrx_word' id='word_1_20' title='bbox 849 431 1171 476; x_wconf 88' lang='lat' dir='ltr'><strong>cunctabundus</strong></span> <span class='ocrx_word' id='word_1_21' title='bbox 1201 431 1280 473; x_wconf 90' lang='lat' dir='ltr'>nisi</span> <span class='ocrx_word' id='word_1_22' title='bbox 1312 444 1407 474; x_wconf 92' lang='lat' dir='ltr'>cum</span> <span class='ocrx_word' id='word_1_23' title='bbox 1438 430 1479 472; x_wconf 92' lang='lat' dir='ltr'>in</span> <span class='ocrx_word' id='word_1_24' title='bbox 1509 435 1658 472; x_wconf 89' lang='lat' dir='ltr'>senatu</span> <span class='ocrx_word' id='word_1_25' title='bbox 1688 427 1946 485; x_wconf 86' lang='lat' dir='ltr'>loqueretur.</span> 
     </span>
     <span class='ocr_line' id='line_1_4' title="bbox 180 501 1946 566; baseline -0.006 -13"><span class='ocrx_word' id='word_1_26' title='bbox 180 523 310 554; x_wconf 91' lang='lat' dir='ltr'>causa</span> <span class='ocrx_word' id='word_1_27' title='bbox 325 508 555 566; x_wconf 88' lang='lat' dir='ltr'>praecipua</span> <span class='ocrx_word' id='word_1_28' title='bbox 577 521 628 551; x_wconf 86' lang='lat' dir='ltr'>ex</span> <span class='ocrx_word' id='word_1_29' title='bbox 650 506 890 557; x_wconf 85' lang='lat' dir='ltr'>formidine,</span> <span class='ocrx_word' id='word_1_30' title='bbox 922 521 975 550; x_wconf 88' lang='lat' dir='ltr'>ne</span> <span class='ocrx_word' id='word_1_31' title='bbox 997 505 1288 554; x_wconf 88' lang='lat' dir='ltr'>Germanicus,</span> <span class='ocrx_word' id='word_1_32' title='bbox 1315 505 1356 547; x_wconf 91' lang='lat' dir='ltr'>in</span> <span class='ocrx_word' id='word_1_33' title='bbox 1376 505 1498 549; x_wconf 92' lang='lat' dir='ltr'>cuius</span> <span class='ocrx_word' id='word_1_34' title='bbox 1517 517 1644 547; x_wconf 89' lang='lat' dir='ltr'>manu</span> <span class='ocrx_word' id='word_1_35' title='bbox 1665 508 1725 546; x_wconf 91' lang='lat' dir='ltr'>tot</span> <span class='ocrx_word' id='word_1_36' title='bbox 1743 501 1946 558; x_wconf 84' lang='lat' dir='ltr'>legiones,</span> 
     </span>
     <span class='ocr_line' id='line_1_5' title="bbox 179 569 1949 639; baseline -0.006 -12"><span class='ocrx_word' id='word_1_37' title='bbox 179 583 384 627; x_wconf 89' lang='lat' dir='ltr'>immensa</span> <span class='ocrx_word' id='word_1_38' title='bbox 414 583 629 627; x_wconf 87' lang='lat' dir='ltr'>sociorum</span> <span class='ocrx_word' id='word_1_39' title='bbox 658 581 831 632; x_wconf 85' lang='lat' dir='ltr'>auxilia,</span> <span class='ocrx_word' id='word_1_40' title='bbox 863 582 995 624; x_wconf 90' lang='lat' dir='ltr'>mirus</span> <span class='ocrx_word' id='word_1_41' title='bbox 1017 581 1130 639; x_wconf 89' lang='lat' dir='ltr'>apud</span> <span class='ocrx_word' id='word_1_42' title='bbox 1151 569 1357 638; x_wconf 87' lang='lat' dir='ltr'>populum</span> <span class='ocrx_word' id='word_1_43' title='bbox 1374 579 1510 630; x_wconf 86' lang='lat' dir='ltr'>favor,</span> <span class='ocrx_word' id='word_1_44' title='bbox 1542 577 1703 621; x_wconf 91' lang='lat' dir='ltr'>habere</span> <span class='ocrx_word' id='word_1_45' title='bbox 1724 576 1949 634; x_wconf 90' lang='lat' dir='ltr'>imperium</span> 
     </span>
     <span class='ocr_line' id='line_1_6' title="bbox 178 650 1980 716; baseline -0.006 -14"><span class='ocrx_word' id='word_1_46' title='bbox 178 672 307 716; x_wconf 89' lang='lat' dir='ltr'>quam</span> <span class='ocrx_word' id='word_1_47' title='bbox 335 664 584 716; x_wconf 87' lang='lat' dir='ltr'>exspectare</span> <span class='ocrx_word' id='word_1_48' title='bbox 612 657 764 700; x_wconf 88' lang='lat' dir='ltr'>mallet.</span> <span class='ocrx_word' id='word_1_49' title='bbox 823 656 951 699; x_wconf 89' lang='lat' dir='ltr'>dabat</span> <span class='ocrx_word' id='word_1_50' title='bbox 979 662 1021 699; x_wconf 93' lang='lat' dir='ltr'>et</span> <span class='ocrx_word' id='word_1_51' title='bbox 1049 655 1209 705; x_wconf 86' lang='lat' dir='ltr'>famae,</span> <span class='ocrx_word' id='word_1_52' title='bbox 1248 661 1295 697; x_wconf 91' lang='lat' dir='ltr'>ut</span> <span class='ocrx_word' id='word_1_53' title='bbox 1323 661 1499 698; x_wconf 90' lang='lat' dir='ltr'>vocatus</span> <span class='ocrx_word' id='word_1_54' title='bbox 1530 652 1778 710; x_wconf 88' lang='lat' dir='ltr'>electusque</span> <span class='ocrx_word' id='word_1_55' title='bbox 1807 650 1980 709; x_wconf 74' lang='lat' dir='ltr'>potiuss</span> 
     </span>
     <span class='ocr_line' id='line_1_7' title="bbox 178 725 1950 790; baseline -0.006 -13"><span class='ocrx_word' id='word_1_56' title='bbox 178 747 202 777; x_wconf 87' lang='lat' dir='ltr'>a</span> <span class='ocrx_word' id='word_1_57' title='bbox 230 747 277 776; x_wconf 90' lang='lat' dir='ltr'>re</span> <span class='ocrx_word' id='word_1_58' title='bbox 306 732 477 790; x_wconf 91' lang='lat' dir='ltr'>publica</span> <span class='ocrx_word' id='word_1_59' title='bbox 506 732 724 776; x_wconf 89' lang='lat' dir='ltr'>videretur</span> <span class='ocrx_word' id='word_1_60' title='bbox 752 745 881 789; x_wconf 91' lang='lat' dir='ltr'>quam</span> <span class='ocrx_word' id='word_1_61' title='bbox 908 745 988 788; x_wconf 90' lang='lat' dir='ltr'>per</span> <span class='ocrx_word' id='word_1_62' title='bbox 1026 730 1224 773; x_wconf 88' lang='lat' dir='ltr'>uxorium</span> <span class='ocrx_word' id='word_1_63' title='bbox 1263 729 1466 772; x_wconf 89' lang='lat' dir='ltr'>ambitum</span> <span class='ocrx_word' id='word_1_64' title='bbox 1495 735 1537 772; x_wconf 90' lang='lat' dir='ltr'>et</span> <span class='ocrx_word' id='word_1_65' title='bbox 1566 726 1684 771; x_wconf 93' lang='lat' dir='ltr'>senili</span> <span class='ocrx_word' id='word_1_66' title='bbox 1722 725 1950 783; x_wconf 84' lang='lat' dir='ltr'>adoptione</span> 
     </span>
     <span class='ocr_line' id='line_1_8' title="bbox 178 803 1951 866; baseline -0.005 -15"><span class='ocrx_word' id='word_1_67' title='bbox 178 808 422 866; x_wconf 79' lang='lat' dir='ltr'>inrepsisse.</span> <span class='ocrx_word' id='word_1_68' title='bbox 480 813 629 865; x_wconf 90' lang='lat' dir='ltr'>postea</span> <span class='ocrx_word' id='word_1_69' title='bbox 659 806 873 864; x_wconf 82' lang='lat' dir='ltr'>cognitum</span> <span class='ocrx_word' id='word_1_70' title='bbox 905 811 969 848; x_wconf 91' lang='lat' dir='ltr'>est</span> <span class='ocrx_word' id='word_1_71' title='bbox 998 804 1050 848; x_wconf 93' lang='lat' dir='ltr'>ad</span> <span class='ocrx_word' id='word_1_72' title='bbox 1082 803 1434 862; x_wconf 80' lang='lat' dir='ltr'>introspiciendas</span> <span class='ocrx_word' id='word_1_73' title='bbox 1463 803 1590 846; x_wconf 90' lang='lat' dir='ltr'>etiam</span> <span class='ocrx_word' id='word_1_74' title='bbox 1617 815 1846 859; x_wconf 92' lang='lat' dir='ltr'>procerum</span> <span class='ocrx_word' id='word_1_75' title='bbox 1875 813 1951 843; x_wconf 91' lang='lat' dir='ltr'>vo-</span> 
     </span>
     <span class='ocr_line' id='line_1_9' title="bbox 175 876 1950 933; baseline -0.004 -8"><span class='ocrx_word' id='word_1_76' title='bbox 175 882 357 926; x_wconf 92' lang='lat' dir='ltr'>luntates</span> <span class='ocrx_word' id='word_1_77' title='bbox 386 883 602 927; x_wconf 89' lang='lat' dir='ltr'>inductam</span> <span class='ocrx_word' id='word_1_78' title='bbox 630 881 956 924; x_wconf 82' lang='lat' dir='ltr'>dubitationem:</span> <span class='ocrx_word' id='word_1_79' title='bbox 988 893 1086 923; x_wconf 92' lang='lat' dir='ltr'>nam</span> <span class='ocrx_word' id='word_1_80' title='bbox 1106 879 1254 926; x_wconf 87' lang='lat' dir='ltr'>verba,</span> <span class='ocrx_word' id='word_1_81' title='bbox 1287 877 1426 922; x_wconf 91' lang='lat' dir='ltr'>vultus</span> <span class='ocrx_word' id='word_1_82' title='bbox 1446 878 1488 920; x_wconf 92' lang='lat' dir='ltr'>in</span> <span class='ocrx_word' id='word_1_83' title='bbox 1510 877 1670 921; x_wconf 85' lang='lat' dir='ltr'>crimen</span> <span class='ocrx_word' id='word_1_84' title='bbox 1691 876 1950 933; x_wconf 89' lang='lat' dir='ltr'>detorquens</span> 
     </span>
    </p>
   </div>
   <div class='ocr_carea' id='block_1_3' title="bbox 177 957 447 1002">
    <p class='ocr_par' dir='ltr' id='par_1_3' title="bbox 177 957 447 1002">
     <span class='ocr_line' id='line_1_10' title="bbox 177 957 447 1002; baseline -0.007 0"><span class='ocrx_word' id='word_1_85' title='bbox 177 957 447 1002; x_wconf 87' lang='lat' dir='ltr'>recondebat.</span> 
     </span>
    </p>
   </div>
   <div class='ocr_carea' id='block_1_4' title="bbox 177 1025 2000 1237">
    <p class='ocr_par' dir='ltr' id='par_1_4' title="bbox 177 1025 2000 1237">
     <span class='ocr_line' id='line_1_11' title="bbox 289 1025 2000 1090; baseline -0.004 -15"><span class='ocrx_word' id='word_1_86' title='bbox 289 1033 342 1089; x_wconf 91' lang='lat'>(8)</span> <span class='ocrx_word' id='word_1_87' title='bbox 379 1032 486 1075; x_wconf 89' lang='lat' dir='ltr'>Nihil</span> <span class='ocrx_word' id='word_1_88' title='bbox 525 1032 662 1090; x_wconf 92' lang='lat' dir='ltr'>primo</span> <span class='ocrx_word' id='word_1_89' title='bbox 703 1037 876 1074; x_wconf 90' lang='lat' dir='ltr'>senatus</span> <span class='ocrx_word' id='word_1_90' title='bbox 913 1030 982 1074; x_wconf 93' lang='lat' dir='ltr'>die</span> <span class='ocrx_word' id='word_1_91' title='bbox 1020 1030 1086 1087; x_wconf 80' lang='lat' dir='ltr'>agi</span> <span class='ocrx_word' id='word_1_92' title='bbox 1125 1042 1279 1087; x_wconf 90' lang='lat' dir='ltr'>passus</span> <span class='ocrx_word' id='word_1_93' title='bbox 1316 1028 1396 1071; x_wconf 91' lang='lat' dir='ltr'>nisi</span> <span class='ocrx_word' id='word_1_94' title='bbox 1427 1028 1481 1072; x_wconf 92' lang='lat' dir='ltr'>de</span> <span class='ocrx_word' id='word_1_95' title='bbox 1512 1027 1723 1085; x_wconf 79' lang='lat' dir='ltr'>supremis</span> <span class='ocrx_word' id='word_1_96' title='bbox 1753 1025 2000 1084; x_wconf 82' lang='lat' dir='ltr'>Augusti310</span> 
     </span>
     <span class='ocr_line' id='line_1_12' title="bbox 178 1101 1951 1163; baseline -0.004 -12"><span class='ocrx_word' id='word_1_97' title='bbox 178 1108 298 1152; x_wconf 92' lang='lat' dir='ltr'>cuius</span> <span class='ocrx_word' id='word_1_98' title='bbox 319 1114 636 1158; x_wconf 90' lang='lat' dir='ltr'>testamentum,</span> <span class='ocrx_word' id='word_1_99' title='bbox 659 1106 834 1149; x_wconf 88' lang='lat' dir='ltr'>inlatum</span> <span class='ocrx_word' id='word_1_100' title='bbox 852 1119 931 1163; x_wconf 90' lang='lat' dir='ltr'>per</span> <span class='ocrx_word' id='word_1_101' title='bbox 947 1105 1134 1162; x_wconf 83' lang='lat' dir='ltr'>virgines</span> <span class='ocrx_word' id='word_1_102' title='bbox 1155 1105 1322 1155; x_wconf 86' lang='lat' dir='ltr'>Vestae,</span> <span class='ocrx_word' id='word_1_103' title='bbox 1351 1103 1566 1147; x_wconf 87' lang='lat' dir='ltr'>Tiberium</span> <span class='ocrx_word' id='word_1_104' title='bbox 1586 1109 1628 1145; x_wconf 88' lang='lat' dir='ltr'>et</span> <span class='ocrx_word' id='word_1_105' title='bbox 1647 1102 1807 1145; x_wconf 90' lang='lat' dir='ltr'>Liviam</span> <span class='ocrx_word' id='word_1_106' title='bbox 1826 1101 1951 1145; x_wconf 88' lang='lat' dir='ltr'>here-</span> 
     </span>
     <span class='ocr_line' id='line_1_13' title="bbox 177 1176 1949 1237; baseline -0.005 -10"><span class='ocrx_word' id='word_1_107' title='bbox 177 1183 254 1227; x_wconf 90' lang='lat' dir='ltr'>des</span> <span class='ocrx_word' id='word_1_108' title='bbox 283 1182 440 1227; x_wconf 87' lang='lat' dir='ltr'>habuit.</span> <span class='ocrx_word' id='word_1_109' title='bbox 499 1183 614 1226; x_wconf 90' lang='lat' dir='ltr'>Livia</span> <span class='ocrx_word' id='word_1_110' title='bbox 643 1182 686 1224; x_wconf 91' lang='lat' dir='ltr'>in</span> <span class='ocrx_word' id='word_1_111' title='bbox 705 1181 903 1225; x_wconf 86' lang='lat' dir='ltr'>familiam</span> <span class='ocrx_word' id='word_1_112' title='bbox 932 1179 1081 1224; x_wconf 90' lang='lat' dir='ltr'>Iuliam</span> <span class='ocrx_word' id='word_1_113' title='bbox 1108 1193 1350 1237; x_wconf 88' lang='lat' dir='ltr'>nomenque</span> <span class='ocrx_word' id='word_1_114' title='bbox 1371 1180 1605 1236; x_wconf 85' lang='lat' dir='ltr'>Augustum</span> <span class='ocrx_word' id='word_1_115' title='bbox 1626 1176 1949 1228; x_wconf 88' lang='lat' dir='ltr'>adsumebatur;</span> 
     </span>
    </p>
   </div>
   <div class='ocr_carea' id='block_1_5' title="bbox 132 1321 1952 1539">
    <p class='ocr_par' dir='ltr' id='par_1_5' title="bbox 132 1321 1952 1539">
     <span class='ocr_line' id='line_1_14' title="bbox 239 1321 1951 1370; baseline -0.005 -9"><span class='ocrx_word' id='word_1_116' title='bbox 239 1328 271 1361; x_wconf 90' lang='lat'>8.</span> <span class='ocrx_word' id='word_1_117' title='bbox 303 1329 454 1361; x_wconf 84' lang='lat' dir='ltr'>indutam</span> <span class='ocrx_word' id='word_1_118' title='bbox 481 1328 536 1360; x_wconf 89' lang='lat' dir='ltr'>vir</span> <span class='ocrx_word' id='word_1_119' title='bbox 566 1328 691 1360; x_wconf 88' lang='lat' dir='ltr'>doctus</span> <span class='ocrx_word' id='word_1_120' title='bbox 721 1327 815 1370; x_wconf 90' lang='lat' dir='ltr'>apud</span> <span class='ocrx_word' id='word_1_121' title='bbox 837 1326 1026 1368; x_wconf 83' lang='lat' dir='ltr'>Ryckium,</span> <span class='ocrx_word' id='word_1_122' title='bbox 1062 1325 1139 1358; x_wconf 93' lang='lat' dir='ltr'>coll.</span> <span class='ocrx_word' id='word_1_123' title='bbox 1165 1325 1203 1366; x_wconf 88' lang='grc'>6,</span> <span class='ocrx_word' id='word_1_124' title='bbox 1228 1325 1270 1359; x_wconf 69' lang='grc'>42</span> <span class='ocrx_word' id='word_1_125' title='bbox 1295 1325 1330 1358; x_wconf 81' lang='lat' dir='ltr'>et</span> <span class='ocrx_word' id='word_1_126' title='bbox 1353 1325 1411 1364; x_wconf 84' lang='grc'>45,</span> <span class='ocrx_word' id='word_1_127' title='bbox 1437 1324 1490 1357; x_wconf 88' lang='grc'><strong>69.</strong></span> <span class='ocrx_word' id='word_1_128' title='bbox 1517 1341 1553 1346; x_wconf 92' lang='grc'>-</span> <span class='ocrx_word' id='word_1_129' title='bbox 1591 1323 1644 1356; x_wconf 94' lang='grc'><strong>40.</strong></span> <span class='ocrx_word' id='word_1_130' title='bbox 1674 1331 1792 1363; x_wconf 84' lang='lat' dir='ltr'>passus</span> <span class='ocrx_word' id='word_1_131' title='bbox 1821 1325 1867 1354; x_wconf 86' lang='lat' dir='ltr'>est</span> <span class='ocrx_word' id='word_1_132' title='bbox 1887 1321 1951 1354; x_wconf 84' lang='lat' dir='ltr'>nisi</span> 
     </span>
     <span class='ocr_line' id='line_1_15' title="bbox 132 1379 1952 1433; baseline -0.005 -15"><span class='ocrx_word' id='word_1_133' title='bbox 132 1409 147 1433; x_wconf 47' lang='grc' dir='ltr'><em>ς</em></span> <span class='ocrx_word' id='word_1_134' title='bbox 173 1385 387 1427; x_wconf 81' lang='lat' dir='ltr'>Nipperdey.</span> <span class='ocrx_word' id='word_1_135' title='bbox 411 1403 455 1408; x_wconf 89' lang='grc'><strong>-</strong></span> <span class='ocrx_word' id='word_1_136' title='bbox 476 1381 601 1425; x_wconf 71' lang='lat' dir='ltr'>suiimis</span> <span class='ocrx_word' id='word_1_137' title='bbox 622 1385 655 1417; x_wconf 91' lang='lat' dir='ltr'>M</span> <span class='ocrx_word' id='word_1_138' title='bbox 680 1402 716 1407; x_wconf 89' lang='lat'><strong>—</strong></span> <span class='ocrx_word' id='word_1_139' title='bbox 743 1384 794 1416; x_wconf 74' lang='lat'>42.</span> <span class='ocrx_word' id='word_1_140' title='bbox 811 1383 993 1425; x_wconf 62' lang='lat' dir='ltr'>Augustum</span> <span class='ocrx_word' id='word_1_141' title='bbox 1016 1384 1084 1415; x_wconf 85' lang='lat' dir='ltr'>Iao.</span> <span class='ocrx_word' id='word_1_142' title='bbox 1110 1382 1319 1414; x_wconf 88' lang='lat' dir='ltr'>Gronovius:</span> <span class='ocrx_word' id='word_1_143' title='bbox 1346 1384 1507 1423; x_wconf 65' lang='lat' dir='ltr'>augustae</span> <span class='ocrx_word' id='word_1_144' title='bbox 1529 1388 1620 1412; x_wconf 89' lang='lat' dir='ltr'>corr.</span> <span class='ocrx_word' id='word_1_145' title='bbox 1645 1380 1678 1414; x_wconf 88' lang='lat' dir='ltr'>M</span> <span class='ocrx_word' id='word_1_146' title='bbox 1700 1379 1794 1419; x_wconf 78' lang='lat' dir='ltr'>(fort.</span> <span class='ocrx_word' id='word_1_147' title='bbox 1821 1387 1863 1410; x_wconf 83' lang='lat' dir='ltr'>ex</span> <span class='ocrx_word' id='word_1_148' title='bbox 1886 1387 1952 1410; x_wconf 86' lang='lat' dir='ltr'>au-</span> 
     </span>
     <span class='ocr_line' id='line_1_16' title="bbox 172 1435 1947 1483; baseline -0.004 -9"><span class='ocrx_word' id='word_1_149' title='bbox 172 1442 295 1483; x_wconf 71' lang='lat' dir='ltr'>qustu).</span> <span class='ocrx_word' id='word_1_150' title='bbox 331 1442 374 1474; x_wconf 85' lang='lat' dir='ltr'>At</span> <span class='ocrx_word' id='word_1_151' title='bbox 397 1441 490 1474; x_wconf 89' lang='lat' dir='ltr'>Livia</span> <span class='ocrx_word' id='word_1_152' title='bbox 513 1441 547 1473; x_wconf 93' lang='lat' dir='ltr'>in</span> <span class='ocrx_word' id='word_1_153' title='bbox 570 1449 687 1473; x_wconf 84' lang='lat' dir='ltr'>nomen</span> <span class='ocrx_word' id='word_1_154' title='bbox 708 1440 889 1482; x_wconf 72' lang='lat' dir='ltr'>Auqustae,</span> <span class='ocrx_word' id='word_1_155' title='bbox 915 1438 1010 1482; x_wconf 88' lang='lat' dir='ltr'>quod</span> <span class='ocrx_word' id='word_1_156' title='bbox 1033 1439 1114 1471; x_wconf 87' lang='lat' dir='ltr'>ante</span> <span class='ocrx_word' id='word_1_157' title='bbox 1138 1439 1251 1480; x_wconf 88' lang='lat' dir='ltr'>ipsam</span> <span class='ocrx_word' id='word_1_158' title='bbox 1274 1446 1344 1470; x_wconf 91' lang='lat' dir='ltr'>non</span> <span class='ocrx_word' id='word_1_159' title='bbox 1366 1437 1513 1477; x_wconf 83' lang='lat' dir='ltr'>exstitit,</span> <span class='ocrx_word' id='word_1_160' title='bbox 1539 1435 1678 1468; x_wconf 87' lang='lat' dir='ltr'>adsumi</span> <span class='ocrx_word' id='word_1_161' title='bbox 1701 1444 1771 1469; x_wconf 90' lang='lat' dir='ltr'>non</span> <span class='ocrx_word' id='word_1_162' title='bbox 1794 1435 1947 1478; x_wconf 86' lang='lat' dir='ltr'>poterat;</span> 
     </span>
     <span class='ocr_line' id='line_1_17' title="bbox 175 1495 1188 1539; baseline -0.004 -9"><span class='ocrx_word' id='word_1_163' title='bbox 175 1497 218 1530; x_wconf 84' lang='lat' dir='ltr'>cf.</span> <span class='ocrx_word' id='word_1_164' title='bbox 243 1497 475 1539; x_wconf 83' lang='lat' dir='ltr'>Sempronium</span> <span class='ocrx_word' id='word_1_165' title='bbox 496 1506 614 1530; x_wconf 87' lang='lat' dir='ltr'>nomen</span> <span class='ocrx_word' id='word_1_166' title='bbox 636 1506 667 1530; x_wconf 93' lang='lat' dir='ltr'>c.</span> <span class='ocrx_word' id='word_1_167' title='bbox 693 1496 752 1537; x_wconf 87' lang='lat'>53,</span> <span class='ocrx_word' id='word_1_168' title='bbox 776 1496 916 1529; x_wconf 73' lang='lat' dir='ltr'>Furium</span> <span class='ocrx_word' id='word_1_169' title='bbox 937 1504 1054 1528; x_wconf 87' lang='lat' dir='ltr'>nomen</span> <span class='ocrx_word' id='word_1_170' title='bbox 1076 1495 1109 1535; x_wconf 76' lang='lat'>2,</span> <span class='ocrx_word' id='word_1_171' title='bbox 1134 1495 1188 1527; x_wconf 79' lang='lat'>52.</span> 
     </span>
    </p>
   </div>
   <div class='ocr_carea' id='block_1_6' title="bbox 125 1635 1042 3425">
    <p class='ocr_par' dir='ltr' id='par_1_6' title="bbox 125 1635 1042 3425">
     <span class='ocr_line' id='line_1_18' title="bbox 175 1635 1041 1687; baseline -0.003 -13"><span class='ocrx_word' id='word_1_172' title='bbox 175 1639 220 1674; x_wconf 91' lang='grc' dir='ltr'><em>τὸ</em></span> <span class='ocrx_word' id='word_1_173' title='bbox 254 1636 354 1674; x_wconf 76' lang='grc' dir='ltr'><em>ἄστυ</em></span> <span class='ocrx_word' id='word_1_174' title='bbox 398 1638 653 1683; x_wconf 83' lang='grc' dir='ltr'><em>ἐσεκόμισαν,</em></span> <span class='ocrx_word' id='word_1_175' title='bbox 697 1637 743 1687; x_wconf 83' lang='grc' dir='ltr'><em>τῇ</em></span> <span class='ocrx_word' id='word_1_176' title='bbox 781 1638 821 1672; x_wconf 76' lang='grc' dir='ltr'>δὲ</span> <span class='ocrx_word' id='word_1_177' title='bbox 860 1635 1041 1685; x_wconf 76' lang='grc' dir='ltr'><em>ὑστεραίᾳ</em></span> 
     </span>
     <span class='ocr_line' id='line_1_19' title="bbox 180 1688 1038 1734; baseline -0.003 -10"><span class='ocrx_word' id='word_1_178' title='bbox 180 1688 303 1733; x_wconf 83' lang='grc' dir='ltr'><em>βουλὴ</em></span> <span class='ocrx_word' id='word_1_179' title='bbox 339 1689 497 1734; x_wconf 79' lang='grc' dir='ltr'><em>ἐγένετο.</em></span> <span class='ocrx_word' id='word_1_180' title='bbox 544 1691 608 1723; x_wconf 92' lang='lat' dir='ltr'>Dio</span> <span class='ocrx_word' id='word_1_181' title='bbox 637 1691 698 1730; x_wconf 87' lang='grc'>56,</span> <span class='ocrx_word' id='word_1_182' title='bbox 735 1691 786 1723; x_wconf 88' lang='grc'><strong>34.</strong></span> <span class='ocrx_word' id='word_1_183' title='bbox 822 1708 866 1714; x_wconf 90' lang='lat'><em>-</em></span> <span class='ocrx_word' id='word_1_184' title='bbox 899 1689 1038 1731; x_wconf 69' lang='lat' dir='ltr'>siynum]</span> 
     </span>
     <span class='ocr_line' id='line_1_20' title="bbox 182 1739 1037 1782; baseline -0.001 -10"><span class='ocrx_word' id='word_1_185' title='bbox 182 1742 265 1775; x_wconf 76' lang='lat' dir='ltr'>«das</span> <span class='ocrx_word' id='word_1_186' title='bbox 282 1741 536 1782; x_wconf 86' lang='lat' dir='ltr'>Losungswort,</span> <span class='ocrx_word' id='word_1_187' title='bbox 555 1740 610 1773; x_wconf 90' lang='lat' dir='ltr'>die</span> <span class='ocrx_word' id='word_1_188' title='bbox 627 1739 782 1774; x_wconf 82' lang='lat' dir='ltr'>Parole.»</span> <span class='ocrx_word' id='word_1_189' title='bbox 808 1740 858 1772; x_wconf 85' lang='lat' dir='ltr'>Cf.</span> <span class='ocrx_word' id='word_1_190' title='bbox 878 1739 930 1779; x_wconf 88' lang='grc'>43,</span> <span class='ocrx_word' id='word_1_191' title='bbox 955 1740 987 1772; x_wconf 74' lang='lat'>2.</span> <span class='ocrx_word' id='word_1_192' title='bbox 1001 1756 1037 1762; x_wconf 97' lang='lat'><em>-</em></span> 
     </span>
     <span class='ocr_line' id='line_1_21' title="bbox 178 1789 1040 1832; baseline -0.003 -8"><span class='ocrx_word' id='word_1_193' title='bbox 178 1796 216 1824; x_wconf 89' lang='lat' dir='ltr'>ut</span> <span class='ocrx_word' id='word_1_194' title='bbox 244 1790 436 1832; x_wconf 81' lang='lat' dir='ltr'>imperator]</span> <span class='ocrx_word' id='word_1_195' title='bbox 472 1800 562 1823; x_wconf 81' lang='lat' dir='ltr'>novo</span> <span class='ocrx_word' id='word_1_196' title='bbox 592 1791 755 1823; x_wconf 92' lang='lat' dir='ltr'>nimirum</span> <span class='ocrx_word' id='word_1_197' title='bbox 785 1799 883 1822; x_wconf 91' lang='lat' dir='ltr'>more</span> <span class='ocrx_word' id='word_1_198' title='bbox 913 1789 996 1822; x_wconf 89' lang='lat' dir='ltr'>inde</span> <span class='ocrx_word' id='word_1_199' title='bbox 1020 1798 1040 1821; x_wconf 86' lang='lat' dir='ltr'>a</span> 
     </span>
     <span class='ocr_line' id='line_1_22' title="bbox 180 1841 1041 1882; baseline -0.003 -7"><span class='ocrx_word' id='word_1_200' title='bbox 180 1841 264 1875; x_wconf 90' lang='lat' dir='ltr'>Iulio</span> <span class='ocrx_word' id='word_1_201' title='bbox 283 1843 433 1874; x_wconf 87' lang='lat' dir='ltr'>Caesare</span> <span class='ocrx_word' id='word_1_202' title='bbox 457 1841 501 1873; x_wconf 90' lang='lat' dir='ltr'>ad</span> <span class='ocrx_word' id='word_1_203' title='bbox 516 1843 708 1882; x_wconf 78' lang='lat' dir='ltr'>Augustum</span> <span class='ocrx_word' id='word_1_204' title='bbox 727 1841 872 1881; x_wconf 89' lang='lat' dir='ltr'>eiusque</span> <span class='ocrx_word' id='word_1_205' title='bbox 897 1847 1041 1872; x_wconf 90' lang='lat' dir='ltr'>succes-</span> 
     </span>
     <span class='ocr_line' id='line_1_23' title="bbox 182 1889 1040 1933; baseline -0.003 -9"><span class='ocrx_word' id='word_1_206' title='bbox 182 1900 280 1924; x_wconf 87' lang='lat' dir='ltr'>sores</span> <span class='ocrx_word' id='word_1_207' title='bbox 311 1891 520 1933; x_wconf 87' lang='lat' dir='ltr'>propagato;</span> <span class='ocrx_word' id='word_1_208' title='bbox 557 1889 612 1922; x_wconf 90' lang='lat' dir='ltr'>ille</span> <span class='ocrx_word' id='word_1_209' title='bbox 648 1891 742 1922; x_wconf 90' lang='lat' dir='ltr'>enim</span> <span class='ocrx_word' id='word_1_210' title='bbox 777 1890 912 1931; x_wconf 87' lang='lat' dir='ltr'>accepit</span> <span class='ocrx_word' id='word_1_211' title='bbox 934 1898 1040 1930; x_wconf 80' lang='lat' dir='ltr'>prae-</span> 
     </span>
     <span class='ocr_line' id='line_1_24' title="bbox 176 1938 1040 1981; baseline -0.003 -8"><span class='ocrx_word' id='word_1_212' title='bbox 176 1949 294 1973; x_wconf 81' lang='lat' dir='ltr'>nomen</span> <span class='ocrx_word' id='word_1_213' title='bbox 307 1940 517 1980; x_wconf 74' lang='lat' dir='ltr'>imperatoris</span> <span class='ocrx_word' id='word_1_214' title='bbox 539 1940 696 1981; x_wconf 89' lang='lat' dir='ltr'>(Sueton.</span> <span class='ocrx_word' id='word_1_215' title='bbox 716 1940 816 1972; x_wconf 86' lang='lat' dir='ltr'>Caes.</span> <span class='ocrx_word' id='word_1_216' title='bbox 835 1939 919 1981; x_wconf 87' lang='lat'>76.)‚</span> <span class='ocrx_word' id='word_1_217' title='bbox 945 1938 1040 1980; x_wconf 88' lang='lat' dir='ltr'>quod</span> 
     </span>
     <span class='ocr_line' id='line_1_25' title="bbox 178 1989 1039 2030; baseline -0.003 -7"><span class='ocrx_word' id='word_1_218' title='bbox 178 1992 280 2023; x_wconf 85' lang='lat' dir='ltr'>antea</span> <span class='ocrx_word' id='word_1_219' title='bbox 315 1990 428 2023; x_wconf 87' lang='lat' dir='ltr'>fuerat</span> <span class='ocrx_word' id='word_1_220' title='bbox 463 1998 659 2030; x_wconf 86' lang='lat' dir='ltr'>cognomen</span> <span class='ocrx_word' id='word_1_221' title='bbox 694 1989 746 2030; x_wconf 90' lang='lat' dir='ltr'>(et</span> <span class='ocrx_word' id='word_1_222' title='bbox 775 1989 918 2030; x_wconf 90' lang='lat' dir='ltr'>quidem</span> <span class='ocrx_word' id='word_1_223' title='bbox 948 1990 1039 2021; x_wconf 91' lang='lat' dir='ltr'>tem—</span> 
     </span>
     <span class='ocr_line' id='line_1_26' title="bbox 177 2039 1039 2083; baseline -0.003 -10"><span class='ocrx_word' id='word_1_224' title='bbox 177 2039 393 2083; x_wconf 88' lang='lat' dir='ltr'>porarium):</span> <span class='ocrx_word' id='word_1_225' title='bbox 411 2048 520 2081; x_wconf 87' lang='lat' dir='ltr'>quare</span> <span class='ocrx_word' id='word_1_226' title='bbox 538 2040 678 2081; x_wconf 90' lang='lat' dir='ltr'>proprio</span> <span class='ocrx_word' id='word_1_227' title='bbox 695 2039 827 2071; x_wconf 90' lang='lat' dir='ltr'>nomini</span> <span class='ocrx_word' id='word_1_228' title='bbox 841 2047 1039 2080; x_wconf 89' lang='lat' dir='ltr'>praepone-</span> 
     </span>
     <span class='ocr_line' id='line_1_27' title="bbox 178 2087 1037 2131; baseline -0.003 -8"><span class='ocrx_word' id='word_1_229' title='bbox 178 2090 283 2123; x_wconf 88' lang='lat' dir='ltr'>batur</span> <span class='ocrx_word' id='word_1_230' title='bbox 306 2089 399 2131; x_wconf 94' lang='lat' dir='ltr'>quod</span> <span class='ocrx_word' id='word_1_231' title='bbox 416 2091 516 2121; x_wconf 87' lang='lat' dir='ltr'>antea</span> <span class='ocrx_word' id='word_1_232' title='bbox 534 2090 765 2130; x_wconf 86' lang='lat' dir='ltr'>postpositum</span> <span class='ocrx_word' id='word_1_233' title='bbox 783 2090 884 2121; x_wconf 22' lang='lat' dir='ltr'>erat..</span> <span class='ocrx_word' id='word_1_234' title='bbox 906 2089 967 2120; x_wconf 89' lang='lat' dir='ltr'>Dio</span> <span class='ocrx_word' id='word_1_235' title='bbox 983 2087 1037 2127; x_wconf 76' lang='lat'>43,</span> 
     </span>
     <span class='ocr_line' id='line_1_28' title="bbox 177 2138 1038 2179; baseline -0.003 -6"><span class='ocrx_word' id='word_1_236' title='bbox 177 2140 231 2174; x_wconf 69' lang='lat'>44.</span> <span class='ocrx_word' id='word_1_237' title='bbox 266 2140 326 2179; x_wconf 76' lang='lat'>52,</span> <span class='ocrx_word' id='word_1_238' title='bbox 351 2138 404 2171; x_wconf 74' lang='grc'><strong>44.</strong></span> <span class='ocrx_word' id='word_1_239' title='bbox 451 2140 568 2172; x_wconf 88' lang='lat' dir='ltr'>Prisco</span> <span class='ocrx_word' id='word_1_240' title='bbox 593 2140 710 2171; x_wconf 88' lang='lat' dir='ltr'>autem</span> <span class='ocrx_word' id='word_1_241' title='bbox 739 2147 837 2171; x_wconf 89' lang='lat' dir='ltr'>more</span> <span class='ocrx_word' id='word_1_242' title='bbox 862 2138 970 2171; x_wconf 91' lang='lat' dir='ltr'>duces</span> <span class='ocrx_word' id='word_1_243' title='bbox 1000 2146 1038 2170; x_wconf 88' lang='lat' dir='ltr'>re</span> 
     </span>
     <span class='ocr_line' id='line_1_29' title="bbox 176 2187 1040 2231; baseline -0.003 -8"><span class='ocrx_word' id='word_1_244' title='bbox 176 2190 270 2223; x_wconf 91' lang='lat' dir='ltr'>bene</span> <span class='ocrx_word' id='word_1_245' title='bbox 297 2190 392 2231; x_wconf 88' lang='lat' dir='ltr'>gesta</span> <span class='ocrx_word' id='word_1_246' title='bbox 416 2198 436 2221; x_wconf 88' lang='lat' dir='ltr'>a</span> <span class='ocrx_word' id='word_1_247' title='bbox 459 2188 653 2230; x_wconf 83' lang='lat' dir='ltr'>legionibus</span> <span class='ocrx_word' id='word_1_248' title='bbox 668 2189 883 2229; x_wconf 86' lang='lat' dir='ltr'>imperatores</span> <span class='ocrx_word' id='word_1_249' title='bbox 898 2187 1040 2220; x_wconf 87' lang='lat' dir='ltr'>salutari</span> 
     </span>
     <span class='ocr_line' id='line_1_30' title="bbox 178 2238 1039 2281; baseline -0.003 -8"><span class='ocrx_word' id='word_1_250' title='bbox 178 2248 291 2281; x_wconf 89' lang='lat' dir='ltr'>eoque</span> <span class='ocrx_word' id='word_1_251' title='bbox 323 2239 532 2280; x_wconf 86' lang='lat' dir='ltr'>cognomine</span> <span class='ocrx_word' id='word_1_252' title='bbox 564 2247 607 2271; x_wconf 82' lang='lat' dir='ltr'>ex</span> <span class='ocrx_word' id='word_1_253' title='bbox 635 2239 778 2272; x_wconf 87' lang='lat' dir='ltr'>senatus</span> <span class='ocrx_word' id='word_1_254' title='bbox 807 2238 979 2271; x_wconf 88' lang='lat' dir='ltr'>sententia</span> <span class='ocrx_word' id='word_1_255' title='bbox 1004 2238 1039 2270; x_wconf 91' lang='lat' dir='ltr'>in</span> 
     </span>
     <span class='ocr_line' id='line_1_31' title="bbox 176 2287 1036 2330; baseline -0.002 -8"><span class='ocrx_word' id='word_1_256' title='bbox 176 2289 266 2322; x_wconf 90' lang='lat' dir='ltr'>urhe</span> <span class='ocrx_word' id='word_1_257' title='bbox 290 2288 432 2330; x_wconf 89' lang='lat' dir='ltr'>qn‘oque</span> <span class='ocrx_word' id='word_1_258' title='bbox 455 2287 622 2330; x_wconf 90' lang='lat' dir='ltr'>appellari</span> <span class='ocrx_word' id='word_1_259' title='bbox 651 2287 823 2320; x_wconf 88' lang='lat' dir='ltr'>solebant.</span> <span class='ocrx_word' id='word_1_260' title='bbox 872 2287 923 2320; x_wconf 81' lang='lat' dir='ltr'>Cf.</span> <span class='ocrx_word' id='word_1_261' title='bbox 947 2289 1036 2320; x_wconf 83' lang='lat' dir='ltr'>Ann.</span> 
     </span>
     <span class='ocr_line' id='line_1_32' title="bbox 178 2333 1039 2379; baseline -0.003 -7"><span class='ocrx_word' id='word_1_262' title='bbox 178 2339 210 2379; x_wconf 89' lang='grc'>3,</span> <span class='ocrx_word' id='word_1_263' title='bbox 235 2338 289 2372; x_wconf 74' lang='lat'>74.</span> <span class='ocrx_word' id='word_1_264' title='bbox 313 2339 417 2370; x_wconf 65' lang='lat' dir='ltr'>Bacn.</span> <span class='ocrx_word' id='word_1_265' title='bbox 457 2337 617 2370; x_wconf 90' lang='lat' dir='ltr'>Perbene</span> <span class='ocrx_word' id='word_1_266' title='bbox 642 2339 704 2370; x_wconf 88' lang='lat' dir='ltr'>Dio</span> <span class='ocrx_word' id='word_1_267' title='bbox 727 2338 781 2377; x_wconf 88' lang='grc'>57,</span> <span class='ocrx_word' id='word_1_268' title='bbox 805 2338 845 2370; x_wconf 77' lang='lat'>2:</span> <span class='ocrx_word' id='word_1_269' title='bbox 868 2333 910 2378; x_wconf 66' lang='grc' dir='ltr'>ἔς</span> <span class='ocrx_word' id='word_1_270' title='bbox 931 2346 971 2369; x_wconf 88' lang='grc' dir='ltr'><em>τε</em></span> <span class='ocrx_word' id='word_1_271' title='bbox 990 2334 1039 2369; x_wconf 88' lang='grc' dir='ltr'><em>τὰ</em></span> 
     </span>
     <span class='ocr_line' id='line_1_33' title="bbox 179 2380 1039 2431; baseline -0.003 -10"><span class='ocrx_word' id='word_1_272' title='bbox 179 2385 416 2431; x_wconf 88' lang='grc' dir='ltr'><em>στρατόπεδα</em></span> <span class='ocrx_word' id='word_1_273' title='bbox 446 2387 512 2419; x_wconf 81' lang='grc' dir='ltr'>καὶ</span> <span class='ocrx_word' id='word_1_274' title='bbox 542 2386 581 2428; x_wconf 83' lang='grc' dir='ltr'>ἐς</span> <span class='ocrx_word' id='word_1_275' title='bbox 610 2383 658 2419; x_wconf 87' lang='grc' dir='ltr'><em>τὰ</em></span> <span class='ocrx_word' id='word_1_276' title='bbox 685 2380 780 2430; x_wconf 58' lang='lat' dir='ltr'>’kevy</span> <span class='ocrx_word' id='word_1_277' title='bbox 810 2384 951 2426; x_wconf 81' lang='grc' dir='ltr'><em>πάντα,</em></span> <span class='ocrx_word' id='word_1_278' title='bbox 987 2383 1039 2427; x_wconf 85' lang='grc' dir='ltr'>ὥς</span> 
     </span>
     <span class='ocr_line' id='line_1_34' title="bbox 178 2432 1040 2483; baseline -0.002 -13"><span class='ocrx_word' id='word_1_279' title='bbox 178 2434 504 2483; x_wconf 82' lang='grc' dir='ltr'><em>αὐτοκράτωρ,</em></span> <span class='ocrx_word' id='word_1_280' title='bbox 542 2434 657 2477; x_wconf 79' lang='grc' dir='ltr'><em>εὐθὺς</em></span> <span class='ocrx_word' id='word_1_281' title='bbox 690 2432 767 2468; x_wconf 90' lang='grc' dir='ltr'><em>ἀπὸ</em></span> <span class='ocrx_word' id='word_1_282' title='bbox 800 2435 872 2480; x_wconf 85' lang='grc' dir='ltr'><em>τῆς</em></span> <span class='ocrx_word' id='word_1_283' title='bbox 904 2433 1040 2479; x_wconf 82' lang='grc' dir='ltr'><strong><em>Νώλης</em></strong></span> 
     </span>
     <span class='ocr_line' id='line_1_35' title="bbox 178 2483 1036 2533; baseline -0.001 -13"><span class='ocrx_word' id='word_1_284' title='bbox 178 2484 368 2520; x_wconf 75' lang='grc' dir='ltr'><strong><em>ἐπέστειλε</em></strong></span> <span class='ocrx_word' id='word_1_285' title='bbox 379 2511 388 2526; x_wconf 83' lang='grc'><em>,</em></span> <span class='ocrx_word' id='word_1_286' title='bbox 411 2484 467 2529; x_wconf 82' lang='grc' dir='ltr'>μὴ</span> <span class='ocrx_word' id='word_1_287' title='bbox 484 2486 601 2530; x_wconf 80' lang='grc' dir='ltr'><em>λέγων</em></span> <span class='ocrx_word' id='word_1_288' title='bbox 616 2483 860 2533; x_wconf 79' lang='grc' dir='ltr'><em>αὐτοκράτωρ</em></span> <span class='ocrx_word' id='word_1_289' title='bbox 876 2483 983 2519; x_wconf 81' lang='grc' dir='ltr'><em>εἶναι.</em></span> <span class='ocrx_word' id='word_1_290' title='bbox 1000 2504 1036 2510; x_wconf 92' lang='grc'>-</span> 
     </span>
     <span class='ocr_line' id='line_1_36' title="bbox 177 2536 1041 2579; baseline -0.002 -9"><span class='ocrx_word' id='word_1_291' title='bbox 177 2541 286 2571; x_wconf 84' lang='lat' dir='ltr'>cetera</span> <span class='ocrx_word' id='word_1_292' title='bbox 318 2537 428 2579; x_wconf 83' lang='lat' dir='ltr'>aulae]</span> <span class='ocrx_word' id='word_1_293' title='bbox 464 2536 625 2576; x_wconf 87' lang='lat' dir='ltr'>lictores,</span> <span class='ocrx_word' id='word_1_294' title='bbox 667 2537 779 2569; x_wconf 84' lang='lat' dir='ltr'>fasces</span> <span class='ocrx_word' id='word_1_295' title='bbox 812 2536 957 2569; x_wconf 89' lang='lat' dir='ltr'>laureati</span> <span class='ocrx_word' id='word_1_296' title='bbox 991 2536 1041 2574; x_wconf 83' lang='lat' dir='ltr'>(ut</span> 
     </span>
     <span class='ocr_line' id='line_1_37' title="bbox 178 2586 1040 2629; baseline -0.002 -9"><span class='ocrx_word' id='word_1_297' title='bbox 178 2588 409 2629; x_wconf 88' lang='lat' dir='ltr'>imperatores</span> <span class='ocrx_word' id='word_1_298' title='bbox 442 2586 575 2628; x_wconf 86' lang='lat' dir='ltr'>prisci),</span> <span class='ocrx_word' id='word_1_299' title='bbox 613 2587 649 2618; x_wconf 91' lang='lat' dir='ltr'>et</span> <span class='ocrx_word' id='word_1_300' title='bbox 682 2587 710 2618; x_wconf 92' lang='lat' dir='ltr'>si</span> <span class='ocrx_word' id='word_1_301' title='bbox 741 2586 826 2627; x_wconf 90' lang='lat' dir='ltr'>quid</span> <span class='ocrx_word' id='word_1_302' title='bbox 856 2587 1040 2628; x_wconf 90' lang='lat' dir='ltr'>praeterea</span> 
     </span>
     <span class='ocr_line' id='line_1_38' title="bbox 178 2635 1037 2678; baseline -0.001 -9"><span class='ocrx_word' id='word_1_303' title='bbox 178 2638 261 2669; x_wconf 84' lang='lat' dir='ltr'>tunc</span> <span class='ocrx_word' id='word_1_304' title='bbox 276 2638 455 2678; x_wconf 90' lang='lat' dir='ltr'>repertum</span> <span class='ocrx_word' id='word_1_305' title='bbox 470 2636 617 2678; x_wconf 89' lang='lat' dir='ltr'>principi</span> <span class='ocrx_word' id='word_1_306' title='bbox 630 2635 886 2677; x_wconf 89' lang='lat' dir='ltr'>distinguendo.</span> <span class='ocrx_word' id='word_1_307' title='bbox 904 2637 989 2668; x_wconf 75' lang='lat' dir='ltr'>Lirs.</span> <span class='ocrx_word' id='word_1_308' title='bbox 1001 2652 1037 2659; x_wconf 89' lang='lat'>—</span> 
     </span>
     <span class='ocr_line' id='line_1_39' title="bbox 177 2686 1038 2728; baseline -0.001 -10"><span class='ocrx_word' id='word_1_309' title='bbox 177 2695 280 2718; x_wconf 87' lang='lat' dir='ltr'>causa</span> <span class='ocrx_word' id='word_1_310' title='bbox 291 2687 474 2726; x_wconf 81' lang='lat' dir='ltr'>praecipua</span> <span class='ocrx_word' id='word_1_311' title='bbox 489 2694 532 2717; x_wconf 66' lang='grc' dir='ltr'>θα)</span> <span class='ocrx_word' id='word_1_312' title='bbox 545 2686 721 2726; x_wconf 83' lang='lat' dir='ltr'>formidine</span> <span class='ocrx_word' id='word_1_313' title='bbox 737 2686 818 2728; x_wconf 88' lang='lat' dir='ltr'>cet.]</span> <span class='ocrx_word' id='word_1_314' title='bbox 842 2686 905 2718; x_wconf 89' lang='lat' dir='ltr'>Dio</span> <span class='ocrx_word' id='word_1_315' title='bbox 921 2686 975 2725; x_wconf 84' lang='lat'>57,</span> <span class='ocrx_word' id='word_1_316' title='bbox 1002 2686 1038 2718; x_wconf 89' lang='lat'>3:</span> 
     </span>
     <span class='ocr_line' id='line_1_40' title="bbox 174 2729 1040 2781; baseline -0.002 -13"><span class='ocrx_word' id='word_1_317' title='bbox 174 2732 213 2768; x_wconf 89' lang='grc' dir='ltr'><em>Ὁ</em></span> <span class='ocrx_word' id='word_1_318' title='bbox 234 2729 338 2769; x_wconf 59' lang='lat' dir='ltr'>&amp;obv</span> <span class='ocrx_word' id='word_1_319' title='bbox 362 2735 535 2781; x_wconf 81' lang='grc' dir='ltr'><em>Τιβέριος</em></span> <span class='ocrx_word' id='word_1_320' title='bbox 563 2732 683 2768; x_wconf 83' lang='grc' dir='ltr'><em>ταῦτα</em></span> <span class='ocrx_word' id='word_1_321' title='bbox 711 2732 797 2767; x_wconf 82' lang='grc' dir='ltr'><em>τότε</em></span> <span class='ocrx_word' id='word_1_322' title='bbox 824 2734 960 2774; x_wconf 79' lang='grc' dir='ltr'><strong>ἐποίει,</strong></span> <span class='ocrx_word' id='word_1_323' title='bbox 995 2731 1040 2767; x_wconf 87' lang='grc' dir='ltr'><em>τὸ</em></span> 
     </span>
     <span class='ocr_line' id='line_1_41' title="bbox 125 2780 1041 2828; baseline 0 -11"><span class='ocrx_word' id='word_1_324' title='bbox 125 2788 130 2792; x_wconf 85' lang='grc'><strong>“</strong></span> <span class='ocrx_word' id='word_1_325' title='bbox 177 2784 249 2828; x_wconf 79' lang='grc' dir='ltr'>μὲν</span> <span class='ocrx_word' id='word_1_326' title='bbox 272 2784 467 2825; x_wconf 78' lang='grc' dir='ltr'><em>πλεῖστον,</em></span> <span class='ocrx_word' id='word_1_327' title='bbox 503 2780 564 2817; x_wconf 86' lang='grc' dir='ltr'><em>ὅτι</em></span> <span class='ocrx_word' id='word_1_328' title='bbox 586 2781 686 2818; x_wconf 82' lang='grc' dir='ltr'><em>οὕτω</em></span> <span class='ocrx_word' id='word_1_329' title='bbox 709 2794 749 2817; x_wconf 87' lang='grc' dir='ltr'><em>τε</em></span> <span class='ocrx_word' id='word_1_330' title='bbox 772 2782 953 2824; x_wconf 81' lang='grc' dir='ltr'><strong><em>ἐπεφύκει</em></strong></span> <span class='ocrx_word' id='word_1_331' title='bbox 974 2784 1041 2817; x_wconf 83' lang='grc' dir='ltr'>καὶ</span> 
     </span>
     <span class='ocr_line' id='line_1_42' title="bbox 180 2830 1042 2881; baseline -0.002 -13"><span class='ocrx_word' id='word_1_332' title='bbox 180 2830 279 2868; x_wconf 80' lang='grc' dir='ltr'><em>οὕτω</em></span> <span class='ocrx_word' id='word_1_333' title='bbox 313 2832 528 2881; x_wconf 70' lang='grc' dir='ltr'><em>προῄρητο,</em></span> <span class='ocrx_word' id='word_1_334' title='bbox 564 2830 637 2877; x_wconf 74' lang='grc' dir='ltr'>ἤδη</span> <span class='ocrx_word' id='word_1_335' title='bbox 666 2832 706 2867; x_wconf 82' lang='grc' dir='ltr'>δὲ</span> <span class='ocrx_word' id='word_1_336' title='bbox 739 2834 803 2867; x_wconf 78' lang='grc' dir='ltr'>καὶ</span> <span class='ocrx_word' id='word_1_337' title='bbox 838 2830 896 2867; x_wconf 89' lang='grc' dir='ltr'><em>ὅτι</em></span> <span class='ocrx_word' id='word_1_338' title='bbox 925 2832 973 2867; x_wconf 82' lang='grc' dir='ltr'><em>τά</em></span> <span class='ocrx_word' id='word_1_339' title='bbox 1002 2843 1042 2866; x_wconf 86' lang='grc' dir='ltr'><em>τε</em></span> 
     </span>
     <span class='ocr_line' id='line_1_43' title="bbox 180 2881 1041 2931; baseline -0.001 -14"><span class='ocrx_word' id='word_1_340' title='bbox 180 2882 446 2931; x_wconf 80' lang='grc' dir='ltr'><em>στρατεύματα</em></span> <span class='ocrx_word' id='word_1_341' title='bbox 473 2885 538 2916; x_wconf 83' lang='grc' dir='ltr'>καὶ</span> <span class='ocrx_word' id='word_1_342' title='bbox 566 2882 614 2916; x_wconf 89' lang='grc' dir='ltr'><em>τὰ</em></span> <span class='ocrx_word' id='word_1_343' title='bbox 643 2881 862 2917; x_wconf 81' lang='grc' dir='ltr'><em>Παννονικὰ</em></span> <span class='ocrx_word' id='word_1_344' title='bbox 895 2885 960 2916; x_wconf 74' lang='grc' dir='ltr'>καὶ</span> <span class='ocrx_word' id='word_1_345' title='bbox 992 2881 1041 2916; x_wconf 82' lang='grc' dir='ltr'><em>τὰ</em></span> 
     </span>
     <span class='ocr_line' id='line_1_44' title="bbox 179 2930 1039 2982; baseline -0.002 -14"><span class='ocrx_word' id='word_1_346' title='bbox 179 2931 392 2981; x_wconf 65' lang='grc' dir='ltr'><em>Γερμανικὰ</em></span> <span class='ocrx_word' id='word_1_347' title='bbox 416 2930 593 2967; x_wconf 86' lang='grc' dir='ltr'><em>ὖπετόπει</em></span> <span class='ocrx_word' id='word_1_348' title='bbox 616 2934 681 2982; x_wconf 86' lang='grc' dir='ltr'>καὶ</span> <span class='ocrx_word' id='word_1_349' title='bbox 703 2931 770 2967; x_wconf 86' lang='grc' dir='ltr'><em>τὸν</em></span> <span class='ocrx_word' id='word_1_350' title='bbox 793 2931 1039 2981; x_wconf 89' lang='grc' dir='ltr'><em>Γερμανικόν,</em></span> 
     </span>
     <span class='ocr_line' id='line_1_45' title="bbox 179 2979 1040 3030; baseline -0.002 -12"><span class='ocrx_word' id='word_1_351' title='bbox 179 2983 249 3028; x_wconf 83' lang='grc' dir='ltr'><em>τῆς</em></span> <span class='ocrx_word' id='word_1_352' title='bbox 263 2982 350 3017; x_wconf 88' lang='grc' dir='ltr'><em>τότε</em></span> <span class='ocrx_word' id='word_1_353' title='bbox 364 2984 574 3030; x_wconf 85' lang='grc' dir='ltr'><em>Γερμανίας</em></span> <span class='ocrx_word' id='word_1_354' title='bbox 589 2979 759 3030; x_wconf 73' lang='grc' dir='ltr'><em>ἄρχοντα</em></span> <span class='ocrx_word' id='word_1_355' title='bbox 773 2985 838 3016; x_wconf 80' lang='grc' dir='ltr'>καὶ</span> <span class='ocrx_word' id='word_1_356' title='bbox 854 2981 1040 3026; x_wconf 83' lang='grc' dir='ltr'><em>φιλούμε-</em></span> 
     </span>
     <span class='ocr_line' id='line_1_46' title="bbox 180 3030 1038 3074; baseline -0.002 -6"><span class='ocrx_word' id='word_1_357' title='bbox 180 3045 248 3068; x_wconf 89' lang='grc' dir='ltr'>νον</span> <span class='ocrx_word' id='word_1_358' title='bbox 271 3030 331 3068; x_wconf 86' lang='grc' dir='ltr'><em>ὑπ’</em></span> <span class='ocrx_word' id='word_1_359' title='bbox 362 3030 505 3074; x_wconf 83' lang='grc' dir='ltr'><em>αὐτῶν,</em></span> <span class='ocrx_word' id='word_1_360' title='bbox 540 3032 679 3067; x_wconf 81' lang='grc' dir='ltr'>ἐδεδίει.</span> <span class='ocrx_word' id='word_1_361' title='bbox 722 3034 772 3067; x_wconf 84' lang='lat' dir='ltr'>Cf.</span> <span class='ocrx_word' id='word_1_362' title='bbox 798 3035 938 3067; x_wconf 88' lang='lat' dir='ltr'>Sueton.</span> <span class='ocrx_word' id='word_1_363' title='bbox 963 3033 1038 3066; x_wconf 88' lang='lat' dir='ltr'>Tib.</span> 
     </span>
     <span class='ocr_line' id='line_1_47' title="bbox 180 3083 1040 3126; baseline -0.003 -8"><span class='ocrx_word' id='word_1_364' title='bbox 180 3085 233 3118; x_wconf 73' lang='lat'>23.</span> <span class='ocrx_word' id='word_1_365' title='bbox 254 3102 288 3108; x_wconf 93' lang='lat'><em>-</em></span> <span class='ocrx_word' id='word_1_366' title='bbox 315 3087 361 3116; x_wconf 87' lang='lat' dir='ltr'>tot</span> <span class='ocrx_word' id='word_1_367' title='bbox 383 3084 533 3126; x_wconf 87' lang='lat' dir='ltr'>le9iones]</span> <span class='ocrx_word' id='word_1_368' title='bbox 558 3086 637 3116; x_wconf 90' lang='lat' dir='ltr'>octo</span> <span class='ocrx_word' id='word_1_369' title='bbox 662 3083 707 3116; x_wconf 91' lang='lat' dir='ltr'>ad</span> <span class='ocrx_word' id='word_1_370' title='bbox 728 3084 884 3116; x_wconf 87' lang='lat' dir='ltr'>Rhenum</span> <span class='ocrx_word' id='word_1_371' title='bbox 908 3085 942 3116; x_wconf 90' lang='lat' dir='ltr'>in</span> <span class='ocrx_word' id='word_1_372' title='bbox 965 3084 1040 3124; x_wconf 85' lang='lat' dir='ltr'>ripa</span> 
     </span>
     <span class='ocr_line' id='line_1_48' title="bbox 182 3132 1041 3176; baseline -0.002 -10"><span class='ocrx_word' id='word_1_373' title='bbox 182 3133 307 3167; x_wconf 90' lang='lat' dir='ltr'>Gallica</span> <span class='ocrx_word' id='word_1_374' title='bbox 331 3133 379 3175; x_wconf 91' lang='lat' dir='ltr'>(c.</span> <span class='ocrx_word' id='word_1_375' title='bbox 397 3133 461 3176; x_wconf 86' lang='lat'>3.),</span> <span class='ocrx_word' id='word_1_376' title='bbox 487 3134 735 3175; x_wconf 87' lang='lat' dir='ltr'>praecipuum,</span> <span class='ocrx_word' id='word_1_377' title='bbox 761 3142 829 3165; x_wconf 91' lang='lat' dir='ltr'>uno</span> <span class='ocrx_word' id='word_1_378' title='bbox 853 3132 948 3173; x_wconf 91' lang='lat' dir='ltr'>loco,</span> <span class='ocrx_word' id='word_1_379' title='bbox 972 3133 1041 3164; x_wconf 88' lang='lat' dir='ltr'>im-</span> 
     </span>
     <span class='ocr_line' id='line_1_49' title="bbox 181 3182 1041 3226; baseline -0.002 -10"><span class='ocrx_word' id='word_1_380' title='bbox 181 3184 267 3226; x_wconf 89' lang='lat' dir='ltr'>perii</span> <span class='ocrx_word' id='word_1_381' title='bbox 284 3183 403 3216; x_wconf 89' lang='lat' dir='ltr'>robur.</span> <span class='ocrx_word' id='word_1_382' title='bbox 430 3184 528 3223; x_wconf 88' lang='lat' dir='ltr'>(Ann.</span> <span class='ocrx_word' id='word_1_383' title='bbox 547 3182 579 3221; x_wconf 75' lang='lat'>4,</span> <span class='ocrx_word' id='word_1_384' title='bbox 597 3184 642 3222; x_wconf 77' lang='lat'>5.)</span> <span class='ocrx_word' id='word_1_385' title='bbox 666 3184 772 3224; x_wconf 89' lang='lat' dir='ltr'>atque</span> <span class='ocrx_word' id='word_1_386' title='bbox 790 3191 852 3215; x_wconf 88' lang='lat' dir='ltr'>eae</span> <span class='ocrx_word' id='word_1_387' title='bbox 871 3190 951 3215; x_wconf 92' lang='lat' dir='ltr'>cum</span> <span class='ocrx_word' id='word_1_388' title='bbox 968 3182 1041 3214; x_wconf 87' lang='lat' dir='ltr'>suis</span> 
     </span>
     <span class='ocr_line' id='line_1_50' title="bbox 182 3230 1040 3274; baseline -0.002 -9"><span class='ocrx_word' id='word_1_389' title='bbox 182 3231 315 3265; x_wconf 83' lang='lat' dir='ltr'>auxiliis</span> <span class='ocrx_word' id='word_1_390' title='bbox 338 3234 373 3265; x_wconf 92' lang='lat' dir='ltr'>et</span> <span class='ocrx_word' id='word_1_391' title='bbox 395 3233 552 3274; x_wconf 89' lang='lat' dir='ltr'>equitatu</span> <span class='ocrx_word' id='word_1_392' title='bbox 576 3231 674 3264; x_wconf 83' lang='lat' dir='ltr'>facile</span> <span class='ocrx_word' id='word_1_393' title='bbox 699 3231 742 3264; x_wconf 89' lang='lat' dir='ltr'>ad</span> <span class='ocrx_word' id='word_1_394' title='bbox 768 3232 806 3264; x_wconf 93' lang='lat' dir='ltr'>C.</span> <span class='ocrx_word' id='word_1_395' title='bbox 825 3233 868 3264; x_wconf 89' lang='lat' dir='ltr'>M.</span> <span class='ocrx_word' id='word_1_396' title='bbox 893 3230 1040 3263; x_wconf 86' lang='lat' dir='ltr'>miiitum</span> 
     </span>
     <span class='ocr_line' id='line_1_51' title="bbox 184 3281 1038 3322; baseline -0.004 -7"><span class='ocrx_word' id='word_1_397' title='bbox 184 3281 412 3315; x_wconf 84' lang='lat' dir='ltr'>accedebant.</span> <span class='ocrx_word' id='word_1_398' title='bbox 437 3283 522 3314; x_wconf 76' lang='lat' dir='ltr'>L1rs.</span> <span class='ocrx_word' id='word_1_399' title='bbox 543 3299 579 3304; x_wconf 98' lang='lat'><strong>—</strong></span> <span class='ocrx_word' id='word_1_400' title='bbox 601 3281 702 3314; x_wconf 83' lang='lat' dir='ltr'>dabat</span> <span class='ocrx_word' id='word_1_401' title='bbox 724 3285 753 3314; x_wconf 87' lang='lat' dir='ltr'>et</span> <span class='ocrx_word' id='word_1_402' title='bbox 774 3281 895 3322; x_wconf 83' lang='lat' dir='ltr'>famae]</span> <span class='ocrx_word' id='word_1_403' title='bbox 921 3281 1038 3313; x_wconf 87' lang='lat' dir='ltr'>Horat.</span> 
     </span>
     <span class='ocr_line' id='line_1_52' title="bbox 184 3330 1041 3372; baseline -0.002 -8"><span class='ocrx_word' id='word_1_404' title='bbox 184 3332 252 3364; x_wconf 84' lang='lat' dir='ltr'>Sat.</span> <span class='ocrx_word' id='word_1_405' title='bbox 277 3333 317 3372; x_wconf 77' lang='lat'>2,</span> <span class='ocrx_word' id='word_1_406' title='bbox 346 3332 387 3372; x_wconf 75' lang='lat'>2,</span> <span class='ocrx_word' id='word_1_407' title='bbox 425 3332 482 3365; x_wconf 70' lang='lat'>94:</span> <span class='ocrx_word' id='word_1_408' title='bbox 523 3332 583 3364; x_wconf 81' lang='lat' dir='ltr'>das</span> <span class='ocrx_word' id='word_1_409' title='bbox 614 3331 741 3371; x_wconf 73' lang='lat' dir='ltr'>aliquid</span> <span class='ocrx_word' id='word_1_410' title='bbox 770 3330 907 3372; x_wconf 82' lang='lat' dir='ltr'>famae?</span> <span class='ocrx_word' id='word_1_411' title='bbox 937 3348 972 3353; x_wconf 92' lang='lat'>—</span> <span class='ocrx_word' id='word_1_412' title='bbox 1005 3334 1041 3363; x_wconf 89' lang='lat' dir='ltr'>ut</span> 
     </span>
     <span class='ocr_line' id='line_1_53' title="bbox 179 3356 1041 3425; baseline -0.002 -11"><span class='ocrx_word' id='word_1_413' title='bbox 179 3385 314 3414; x_wconf 76' lang='lat' dir='ltr'>vocatus</span> <span class='ocrx_word' id='word_1_414' title='bbox 335 3382 514 3423; x_wconf 81' lang='lat' dir='ltr'>electusque</span> <span class='ocrx_word' id='word_1_415' title='bbox 537 3381 620 3425; x_wconf 85' lang='lat' dir='ltr'>cet.]</span> <span class='ocrx_word' id='word_1_416' title='bbox 648 3356 787 3422; x_wconf 59' lang='lat' dir='ltr'>Dioss&#39;r,</span> <span class='ocrx_word' id='word_1_417' title='bbox 812 3380 848 3413; x_wconf 86' lang='lat'>3:</span> <span class='ocrx_word' id='word_1_418' title='bbox 888 3375 1041 3423; x_wconf 79' lang='grc' dir='ltr'><em>ἥκουσα</em></span> 
     </span>
    </p>
   </div>
   <div class='ocr_carea' id='block_1_7' title="bbox 1088 1630 1953 3424">
    <p class='ocr_par' dir='ltr' id='par_1_7' title="bbox 1088 1630 1953 2271">
     <span class='ocr_line' id='line_1_54' title="bbox 1091 1630 1950 1679; baseline -0.005 -9"><span class='ocrx_word' id='word_1_419' title='bbox 1091 1632 1169 1678; x_wconf 87' lang='grc' dir='ltr'><em>ὅτι,</em></span> <span class='ocrx_word' id='word_1_420' title='bbox 1194 1633 1320 1679; x_wconf 80' lang='grc' dir='ltr'><em>ἐπειδὴ</em></span> <span class='ocrx_word' id='word_1_421' title='bbox 1345 1633 1370 1679; x_wconf 82' lang='grc' dir='ltr'><em>ἡ</em></span> <span class='ocrx_word' id='word_1_422' title='bbox 1386 1635 1525 1669; x_wconf 88' lang='grc' dir='ltr'><em>Λιουία</em></span> <span class='ocrx_word' id='word_1_423' title='bbox 1539 1630 1704 1676; x_wconf 71' lang='grc' dir='ltr'><em>ἄκοντος</em></span> <span class='ocrx_word' id='word_1_424' title='bbox 1717 1631 1785 1667; x_wconf 83' lang='grc' dir='ltr'><em>τοῦ</em></span> <span class='ocrx_word' id='word_1_425' title='bbox 1801 1631 1950 1678; x_wconf 81' lang='grc' dir='ltr'><em>Αὐγού-</em></span> 
     </span>
     <span class='ocr_line' id='line_1_55' title="bbox 1090 1682 1950 1733; baseline -0.003 -12"><span class='ocrx_word' id='word_1_426' title='bbox 1090 1698 1184 1722; x_wconf 90' lang='grc' dir='ltr'><em>στου</em></span> <span class='ocrx_word' id='word_1_427' title='bbox 1219 1685 1290 1731; x_wconf 84' lang='grc' dir='ltr'><em>τὴν</em></span> <span class='ocrx_word' id='word_1_428' title='bbox 1323 1682 1447 1733; x_wconf 81' lang='grc' dir='ltr'><em>ἀρχὴν</em></span> <span class='ocrx_word' id='word_1_429' title='bbox 1484 1683 1586 1730; x_wconf 78' lang='grc' dir='ltr'><em>αὐτῷ</em></span> <span class='ocrx_word' id='word_1_430' title='bbox 1621 1685 1950 1732; x_wconf 80' lang='grc' dir='ltr'><em>περιπεποιηκέναι</em></span> 
     </span>
     <span class='ocr_line' id='line_1_56' title="bbox 1089 1731 1949 1782; baseline -0.003 -11"><span class='ocrx_word' id='word_1_431' title='bbox 1089 1737 1250 1782; x_wconf 81' lang='grc' dir='ltr'>ἐλέγετο,</span> <span class='ocrx_word' id='word_1_432' title='bbox 1274 1733 1467 1776; x_wconf 64' lang='grc' dir='ltr'>5ἔπλαττεν,</span> <span class='ocrx_word' id='word_1_433' title='bbox 1492 1731 1595 1777; x_wconf 87' lang='grc' dir='ltr'><em>ὅπως</em></span> <span class='ocrx_word' id='word_1_434' title='bbox 1616 1733 1671 1779; x_wconf 86' lang='grc' dir='ltr'>μὴ</span> <span class='ocrx_word' id='word_1_435' title='bbox 1688 1737 1773 1782; x_wconf 81' lang='grc' dir='ltr'><em>παρ’</em></span> <span class='ocrx_word' id='word_1_436' title='bbox 1790 1735 1949 1779; x_wconf 82' lang='grc' dir='ltr'><em>ἐκείνης,</em></span> 
     </span>
     <span class='ocr_line' id='line_1_57' title="bbox 1089 1783 1950 1834; baseline -0.005 -13"><span class='ocrx_word' id='word_1_437' title='bbox 1089 1783 1186 1821; x_wconf 81' lang='grc' dir='ltr'><em>ἀλλὰ</em></span> <span class='ocrx_word' id='word_1_438' title='bbox 1209 1785 1311 1834; x_wconf 85' lang='grc' dir='ltr'><em>παρὰ</em></span> <span class='ocrx_word' id='word_1_439' title='bbox 1338 1786 1407 1830; x_wconf 83' lang='grc' dir='ltr'><em>τῆς</em></span> <span class='ocrx_word' id='word_1_440' title='bbox 1436 1785 1582 1830; x_wconf 83' lang='grc' dir='ltr'><em>βουλῆς</em></span> <span class='ocrx_word' id='word_1_441' title='bbox 1605 1783 1862 1830; x_wconf 82' lang='grc' dir='ltr'><em>ἀναγκαστός,</em></span> <span class='ocrx_word' id='word_1_442' title='bbox 1898 1783 1950 1827; x_wconf 81' lang='grc' dir='ltr'>ὠς</span> 
     </span>
     <span class='ocr_line' id='line_1_58' title="bbox 1088 1833 1950 1884; baseline -0.003 -13"><span class='ocrx_word' id='word_1_443' title='bbox 1088 1839 1154 1871; x_wconf 83' lang='grc' dir='ltr'>καὶ</span> <span class='ocrx_word' id='word_1_444' title='bbox 1176 1840 1257 1870; x_wconf 78' lang='grc' dir='ltr'><em>κατ’</em></span> <span class='ocrx_word' id='word_1_445' title='bbox 1281 1834 1421 1884; x_wconf 81' lang='grc' dir='ltr'><em>ἀρετὴν</em></span> <span class='ocrx_word' id='word_1_446' title='bbox 1445 1835 1556 1877; x_wconf 75' lang='grc' dir='ltr'><em>σφω”ν</em></span> <span class='ocrx_word' id='word_1_447' title='bbox 1581 1833 1778 1883; x_wconf 86' lang='grc' dir='ltr'><em>προήκων,</em></span> <span class='ocrx_word' id='word_1_448' title='bbox 1807 1833 1950 1877; x_wconf 77' lang='grc' dir='ltr'><em>δόξειεν</em></span> 
     </span>
     <span class='ocr_line' id='line_1_59' title="bbox 1088 1885 1949 1931; baseline -0.003 -10"><span class='ocrx_word' id='word_1_449' title='bbox 1088 1885 1210 1931; x_wconf 82' lang='grc' dir='ltr'><em>αὐτὴν</em></span> <span class='ocrx_word' id='word_1_450' title='bbox 1234 1887 1441 1931; x_wconf 77' lang='grc' dir='ltr'><em>εἰληφέναι.</em></span> <span class='ocrx_word' id='word_1_451' title='bbox 1462 1905 1497 1910; x_wconf 91' lang='grc'>-</span> <span class='ocrx_word' id='word_1_452' title='bbox 1515 1888 1683 1919; x_wconf 84' lang='lat' dir='ltr'>inductam</span> <span class='ocrx_word' id='word_1_453' title='bbox 1706 1886 1949 1929; x_wconf 78' lang='lat' dir='ltr'>dubitationem]</span> 
     </span>
     <span class='ocr_line' id='line_1_60' title="bbox 1089 1937 1953 1981; baseline -0.005 -9"><span class='ocrx_word' id='word_1_454' title='bbox 1089 1940 1245 1981; x_wconf 89' lang='lat' dir='ltr'>speciem</span> <span class='ocrx_word' id='word_1_455' title='bbox 1269 1938 1491 1971; x_wconf 89' lang='lat' dir='ltr'>dubitationis</span> <span class='ocrx_word' id='word_1_456' title='bbox 1522 1938 1750 1978; x_wconf 89' lang='lat' dir='ltr'>assumptam.</span> <span class='ocrx_word' id='word_1_457' title='bbox 1795 1937 1953 1969; x_wconf 84' lang='lat' dir='ltr'>Inducere</span> 
     </span>
     <span class='ocr_line' id='line_1_61' title="bbox 1089 1985 1951 2030; baseline -0.003 -9"><span class='ocrx_word' id='word_1_458' title='bbox 1089 1989 1216 2021; x_wconf 87' lang='lat' dir='ltr'>dicitur</span> <span class='ocrx_word' id='word_1_459' title='bbox 1239 1989 1282 2021; x_wconf 90' lang='lat' dir='ltr'>de</span> <span class='ocrx_word' id='word_1_460' title='bbox 1307 1997 1414 2030; x_wconf 88' lang='lat' dir='ltr'>opere</span> <span class='ocrx_word' id='word_1_461' title='bbox 1437 1987 1603 2026; x_wconf 86' lang='lat' dir='ltr'>tectorio,</span> <span class='ocrx_word' id='word_1_462' title='bbox 1641 1985 1815 2018; x_wconf 88' lang='lat' dir='ltr'>coloribus</span> <span class='ocrx_word' id='word_1_463' title='bbox 1839 1987 1873 2019; x_wconf 88' lang='lat' dir='ltr'>et</span> <span class='ocrx_word' id='word_1_464' title='bbox 1896 1986 1951 2028; x_wconf 91' lang='lat' dir='ltr'>pi-</span> 
     </span>
     <span class='ocr_line' id='line_1_62' title="bbox 1090 2035 1949 2080; baseline -0.003 -9"><span class='ocrx_word' id='word_1_465' title='bbox 1090 2039 1251 2080; x_wconf 88' lang='lat' dir='ltr'>gmentis.</span> <span class='ocrx_word' id='word_1_466' title='bbox 1277 2039 1402 2070; x_wconf 64' lang='lat' dir='ltr'>Dorus.</span> <span class='ocrx_word' id='word_1_467' title='bbox 1423 2054 1458 2060; x_wconf 89' lang='lat'>—</span> <span class='ocrx_word' id='word_1_468' title='bbox 1485 2037 1520 2069; x_wconf 90' lang='lat' dir='ltr'>in</span> <span class='ocrx_word' id='word_1_469' title='bbox 1543 2038 1666 2069; x_wconf 79' lang='lat' dir='ltr'>crimen</span> <span class='ocrx_word' id='word_1_470' title='bbox 1689 2035 1891 2078; x_wconf 76' lang='lat' dir='ltr'>detorquens]</span> <span class='ocrx_word' id='word_1_471' title='bbox 1916 2035 1949 2068; x_wconf 90' lang='lat' dir='ltr'>in</span> 
     </span>
     <span class='ocr_line' id='line_1_63' title="bbox 1090 2085 1949 2129; baseline -0.002 -9"><span class='ocrx_word' id='word_1_472' title='bbox 1090 2088 1303 2120; x_wconf 88' lang='lat' dir='ltr'>deteriorem</span> <span class='ocrx_word' id='word_1_473' title='bbox 1316 2088 1464 2129; x_wconf 89' lang='lat' dir='ltr'>partem,</span> <span class='ocrx_word' id='word_1_474' title='bbox 1485 2086 1573 2119; x_wconf 85' lang='lat' dir='ltr'>adeo</span> <span class='ocrx_word' id='word_1_475' title='bbox 1587 2088 1625 2119; x_wconf 91' lang='lat' dir='ltr'>ut</span> <span class='ocrx_word' id='word_1_476' title='bbox 1637 2085 1751 2118; x_wconf 87' lang='lat' dir='ltr'>oblata</span> <span class='ocrx_word' id='word_1_477' title='bbox 1765 2086 1949 2119; x_wconf 87' lang='lat' dir='ltr'>occasione</span> 
     </span>
     <span class='ocr_line' id='line_1_64' title="bbox 1090 2136 1951 2178; baseline -0.003 -8"><span class='ocrx_word' id='word_1_478' title='bbox 1090 2147 1188 2177; x_wconf 90' lang='lat' dir='ltr'>eum,</span> <span class='ocrx_word' id='word_1_479' title='bbox 1225 2138 1260 2170; x_wconf 92' lang='lat' dir='ltr'>in</span> <span class='ocrx_word' id='word_1_480' title='bbox 1283 2145 1353 2178; x_wconf 87' lang='lat' dir='ltr'>quo</span> <span class='ocrx_word' id='word_1_481' title='bbox 1377 2136 1589 2176; x_wconf 87' lang='lat' dir='ltr'>offenderat,</span> <span class='ocrx_word' id='word_1_482' title='bbox 1620 2137 1808 2178; x_wconf 90' lang='lat' dir='ltr'>propterea</span> <span class='ocrx_word' id='word_1_483' title='bbox 1833 2136 1951 2168; x_wconf 88' lang='lat' dir='ltr'>crimi-</span> 
     </span>
     <span class='ocr_line' id='line_1_65' title="bbox 1090 2185 1949 2230; baseline -0.003 -9"><span class='ocrx_word' id='word_1_484' title='bbox 1090 2189 1165 2221; x_wconf 88' lang='lat' dir='ltr'>nari</span> <span class='ocrx_word' id='word_1_485' title='bbox 1194 2189 1332 2230; x_wconf 84' lang='lat' dir='ltr'>posset3</span> <span class='ocrx_word' id='word_1_486' title='bbox 1369 2187 1502 2219; x_wconf 89' lang='lat' dir='ltr'>interea</span> <span class='ocrx_word' id='word_1_487' title='bbox 1537 2195 1578 2219; x_wconf 89' lang='lat' dir='ltr'>ea</span> <span class='ocrx_word' id='word_1_488' title='bbox 1612 2186 1823 2226; x_wconf 81' lang='lat' dir='ltr'>recondebat,</span> <span class='ocrx_word' id='word_1_489' title='bbox 1859 2185 1949 2218; x_wconf 90' lang='lat' dir='ltr'>clam</span> 
     </span>
     <span class='ocr_line' id='line_1_66' title="bbox 1089 2238 1484 2271; baseline -0.008 0"><span class='ocrx_word' id='word_1_490' title='bbox 1089 2247 1212 2271; x_wconf 90' lang='lat' dir='ltr'>eorum</span> <span class='ocrx_word' id='word_1_491' title='bbox 1235 2245 1375 2269; x_wconf 90' lang='lat' dir='ltr'>memor</span> <span class='ocrx_word' id='word_1_492' title='bbox 1398 2238 1484 2269; x_wconf 89' lang='lat' dir='ltr'>erat.</span> 
     </span>
    </p>

    <p class='ocr_par' dir='ltr' id='par_1_8' title="bbox 1088 2285 1951 3424">
     <span class='ocr_line' id='line_1_67' title="bbox 1132 2285 1950 2327; baseline -0.002 -7"><span class='ocrx_word' id='word_1_493' title='bbox 1132 2288 1164 2320; x_wconf 93' lang='lat'>8.</span> <span class='ocrx_word' id='word_1_494' title='bbox 1192 2288 1230 2319; x_wconf 86' lang='lat' dir='ltr'>de</span> <span class='ocrx_word' id='word_1_495' title='bbox 1251 2287 1423 2327; x_wconf 78' lang='lat' dir='ltr'>supremis]</span> <span class='ocrx_word' id='word_1_496' title='bbox 1446 2286 1490 2319; x_wconf 91' lang='lat' dir='ltr'>de</span> <span class='ocrx_word' id='word_1_497' title='bbox 1514 2288 1589 2319; x_wconf 91' lang='lat' dir='ltr'>eius</span> <span class='ocrx_word' id='word_1_498' title='bbox 1611 2286 1821 2319; x_wconf 90' lang='lat' dir='ltr'>testamento</span> <span class='ocrx_word' id='word_1_499' title='bbox 1845 2294 1886 2319; x_wconf 90' lang='lat' dir='ltr'>ac</span> <span class='ocrx_word' id='word_1_500' title='bbox 1905 2285 1950 2318; x_wconf 89' lang='lat' dir='ltr'>de</span> 
     </span>
     <span class='ocr_line' id='line_1_68' title="bbox 1089 2335 1949 2378; baseline -0.002 -8"><span class='ocrx_word' id='word_1_501' title='bbox 1089 2338 1223 2370; x_wconf 86' lang='lat' dir='ltr'>funere.</span> <span class='ocrx_word' id='word_1_502' title='bbox 1237 2354 1272 2359; x_wconf 92' lang='lat'><em>-</em></span> <span class='ocrx_word' id='word_1_503' title='bbox 1285 2336 1522 2378; x_wconf 83' lang='lat' dir='ltr'>testamentum]</span> <span class='ocrx_word' id='word_1_504' title='bbox 1540 2337 1707 2377; x_wconf 90' lang='lat' dir='ltr'>Superest</span> <span class='ocrx_word' id='word_1_505' title='bbox 1718 2335 1949 2377; x_wconf 83' lang='lat' dir='ltr'>fragmentum</span> 
     </span>
     <span class='ocr_line' id='line_1_69' title="bbox 1090 2386 1951 2429; baseline -0.002 -10"><span class='ocrx_word' id='word_1_506' title='bbox 1090 2387 1183 2429; x_wconf 91' lang='lat' dir='ltr'>apud</span> <span class='ocrx_word' id='word_1_507' title='bbox 1214 2386 1410 2419; x_wconf 89' lang='lat' dir='ltr'>Charisium</span> <span class='ocrx_word' id='word_1_508' title='bbox 1433 2387 1458 2419; x_wconf 93' lang='lat'>1.</span> <span class='ocrx_word' id='word_1_509' title='bbox 1491 2395 1526 2428; x_wconf 90' lang='lat' dir='ltr'>p.</span> <span class='ocrx_word' id='word_1_510' title='bbox 1551 2386 1604 2418; x_wconf 89' lang='lat'>80.</span> <span class='ocrx_word' id='word_1_511' title='bbox 1630 2387 1685 2418; x_wconf 87' lang='lat' dir='ltr'>P.:</span> <span class='ocrx_word' id='word_1_512' title='bbox 1724 2387 1888 2428; x_wconf 71' lang='lat' dir='ltr'>Anqustus</span> <span class='ocrx_word' id='word_1_513' title='bbox 1916 2386 1951 2417; x_wconf 90' lang='lat' dir='ltr'>in</span> 
     </span>
     <span class='ocr_line' id='line_1_70' title="bbox 1090 2436 1951 2477; baseline -0.001 -9"><span class='ocrx_word' id='word_1_514' title='bbox 1090 2439 1278 2469; x_wconf 83' lang='lat' dir='ltr'>testamento</span> <span class='ocrx_word' id='word_1_515' title='bbox 1295 2445 1536 2477; x_wconf 64' lang='lat' dir='ltr'>«gausapes,</span> <span class='ocrx_word' id='word_1_516' title='bbox 1554 2436 1951 2477; x_wconf 82' lang='lat' dir='ltr'>lodicespurpureas</span> 
     </span>
     <span class='ocr_line' id='line_1_71' title="bbox 1089 2486 1948 2527; baseline -0.002 -7"><span class='ocrx_word' id='word_1_517' title='bbox 1089 2490 1128 2520; x_wconf 84' lang='lat' dir='ltr'>et</span> <span class='ocrx_word' id='word_1_518' title='bbox 1164 2487 1354 2519; x_wconf 86' lang='lat' dir='ltr'>colorias</span> <span class='ocrx_word' id='word_1_519' title='bbox 1389 2495 1536 2518; x_wconf 83' lang='lat' dir='ltr'>meas.»</span> <span class='ocrx_word' id='word_1_520' title='bbox 1574 2504 1609 2509; x_wconf 91' lang='lat'>—</span> <span class='ocrx_word' id='word_1_521' title='bbox 1643 2487 1787 2527; x_wconf 60' lang='lat' dir='ltr'>virgines</span> <span class='ocrx_word' id='word_1_522' title='bbox 1829 2486 1948 2526; x_wconf 79' lang='lat' dir='ltr'>Vestae]</span> 
     </span>
     <span class='ocr_line' id='line_1_72' title="bbox 1090 2535 1948 2577; baseline 0 -9"><span class='ocrx_word' id='word_1_523' title='bbox 1090 2545 1188 2569; x_wconf 90' lang='lat' dir='ltr'>more</span> <span class='ocrx_word' id='word_1_524' title='bbox 1219 2535 1353 2569; x_wconf 89' lang='lat' dir='ltr'>scilicet</span> <span class='ocrx_word' id='word_1_525' title='bbox 1375 2537 1632 2575; x_wconf 82' lang='lat' dir='ltr'>Romanorum,</span> <span class='ocrx_word' id='word_1_526' title='bbox 1669 2536 1728 2576; x_wconf 86' lang='lat' dir='ltr'>qui</span> <span class='ocrx_word' id='word_1_527' title='bbox 1757 2537 1948 2577; x_wconf 89' lang='lat' dir='ltr'>pactiones,</span> 
     </span>
     <span class='ocr_line' id='line_1_73' title="bbox 1091 2586 1950 2627; baseline -0.001 -8"><span class='ocrx_word' id='word_1_528' title='bbox 1091 2586 1252 2626; x_wconf 85' lang='lat' dir='ltr'>foedera,</span> <span class='ocrx_word' id='word_1_529' title='bbox 1285 2587 1509 2625; x_wconf 86' lang='lat' dir='ltr'>testamenta,</span> <span class='ocrx_word' id='word_1_530' title='bbox 1541 2586 1708 2627; x_wconf 88' lang='lat' dir='ltr'>pecunias</span> <span class='ocrx_word' id='word_1_531' title='bbox 1732 2587 1855 2625; x_wconf 85' lang='lat' dir='ltr'>etiam,</span> <span class='ocrx_word' id='word_1_532' title='bbox 1886 2586 1950 2618; x_wconf 92' lang='lat' dir='ltr'>de-</span> 
     </span>
     <span class='ocr_line' id='line_1_74' title="bbox 1090 2635 1949 2678; baseline -0.001 -10"><span class='ocrx_word' id='word_1_533' title='bbox 1090 2635 1269 2678; x_wconf 87' lang='lat' dir='ltr'>ponebant</span> <span class='ocrx_word' id='word_1_534' title='bbox 1292 2636 1326 2668; x_wconf 91' lang='lat' dir='ltr'>in</span> <span class='ocrx_word' id='word_1_535' title='bbox 1349 2635 1504 2677; x_wconf 84' lang='lat' dir='ltr'>templis,</span> <span class='ocrx_word' id='word_1_536' title='bbox 1538 2638 1573 2668; x_wconf 88' lang='lat' dir='ltr'>et</span> <span class='ocrx_word' id='word_1_537' title='bbox 1595 2636 1802 2677; x_wconf 90' lang='lat' dir='ltr'>saepissime</span> <span class='ocrx_word' id='word_1_538' title='bbox 1825 2636 1861 2668; x_wconf 88' lang='lat' dir='ltr'>in</span> <span class='ocrx_word' id='word_1_539' title='bbox 1884 2636 1949 2667; x_wconf 94' lang='lat' dir='ltr'>isto</span> 
     </span>
     <span class='ocr_line' id='line_1_75' title="bbox 1090 2685 1947 2727; baseline -0.001 -9"><span class='ocrx_word' id='word_1_540' title='bbox 1090 2687 1236 2725; x_wconf 87' lang='lat' dir='ltr'>Vestae,</span> <span class='ocrx_word' id='word_1_541' title='bbox 1270 2685 1367 2727; x_wconf 92' lang='lat' dir='ltr'>quod</span> <span class='ocrx_word' id='word_1_542' title='bbox 1396 2685 1563 2726; x_wconf 90' lang='lat' dir='ltr'>religione</span> <span class='ocrx_word' id='word_1_543' title='bbox 1592 2687 1756 2727; x_wconf 88' lang='lat' dir='ltr'>primum.</span> <span class='ocrx_word' id='word_1_544' title='bbox 1803 2686 1867 2718; x_wconf 94' lang='lat' dir='ltr'>Dio</span> <span class='ocrx_word' id='word_1_545' title='bbox 1895 2685 1947 2724; x_wconf 73' lang='lat'>48,</span> 
     </span>
     <span class='ocr_line' id='line_1_76' title="bbox 1091 2735 1946 2777; baseline -0.001 -10"><span class='ocrx_word' id='word_1_546' title='bbox 1091 2736 1143 2768; x_wconf 86' lang='lat'>37.</span> <span class='ocrx_word' id='word_1_547' title='bbox 1162 2735 1206 2768; x_wconf 90' lang='lat' dir='ltr'>de</span> <span class='ocrx_word' id='word_1_548' title='bbox 1219 2744 1306 2777; x_wconf 88' lang='lat' dir='ltr'>pace</span> <span class='ocrx_word' id='word_1_549' title='bbox 1319 2736 1410 2771; x_wconf 85' lang='lat' dir='ltr'>inter</span> <span class='ocrx_word' id='word_1_550' title='bbox 1425 2736 1624 2768; x_wconf 89' lang='lat' dir='ltr'>triumviros</span> <span class='ocrx_word' id='word_1_551' title='bbox 1641 2737 1675 2767; x_wconf 93' lang='lat' dir='ltr'>et</span> <span class='ocrx_word' id='word_1_552' title='bbox 1691 2736 1834 2768; x_wconf 87' lang='lat' dir='ltr'>Sextum</span> <span class='ocrx_word' id='word_1_553' title='bbox 1849 2736 1946 2767; x_wconf 88' lang='lat' dir='ltr'>inita:</span> 
     </span>
     <span class='ocr_line' id='line_1_77' title="bbox 1090 2778 1951 2830; baseline -0.001 -13"><span class='ocrx_word' id='word_1_554' title='bbox 1090 2783 1210 2818; x_wconf 83' lang='grc' dir='ltr'><em>ταῦτά</em></span> <span class='ocrx_word' id='word_1_555' title='bbox 1231 2794 1272 2817; x_wconf 88' lang='grc' dir='ltr'><em>τε</em></span> <span class='ocrx_word' id='word_1_556' title='bbox 1295 2778 1364 2817; x_wconf 81' lang='grc' dir='ltr'>οὖν</span> <span class='ocrx_word' id='word_1_557' title='bbox 1388 2785 1615 2826; x_wconf 79' lang='grc' dir='ltr'><em>συνθέμενοι</em></span> <span class='ocrx_word' id='word_1_558' title='bbox 1636 2785 1702 2817; x_wconf 81' lang='grc' dir='ltr'>καὶ</span> <span class='ocrx_word' id='word_1_559' title='bbox 1723 2781 1951 2830; x_wconf 81' lang='grc' dir='ltr'><em>συγγραψά-</em></span> 
     </span>
     <span class='ocr_line' id='line_1_78' title="bbox 1091 2832 1950 2880; baseline -0.002 -13"><span class='ocrx_word' id='word_1_560' title='bbox 1091 2844 1200 2878; x_wconf 82' lang='grc' dir='ltr'><em>μενοι</em></span> <span class='ocrx_word' id='word_1_561' title='bbox 1215 2832 1262 2866; x_wconf 86' lang='grc' dir='ltr'><em>τά</em></span> <span class='ocrx_word' id='word_1_562' title='bbox 1278 2844 1317 2866; x_wconf 82' lang='grc' dir='ltr'><em>τε</em></span> <span class='ocrx_word' id='word_1_563' title='bbox 1331 2837 1570 2880; x_wconf 80' lang='grc' dir='ltr'><em>γραμματεῖα</em></span> <span class='ocrx_word' id='word_1_564' title='bbox 1592 2837 1676 2875; x_wconf 86' lang='grc' dir='ltr'><em>ταῖς</em></span> <span class='ocrx_word' id='word_1_565' title='bbox 1700 2835 1850 2880; x_wconf 79' lang='grc' dir='ltr'><em>ἱερείαις</em></span> <span class='ocrx_word' id='word_1_566' title='bbox 1868 2836 1950 2874; x_wconf 88' lang='grc' dir='ltr'><em>ταῖς</em></span> 
     </span>
     <span class='ocr_line' id='line_1_79' title="bbox 1091 2880 1948 2931; baseline 0 -14"><span class='ocrx_word' id='word_1_567' title='bbox 1091 2880 1357 2930; x_wconf 79' lang='grc' dir='ltr'><em>ἀειπαρθένοις</em></span> <span class='ocrx_word' id='word_1_568' title='bbox 1380 2884 1697 2931; x_wconf 74' lang='grc' dir='ltr'><em>παρακατέθεντο.</em></span> <span class='ocrx_word' id='word_1_569' title='bbox 1735 2884 1783 2917; x_wconf 82' lang='lat' dir='ltr'>Cf.</span> <span class='ocrx_word' id='word_1_570' title='bbox 1803 2885 1948 2926; x_wconf 80' lang='lat' dir='ltr'>Appian.</span> 
     </span>
     <span class='ocr_line' id='line_1_80' title="bbox 1090 2934 1949 2974; baseline -0.001 -7"><span class='ocrx_word' id='word_1_571' title='bbox 1090 2936 1127 2968; x_wconf 90' lang='lat' dir='ltr'>B.</span> <span class='ocrx_word' id='word_1_572' title='bbox 1155 2935 1192 2967; x_wconf 92' lang='lat' dir='ltr'>C.</span> <span class='ocrx_word' id='word_1_573' title='bbox 1212 2935 1244 2974; x_wconf 83' lang='lat'>5,</span> <span class='ocrx_word' id='word_1_574' title='bbox 1269 2934 1322 2966; x_wconf 89' lang='lat'>73.</span> <span class='ocrx_word' id='word_1_575' title='bbox 1357 2934 1426 2966; x_wconf 90' lang='lat' dir='ltr'>Sed</span> <span class='ocrx_word' id='word_1_576' title='bbox 1449 2936 1484 2966; x_wconf 87' lang='lat' dir='ltr'>et</span> <span class='ocrx_word' id='word_1_577' title='bbox 1509 2934 1677 2967; x_wconf 85' lang='lat' dir='ltr'>lulianum</span> <span class='ocrx_word' id='word_1_578' title='bbox 1701 2935 1949 2966; x_wconf 88' lang='lat' dir='ltr'>testamentum</span> 
     </span>
     <span class='ocr_line' id='line_1_81' title="bbox 1090 2984 1948 3025; baseline -0.001 -9"><span class='ocrx_word' id='word_1_579' title='bbox 1090 2985 1220 3025; x_wconf 88' lang='lat' dir='ltr'>Virgini</span> <span class='ocrx_word' id='word_1_580' title='bbox 1250 2984 1424 3016; x_wconf 87' lang='lat' dir='ltr'>maximae</span> <span class='ocrx_word' id='word_1_581' title='bbox 1450 2984 1615 3016; x_wconf 88' lang='lat' dir='ltr'>traditum</span> <span class='ocrx_word' id='word_1_582' title='bbox 1639 2984 1824 3016; x_wconf 86' lang='lat' dir='ltr'>Suetonius</span> <span class='ocrx_word' id='word_1_583' title='bbox 1848 2984 1948 3015; x_wconf 90' lang='lat' dir='ltr'>Caes.</span> 
     </span>
     <span class='ocr_line' id='line_1_82' title="bbox 1091 3031 1949 3076; baseline -0.001 -9"><span class='ocrx_word' id='word_1_584' title='bbox 1091 3034 1143 3067; x_wconf 91' lang='lat'>83.</span> <span class='ocrx_word' id='word_1_585' title='bbox 1166 3034 1231 3071; x_wconf 88' lang='lat' dir='ltr'>ait,</span> <span class='ocrx_word' id='word_1_586' title='bbox 1256 3034 1300 3066; x_wconf 92' lang='grc' dir='ltr'>Μ.</span> <span class='ocrx_word' id='word_1_587' title='bbox 1318 3034 1454 3066; x_wconf 88' lang='lat' dir='ltr'>Antonii</span> <span class='ocrx_word' id='word_1_588' title='bbox 1471 3033 1670 3075; x_wconf 90' lang='lat' dir='ltr'>depositum</span> <span class='ocrx_word' id='word_1_589' title='bbox 1685 3033 1777 3076; x_wconf 91' lang='lat' dir='ltr'>apud</span> <span class='ocrx_word' id='word_1_590' title='bbox 1793 3031 1949 3066; x_wconf 89' lang='lat' dir='ltr'>Vestales</span> 
     </span>
     <span class='ocr_line' id='line_1_83' title="bbox 1091 3082 1947 3124; baseline -0.002 -8"><span class='ocrx_word' id='word_1_591' title='bbox 1091 3082 1294 3116; x_wconf 86' lang='lat' dir='ltr'>Plutarchus</span> <span class='ocrx_word' id='word_1_592' title='bbox 1330 3091 1364 3124; x_wconf 88' lang='lat' dir='ltr'>p.</span> <span class='ocrx_word' id='word_1_593' title='bbox 1401 3082 1476 3116; x_wconf 73' lang='lat'>942.</span> <span class='ocrx_word' id='word_1_594' title='bbox 1512 3084 1550 3116; x_wconf 91' lang='lat' dir='ltr'>E.</span> <span class='ocrx_word' id='word_1_595' title='bbox 1589 3084 1675 3116; x_wconf 76' lang='lat' dir='ltr'>Lirs.</span> <span class='ocrx_word' id='word_1_596' title='bbox 1723 3082 1773 3115; x_wconf 79' lang='lat' dir='ltr'>Cf.</span> <span class='ocrx_word' id='word_1_597' title='bbox 1805 3083 1947 3115; x_wconf 88' lang='lat' dir='ltr'>Sueton.</span> 
     </span>
     <span class='ocr_line' id='line_1_84' title="bbox 1091 3131 1950 3165; baseline -0.001 -1"><span class='ocrx_word' id='word_1_598' title='bbox 1091 3133 1208 3164; x_wconf 87' lang='lat' dir='ltr'>Octav.</span> <span class='ocrx_word' id='word_1_599' title='bbox 1228 3132 1303 3165; x_wconf 93' lang='grc'><strong>404.</strong></span> <span class='ocrx_word' id='word_1_600' title='bbox 1324 3149 1360 3155; x_wconf 87' lang='lat'>—-</span> <span class='ocrx_word' id='word_1_601' title='bbox 1380 3132 1540 3164; x_wconf 83' lang='lat' dir='ltr'>Tiberium</span> <span class='ocrx_word' id='word_1_602' title='bbox 1562 3136 1592 3164; x_wconf 88' lang='lat' dir='ltr'>et</span> <span class='ocrx_word' id='word_1_603' title='bbox 1607 3133 1735 3164; x_wconf 85' lang='lat' dir='ltr'>Liviam</span> <span class='ocrx_word' id='word_1_604' title='bbox 1748 3132 1879 3164; x_wconf 84' lang='lat' dir='ltr'>heredes</span> <span class='ocrx_word' id='word_1_605' title='bbox 1892 3131 1950 3163; x_wconf 79' lang='lat' dir='ltr'>ha-</span> 
     </span>
     <span class='ocr_line' id='line_1_85' title="bbox 1091 3181 1948 3223; baseline 0.001 -10"><span class='ocrx_word' id='word_1_606' title='bbox 1091 3182 1168 3223; x_wconf 84' lang='lat' dir='ltr'>buit]</span> <span class='ocrx_word' id='word_1_607' title='bbox 1193 3182 1378 3215; x_wconf 87' lang='lat' dir='ltr'>Suetonius</span> <span class='ocrx_word' id='word_1_608' title='bbox 1401 3181 1423 3215; x_wconf 94' lang='grc'><strong>1.</strong></span> <span class='ocrx_word' id='word_1_609' title='bbox 1441 3181 1483 3214; x_wconf 84' lang='lat' dir='ltr'>l.:</span> <span class='ocrx_word' id='word_1_610' title='bbox 1508 3183 1646 3215; x_wconf 87' lang='lat' dir='ltr'>Heredes</span> <span class='ocrx_word' id='word_1_611' title='bbox 1661 3181 1800 3213; x_wconf 80' lang='lat' dir='ltr'>instituit</span> <span class='ocrx_word' id='word_1_612' title='bbox 1811 3182 1948 3222; x_wconf 81' lang='lat' dir='ltr'>primos,</span> 
     </span>
     <span class='ocr_line' id='line_1_86' title="bbox 1093 3231 1948 3272; baseline 0.001 -9"><span class='ocrx_word' id='word_1_613' title='bbox 1093 3231 1255 3263; x_wconf 84' lang='lat' dir='ltr'>Tiberium</span> <span class='ocrx_word' id='word_1_614' title='bbox 1269 3241 1312 3264; x_wconf 75' lang='lat' dir='ltr'>ea:</span> <span class='ocrx_word' id='word_1_615' title='bbox 1325 3235 1423 3272; x_wconf 81' lang='lat' dir='ltr'>parte</span> <span class='ocrx_word' id='word_1_616' title='bbox 1437 3232 1576 3264; x_wconf 84' lang='lat' dir='ltr'>dimidia</span> <span class='ocrx_word' id='word_1_617' title='bbox 1592 3235 1621 3263; x_wconf 90' lang='lat' dir='ltr'>et</span> <span class='ocrx_word' id='word_1_618' title='bbox 1634 3234 1800 3270; x_wconf 77' lang='lat' dir='ltr'>sextante,</span> <span class='ocrx_word' id='word_1_619' title='bbox 1821 3231 1948 3264; x_wconf 85' lang='lat' dir='ltr'>Liviam</span> 
     </span>
     <span class='ocr_line' id='line_1_87' title="bbox 1090 3281 1950 3322; baseline 0 -8"><span class='ocrx_word' id='word_1_620' title='bbox 1090 3290 1134 3314; x_wconf 75' lang='grc' dir='ltr'>σω</span> <span class='ocrx_word' id='word_1_621' title='bbox 1156 3285 1256 3322; x_wconf 83' lang='lat' dir='ltr'>parte</span> <span class='ocrx_word' id='word_1_622' title='bbox 1285 3282 1403 3313; x_wconf 86' lang='lat' dir='ltr'>tertia:</span> <span class='ocrx_word' id='word_1_623' title='bbox 1435 3291 1515 3321; x_wconf 85' lang='lat' dir='ltr'>quos</span> <span class='ocrx_word' id='word_1_624' title='bbox 1544 3286 1573 3313; x_wconf 87' lang='lat' dir='ltr'>et</span> <span class='ocrx_word' id='word_1_625' title='bbox 1600 3281 1688 3322; x_wconf 80' lang='lat' dir='ltr'>ferre</span> <span class='ocrx_word' id='word_1_626' title='bbox 1716 3288 1833 3313; x_wconf 85' lang='lat' dir='ltr'>nomen</span> <span class='ocrx_word' id='word_1_627' title='bbox 1854 3290 1950 3314; x_wconf 87' lang='lat' dir='ltr'>suum</span> 
     </span>
     <span class='ocr_line' id='line_1_88' title="bbox 1088 3329 1948 3371; baseline 0.001 -8"><span class='ocrx_word' id='word_1_628' title='bbox 1088 3331 1191 3363; x_wconf 85' lang='lat' dir='ltr'>iussit.</span> <span class='ocrx_word' id='word_1_629' title='bbox 1223 3348 1258 3354; x_wconf 97' lang='lat'><strong>—</strong></span> <span class='ocrx_word' id='word_1_630' title='bbox 1289 3340 1467 3371; x_wconf 79' lang='lat' dir='ltr'>nomenque</span> <span class='ocrx_word' id='word_1_631' title='bbox 1489 3329 1681 3371; x_wconf 71' lang='lat' dir='ltr'>Auyustum]</span> <span class='ocrx_word' id='word_1_632' title='bbox 1716 3330 1796 3363; x_wconf 92' lang='lat' dir='ltr'>hinc</span> <span class='ocrx_word' id='word_1_633' title='bbox 1818 3330 1948 3364; x_wconf 85' lang='lat' dir='ltr'>Velleio</span> 
     </span>
     <span class='ocr_line' id='line_1_89' title="bbox 1089 3379 1947 3424; baseline 0 -11"><span class='ocrx_word' id='word_1_634' title='bbox 1089 3381 1121 3421; x_wconf 78' lang='lat'>2,</span> <span class='ocrx_word' id='word_1_635' title='bbox 1146 3381 1199 3413; x_wconf 87' lang='grc'><strong>74.</strong></span> <span class='ocrx_word' id='word_1_636' title='bbox 1227 3388 1292 3423; x_wconf 89' lang='lat' dir='ltr'>per</span> <span class='ocrx_word' id='word_1_637' title='bbox 1314 3381 1596 3422; x_wconf 85' lang='lat' dir='ltr'>anticipationem</span> <span class='ocrx_word' id='word_1_638' title='bbox 1620 3381 1674 3412; x_wconf 89' lang='lat' dir='ltr'>est</span> <span class='ocrx_word' id='word_1_639' title='bbox 1687 3379 1774 3412; x_wconf 84' lang='lat' dir='ltr'>Iulia</span> <span class='ocrx_word' id='word_1_640' title='bbox 1787 3379 1947 3424; x_wconf 64' lang='lat' dir='ltr'>Augusta,</span> 
     </span>
    </p>
   </div>
  </div>
 </body>
</html>
