2254 3770
261 287 344 333 260

522 288 567 332 P.
598 288 850 333 CORNELII
880 286 1051 331 TACITI
1079 287 1349 332 ANNALIUM
1377 287 1476 333 LIB.
1507 289 1570 333 IV.
1602 289 1703 347 Cap.
1734 290 1803 334 75.

260 394 627 452 perpetiebantur,
661 395 800 439 donec
830 394 873 438 id
904 408 1079 453 quoque
1108 395 1298 439 vetitum.
1344 402 1387 439 et
1415 409 1625 440 revenere
1649 396 1692 440 in
1712 396 1865 441 urbem
1884 395 2052 455 trepidi,

260 483 371 528 quos
401 485 487 515 non
518 484 735 522 sermone,
778 483 862 514 non
892 470 987 514 visu
1018 470 1216 528 dignatus
1248 477 1359 523 erat3
1396 471 1571 530 quidam
1602 471 1712 516 male
1741 472 1926 523 aiacres,
1958 471 2054 530 qui-

258 545 342 590 hus
371 546 579 590 infaustae
609 545 822 590 amicitiae
852 546 994 603 gravis
1025 546 1162 590 exitus
1191 546 1453 590 imminebat.

373 623 453 680 (75)
487 623 686 667 Ceterum
718 621 912 666 Tiberius
943 629 1114 680 neptem
1145 622 1436 680 Agrippinam,
1479 622 1731 667 Germanico
1761 630 1917 671 ortam.
1956 636 2055 667 cum

226 710 405 743 scoram
436 698 509 743 Cn.
540 697 725 741 Domitio
756 696 1021 750 tradidisset,
1062 698 1105 740 in
1137 697 1244 741 urbe
1276 697 1485 742 celebrari
1518 698 1684 756 nuptias
1713 698 1849 742 iussit.
1896 698 1938 741 in
1967 699 2055 742 Do-

257 774 376 818 mitio
407 788 540 832 super
568 779 826 818 vetustatem
855 773 1026 831 generis
1056 773 1349 831 propinquum
1370 773 1627 818 Caesaribus
1657 774 1909 832 sanguinem
1935 773 2053 818 dele-

258 856 404 908 gerat:
450 863 551 894 nam
579 849 617 894 is
647 849 786 894 aviam
816 849 1039 908 Octaviam
1069 855 1112 892 et
1141 862 1219 906 per
1249 862 1346 893 eam
1375 849 1611 907 Augustum
1641 849 1898 894 avunculum
1928 863 2055 908 prae-

257 925 435 971 ferebat.

321 1047 354 1080 4.
379 1047 415 1079 id
437 1054 567 1090 quoque
589 1046 765 1080 Muretus:
790 1047 890 1087 idque
912 1047 945 1080 M
968 1063 1012 1070 —
1035 1045 1066 1078 3.
1093 1045 1237 1087 ifnfastae
1252 1045 1286 1079 M
1304 1062 1338 1069 —
1365 1045 1397 1078 ὅ.
1424 1030 1491 1078 ἇῖἧ.
1517 1045 1550 1079 Μ
1576 1062 1611 1067 -
1638 1046 1671 1078 7.
1693 1045 1915 1087 praeferebat.
1939 1045 2058 1080 FINIT

254 1103 381 1138 LIBER
403 1104 476 1137 [ιιι.
503 1105 519 1146 ιι
542 1104 699 1138 INCIPIT
718 1104 844 1138 LIBER
872 1104 907 1137 V.
933 1104 978 1138 M.

255 1223 558 1266 adsequerentur,
582 1224 675 1257 inter
697 1231 736 1257 se
753 1222 915 1256 coibant:
941 1223 1001 1265 qui
1026 1223 1131 1255 nimi-

253 1282 335 1307 rum
365 1274 647 1316 paciscerentur,
678 1274 718 1306 ut
741 1274 801 1316 qui
830 1274 928 1316 prius
952 1273 1129 1306 admissus

254 1325 351 1358 esset
374 1333 521 1366 operam
545 1324 662 1365 daret,
689 1333 760 1366 quo
784 1322 1002 1366 reliquorum
1023 1325 1129 1356 etiam

252 1374 342 1407 ratio
360 1374 565 1408 haberetur.
578 1392 614 1398 -
629 1373 911 1416 perpetiebantur]
929 1375 1002 1407 Hoc
1018 1374 1129 1407 verbo

253 1424 427 1467 significat
460 1434 574 1467 aeque
605 1424 787 1466 indignam
810 1425 917 1466 atque
941 1423 1129 1457 molestam

252 1475 513 1518 mancipiorum
527 1476 563 1508 et
580 1475 729 1517 gratiam
741 1475 777 1507 et
788 1473 994 1517 superbiam
1006 1474 1125 1507 fuisse.

251 1543 296 1550 --
309 1526 399 1559 male
414 1525 554 1568 alacres]
573 1524 822 1567 intempestive
840 1534 882 1558 ac
906 1533 1026 1567 prave,
1046 1524 1126 1566 quia

252 1577 370 1609 Seiani
393 1570 492 1610 fav'or
514 1576 600 1619 ipsis
623 1576 705 1618 post
724 1575 915 1608 triennium
931 1576 1126 1618 perniciem

252 1626 422 1660 allaturus
447 1628 535 1660 erat.

294 1678 348 1710 75.
373 1677 519 1719 neptem]
549 1685 615 1719 per
637 1676 878 1719 adoptionem.
906 1694 941 1699 -
966 1676 1128 1718 Agrippi-

249 1728 347 1769 nasm]
383 1737 475 1770 quae
510 1728 591 1770 post
624 1727 817 1760 Domitium
853 1727 972 1769 nupsit
1002 1727 1126 1768 Crispo

250 1778 418 1810 Passieno
442 1778 477 1810 et
498 1778 723 1819 postremum
743 1775 886 1810 Claudio
906 1776 1124 1818 imperatori.

251 1827 376 1861 occisa
399 1828 453 1861 est
468 1836 489 1860 a
504 1826 574 1860 filio
590 1828 743 1861 Nerone.
765 1845 800 1851 -—
819 1826 946 1869 coram]
971 1827 1006 1859 in
1023 1827 1128 1859 Cam-

1183 1222 1298 1264 pania.
1327 1239 1364 1245 —
1390 1222 1448 1254 Cn.
1474 1221 1639 1263 Domitio]
1669 1220 1927 1262 Ahenobarbo,
1962 1221 2054 1263 patri

1181 1274 1306 1315 postea
1343 1272 1492 1305 Neronis
1530 1272 1777 1314 imperatoris,
1818 1280 1927 1314 quem
1963 1272 2055 1304 omni

1175 1326 1275 1364 parte
1296 1323 1384 1355 vitae
1407 1322 1627 1356 detestabilem
1642 1323 1746 1354 vocat
1765 1322 1952 1355 Suetonius
1968 1323 2051 1355 Ner.

1179 1374 1211 1405 5.
1239 1372 1290 1406 Cf.
1318 1373 1349 1412 6,
1376 1371 1429 1405 47.
1459 1391 1493 1395 -
1526 1366 1708 1414 delegerat]
1740 1372 1776 1405 in
1799 1380 1843 1404 eo
1866 1371 2052 1414 deligendo

1180 1424 1407 1465 spectaverat
1430 1424 1465 1455 et
1488 1424 1633 1456 secutus
1658 1423 1744 1456 erat.
1770 1423 1851 1456 Em«.
1876 1441 1912 1446 —
1938 1424 2054 1456 aviam

1181 1474 1355 1506 Octaviam
1382 1478 1412 1507 et
1440 1482 1503 1515 per
1533 1482 1607 1506 eam
1628 1473 1813 1516 Augustum
1835 1473 2052 1516 avunculum]

1179 1524 1242 1557 Cn.
1269 1525 1411 1557 Domitii
1446 1525 1540 1557 enim
1572 1525 1674 1566 pater
1704 1526 1780 1557 erat
1802 1525 1839 1557 L.
1865 1525 2050 1566 Domitius,

1179 1576 1294 1608 mater
1309 1575 1457 1608 Antonia
1473 1575 1586 1608 maior
1603 1574 1693 1617 (vide
1710 1574 1754 1608 ad
1771 1574 1803 1615 4,
1822 1574 1890 1617 44),
1915 1575 1959 1608 Μ.
1976 1576 2051 1608 An-

1179 1625 1263 1657 tonii
1292 1634 1336 1658 ex
1359 1625 1516 1665 Octavia,
1554 1625 1699 1666 Augusti
1728 1633 1872 1666 sorore,
1901 1624 1981 1666 filia,
2013 1627 2052 1658 ut

1177 1676 1357 1716 Augustus
1386 1676 1418 1708 ei
1446 1673 1641 1708 avunculus
1668 1683 1819 1717 magnus
1844 1674 1906 1715 (cf.
1931 1675 1965 1716 2,
1990 1674 2048 1717 43)

1177 1724 1292 1759 fuerit.
1314 1742 1350 1748 —
1372 1725 1594 1767 praeferebat]
1619 1733 1704 1767 prae
1726 1733 1765 1759 se
1782 1724 1937 1766 ferebat,
1962 1725 2001 1758 ut
2015 1725 2048 1765 2,

1176 1775 1230 1808 53.
1258 1775 1311 1817 43,
1336 1775 1356 1808 3
1381 1777 1417 1808 et
1439 1775 1493 1809 45.
1520 1775 1572 1817 44,
1598 1775 1640 1808 53
1666 1777 1703 1808 et
1724 1775 1779 1809 57.
1805 1775 1859 1817 46,
1884 1774 1926 1809 23
1943 1776 1979 1809 et
1994 1775 2048 1809 32.
