2254 3770
280 227 335 270 40

758 230 803 276 P.
836 227 1085 275 CORNELII
1116 228 1287 274 TACITI
1316 228 1585 275 ANNALIUM

279 342 424 396 patres
455 343 497 382 et
525 337 713 396 plebem,
746 336 931 381 invalida
961 342 1003 380 et
1033 335 1231 387 inermia,
1266 335 1534 380 cunctatione
1565 334 1661 380 ficta
1690 335 1952 386 ludificetur,
1984 336 2072 381 dis-

282 412 420 456 sideat
450 412 617 457 interim
647 413 768 456 miles
798 426 941 471 neque
972 411 1154 455 duorum
1184 410 1522 454 adulescentium
1551 410 1740 455 nondum
1761 412 1904 456 adulta
1925 418 2074 456 aucto-

281 487 404 532 ritate
435 488 656 546 comprimi
687 494 828 546 queat.
875 488 937 530 ire
968 487 1108 545 ipsum
1140 493 1181 530 et
1210 499 1430 544 opponere
1461 486 1724 531 maiestatem
1756 487 2073 546 imperatoriam

283 562 488 606 debuisse
519 564 724 614 cessuris,
758 563 829 606 ubi
850 562 1087 620 principem
1109 562 1235 619 longa
1256 561 1520 619 experientia
1541 561 1815 620 eundemque
1835 563 2074 607 severitatis

249 645 325 683 set
355 638 668 683 munificentiae
698 653 912 682 summum
933 637 1151 682 vidissent.
1195 651 1248 680 an
1269 639 1506 694 Augustum
1536 637 1649 681 sessa
1679 645 1816 683 aetate
1847 639 2001 683 totiens
2031 639 2075 682 in

284 713 533 758 Germanias
554 727 796 758 commeare
817 714 1028 771 potuisse:
1061 712 1276 756 Tiberium
1296 711 1509 769 vigentem
1530 713 1650 756 annis
1671 713 1826 757 sedere
1847 714 1888 757 in
1910 720 2072 765 senatu,

282 789 414 833 verba
436 797 601 847 patrum
624 789 919 833 cavillantem?
949 789 1051 831 satis
1072 794 1348 847 prospectum
1369 787 1560 831 urbanae
1581 789 1790 832 servituti:
1824 788 2075 833 militaribus

283 865 434 908 animis
465 864 706 908 adhibenda
738 865 937 913 fomenta,
970 871 1015 906 ut
1038 864 1148 908 ferre
1175 877 1325 921 pacem
1347 862 1487 906 velint.
1535 863 1616 920 (47)
1639 864 1842 907 inmotum
1865 864 2075 909 adversus

284 953 359 983 eos
391 954 613 984 sermones
643 940 860 998 fixumque
882 939 1051 984 Tiberio
1082 939 1158 982 fuit
1187 953 1280 1000 non·
1302 938 1497 982 omittere
1526 946 1654 997 caput
1681 954 1826 983 rerum
1856 953 1998 998 neque
2027 953 2075 984 se

234 1029 270 1060 to
285 1010 462 1074 remque
478 1015 692 1074 publicam
711 1017 751 1058 in
771 1030 919 1060 casum
935 1015 1052 1058 dare.
1071 1013 1199 1057 multa
1219 1014 1381 1072 quippe
1397 1020 1439 1057 et
1454 1013 1624 1058 diversa
1643 1015 1876 1073 angebant:
1898 1014 2077 1059 validior

283 1105 363 1150 per
384 1091 654 1135 Germaniam
681 1091 914 1140 exercitus,
947 1091 1123 1149 propior
1144 1096 1246 1148 aput
1268 1090 1546 1143 Pannoniam3
1579 1089 1647 1134 ille
1670 1089 1899 1134 Galliarum
1921 1090 2076 1149 opibus

285 1166 511 1216 subnixus,
545 1166 614 1210 hic
643 1166 786 1210 Italiae
817 1166 1062 1210 imminens:
1094 1180 1205 1225 quos
1236 1166 1363 1222 igitur
1392 1165 1651 1210 anteferret?
1689 1179 1740 1210 ac
1767 1179 1822 1210 ne
1852 1165 2076 1224 postpositi

285 1241 541 1286 contumelia
572 1241 913 1285 incenderentur.
955 1249 997 1285 at
1025 1256 1105 1300 per
1124 1241 1234 1284 filios
1263 1240 1424 1299 pariter
1449 1240 1555 1284 adiri
1587 1241 1808 1285 maiestate
1838 1240 1975 1292 salva,
2008 1242 2076 1285 cui

286 1317 422 1361 maior
452 1331 476 1360 e
505 1316 738 1375 longinquo
769 1317 1019 1361 reverentia.
1069 1316 1193 1360 simul
1217 1316 1564 1360 adulescentibus
1596 1323 1844 1360 excusatum
1865 1315 2078 1375 quaedam

235 1407 270 1437 ⁴5
286 1392 340 1436 ad
371 1399 535 1450 patrem
567 1394 752 1443 reicere,
785 1392 1110 1452 resistentisque
1142 1392 1395 1436 Germanico
1426 1398 1498 1435 aut
1527 1392 1667 1436 Druso
1697 1406 1827 1451 posse
1858 1405 1949 1436 ase
1969 1391 2080 1436 miti-

286 1469 375 1527 gari
413 1467 480 1512 vel
518 1467 706 1525 infringi:
752 1467 869 1525 quod
909 1468 1010 1511 aliut
1048 1467 1305 1519 subsidium,
1359 1467 1395 1511 si
1441 1468 1744 1526 imperatorem
1786 1466 2080 1526 sprevissent?

288 1550 477 1588 ceterum
508 1549 554 1586 ut
584 1544 668 1586 iam
705 1543 877 1602 iamque
914 1543 1050 1587 iturus
1090 1543 1191 1602 legit
1230 1543 1426 1591 comites,
1471 1543 1728 1601 conquisivit
1763 1542 2077 1602 impedimenta,

288 1618 510 1663 adornavit
539 1632 690 1662 naves:
723 1633 820 1662 mox
849 1618 1034 1662 hiemem
1065 1625 1137 1662 aut
1166 1619 1337 1675 negotia
1357 1618 1475 1662 varie
1506 1625 1707 1662 causatus
1729 1619 1867 1676 primo
1887 1617 2079 1677 pruden-

287 1701 351 1738 tes
367 1729 375 1745 ‚

422 1694 520 1738 dein
555 1693 749 1751 vulgum.
797 1694 1035 1738 diutissime
1079 1695 1322 1753 provincias
1365 1693 1518 1738 fefellit.

1584 1694 1664 1750 (48)
1705 1701 1746 1737 at
1787 1694 2078 1746 Germanicus,

234 1783 273 1814 πο
287 1783 548 1828 quamquam
579 1776 795 1813 contracto
827 1770 1017 1814 exercitu
1057 1777 1099 1813 et
1134 1776 1283 1828 parata
1321 1770 1361 1812 in
1393 1769 1631 1814 defectores
1668 1769 1850 1820 ultione.
1891 1769 2080 1814 dandum

287 1845 428 1889 adbuc
458 1845 640 1903 spatium
672 1832 815 1895 ratus,
839 1847 873 1888 si
906 1845 1065 1890 recenti
1097 1845 1293 1903 exemplo
1320 1845 1400 1888 sibi
1424 1846 1502 1904 ipsi
1525 1844 1816 1895 consulerent,
1850 1846 2082 1904 praemittit

287 1920 447 1965 litteras
474 1920 527 1964 ad
550 1920 795 1973 Caecinam,
826 1921 973 1964 venire
1003 1934 1050 1964 se
1083 1920 1221 1964 valida
1250 1934 1376 1964 manu
1408 1935 1475 1970 ac,
1507 1921 1550 1964 ni
1582 1920 1839 1979 supplicium
1869 1921 1910 1963 in
1942 1921 2078 1966 malos

287 2002 579 2055 praesumant,
622 2010 802 2039 usurum
839 1996 1054 2053 promisca
1084 1996 1232 2057 caede.
1264 2010 1339 2040 eas
1371 1996 1554 2041 Caecina
1584 1996 1818 2054 aquiliferis
1848 1997 2081 2055 signiferis-

330 2131 362 2162 2.
388 2131 523 2162 tuorum
545 2137 598 2171 pr.
625 2129 658 2163 M
683 2146 718 2152 —
744 2128 776 2162 3.
800 2130 874 2162 irae
898 2128 1024 2171 (deleta
1047 2128 1160 2162 littera
1185 2130 1216 2170 a)
1241 2130 1274 2163 Μ
1301 2147 1336 2156 -
1360 2132 1545 2170 imperator
1565 2130 1636 2162 iam
1659 2130 1692 2162 M
1718 2147 1753 2152 —
1779 2130 1810 2163 5.
1837 2131 1958 2163 tociens
1979 2131 2014 2164 M
2041 2148 2073 2155 —

287 2186 320 2218 ’1.
345 2184 472 2218 urbane
494 2185 527 2218 M
552 2202 588 2209 —-
621 2185 652 2217 8.
679 2185 837 2217 aduersos
860 2194 913 2227 pr.
939 2186 972 2218 M
995 2203 1038 2210 ——-
1069 2186 1120 2218 ⁴0.
1144 2187 1311 2219 ineassum
1334 2187 1367 2219 M
1393 2204 1428 2209 —
1456 2186 1507 2218 ⁴2.
1533 2185 1709 2219 subnixius
1731 2186 1764 2219 M
1790 2203 1825 2210 —
1853 2186 1906 2219 ⁴3.
1930 2188 2080 2221 intende·

286 2245 403 2275 rentur
425 2250 479 2284 pr.
504 2242 537 2275 M
562 2258 597 2265 -
624 2242 676 2274 46.
702 2243 789 2274 alius
811 2243 845 2275 M
869 2259 904 2266 -
932 2243 985 2275 49.
1010 2244 1214 2276 diutissimae
1239 2242 1361 2284 (littera
1378 2252 1401 2276 a
1416 2242 1541 2284 deleta)
1566 2244 1599 2276 M
1624 2260 1660 2268 -—
1686 2243 1740 2276 23.
1759 2245 1930 2284 promisca
1953 2252 2007 2287 pr.
2026 2245 2077 2278 M:

283 2300 478 2341 promiscua
502 2307 592 2332 corr.
618 2300 651 2333 M
677 2317 712 2323 —
737 2300 856 2332 caenia
879 2300 912 2333 M
935 2301 1085 2342 (cecinna
1108 2301 1254 2343 margo).

333 2419 386 2453 46.
409 2423 523 2460 patres
550 2422 580 2452 et
606 2419 747 2460 plebem,
780 2420 933 2452 invalida
955 2423 986 2452 et
1007 2420 1160 2462 inermia]
1184 2422 1189 2466 j
1211 2422 1278 2453 cet.
1307 2438 1342 2443 -
1369 2423 1469 2460 caput
1489 2420 1614 2462 rerum]
1642 2420 1771 2453 urbem
1796 2420 1954 2454 Romam.
1988 2421 2076 2454 Hist.

291 2470 342 2503 Cf.
369 2478 399 2502 c.
425 2470 484 2502 56:
514 2470 647 2501 advenit
668 2473 704 2501 ut
727 2470 814 2509 quod
837 2470 1032 2501 imbecillum
1056 2474 1163 2502 aetate
1183 2469 1187 2512 l

1210 2474 1243 2511 2,
1269 2471 1334 2504 32:-
1354 2474 1455 2512 caput
1477 2480 1591 2503 rerum
1614 2471 1740 2503 urbem.
1778 2472 1818 2504 H.
1839 2472 1870 2509 ⁴,
1896 2470 1956 2504 84:
1981 2475 2082 2512 caput

290 2528 331 2552 ac
359 2529 442 2552 sexu
472 2520 584 2551 statim
617 2523 751 2559 captum
784 2522 843 2551 aut
877 2520 1079 2551 trucidatum
1109 2521 1160 2552 sit.
1184 2513 1187 2538 ¹
1210 2523 1353 2562 imperii.
1386 2523 1490 2563 (Ann.
1515 2521 1546 2560 3,
1573 2521 1634 2554 47ε
1668 2522 1789 2554 omissa
1811 2521 1907 2562 urbe,
1937 2524 2024 2556 unde
2045 2525 2082 2556 in

291 2571 377 2603 Hist.
404 2571 441 2609 5,
468 2571 508 2602 5:
537 2574 692 2610 parentes
714 2570 831 2602 liberos
852 2570 976 2611 fratres
997 2570 1079 2601 vilia
1100 2571 1164 2602 ha-

290 2621 376 2653 bere.
404 2636 439 2643 ·-
472 2619 656 2660 Augustum
683 2620 769 2660 fessa
797 2623 905 2652 aelate
928 2619 1042 2652 totiens
1063 2619 1099 2651 in
1123 2619 1161 2652 G.

290 2679 318 2703 c.
331 2669 483 2711 potuisse]
502 2670 643 2701 sueton.
660 2670 732 2701 Oct.
748 2669 788 2701 20
802 2678 808 2700 :
834 2669 986 2701 Externa
1001 2669 1085 2701 bella
1100 2670 1164 2701 duo

292 2720 425 2753 omnino
446 2728 507 2759 per
529 2727 563 2750 se
585 2719 702 2760 qussit,
731 2719 952 2751 Delmaticum
973 2722 1004 2751 et
1024 2719 1165 2751 Antonio

291 2771 416 2803 devicto
440 2769 688 2802 Cantabricum.
713 2786 793 2793 --—
810 2770 946 2809 Reliqua
965 2778 1027 2809 per
1042 2769 1166 2810 leyatos

256 2817 260 2821 “
291 2820 554 2859 administravit,
579 2823 615 2851 ut
631 2823 742 2852 tamen
759 2819 955 2860 quibusdam
971 2819 1166 2851 Pannonicis

291 2875 391 2911 atque
427 2870 632 2903 Germanicis
670 2874 729 2901 aut
761 2871 973 2902 interveniret
1009 2873 1070 2902 aut
1098 2878 1165 2901 non

292 2923 387 2963 lonqe
409 2921 549 2960 abesset,
583 2921 775 2952 Ravennam
796 2921 847 2952 vel
868 2920 1093 2953 Mediolanum
1113 2919 1165 2951 vel

290 2972 477 3011 Aquileiam
499 2979 603 3012 usque
626 2970 668 3002 ab
682 2971 763 3002 urbe
774 2972 1002 3013 progrediens.
1029 2970 1080 3003 Cf.
1099 2970 1163 3002 Dio

292 3021 354 3061 54,
378 3023 432 3054 ΞΟ.
457 3022 512 3060 55,
538 3021 569 3053 6.
590 3038 625 3044 —-
651 3022 806 3063 fomenta]
832 3021 1040 3061 lenimenta,
1066 3019 1164 3052 leva—

292 3074 429 3110 menta,
454 3073 493 3104 ut
517 3072 634 3104 Horat.
660 3071 771 3112 Epod.
798 3072 850 3111 tl,
878 3073 930 3104 47.
958 3072 1041 3104 item
1065 3068 1163 3103 κατὰ

292 3120 434 3168 τρόπον
445 3132 455 3154 .·
478 3123 647 3162 Fomenta,
664 3122 783 3154 vulnus
797 3122 845 3154 nil
859 3122 986 3154 malum
1002 3121 1159 3155 levantia.

336 3222 389 3256 47.
403 3223 563 3255 inmotum
574 3240 620 3247 --
628 3221 809 3264 fixumque]
823 3221 974 3264 Vergilii,
988 3224 1027 3255 ut
1039 3231 1159 3265 saepe,

293 3273 530 3305 reminiscitur
553 3272 702 3305 Tacitus.
740 3274 826 3306 Aen.
853 3271 890 3311 4,
918 3272 978 3303 ⁴5:
1014 3272 1051 3304 Si
1082 3272 1161 3303 mihi

292 3331 359 3354 non
382 3323 494 3354 animo
515 3324 622 3363 fixum
651 3322 875 3361 inmotumque
897 3321 1031 3353 sederet.
1069 3322 1158 3353 Anu.

295 3372 348 3411 ⁴5,
373 3372 413 3404 5:
443 3372 588 3414 Vologesi
610 3376 702 3405 vetus
723 3375 753 3405 et
773 3372 903 3413 penitus
924 3371 1067 3413 infixum
1088 3374 1162 3404 erat

1212 2573 1324 2604 omnia
1345 2572 1516 2614 reqimen.)
1541 2573 1670 2604 Lucan.
1697 2573 1728 2611 2,
1755 2572 1836 2604 655:
1862 2573 1956 2613 Ipsa,
1981 2578 2083 2615 caput

1211 2624 1392 2655 mundi--
1409 2624 1521 2655 Roma.
1551 2640 1586 2646 -—
1620 2631 1701 2664 quos
1728 2623 1833 2663 iyitur
1863 2624 2079 2668 anteferrem]

1214 2675 1356 2710 «utros,
1382 2672 1589 2704 Germaniae
1614 2681 1657 2704 an
1683 2673 1882 2705 Pannoniae
1908 2673 2079 2708 milites?-

1214 2721 1377 2763 Exempla
1396 2722 1613 2763 pronominis
1626 2722 1699 2763 quis
1716 2731 1779 2763 pro
1791 2726 1865 2754 uter
1877 2724 1977 2764 positi
1991 2724 2082 2757 haec

1213 2771 1325 2804 attulit
1355 2771 1576 2813 Nipperdey:
1611 2772 1682 2804 Cic.
1715 2771 1761 2803 ad
1793 2772 1888 2804 Fam.
1920 2773 1952 2810 7,
1978 2773 2015 2812 3,
2041 2775 2078 2806 ⁴:

1213 2822 1292 2861 quid
1319 2825 1399 2853 esset
1429 2822 1589 2861 optimum
1617 2821 1710 2861 factu
1739 2821 1902 2861 (manere
1926 2822 1961 2855 in
1983 2822 2079 2856 ltalia

1213 2881 1258 2904 an
1281 2871 1455 2913 proficisci
1479 2871 1523 2903 ad
1547 2870 1705 2911 bellum).
1731 2871 1777 2903 ad
1799 2873 1867 2903 Att.
1887 2872 1940 2910 46,
1966 2872 2019 2911 ⁴4,
2039 2875 2077 2905 ⁴:

1211 2925 1248 2953 ut
1270 2930 1365 2961 quem
1385 2921 1464 2953 velis
1487 2921 1727 2961 (Octavianum
1743 2929 1788 2952 an
1806 2922 2004 2962 Antonium)
2020 2931 2080 2954 ne-

1211 2971 1307 3003 scias.
1346 2971 1447 3003 Caes.
1473 2971 1510 3002 B.
1537 2971 1576 3003 G.
1601 2971 1640 3009 5,
1666 2968 1726 3002 44:
1752 2970 1795 3002 Hi
1819 2969 1926 3009 (Pulio
1950 2972 1985 3003 et
2008 2971 2080 3004 Vo-

1212 3022 1332 3062 renus)
1361 3024 1539 3061 perpetuas
1559 3021 1646 3052 inter
1667 3028 1700 3052 se
1722 3021 1963 3052 controversias
1984 3021 2080 3054 habo-

1212 3071 1308 3112 bant,
1340 3073 1477 3112 quinam
1505 3071 1737 3111 anteferretur.
1775 3070 1879 3111 Verg.
1908 3072 1995 3104 Aen.
2021 3072 2076 3112 ⁴2,

1212 3122 1295 3155 7⁴9:
1326 3123 1400 3164 quis
1424 3121 1587 3162 (duorum
1609 3121 1801 3160 taurorum)
1830 3122 1958 3153 nemori
1978 3122 2079 3162 impo-

1210 3172 1301 3212 ritet,
1341 3180 1436 3212 quem
1467 3175 1537 3204 tota
1565 3174 1719 3203 armenta
1750 3173 1943 3211 sequantur.
1978 3170 2078 3204 Idem

1211 3221 1295 3254 ibid.
1336 3230 1370 3254 v.
1403 3222 1467 3254 727
1499 3220 1547 3253 'de
1587 3221 1703 3252 Turno
1740 3217 1777 3252 et
1804 3221 1944 3252 Aenea:
1982 3229 2079 3260 quem

1211 3272 1342 3303 damnet
1371 3270 1466 3303 labor
1493 3273 1524 3303 et
1554 3279 1617 3310 quo
1645 3272 1765 3311 pergat
1791 3269 1935 3309 pondere
1964 3270 2074 3302 letum.

1211 3320 1360 3354 Phaedr.
1394 3320 1434 3359 4,
1466 3320 1529 3360 23,
1561 3321 1598 3353 ⁴:
1634 3321 1789 3352 Formica
1810 3323 1840 3352 et
1861 3328 1976 3352 musca
1997 3329 2078 3352 con-

1209 3371 1380 3404 tendebant
1408 3371 1550 3411 acriter,
1586 3378 1671 3412 quae
1696 3370 1808 3412 pluris
1835 3373 1925 3403 osset.
1972 3372 2069 3405 Pers.
