2254 3770
281 288 367 332 334
762 293 807 336 P.
841 291 1092 337 CORNELII
1120 290 1291 336 TACITI
1318 290 1589 336 ANNALIUM

282 396 484 443 celebrat.
528 399 611 456 (27)
641 397 757 443 haud
788 413 884 443 sum
913 399 1085 456 ignarus
1116 397 1359 443 fabulosum
1386 398 1527 442 visum
1556 397 1608 441 iri
1638 402 1801 442 tantum
1830 397 1928 442 ullis
1959 411 2076 442 mor-

282 472 429 518 talium
458 475 698 519 securitatis
727 474 859 518 fuisse
890 474 931 517 in
963 475 1132 519 civitate
1157 474 1347 517 omnium
1377 487 1510 531 gnara
1539 479 1581 517 et
1610 473 1712 517 nihil
1740 474 1967 526 reticente,
1999 488 2077 518 ne·-

282 549 386 593 dum
415 550 638 594 consulem
667 550 938 608 designatum
967 564 1065 595 cum
1094 563 1229 593 uxore
1250 548 1472 607 principis,
1504 548 1724 607 praedicta
1753 549 1843 601 die,
1876 548 2076 594 adhibitis

282 627 356 683 qui
380 625 676 684 obsignarent,
707 625 825 670 velut
844 625 1220 683 suscipiendorum
1239 624 1474 668 liberorum
1495 638 1626 668 causa
1646 625 1914 677 convenisse,
1946 630 2076 683 atque

249 709 269 740 5
282 700 395 745 illam
414 700 589 745 audisse
610 701 836 759 auspicum
854 700 998 753 verba,
1028 700 1211 752 subisse,
1234 699 1500 744 sacrificasse
1522 698 1637 758 apud
1656 699 1786 753 deos3
1817 700 2077 746 discubitum

280 776 390 820 inter
418 777 642 831 convivas3
683 776 849 829 oscula,
883 775 1153 834 complexus3
1185 781 1359 819 noctem
1388 774 1578 833 denique
1606 781 1746 819 actam
1773 775 1945 820 licentia
1975 790 2079 820 con-

279 851 421 911 iugali.
459 852 537 897 sed
576 851 679 896 nihil
720 851 1007 910 compositum
1044 850 1237 895 miraculi
1276 864 1430 902 causa,
1471 864 1620 896 verum
1654 851 1798 895 audita
1826 852 2073 910 scriptaque

279 928 524 973 senioribus
553 927 731 972 tradam.
777 928 859 985 (28)
891 927 1019 986 igitur
1049 926 1204 971 domus·
1238 926 1444 984 principis
1474 925 1763 979 inhorruerat;
1802 926 2075 986 maximeque

278 1017 391 1062 quos
428 1017 565 1062 penes
604 1003 793 1062 potentia
822 1009 881 1055 et,
923 1003 959 1046 si
989 1016 1061 1046 res
1089 1007 1378 1054 verterentur,
1419 1001 1622 1055 formido,
1665 1016 1749 1046 non
1780 1002 1864 1047 iam
1895 1002 2076 1048 secretis

227 1088 265 1120 10
279 1078 526 1138 colloquiis,
558 1079 638 1123 sed
667 1084 816 1137 aperte
844 1078 1045 1130 fremere,
1077 1077 1182 1122 dum
1210 1077 1358 1122 histrio
1386 1077 1631 1122 cubiculum
1659 1078 1864 1136 principis
1893 1078 2073 1123 insulta-

278 1157 403 1207 verit,
436 1154 628 1199 dedecus
657 1154 836 1213 quidem
856 1153 1044 1206 illatum,
1077 1153 1155 1198 sed
1186 1153 1401 1197 excidium
1430 1153 1580 1211 procul
1608 1153 1789 1198 afuisse:
1821 1168 1936 1199 nunc
1955 1154 2077 1199 iuve-

277 1245 378 1275 nem
406 1230 595 1275 nobilem
623 1229 826 1288 dignitate
856 1229 1040 1282 formae,
1078 1229 1121 1274 vi
1150 1229 1305 1273 mentis
1334 1242 1386 1273 ac
1414 1229 1657 1287 propinquo
1686 1229 1911 1274 consulatu
1939 1229 2077 1275 maio-

278 1320 372 1350 rem
400 1305 454 1350 ad
486 1320 609 1365 spem
638 1306 830 1364 adcingi3
870 1319 953 1350 nec
992 1304 1107 1349 enim
1145 1304 1358 1350 occultum
1389 1305 1494 1363 quid
1523 1311 1621 1363 post
1649 1304 1731 1349 tale
1761 1305 2076 1350 matrimonium

276 1388 543 1441 superesset.
592 1381 763 1426 subibat
800 1381 895 1425 sine
936 1380 1069 1425 dubio
1101 1386 1241 1424 metus
1271 1385 1520 1439 reputantes
1551 1379 1752 1424 hebetem
1781 1379 2007 1426 Claudium
2034 1386 2078 1426 et

224 1468 266 1499 ⁴5
279 1458 401 1503 uxori
423 1457 684 1509 devinctum,
717 1456 960 1515 multasque
981 1463 1142 1503 mortes
1168 1456 1290 1500 iussu
1311 1455 1563 1500 Messalinae
1582 1462 1782 1514 patratas.
1811 1470 1962 1500 rursus
1982 1456 2077 1514 ipsa

277 1534 456 1580 facilitas
484 1533 756 1592 imperatoris
785 1532 988 1576 fiduciam
1018 1532 1168 1584 dabat,
1201 1532 1236 1576 si
1269 1531 1490 1576 atrocitate
1512 1531 1701 1578 criminis
1721 1525 2074 1590 praevaluissent,

275 1624 408 1669 posse
439 1609 622 1668 opprimi
651 1608 896 1653 damnatam
925 1614 1022 1652 ante
1053 1622 1182 1666 quam
1213 1615 1354 1660 re⁴am3
1385 1606 1463 1651 sed
1490 1607 1532 1650 in
1554 1621 1607 1651 eo
1626 1606 1859 1654 discrimen
1877 1607 2005 1660 verti,
2037 1607 2074 1652 si

277 1685 470 1731 defensio
501 1685 741 1737 audiretur,
780 1690 914 1743 utque
945 1684 1118 1729 clausae
1149 1698 1278 1728 aures
1310 1683 1439 1728 etiam
1468 1682 1684 1728 confitenti
1715 1683 1863 1728 forent.
1911 1683 1993 1741 (29)
2024 1697 2076 1728 ac

342 1846 375 1879 4.
399 1843 544 1891 celebrat
563 1844 598 1878 M
622 1861 658 1868 —
684 1846 777 1876 tanto
798 1842 899 1875 nullis
920 1843 955 1877 M
978 1859 1015 1866 -
1040 1843 1073 1876 2.
1098 1842 1200 1875 nichil
1221 1843 1254 1877 Μ
1278 1860 1315 1867 -
1340 1842 1373 1876 4.
1398 1842 1488 1876 velut
1508 1842 1609 1876 uncis
1633 1840 1773 1876 inclusit
1794 1841 2013 1885 NipperdeY.
2034 1860 2071 1868 —

275 1902 308 1936 5.
325 1902 458 1935 audisse
471 1900 586 1943 glossa
602 1899 648 1933 ad
662 1899 815 1932 verbum
830 1899 954 1932 subisse
968 1899 1109 1932 videtur
1123 1898 1316 1932 Walthero.
1335 1917 1371 1924 ·-
1390 1899 1511 1932 subisse
1527 1900 1578 1933 M:
1597 1899 1722 1941 sufflsse
1737 1897 1904 1939 Orellius;
1927 1900 2077 1942 nupsisse

275 1958 412 2001 Lipsius
423 1965 431 1996 ;
444 1958 566 1998 templa
576 1956 700 1990 subisse
710 1955 886 1995 Heinsius;
901 1956 1035 1988 domum
1046 1955 1168 1988 subisse
1178 1955 1331 1989 Ritterus
1342 1965 1350 1995 ;
1367 1955 1490 1988 subisse
1504 1955 1595 1988 aedis
1606 1954 1661 1987 vel
1676 1955 1767 1987 aedis
1778 1955 1884 1989 adisse
1903 1955 2073 1990 Halmius.

277 2033 315 2040 —
332 2014 495 2048 discubitu
516 2015 549 2047 M
575 2031 611 2036 —
637 2013 669 2046 6.
686 2013 846 2045 conuiuas
862 2012 892 2054 (v
908 2013 943 2045 in
958 2013 1092 2054 rasura)
1110 2013 1144 2045 M
1162 2030 1198 2036 —-
1224 2013 1256 2045 7.
1274 2013 1376 2046 nichil
1397 2013 1431 2046 M
1455 2029 1490 2036 —
1517 2012 1549 2045 9.
1568 2015 1780 2045 uertereutur
1795 2021 1886 2046 corr.
1904 2013 1958 2047 M:
1980 2015 2074 2047 uete-

273 2075 391 2105 rentur
412 2081 466 2115 pr.
491 2072 543 2110 M;
567 2073 733 2104 verterent
754 2070 890 2112 Lipsius
913 2070 1031 2103 tacite.
1053 2088 1089 2093 —
1116 2070 1169 2102 40.
1194 2070 1321 2103 histruo
1344 2070 1377 2104 M
1399 2087 1443 2093 —
1464 2069 1675 2102 insultaverit
1696 2069 1896 2111 Bipontini:
1921 2070 2075 2103 exstilla-

274 2128 352 2162 bero
374 2129 426 2168 M;
457 2128 659 2162 exultaverit
681 2129 706 2161 Ι.
732 2128 767 2160 F.
794 2128 1011 2167 Gronovius;
1035 2129 1284 2170 eoepuynaverit
1307 2128 1419 2169 (quasi
1442 2128 1476 2160 vi
1499 2126 1615 2160 illicita
1638 2126 1829 2169 occuparit)
1854 2125 2014 2161 Orellius.
2033 2144 2070 2151 —

275 2187 329 2219 44.
350 2186 410 2219 'sed
431 2188 463 2219 et
481 2186 621 2219 scidium
643 2186 694 2224 M3
719 2185 776 2218 sed
798 2185 975 2218 discidium
996 2185 1161 2219 Pichena.
1182 2203 1218 2210 —
1244 2185 1368 2227 afuisse
1389 2193 1476 2218 nos:
1501 2185 1636 2226 affuisse
1658 2184 1711 2222 M;
1737 2183 1878 2225 abfuisse
1897 2182 2017 2225 vulgo.
2034 2200 2070 2207 --

276 2243 329 2276 42.
355 2242 516 2284 dignitate
541 2242 671 2284 formae
699 2241 854 2284 Lipsius:
880 2242 1052 2284 dignitate.
1082 2242 1196 2284 forma
1221 2243 1267 2276 M.
1303 2241 1354 2275 Cf.
1381 2242 1440 2283 42,
1465 2241 1522 2275 54.
1553 2243 1596 2264 “-
1634 2241 1687 2273 45.
1712 2239 1867 2273 deuinctu
1892 2248 1949 2282 pr.
1972 2240 2008 2274 M
2034 2256 2071 2264 -

276 2300 330 2333 47.
355 2300 519 2334 damnata
541 2300 587 2334 M.

276 2438 385 2472 credo
409 2447 429 2471 a
445 2437 592 2472 Claudio
615 2438 816 2472 institutum
830 2438 882 2471 rei
899 2437 1148 2472 frumentariae
1197 2437 1435 2479 ferendumque
1460 2436 1668 2478 periculum,
1700 2435 1788 2477 quod
1813 2435 1987 2468 irnmmere
2009 2434 2075 2476 ipsi

275 2497 385 2522 causa
416 2488 452 2522 in
482 2488 670 2522 Castorum
694 2488 796 2522 aede.
832 2488 872 2522 Id
896 2488 991 2521 enim
1014 2496 1149 2521 numen
1194 2496 1258 2529 per
1287 2487 1453 2527 quaedam
1480 2489 1608 2519 ostenta
1637 2487 1905 2527 portenderetur.
1939 2502 1977 2510 -
2013 2493 2074 2518 su-

274 2538 325 2572 ibi
354 2537 488 2572 cultum
515 2540 701 2572 ventorum
734 2538 914 2580 marisque
939 2546 1058 2571 causa.
1097 2538 1149 2570 Ita
1198 2537 1442 2579 scipiendorum
1462 2536 1644 2570 liberorum
1664 2535 1781 2577 causa]
1806 2536 1854 2569 Ea
1870 2533 2073 2570 formulam

274 2588 354 2630 lego
377 2588 472 2631 apud
487 2588 714 2622 Ammianum
731 2588 786 2628 49,
806 2588 846 2621 40
870 2589 906 2620 in
929 2595 1070 2620 summa
1094 2587 1152 2620 in-
1198 2587 1329 2629 nuptiis
1353 2585 1550 2620 sollemnis.
1576 2587 1758 2628 Augustin.
1777 2585 1825 2619 de
1841 2585 1916 2619 Civ.
1933 2585 1997 2618 Dei
2014 2583 2069 2624 ⁴4,

274 2639 354 2681 cpia
377 2638 545 2673 frumenti
560 2637 770 2678 Tertullum,
796 2637 1017 2680 praefectum
1039 2645 1150 2670 anno·
1200 2637 1260 2670 ⁴8:
1285 2636 1481 2670 concubitus
1502 2636 1706 2678 coniugalis,
1731 2636 1789 2677 qui
1803 2636 2074 2668 secundumma-

274 2698 363 2730 nae,
388 2689 480 2730 apud
502 2688 629 2721 Ostiam
650 2688 687 2720 in
713 2689 797 2721 aede
820 2688 996 2721 Castorum
1015 2687 1150 2728 sacriti-

274 2748 366 2773 casse
394 2739 739 2780 tranquillitatemque
766 2747 863 2772 mare
884 2738 1072 2771 mollivisse.
1108 2736 1148 2770 Id

274 2798 418 2824 sacrum
441 2790 655 2832 perpetuum
671 2788 750 2829 fuit,
777 2790 812 2822 et
828 2789 990 2831 suspicor
1005 2797 1025 2821 a
1042 2787 1149 2822 Clau-

274 2840 333 2874 dio
356 2840 570 2879 institutum,
597 2839 657 2880 qui
680 2840 822 2881 portum
845 2838 943 2873 illum
966 2837 1148 2872 celebrem

275 2892 311 2924 et
333 2890 448 2925 farum
471 2890 586 2923 Ostiae
612 2890 792 2922 exstruxit.
818 2891 905 2922 LIPS.

317 2941 372 2974 27.
397 2939 564 2973 consulem
587 2938 805 2980 desiqnatum]
830 2939 882 2972 Cf.
909 2948 941 2972 c.
965 2940 997 2973 5.
1026 2956 1056 2962 —
1089 2937 1148 2971 ob-

272 2989 461 3033 sianareut]
495 2987 652 3030 Intellige
687 2988 825 3022 tabulas
853 2989 945 3022 dotis
980 2989 1072 3029 sive,
1109 2989 1148 3021 ut

274 3049 306 3074 c.
322 3040 364 3073 30
379 3040 495 3079 vocat,
512 3038 644 3072 tabulas
659 3039 836 3079 nuptiales.
860 3039 1005 3072 Sueton.
1022 3037 1144 3072 Claud.

273 3091 335 3124 26:
355 3099 458 3131 quam
471 3087 720 3132 (Messalinam)
733 3096 810 3120 cum
825 3089 1034 3130 comperisset
1049 3097 1148 3129 super

272 3143 383 3173 cetera
409 3139 545 3182 flagitia
571 3141 670 3178 atque
692 3138 855 3171 dedecora
878 3138 912 3171 C.
939 3139 1022 3171 Silio
1046 3139 1147 3172 etiam

272 3191 422 3231 nupsisse
444 3191 518 3223 dote
538 3189 628 3222 inter
649 3187 800 3228 auspices
821 3188 1038 3229 consignata,
1071 3196 1149 3228 sup-

269 3241 370 3281 plicio
393 3239 526 3281 adfecit.
550 3238 650 3272 Idem
666 3246 697 3270 c.
716 3237 778 3270 29:
802 3237 891 3269 Nam
912 3238 994 3270 illud
1017 3246 1147 3270 omnem

271 3290 370 3330 tidem
399 3288 592 3329 eoecessen‘t,
624 3287 712 3329 quod
735 3287 881 3328 nuptiis,
913 3296 997 3327 quas
1018 3288 1146 3321 Messa-

273 3339 345 3371 lina
366 3347 442 3372 cum
464 3339 617 3372 adultero
639 3337 722 3371 Silio
742 3337 886 3379 fecerat,
909 3336 1047 3369 tabellas
1062 3337 1146 3369 dotis

273 3391 305 3422 et
325 3388 395 3429 ipse
417 3388 683 3430 ccmiynaverit:
709 3387 883 3426 inductus,
908 3386 1006 3426 quasi
1027 3386 1067 3418 de
1088 3387 1145 3419 in-

273 3438 406 3473 dustria
431 3438 690 3478 simularentur,
719 3437 766 3470 ad
793 3436 1008 3477 abutendum
1028 3438 1144 3469 trans-

1198 2687 1442 2720 trimouialium
1451 2687 1667 2727 praescripta
1681 2685 1875 2719 tabularum
1885 2693 2074 2726 procreau-

1197 2738 1319 2770 dorum
1345 2738 1385 2779 tlt
1406 2745 1512 2769 causa
1533 2736 1724 2769 liberorum.
1759 2735 1811 2769 Cf.
1837 2735 1981 2768 Sueton.
2005 2732 2070 2768 Iul.

1198 2788 1252 2820 52.
1288 2788 1503 2830 Interpretes
1527 2787 1573 2820 ad
1603 2787 1722 2820 Horat.
1755 2786 1843 2828 Epp.
1874 2786 1914 2825 4,
1939 2785 1980 2825 2,
2005 2783 2070 2818 44:

1199 2837 1381 2878 Quaeritur
1403 2840 1581 2878 arpentum
1598 2837 1778 2878 puerisque
1800 2835 1898 2867 beata
1918 2834 2073 2867 creandis

1200 2888 1305 2920 Uxor.
1324 2905 1359 2911 —
1377 2887 1564 2929 auspicum]
1582 2887 1706 2920 Cicero
1722 2886 1767 2918 de
1783 2885 1926 2918 divinat.
1942 2885 1956 2917 4
1979 2883 1998 2926 5
2014 2884 2068 2918 28:

1197 2937 1282 2970 nihil
1302 2937 1371 2979 fere
1395 2937 1564 2978 quondam
1584 2937 1725 2969 maioris
1738 2936 1788 2968 rei
1803 2936 1869 2968 nisi
1883 2934 2070 2976 auspicato,

1196 2996 1237 3020 ne
1267 2987 1430 3028 privatim
1452 2987 1602 3029 quidem,
1632 2985 1830 3028 gerebatur,
1861 2984 1950 3026 quod
1970 2983 2071 3017 etiam

1196 3046 1285 3071 nunc
1313 3037 1511 3078 nuptiarum
1541 3036 1691 3077 auspices
1724 3035 1916 3075 declarant,
1946 3034 2005 3076 qui
2031 3041 2071 3068 ro

1197 3088 1319 3120 omissa
1340 3095 1459 3119 nomeu
1473 3089 1606 3118 tantum
1622 3088 1740 3118 teuent.
1766 3086 1816 3118 De
1832 3083 1959 3117 iisdem
1975 3083 2070 3117 Mes-

1197 3136 1329 3171 salinae
1350 3136 1480 3179 nuptiis
1496 3134 1671 3168 Iuvenalis
1692 3136 1747 3175 40,
1764 3134 1847 3167 336:
1871 3133 1979 3166 veniet
1991 3141 2069 3166 cum

1196 3186 1421 3230 signatoribus
1435 3195 1576 3227 auspeoe.
1592 3203 1628 3208 —
1645 3183 1850 3226 discubitum]
1867 3182 1912 3216 ab
1928 3183 1970 3216 iis
1985 3191 2066 3216 esse

1197 3245 1297 3270 more
1321 3235 1483 3278 nuptiali,
1510 3237 1557 3269 ita
1579 3238 1619 3268 ut
1640 3243 1732 3268 nova
1748 3235 1857 3276 nupta
1873 3233 1908 3266 in
1930 3233 2066 3274 gremio

1196 3287 1313 3320 mariti
1335 3286 1478 3319 iaceret.
1505 3286 1625 3319 luven.
1650 3285 1688 3324 2,
1714 3283 1798 3317 ⁴49:
1827 3282 1989 3325 Signatae
2009 3285 2065 3315 ta-

1195 3336 1304 3377 bulae,
1329 3337 1454 3370 dictum
1469 3335 1688 3368 FELICITER
1699 3343 1711 3366 .·
1733 3334 1848 3376 inam
1862 3332 1951 3366 Cena
1963 3333 2063 3374 sedet,

1194 3386 1322 3429 gremio
1343 3385 1449 3419 iacuit
1469 3393 1558 3418 nova
1579 3386 1686 3425 nupta
1706 3382 1835 3415 mariti.
1861 3399 1898 3405 —
1922 3382 2064 3415 seniori-

1193 3435 1264 3479 bus]
1288 3435 1339 3470 Cf.
1365 3435 1398 3477 3,
1416 3434 1470 3469 46.
1491 3452 1527 3459 —-
1550 3432 1698 3476 tradam]
1721 3433 1758 3466 et
1779 3431 1898 3467 adhuc
1920 3429 2060 3466 tradidi.
