2254 3770
271 258 353 302 520
755 258 801 301 Ρ.
833 255 1083 301 CORNELII
1112 255 1283 300 TACITI
1311 254 1579 300 ANNALIUM

273 364 411 417 Italia,
444 365 689 423 provinciae
720 376 900 407 eversae
931 362 1125 421 sociique
1154 361 1302 420 populi
1334 367 1376 406 et
1397 376 1509 421 quae
1540 361 1771 406 civitatium
1799 361 1960 406 liberae
1990 376 2064 406 vo-

276 447 437 484 cantur.
484 441 613 498 inque
645 453 740 483 eam
769 437 977 496 praedam
1007 438 1134 482 etiam
1165 437 1206 480 di
1238 451 1429 489 cessere,
1469 437 1659 495 spoliatis
1689 437 1731 480 in
1759 438 1866 482 urbe
1898 437 2066 496 templis

278 522 516 575 egestoque
547 529 671 567 auro,
704 513 821 573 quod
852 512 1093 572 triumphis,
1126 512 1242 572 quod
1263 513 1373 556 votis
1403 513 1541 557 omnis
1570 512 1718 571 populi
1742 513 1920 558 Romani
1950 519 2068 557 aetas

278 606 489 650 prospere
517 597 588 635 aut
609 591 651 633 in
671 596 786 634 metu
808 595 1064 634 sacraverat.
1095 589 1209 632 enim
1231 602 1333 632 vero
1353 602 1432 647 per
1453 588 1593 632 Asiam
1615 595 1743 647 atque
1764 576 1964 634 Achaiam
1985 602 2069 633 non

246 667 392 711 adona
424 673 602 718 tantum,
636 666 714 710 sed
745 664 972 709 simulacra
1002 653 1590 722 numinum‘abripiebantur,
1622 664 1765 708 missis
1795 665 1838 708 in
1867 678 1941 709 eas
1971 678 2072 723 pro-

279 743 442 787 vincias
481 744 633 786 Acrato
678 755 728 785 ac
774 740 973 785 Secundo
1015 740 1246 785 Carrinate.
1291 739 1360 784 ille
1400 739 1579 784 libertus
1618 740 1875 798 cuicumque
1913 738 2072 798 flagitio

280 824 528 877 promptus;
559 818 628 862 hic
659 817 823 861 Graeca
855 816 1047 860 doctrina
1076 830 1151 860 ore
1180 822 1304 860 tenus
1325 815 1539 860 exercitus
1557 815 1745 859 animum
1766 815 1890 860 bonis
1910 815 2072 860 artibus

281 909 367 939 non
389 894 595 938 induerat.
627 893 843 937 ferebatur
863 893 1047 944 Seneca,
1080 906 1167 949 quo
1194 891 1395 935 invidIam
1415 891 1625 949 sacrilegii
1648 906 1672 935 a
1693 898 1830 936 semet
1849 898 2072 943 averteret,

282 970 511 1029 longinqui
532 969 644 1013 ruris
674 982 897 1013 secessum
927 968 1138 1020 oravisse,
1172 974 1214 1011 et
1242 973 1470 1025 postquam
1501 982 1586 1011 non
1616 966 1945 1020 concedebatur,
1976 966 2075 1012 ficta

236 1060 273 1090 ιο
284 1046 541 1097 valetudine,
572 1045 695 1104 quasi
717 1058 848 1103 aeger
866 1044 1021 1095 nervis,
1045 1043 1289 1087 cubiculum
1310 1056 1395 1086 non
1416 1057 1629 1101 egressus.
1661 1043 1877 1087 tradidere
1897 1042 2074 1102 quidam

284 1136 499 1166 venenum
539 1121 578 1165 ei
614 1134 694 1179 per
731 1120 930 1165 libertum
969 1119 1122 1178 ipsius,
1162 1119 1230 1163 cui
1262 1133 1415 1163 nomen
1448 1118 1690 1171 Cleonicus,
1732 1126 1924 1177 paratum
1955 1119 2075 1163 iussu

284 1198 488 1249 Neronis,
529 1198 793 1255 vitatumque
835 1210 860 1238 a
890 1196 1055 1239 Seneca
1084 1194 1326 1253 proditione
1356 1194 1493 1238 liberti
1527 1209 1605 1239 seu
1634 1195 1810 1253 propria
1838 1193 2074 1247 formidine,

287 1274 392 1318 dum
429 1272 691 1332 persimplici
727 1272 840 1316 victu
872 1277 914 1315 et
942 1270 1183 1329 agrestibus
1212 1271 1373 1328 pomis,
1414 1284 1465 1315 ac
1494 1271 1530 1314 si
1560 1271 1650 1315 sitis
1680 1270 1946 1322 admoneret,
1979 1284 2078 1329 pro-

287 1349 447 1394 fluente
478 1362 590 1406 aqua
619 1348 749 1392 vitam
778 1346 941 1391 tolerat.

403 1424 487 1484 (46)
518 1426 602 1468 Per
630 1423 748 1468 idem
776 1428 946 1480 tempus
977 1422 1234 1481 gladiatores
1266 1422 1380 1481 apud
1402 1422 1609 1482 oppidum
1627 1423 1857 1468 Praeneste
1877 1428 2081 1482 temptata

356 1593 388 1624 t.
414 1599 527 1624 euerse
547 1590 582 1624 M
606 1607 642 1613 —
668 1589 701 1622 2.
727 1588 774 1621 dii
795 1588 830 1620 h.
848 1587 871 1621 l.
890 1589 924 1622 M
942 1605 977 1611 —
1004 1588 1035 1621 3.
1062 1592 1132 1621 etas
1153 1590 1186 1623 M
1212 1606 1248 1613 -
1275 1588 1307 1622 4.
1333 1597 1452 1630 asyam
1474 1590 1506 1622 M
1534 1608 1567 1613 -
1595 1589 1628 1622 6.
1653 1589 1842 1635 εςοαηαοΜ
1861 1608 1896 1612 -
1923 1589 2082 1622 caminate

290 1647 522 1687 Puteolanus,
548 1647 724 1680 Carrinate
745 1645 969 1688 Nipperdey:
993 1647 1169 1691 caprinatq
1191 1646 1241 1686 M3
1267 1645 1448 1687 Caprinate
1471 1645 1538 1678 alii.
1563 1665 1594 1669 —
1623 1646 1675 1679 40.
1694 1655 1771 1689 ερον
1785 1646 1819 1679 Μ
1843 1664 1875 1670 -
1905 1643 2084 1688 emessam

294 1723 330 1731 -
358 1705 410 1738 43.
434 1703 636 1746 persimplici
658 1704 710 1737 M:
735 1702 876 1744 simplici
898 1701 965 1735 alii.
996 1721 1029 1726 —
1058 1701 1110 1735 ⁴4.
1135 1703 1292 1735 toleraret
1313 1703 1506 1736 Ernestius.

292 1864 401 1889 σατο.
431 1873 466 1879 -
499 1863 584 1895 quae
606 1863 635 1887 c.
660 1853 782 1887 liberae
803 1854 979 1894 vocantur]
1008 1854 1047 1886 ut
1069 1854 1164 1887 Rho-

292 1906 371 1940 dus.
411 1906 470 1938 His
503 1914 574 1938 non
604 1903 709 1946 plena
736 1903 898 1944 libertas,
936 1904 1021 1936 iuris
1044 1905 1163 1937 tamen

292 1955 510 1998 exsequendi
528 1956 563 1988 et
577 1956 710 1997 proprii
723 1955 948 1996 magistratus
966 1956 1067 1987 erant
1082 1963 1161 1988 sua-

291 2015 443 2049 rumque
474 2005 593 2047 legum
620 2005 824 2045 arbitrium,
857 2007 963 2047 atque
986 2005 1164 2038 interdum

293 2058 399 2091 etiam
413 2066 432 2089 a
445 2056 642 2099 pendendis
655 2055 794 2088 tributis
807 2057 843 2088 et
854 2055 1084 2097 vectigalibus
1099 2056 1165 2088 im-

291 2108 501 2142 munitatem
519 2106 710 2147 habebant,
736 2106 800 2139 sed
816 2107 937 2139 tamen
952 2106 1167 2139 tenebantur

291 2159 327 2191 in
351 2157 420 2190 fide
445 2156 564 2199 populi
579 2156 737 2189 Romani.
760 2174 795 2180 -
818 2165 916 2197 auro,
942 2157 1029 2197 quod
1051 2157 1168 2188 trium-

287 2209 364 2251 phis
380 2208 462 2250 cet.]
488 2208 601 2248 Saepe
618 2207 713 2248 apud
730 2207 877 2247 Livium,
897 2206 1045 2240 Plinium
1061 2206 1167 2239 alios-

294 2269 364 2302 que
381 2259 708 2292 commemorantur
724 2256 838 2290 illatae
854 2257 995 2300 templis
1011 2267 1031 2290 a
1046 2259 1168 2290 trium-

293 2308 485 2352 phantibus
508 2316 566 2340 res
586 2308 763 2350 pretiosae
780 2316 822 2340 ex
838 2316 936 2347 auro,
963 2316 1054 2349 quae
1072 2307 1168 2339 domi

294 2359 428 2392 habere
452 2357 573 2399 religio
590 2359 682 2397 erat,
710 2356 961 2399 malebantque
981 2358 1025 2390 ad
1043 2366 1169 2390 ornan-

295 2409 339 2442 da
363 2407 496 2450 templa
520 2408 671 2440 deorum
695 2416 803 2448 quam
826 2416 909 2441 suas
933 2407 1059 2441 domos
1083 2416 1167 2439 con-

295 2460 402 2493 ferre.
427 2459 509 2491 ERN.
538 2477 572 2481 —
601 2458 770 2500 prospere]
795 2459 817 2492 i.
839 2467 871 2491 e.
897 2467 962 2500 per
984 2466 1167 2501 prospera,

297 2511 332 2543 in
362 2509 471 2542 rebus
500 2508 678 2541 secundis,
708 2527 742 2531 —
780 2509 964 2541 simulacra
997 2509 1171 2540 numinum

297 2558 561 2601 abripiebantur]
586 2560 734 2591 Pausan.
762 2559 815 2598 ⁴0,
841 2559 873 2599 7,
901 2560 938 2591 l:
973 2554 1107 2601 ἔμελλε
1130 2556 1171 2591 δὲ

297 2606 374 2657 ἄρα
408 2606 466 2652 (τὸ
499 2606 601 2655 ἱερὸν
630 2605 675 2641 τὸ
707 2607 747 2641 ἐν
776 2607 953 2651 Δελφοῖς)
984 2603 1073 2642 οὐδὲ
1102 2607 1172 2651 τῆς

298 2661 474 2707 Νέρωνος
508 2658 547 2700 ἐς
575 2655 700 2691 πάντα
729 2655 931 2705 ὀλιγωρίας
959 2656 1173 2706 ἀπειράτως

300 2706 410 2754 ἕξειν,
429 2706 474 2751 ὃς
489 2706 556 2742 τὸν
569 2704 786 2745 Ἀπόλλωνα
802 2711 1056 2751 πεντακοσίας
1074 2708 1172 2742 θεῶν

300 2771 340 2795 τε
363 2757 507 2803 ἀναμὶξ
529 2756 710 2800 ἀφείλετο
741 2760 806 2792 καὶ
834 2756 1046 2806 ἀνθρώπων
1070 2757 1174 2792 εἰκό-

300 2823 370 2854 νας
382 2808 540 2851 χαλκᾶς.
564 2810 692 2843 Plinius
705 2812 745 2843 N.
758 2811 799 2844 H.
815 2810 856 2843 34
870 2811 888 2852 ἕ
902 2811 944 2844 84
957 2812 1174 2844 enumeratis

301 2862 461 2907 plurimis
485 2861 609 2894 statuis
626 2861 768 2894 Graecis
792 2862 838 2893 ita
854 2862 988 2903 pergit:
1015 2861 1118 2902 Atque
1132 2870 1176 2894 επ

302 2913 467 2953 omnibus,
494 2920 580 2954 quae
600 2912 733 2952 rettuli,
758 2912 947 2945 clarissima
971 2922 1119 2955 quaeque
1141 2913 1176 2944 in

302 2964 384 2997 urbe
405 2964 477 2995 iam
497 2965 573 2994 sunt
588 2962 701 2994 dica-ta
716 2971 738 2994 a
756 2963 955 3003 Vespasiano
974 2963 1127 3004 principe
1142 2963 1177 2994 in

304 3013 422 3054 templo
444 3013 539 3045 Pacis
561 3012 700 3052 aliisque
723 3012 791 3044 eius
814 3012 983 3052 operibus.
1020 3013 1178 3045 violentia

305 3064 447 3098 Neronis
468 3063 504 3095 in
525 3062 639 3095 urbem
661 3066 819 3095 convecta
842 3066 871 3095 et
897 3064 931 3095 in
953 3063 1094 3096 sellariis
1117 3063 1178 3095 do·-

305 3124 379 3148 mus
400 3122 525 3147 aureae
547 3113 715 3154 disposita.
743 3131 778 3136 —
803 3113 942 3155 Acrato]
974 3115 1037 3147 Dio
1062 3114 1179 3155 Chry-

307 3166 486 3198 sostomus
506 3164 542 3196 in
562 3163 739 3196 Rhodiaca
759 3162 853 3204 §449
875 3162 959 3204 (Vol.
978 3159 1080 3196 11‘ed.
1099 3164 1178 3196 Em-

306 3215 395 3257 perii
419 3223 453 3256 p.
471 3214 566 3255 4⁴0):
591 3209 691 3246 Ἵστε
724 3210 797 3260 γὰρ
810 3207 994 3257 ὓἈκρατον
1017 3213 1177 3254 ἐκεῖνον,

310 3261 352 3306 ὃς
369 3261 439 3308 τὴν
456 3263 688 3308 οἰκουμένην
705 3260 844 3304 σχεδὸν
860 3260 1016 3296 ἅπασαν
1033 3263 1180 3311 περιελ-

310 3312 390 3348 θών
412 3312 552 3349 τούτου
571 3315 685 3363 χάριν
702 3316 846 3356 (statuas
862 3316 898 3348 et
913 3314 1051 3348 tabulas
1068 3317 1180 3357 pictas

311 3366 460 3398 Neronis
482 3367 581 3399 iussu
597 3365 753 3407 undique
770 3364 983 3408 asportandi)
1003 3366 1069 3397 καὶ
1082 3364 1181 3408 μηδὲ

314 3411 449 3458 κώμην
471 3415 602 3462 παρεὶς
622 3414 824 3459 μηδεμίαν,
849 3411 902 3457 ὥς
915 3409 1082 3447 κάνθάδε
1097 3409 1179 3457 ἧκε,

1213 1853 1461 1897 λυπουμένων
1489 1852 1520 1886 δ’
1552 1850 1673 1897 ὑμῶν,
1706 1849 1801 1901 ὅπερ
1827 1851 1949 1896 εἰκός,
1986 1852 2084 1888 κατὰ

1214 1905 1308 1938 θέαν
1331 1901 1409 1949 ἔφη
1434 1908 1608 1952 παρεῖναι
1624 1915 1631 1922 ·
1657 1904 1755 1948 μηδὲ
1769 1902 1843 1952 γὰρ
1857 1901 1959 1945 ἔχειν
1974 1903 2086 1948 ἐξου-

1215 1958 1303 1990 σίαν
1337 1954 1504 2000 μηδενὸς
1536 1951 1722 1999 ἅψασθαι
1759 1955 1834 1989 τῶν
1867 1954 2018 1990 ἐνθάδε.
2046 1975 2082 1980 -

1215 2009 1365 2040 Secundo
1389 2007 1575 2049 Carrinate]
1601 2007 1682 2047 filio,
1708 2009 1747 2039 ut
1761 2007 1911 2047 videtur,
1935 2007 2087 2041 rhetoris

1215 2058 1324 2098 illius,
1351 2067 1460 2100 quem
1482 2058 1546 2090 Dio
1563 2058 1617 2097 59,
1635 2059 1676 2091 20
1700 2057 1822 2091 scribit
1845 2067 1864 2090 a
1881 2057 2036 2100 Caligula
2051 2058 2087 2091 in

1216 2108 1376 2141 exsilium
1400 2109 1561 2147 missum,
1588 2108 1669 2150 quia
1693 2109 1815 2141 contra
1838 2109 2008 2149 tyrannos
2027 2107 2089 2141 de-

1217 2157 1475 2198 clamitaverat,
1509 2167 1689 2199 quemque
1719 2157 1892 2191 Iuvenalis
1921 2159 2030 2201 tangit
2053 2159 2086 2199 7,

1217 2208 1298 2241 204:
1333 2209 1427 2240 Sicut
1458 2209 1690 2248 Thrasymachi
1717 2208 1838 2249 probat
1859 2209 1968 2241 exitus
1989 2212 2089 2249 atquo

1216 2258 1357 2291 Secundi
1381 2258 1579 2291 Carrinatis.
1605 2257 1740 2300 Duplici
1756 2268 1775 2290 r
1790 2257 1938 2291 alterum
1956 2267 2087 2291 nomen

1217 2308 1381 2342 scribitur
1412 2309 1448 2341 et
1477 2308 1571 2350 apud
1598 2307 1799 2341 Iuvenalem
1821 2307 1843 2341 l.
1869 2307 1891 2341 l.
1918 2310 1954 2341 et
1975 2309 2009 2341 in
2033 2309 2089 2342 in-

1218 2358 1478 2401 scriptionibus.
1499 2359 1549 2392 Cf.
1569 2359 1805 2400 fragmentum
1819 2357 2038 2392 Colotiauum
2053 2360 2088 2392 in

1218 2410 1346 2443 Baiteri
1367 2410 1474 2442 Fastis
1491 2419 1525 2452 p.
1544 2418 1659 2442 cchV.
1682 2428 1715 2433 -—
1736 2419 1793 2442 ore
1808 2409 1911 2452 tenus]
1935 2410 2004 2443 hoc
2021 2410 2088 2450 est,

1220 2462 1258 2493 ut
1281 2461 1402 2502 posset
1425 2460 1469 2492 de
1499 2458 1735 2501 philosophia,
1768 2459 1955 2493 virtutibus
1978 2460 2090 2493 vitiis-

1221 2520 1289 2553 que
1315 2512 1528 2543 Graecorum
1553 2518 1652 2542 more
1670 2509 1866 2548 disserere,
1891 2518 2037 2552 prorsus
2052 2512 2092 2543 ut

1223 2561 1281 2599 46,
1319 2560 1359 2593 32
1392 2562 1426 2593 Ρ.
1455 2560 1619 2601 Egnatius
1654 2559 1728 2599 ille,
1765 2560 1825 2601 qui
1858 2561 2092 2593 auctoritatem

1221 2611 1352 2643 Stoicae
1379 2613 1483 2642 seclae
1507 2609 1735 2651 praeferebat,
1765 2609 1879 2642 habitu
1909 2613 1939 2643 et
1969 2619 2025 2643 ore
2048 2611 2094 2643 ad

1221 2662 1472 2703 conprimendam
1494 2661 1673 2703 imaginem
1695 2661 1819 2692 honesti
1841 2661 2018 2701 exercitus,
2042 2669 2094 2694 ce-

1222 2716 1329 2745 terum
1359 2713 1471 2744 animo
1499 2711 1694 2753 perfidiosus
1723 2712 1791 2743 cet.
1829 2729 1862 2734 —
1890 2711 2095 2752 persimplici

1222 2763 1322 2804 victu]
1356 2763 1595 2804 Seneca‘ipse
1628 2761 1672 2794 de
1705 2770 1743 2794 se
1768 2762 1875 2804 Epist.
1902 2761 1961 2795 83:
1997 2761 2096 2795 Panis

1224 2814 1340 2846 deinde
1368 2813 1473 2845 siccus
1501 2815 1531 2845 et
1554 2813 1623 2845 sine
1643 2821 1759 2844 mensa
1787 2812 1988 2852 prandium,
2019 2814 2096 2853 post

1225 2864 1312 2905 quod
1334 2871 1400 2895 non
1422 2866 1498 2895 sunt
1520 2862 1690 2894 lavandae
1711 2870 1841 2894 manus.
1868 2861 2007 2894 Dormio
2029 2861 2096 2894 mi-

1223 2914 1363 2946 nimum.
1401 2913 1671 2946 Consuetudinem
1694 2920 1803 2943 meam
1828 2912 1936 2944 nosti:
1971 2911 2096 2944 brevis-

1225 2965 1308 2996 simo
1323 2972 1438 2996 somno
1453 2966 1532 2995 utor
1547 2966 1578 2994 et
1593 2962 1690 3004 quasi
1706 2962 1906 3004 interinnqo.
1931 2961 1993 3004 Ep.
2013 2961 2091 2994 ⁴08:

1225 3014 1302 3046 Inde
1330 3014 1366 3045 in
1397 3021 1524 3045 omnem
1551 3014 1656 3045 vitam
1682 3015 1850 3054 unquento
1882 3010 2094 3051 abstinemus,

1227 3063 1383 3104 quoniam
1413 3064 1555 3103 optimus
1586 3063 1668 3094 odor
1689 3062 1725 3094 in
1747 3070 1885 3102 corpore
1906 3064 1952 3094 est
1973 3061 2093 3094 nauus.

1225 3114 1303 3146 Inde
1329 3114 1406 3145 vino
1435 3122 1553 3145 carens
1578 3112 1775 3144 stomachus.
1811 3112 1889 3144 Inde
1909 3111 1946 3143 in
1968 3119 2096 3143 omnem

1225 3165 1331 3198 vitam
1353 3163 1504 3195 balneum
1525 3162 1684 3204 suyimus.

1272 3213 1324 3246 46.
1357 3213 1447 3254 apud
1476 3213 1632 3253 oppidum
1661 3211 1847 3252 Praeneste]
1881 3210 1932 3243 Ibi
1963 3208 2097 3242 scilicet

1227 3264 1427 3298 habebatur
1457 3263 1524 3296 sub
1556 3263 1695 3297 militari
1726 3261 1901 3305 praesidio
1924 3260 2095 3303 gladiato-

1230 3323 1308 3347 rum
1341 3316 1480 3347 caterva
1505 3312 1626 3355 procul
1651 3312 1759 3346 dubio
1782 3312 1865 3345 satis
1889 3319 2093 3350 numerosa,

1231 3374 1275 3398 ne
1306 3365 1384 3406 quis
1413 3372 1583 3396 novarum
1613 3371 1733 3395 rerum
1757 3361 1906 3403 cupidus
1930 3369 1971 3394 ea
1995 3359 2094 3394 facile

1205 3450 1208 3453 ,
1230 3414 1274 3447 ad
1298 3413 1420 3447 turbas
1443 3413 1477 3445 iu
1500 3412 1589 3445 urbe
1606 3410 1808 3446 excitandas
1832 3409 1930 3444 abuti
1951 3412 2089 3454 posset:

2244 3484 2254 3542 *A-
2236 3426 2254 3477 ..1
2230 2933 2254 3417 fflmQ-a.
2239 2828 2254 2927 ‘mu-J
2234 2764 2254 2821 9.—
2249 2718 2254 2727 -
