2254 3770
790 249 948 294 LIBER
975 249 1005 292 I.
1051 248 1151 306 Cap.
1181 248 1249 292 72.
1278 247 1346 291 73.
1375 247 1443 291 74.

1957 242 2003 287 6⁴

235 364 309 414 vit,
340 365 577 406 commotus
598 357 732 402 Cassii
753 356 900 401 Severi
930 354 1129 406 libidine,
1160 368 1247 412 qua
1265 354 1381 398 viros
1407 353 1673 410 feminasque
1693 351 1893 395 inlustres
1912 364 2013 408 pro-

237 437 409 483 cacibus
438 434 606 492 scriptis
636 432 950 485 diffamaverat;
980 444 1080 474 mox
1108 429 1318 480 Tiberius,
1350 428 1613 473 consultante
1641 426 1847 485 Pompeio
1874 416 2013 470 Macro

234 518 432 572 praetore
452 524 505 554 an
526 509 686 553 iudicia
703 508 937 552 maiestatis
955 506 1258 557 redderentur,
1290 503 1552 549 exercendas
1580 503 1697 561 leges
1717 516 1817 547 esse
1835 515 2015 560 respon-

235 588 308 632 dit.
346 587 459 630 hunc
488 598 663 644 quoque
692 597 949 642 asperavere
979 581 1168 626 carmina
1196 580 1368 624 incertis
1397 579 1642 624 auctoribus
1662 578 1830 637 vulgata
1856 578 1899 621 in
1919 590 2015 622 sae-

235 663 379 706 vitiam
414 660 748 719 superbiamque
784 659 878 702 eius
907 664 951 702 et
978 656 1223 701 discordem
1251 670 1350 700 cum
1377 662 1512 699 matre
1540 655 1737 699 animum.
1788 654 1870 711 (73)
1900 652 2046 701 hands

234 737 395 797 pigebit
422 736 582 781 referre
612 736 656 778 in
686 733 858 778 Falanio
888 739 931 777 et
960 731 1135 783 Rubrio,
1173 731 1355 776 modicis
1391 731 1605 789 equitibus
1634 730 1853 781 Romanis,
1891 743 2017 788 prae-

234 818 435 871 temptata
454 811 643 862 crimina,
666 817 712 854 ut
730 809 888 867 quibus
907 807 1047 858 initiis,
1069 813 1228 866 quanta
1243 806 1397 850 Tiberii
1418 812 1507 850 arte
1527 806 1825 863 gravissimum
1843 805 2017 849 exitium

235 888 480 947 inrepserit,
519 886 619 931 dein
649 899 899 944 repressum
927 884 997 935 sit,
1038 889 1256 941 postremo
1291 882 1445 926 arserit
1483 888 1722 939 cunctaque
1753 880 2015 939 corripuerit,

234 970 449 1008 noscatur.
499 961 672 1006 Falanio
709 959 923 1005 obiciebat
951 965 1175 1003 accusator
1204 957 1321 1017 quod
1354 957 1464 1000 inter
1492 956 1676 1001 cultores
1705 957 1902 1015 Augusti,
1942 956 2016 1014 qui

234 1053 313 1097 per
341 1051 491 1082 omnes
520 1037 673 1081 domos
702 1037 744 1079 in
774 1035 951 1079 modum
971 1034 1247 1092 collegiorum
1276 1033 1555 1084 habebantur,
1589 1033 1783 1078 Cassium
1802 1031 2018 1090 quendam
2030 1048 2067 1078 ιο

235 1115 411 1157 mimum
450 1126 629 1171 corpore
668 1111 869 1155 infamem
904 1109 1173 1162 adscivisset,
1214 1109 1418 1168 quodque
1448 1109 1631 1153 venditis
1668 1107 1802 1152 hortis
1836 1114 2018 1152 statuam

237 1190 411 1248 Augusti
449 1187 574 1233 simul
612 1187 913 1246 mancipasset.
971 1185 1131 1231 Rubrio
1171 1185 1334 1230 crimini
1376 1184 1557 1229 dabatur
1594 1183 1796 1229 violatum
1830 1183 2018 1242 periurio

279 1349 310 1381 4.
331 1346 524 1390 precatibus
544 1354 599 1388 pr.
622 1345 658 1379 M
682 1361 718 1368 -
750 1345 783 1378 3.
807 1344 887 1386 leqis
907 1352 963 1387 pr.
987 1345 1020 1378 M
1045 1361 1081 1366 —-
1112 1343 1145 1376 9.
1167 1343 1298 1385 faianio
1319 1343 1354 1377 M
1378 1360 1415 1366 —
1448 1343 1502 1376 44.
1525 1342 1625 1376 hostis
1644 1351 1699 1385 pr.
1724 1343 1758 1377 M
1784 1360 1819 1367 -
1851 1343 1905 1377 42.
1925 1342 2020 1385 pen·-

234 1405 324 1438 turio
346 1403 471 1446 (littera
492 1406 506 1436 t
526 1403 659 1446 puncto
682 1401 815 1443 notata)
837 1402 882 1435 M.

236 1537 273 1569 et
286 1535 419 1577 Meyeri
433 1533 816 1575 orator.Rom.1⁷ra9m.
828 1531 885 1565 ed.
900 1531 958 1565 alt.
972 1541 1008 1574 p.
1025 1531 1102 1565 545.
1153 1531 1235 1564 bello
1255 1531 1397 1573 qravius
1417 1534 1567 1572 toyatam
1587 1531 1755 1564 civitatem
1768 1531 1918 1573 confecit.
1950 1531 2024 1564 Ea>-

237 1603 273 1609 —
294 1585 493 1627 procacibus
513 1584 645 1625 scriptis
659 1582 903 1625 diffamaverat]
929 1581 1106 1622 Quintilia-
1153 1581 1338 1623 cipiebatur
1359 1580 1527 1613 ebrium
1547 1589 1670 1622 sermo,
1694 1581 1886 1622 simplicitas
1906 1582 2025 1614 iocan-

235 1644 303 1668 nus
325 1635 379 1674 40,
405 1636 437 1675 4,
464 1634 544 1667 446ε
569 1634 695 1674 Multa,
720 1633 749 1665 si
770 1642 847 1665 cum
867 1633 990 1665 iudicio
1011 1633 1107 1674 lega-

235 1689 309 1726 tur,
341 1684 433 1717 dabit
460 1684 645 1716 imitatione
669 1684 774 1725 diyna
796 1683 931 1716 Cassius
952 1682 1105 1722 Severus,

237 1736 313 1776 qui,
337 1735 366 1767 si
387 1734 503 1767 ceteris
515 1733 692 1766 virtutibus
706 1735 848 1766 colorem
862 1736 893 1766 et
906 1733 1107 1775 gravitatem

237 1785 399 1818 orationis
421 1784 607 1824 adiecisset,
625 1784 798 1825 ponendus
811 1784 899 1816 inter
907 1784 1108 1824 praecipuos

236 1836 335 1877 foret.
369 1834 460 1867 Nam
488 1836 520 1866 et
541 1834 665 1876 ingenii
680 1834 868 1874 plurimum
889 1836 938 1865 est
958 1833 992 1865 in
1017 1842 1054 1865 eo
1077 1835 1108 1865 et

238 1883 404 1917 acerbitas
423 1883 514 1915 mira
535 1886 567 1916 et
587 1883 764 1915 urbanitas
785 1884 857 1916 eius
876 1891 1006 1915 summa
1012 1891 1025 1922 ,·
1052 1883 1108 1915 sed

231 1935 312 1976 plus
341 1933 508 1966 stomacho
531 1941 633 1973 quam
657 1933 793 1965 consilio
815 1933 915 1966 dedit.
949 1932 1050 1965 Idem
1073 1932 1105 1973 6,

238 1984 274 2024 3,
300 1983 359 2016 27:
395 1983 435 2015 Id
464 1983 553 2023 quod
581 1982 705 2014 dicitur
731 1985 794 2014 aut
819 1985 868 2015 est
892 1983 1056 2015 lascivum
1077 1985 1109 2015 et

237 2033 364 2073 hilare,
395 2033 514 2073 qualia
534 2031 573 2065 A.
599 2032 724 2065 Galbae
739 2033 918 2073 pleraque,
944 2035 1006 2064 aut
1025 2041 1108 2065 con-

238 2082 465 2122 tumeliosum,
501 2081 618 2122 qualia
648 2090 756 2122 nuper
785 2082 874 2114 Iunii
899 2082 1013 2122 Bassi,
1049 2085 1110 2114 aut

239 2140 414 2172 asperum,
446 2128 564 2172 qualia
586 2131 693 2164 Cassii
713 2131 838 2164 Severi.
872 2131 924 2165 Cf.
949 2130 1036 2165 Dial.
1062 2132 1107 2165 de

239 2183 334 2215 Orat.
358 2182 399 2214 49
416 2182 452 2214 et
466 2181 521 2214 26.
542 2198 579 2205 -
603 2190 686 2214 moa:
710 2181 856 2215 Tiberius
869 2182 1107 2224 --responditJ

239 2232 381 2264 Sueten.
418 2230 494 2264 Tib.
527 2231 589 2264 58:
634 2232 827 2265 consulente
852 2236 1028 2273 praetore,
1064 2242 1110 2265 an

238 2282 365 2314 iudicia
377 2281 562 2314 maiestatis
578 2282 652 2323 coyi
666 2281 803 2322 iuberet,
827 2284 1031 2316 emercendas
1044 2291 1111 2316 esse

239 2332 325 2374 loyes
353 2331 523 2372 respondit
554 2333 587 2364 et
613 2332 817 2365 atrocissime
849 2334 1012 2366 exercuit.
1055 2334 1107 2367 Cf.

241 2383 376 2416 Seneca
406 2381 450 2414 de
483 2381 604 2414 Benei.
629 2381 662 2422 3,
687 2382 742 2415 26.
781 2381 866 2416 Plin.
890 2385 1021 2425 Paneg.
1047 2385 1107 2416 il:

242 2433 366 2466 dicavit
386 2432 478 2465 caelo
502 2431 648 2465 Tiberius
667 2432 870 2476 Augustum,
899 2435 955 2467 sed
975 2437 1015 2468 ut
1033 2443 1111 2467 ma-

240 2482 366 2515 iestatis
386 2482 512 2515 crimen
532 2482 712 2516 induceret.
740 2501 775 2506 —
808 2492 1005 2524 asperavere
1030 2493 1112 2517 car-

241 2531 345 2574 mina]
367 2530 529 2573 intelligit
551 2533 657 2565 etiam
673 2533 828 2575 quinque
846 2533 902 2566 illa
918 2534 1013 2577 apud
1028 2535 1113 2568 Sue-

243 2583 317 2615 ton.
346 2581 421 2615 Tib.
446 2581 508 2622 59,
545 2590 698 2624 quorum
731 2585 896 2625 quartum
929 2584 999 2617 hoc
1033 2586 1109 2618 est:

243 2631 384 2665 Fastidit
402 2632 534 2672 vinum,
566 2632 649 2673 quia
668 2633 739 2665 iam
759 2633 829 2665 sitit
852 2634 912 2666 iste
933 2643 1087 2668 cruorem
1099 2644 1110 2666 :

246 2682 326 2714 Tam
352 2682 431 2714 bibit
456 2682 543 2715 hunc
569 2683 683 2723 avide,
715 2692 817 2724 quam
845 2683 924 2717 bibit
945 2689 1022 2718 ante
1042 2694 1114 2718 me-

242 2740 332 2764 rum
368 2732 424 2764 Sic
445 2731 526 2764 Sex.
551 2733 760 2765 Paconianus
781 2733 817 2765 in
831 2743 965 2767 carcere
979 2734 1018 2767 ob
1033 2744 1114 2767 car-

242 2782 337 2814 mina
356 2781 426 2814 illic
446 2782 483 2814 in
498 2783 687 2824 principem
706 2783 863 2825 factitata
883 2786 1115 2827 strangulatus

243 2834 301 2863 est.
332 2832 422 2863 Anu.
447 2831 487 2872 6,
511 2831 566 2864 39.

287 2880 342 2914 73.
365 2881 502 2914 modicis
524 2881 695 2924 equitibus]
725 2885 952 2925 opponuntur
971 2885 1115 2926 splendi-

245 2930 311 2970 dis,
346 2930 541 2963 illustribus.
578 2932 627 2973 (A.
653 2932 692 2972 2,
724 2933 794 2973 59.)
838 2933 894 2966 Sic
922 2935 961 2966 A.
987 2935 1041 2975 44,
1072 2934 1111 2966 7:

244 2980 388 3012 modicos
409 2984 586 3014 senatores.
619 2982 785 3015 Ceterum
809 2982 853 3015 de
871 2984 1030 3025 equitum
1046 2983 1114 3016 sub

245 3031 401 3072 Augusto
435 3033 472 3063 et
504 3030 634 3064 deinde
667 3031 734 3065 sub
771 3032 924 3075 Caligula
954 3035 1046 3067 statu
1069 3034 1114 3067 ci.

246 3080 310 3112 Dio
332 3078 393 3120 54,
417 3079 471 3113 30.
501 3081 561 3119 55,
585 3081 617 3114 2.
643 3081 702 3122 56,
727 3082 782 3114 27.
812 3082 871 3123 59,
895 3083 928 3115 9.
963 3083 1116 3124 Ryckius

247 3128 294 3161 ad
322 3130 363 3162 A.
388 3130 427 3170 2,
452 3129 507 3162 59.
542 3131 747 3172 Marquardt
774 3132 940 3164 Historiae
964 3133 1027 3172 Eq.
1054 3133 1114 3166 Ro.

247 3178 284 3210 L.
307 3179 364 3212 IV.
387 3178 540 3211 Berolin.
558 3179 656 3212 4840.
681 3189 717 3222 p.
737 3180 792 3214 50.
817 3181 944 3222 Zumpt
963 3181 1045 3213 uber
1066 3182 1118 3214 die

249 3229 341 3261 Rem.
357 3228 471 3262 Ritter.
496 3229 621 3262 Berlin.
644 3229 805 3263 Abhandl.
829 3230 926 3263 4839.
949 3239 985 3272 p.
1002 3230 1058 3264 96.
1079 3248 1112 3255 -

248 3279 485 3319 gravissimum
512 3279 662 3321 exitium]
697 3281 831 3313 Seneca
858 3279 903 3313 de
933 3280 1052 3314 Benet.
1083 3281 1116 3322 3,

250 3327 312 3360 26:
345 3328 413 3361 Sub
437 3328 563 3362 Tiberio
585 3330 726 3363 Caesare
751 3330 817 3372 fuit
844 3331 1024 3364 accusandi
1048 3331 1118 3373 fre-

253 3383 353 3415 quens
367 3381 398 3412 el
411 3379 666 3422 paenepublica
678 3379 801 3422 rabies,
824 3389 912 3422 quae
926 3381 1015 3414 onmi
1029 3380 1121 3414 civili

1153 1633 1247 1665 timn.
1266 1649 1303 1655 -
1331 1634 1460 1672 quanta
1476 1631 1595 1665 Tiberii
1616 1634 1690 1665 arte
1704 1649 1724 1655 -
1735 1649 1755 1655 -
1767 1641 1953 1673 repressum
1968 1632 2023 1672 sit,

1148 1685 1315 1723 postremo
1331 1682 1414 1723 cet.]
1437 1682 1544 1715 Totus
1565 1680 1665 1714 locus
1687 1681 1836 1724 (Lipsius
1852 1681 1932 1714 adv.
1951 1681 2026 1714 dein

1155 1732 1200 1765 ad
1215 1732 1423 1774 Vespasiani
1442 1733 1479 1765 et
1493 1732 1574 1771 Titi,
1592 1735 1760 1773 postremo
1775 1732 1821 1765 ad
1838 1731 2026 1765 Domitiani

1155 1785 1317 1825 tempora
1339 1781 1531 1824 rettulerat)
1556 1782 1601 1815 de
1617 1782 1757 1816 Tiberio
1779 1782 2025 1825 intelligendus

1157 1835 1229 1874 est,
1266 1833 1325 1874 qui
1359 1832 1425 1866 sub
1460 1833 1597 1866 initium
1629 1834 1847 1876 principatus
1881 1833 2026 1867 exitium

1155 1882 1241 1916 illud
1263 1892 1334 1916 non
1358 1883 1504 1924 quidem
1526 1882 1725 1925 impedivit,
1751 1892 1822 1926 quo
1838 1884 1955 1916 minus
1972 1882 2027 1915 in-

1155 1935 1315 1976 reperet,
1340 1934 1511 1975 repressit
1533 1935 1670 1974 tamen,
1696 1943 1741 1967 ne
1757 1943 1796 1967 se
1813 1935 1958 1967 auclore
1974 1934 2026 1966 in-

1155 1984 1310 2026 repsisse
1333 1983 1531 2023 videretur,
1555 1986 1737 2026 postremo
1752 1986 1872 2018 autem
1886 1985 1934 2017 ita
1949 1993 2027 2018 sae-

1155 2036 1233 2075 viit,
1269 2035 1309 2067 ut
1342 2036 1469 2068 cuncta
1503 2036 1777 2077 corriperentur.
1813 2036 1865 2069 Cf.
1895 2035 1933 2076 3,
1961 2036 2024 2069 563

1159 2086 1305 2120 Tiberius
1331 2085 1426 2127 fama
1453 2086 1689 2118 moderationis
1708 2090 1830 2127 parta,
1863 2087 1951 2128 quod
1971 2087 2028 2120 in-

1157 2138 1306 2180 ymanus
1320 2139 1532 2169 accusatores
1545 2141 1764 2178 represserat,
1787 2138 1887 2171 mittit
1899 2139 2029 2173 litteras

1159 2190 1227 2221 cet.
1244 2188 1388 2220 WALrn.
1408 2205 1445 2210 —
1470 2187 1593 2220 arserit
1612 2190 1798 2228 cunctaque
1817 2188 2027 2229 corripuerit]

1158 2240 1209 2271 De
1238 2236 1367 2270 Tiberii
1396 2237 1557 2276 saevitia,
1587 2245 1608 2268 a
1636 2237 1762 2269 Seiano
1789 2238 1942 2271 maxime
1971 2238 2028 2270 in-

1160 2297 1284 2328 censa,
1309 2286 1353 2320 cf.
1379 2287 1412 2326 6,
1436 2287 1472 2320 54
1502 2286 1708 2319 etD10nem
1730 2287 1785 2328 57,
1810 2287 1864 2320 49.
1892 2305 1929 2311 -
1954 2288 2029 2320 cul—

1159 2342 1246 2371 tores
1274 2336 1424 2378 Auyusti]
1455 2336 1578 2378 utique
1607 2336 1769 2369 diversos
1798 2345 1819 2369 a
1848 2335 2029 2370 sodalibus

1160 2385 1407 2429 Augustalibus
1428 2386 1635 2419 memoratis
1658 2394 1689 2418 c.
1706 2385 1759 2419 54.
1792 2385 1886 2419 Talia
1908 2387 2029 2420 autem

1160 2437 1334 2471 cultorum
1355 2436 1443 2469 varii
1465 2436 1604 2478 generis
1627 2435 1772 2478 collegia
1794 2436 1928 2478 passim
1949 2444 2030 2469 me-

1160 2489 1343 2521 morantur
1356 2487 1393 2519 in
1404 2485 1709 2528 Inscriptionibus:
1730 2487 1826 2520 Inter
1835 2495 1935 2520 meas
1949 2494 2031 2529 pro-

1159 2539 1254 2572 xime
1287 2536 1463 2570 accedunt
1489 2545 1524 2569 n.
1550 2536 1629 2570 738:
1667 2536 1814 2570 cultores
1845 2537 2031 2579 imaqinum

1161 2589 1277 2622 domus
1295 2588 1464 2630 Auyustae
1486 2588 1524 2619 et
1544 2596 1579 2619 n.
1603 2587 1711 2620 ⁴662:
1747 2587 1896 2620 cultores
1915 2588 2031 2620 domus

1161 2640 1294 2673 divinae
1315 2641 1346 2671 et
1366 2639 1535 2670 Fortunae
1554 2637 1640 2679 Aua.
1658 2646 1744 2671 sane
1767 2637 1812 2670 ad
1834 2638 2030 2680 posteriora

1161 2690 1323 2730 tempora
1346 2686 1535 2720 referendi.
1559 2686 1708 2719 Cultores
1725 2686 1866 2728 Auyusti
1887 2686 2031 2720 exhibet

1163 2748 1198 2771 n.
1223 2738 1322 2771 5465.
1354 2754 1392 2760 -
1424 2737 1483 2777 qui
1510 2744 1574 2777 per
1601 2744 1710 2769 omnes
1738 2735 2027 2769 domos--habe-

1162 2787 1296 2827 bantur]
1325 2787 1364 2819 ln
1387 2785 1552 2819 omnibus
1580 2785 1843 2819 honestioribus
1865 2785 2030 2819 domibus

1164 2837 1310 2879 collegia
1332 2835 1378 2868 ad
1392 2836 1538 2876 Augusti
1560 2843 1695 2868 numen
1717 2834 1906 2868 colendum
1922 2833 2031 2867 habe-

1162 2887 1310 2926 bantur,
1341 2885 1378 2917 in
1401 2893 1512 2926 quae,
1541 2885 1580 2916 ut
1608 2893 1651 2916 ex
1679 2883 1848 2917 hocloco
1871 2884 2028 2926 apparet,

1163 2938 1306 2980 praeter
1334 2935 1552 2977 propinquos
1580 2935 1686 2968 etiam
1713 2934 1816 2968 alieni
1844 2934 1947 2967 asciri
1969 2942 2032 2976 po-

1163 2986 1295 3025 terant,
1322 2984 1383 3025 qui
1404 2984 1472 3026 ipsi
1493 2983 1600 3016 domo
1623 2983 1805 3017 carebant.
1833 3001 1871 3008 -
1894 2992 2033 3025 corpore

1162 3032 1330 3077 infamem]
1361 3031 1469 3066 Paulli
1491 3033 1586 3066 Sent.
1611 3033 1650 3073 2,
1674 3033 1729 3066 26.
1754 3032 1796 3075 §g
1821 3033 1852 3073 4,
1876 3031 1914 3065 4:
1938 3033 2032 3074 infa-

1163 3094 1231 3118 mes
1251 3087 1282 3117 et
1303 3091 1372 3123 eos,
1397 3083 1456 3124 qui
1476 3092 1614 3125 corpore
1632 3086 1804 3124 quaestum
1815 3082 1946 3123 faciunt
1959 3085 2029 3118 cet.

1166 3134 1218 3168 Cf.
1242 3134 1296 3174 45,
1321 3132 1382 3166 49:
1411 3134 1554 3167 mollitia
1573 3134 1722 3174 corporis
1741 3132 1888 3174 infamis.
1915 3151 1951 3158 —
1982 3134 2031 3167 si—

1163 3183 1234 3216 mul
1245 3182 1473 3224 mancipasset]
1494 3191 1578 3216 cum
1593 3181 1757 3215 omnibus
1772 3181 1930 3215 formulis
1945 3183 2030 3217 iuris

1165 3233 1310 3266 Romani
1332 3231 1435 3266 simul
1457 3232 1686 3266 vendidisset.
1714 3249 1749 3255 —
1777 3231 1938 3265 violatum
1951 3242 2031 3275 per-

1165 3282 1254 3315 iurio
1285 3292 1406 3316 numen
1439 3282 1590 3325 Augusti]
1630 3281 1680 3314 Cf.
1705 3281 1740 3320 3,
1772 3281 1831 3313 66:
1870 3283 2030 3316 violatum

1164 3333 1305 3375 Aquti
1331 3341 1463 3366 numen.
1501 3334 1643 3365 Sueten.
1673 3329 1779 3372 Calig.
1804 3330 1866 3364 24:
1899 3342 1942 3366 ne
1963 3342 2031 3374 pro

1165 3383 1314 3416 contione
1342 3381 1474 3423 quidem
1492 3380 1611 3422 populi
1635 3382 1696 3412 aut
1716 3378 1809 3421 apud
1827 3380 1946 3417 milites
1965 3381 2031 3415 nisi
