2254 3770
281 278 364 326 3¹74
760 285 806 328 P.
839 280 1092 328 CORNELII
1120 281 1293 327 TACITI
1322 278 1591 327 ANNALIUM

284 390 384 448 ipse*
411 390 656 435 Radamisto
687 402 815 434 socer
844 394 980 433 esset:
1012 402 1097 433 non
1126 387 1318 432 abnuere
1349 400 1499 445 pacem
1526 387 1725 439 Hiberos,
1758 399 2018 446 quamquam
2036 385 2081 429 in

284 470 481 523 tempore
506 464 760 517 validiores;
807 470 850 508 et
879 464 982 508 satis
1013 463 1227 521 cognitam
1257 463 1550 507 Armeniorum
1579 461 1823 520 perfidiam,
1855 475 1937 506 nec
1966 458 2081 506 aliud

287 539 468 584 subsidii
492 554 621 598 quam
643 539 867 584 castellum
889 546 1129 583 commeatu
1150 551 1355 595 egenum:
1382 552 1436 582 ne
1457 537 1672 582 dubitaret
1690 538 1819 582 armis
1840 538 2082 581 incruentas

285 615 562 660 condiciones
592 614 732 659 malle.
766 620 993 659 cunctante
1023 613 1077 658 ad
1109 627 1162 658 ea
1192 612 1431 656 Mithridate
1458 619 1501 657 et
1527 613 1737 671 suspectis
1757 611 1961 671 praefecti
1980 624 2084 656 con-

252 690 407 742 ssffiis,
454 690 573 749 quod
619 689 806 748 pelicem
850 689 1012 747 regiam
1057 688 1269 747 polluerat
1309 687 1438 746 inque
1468 700 1639 732 omnem
1674 687 1894 732 libidinem
1921 685 2084 732 venalis

284 765 544 817 habebatur,
593 765 824 823 Casperius
867 764 1035 808 interim
1078 764 1130 807 ad
1174 763 1491 807 Pharasmanen
1521 763 1732 822 pervadit,
1777 769 1911 822 utque
1940 762 2085 807 Hiberi

285 840 454 887 obsidio
496 839 708 884 decedant
747 839 1000 898 expostulat.
1048 839 1118 883 ille
1157 838 1377 897 propalam
1414 839 1575 883 incerta
1606 845 1650 883 et
1691 839 1865 897 saepius
1893 837 2087 882 molliora

285 915 573 973 respondens,
613 914 793 960 secretis
829 915 988 961 nuntiis
1020 920 1167 958 monet
1199 913 1489 958 Radamistum
1519 914 1881 972 obpugnationem
1910 924 2086 972 quoquo

285 991 417 1035 modo
448 990 653 1035 celerare.
685 996 867 1048 augetur
897 976 1043 1047 flagitii
1075 1003 1263 1041 merces,
1299 996 1340 1033 et
1369 989 1504 1033 Pollio
1533 989 1699 1034 occulta
1728 989 2001 1047 corruptione
2025 988 2087 1032 in-

237 1066 404 1125 mpellit
433 1066 606 1118 milites,
638 1072 685 1110 ut
706 1078 859 1124 pacem
880 1065 1121 1123 flagitarent
1141 1078 1276 1123 seque
1298 1065 1562 1123 praesidium
1583 1065 1820 1109 omissuros
1840 1064 2086 1109 minitaren-

286 1149 366 1187 tur.
398 1155 485 1201 qua
514 1144 771 1186 necessitate
804 1140 1065 1184 Mithridates
1097 1140 1213 1184 diem
1242 1140 1472 1198 locumque
1503 1140 1663 1184 foederi
1695 1140 1861 1198 accepit
1889 1139 2085 1185 castello*

287 1228 374 1277 que
394 1214 625 1275 egreditur.
658 1217 741 1274 (47)
763 1230 814 1260 ac
834 1216 972 1274 primo
993 1215 1263 1260 Radamistus
1284 1216 1327 1258 in
1348 1215 1569 1274 amplexus
1586 1216 1680 1260 eius
1700 1215 1862 1259 effusus
1883 1214 2083 1260 simulare

288 1292 566 1351 obsequium,
607 1304 809 1336 socerum
849 1305 899 1336 ac
936 1298 1157 1349 parentem
1194 1290 1425 1349 appellare.
1470 1290 1599 1335 adicit
1627 1292 1694 1334 ius
1725 1290 1968 1342 iurandum,
1999 1303 2084 1335 non

287 1361 420 1420 ferro,
460 1381 545 1411 non
584 1378 752 1412 veneno
791 1367 878 1411 vim
919 1366 1156 1410 allaturum.
1203 1366 1326 1410 simul
1368 1367 1411 1409 in
1446 1366 1591 1411 lucum
1627 1366 1919 1425 propinquum
1946 1366 2082 1418 trahit,

239 1451 276 1483 «ὅ
289 1443 510 1503 provisum
539 1442 624 1487 illie
654 1441 852 1487 sacrificii
882 1448 1075 1501 paratum
1107 1442 1327 1492 dictitans,
1360 1448 1406 1485 ut
1435 1441 1503 1486 dis
1530 1441 1709 1486 testibus
1728 1455 1813 1500 pax
1832 1441 2083 1486 firmaretur.

288 1531 383 1563 mos
414 1525 480 1562 est
506 1518 700 1575 regibus,
733 1518 934 1576 quotiens
964 1517 1008 1560 in
1038 1517 1287 1561 societatem
1308 1522 1480 1569 co'eant,
1512 1516 1731 1575 implicare
1761 1516 1932 1562 dextras
1962 1516 2086 1576 polli—

291 1607 454 1652 cesque
484 1594 594 1637 inter
624 1607 672 1637 se
701 1593 863 1637 vincire
894 1593 1099 1651 nodoque
1128 1592 1470 1650 praestringere:
1500 1606 1598 1636 mox
1622 1592 1694 1636 ubi
1715 1593 1886 1650 sanguis
1906 1593 1952 1636 in
1968 1599 2084 1637 arvus

288 1684 332 1714 se
360 1676 576 1714 extremos
607 1668 851 1721 suffuderit,
883 1668 967 1712 levi
997 1668 1083 1711 ictu
1113 1681 1308 1712 cruorem
1331 1667 1504 1713 eliciunt
1527 1673 1656 1726 atque
1676 1667 1859 1712 invicem
1877 1668 2081 1712 lambunt.

290 1743 337 1789 id
364 1745 518 1791 foedus
546 1757 747 1789 arcanum
779 1743 962 1788 habetur
992 1743 1117 1802 quasi
1146 1749 1295 1787 mutuo
1326 1757 1481 1787 cruore
1511 1751 1737 1787 sacratum.
1775 1743 1852 1787 sed
1882 1749 1984 1788 tuno
2009 1743 2083 1802 qui

239 1830 278 1862 ιο
292 1835 345 1865 ea
374 1819 513 1865 vincla
543 1819 816 1871 admovebat,
850 1819 1065 1863 decidisse
1087 1819 1293 1863 simulans
1315 1833 1454 1877 genua
1474 1818 1722 1862 Mithridatis
1744 1818 1903 1863 invadit
1922 1819 2083 1878 ipsum-

292 1907 378 1956 que
406 1896 658 1955 prosternit3
697 1894 910 1954 simulque
941 1907 1155 1939 concursu
1186 1894 1371 1953 plurium
1401 1894 1630 1939 iniciuntur
1659 1901 1847 1939 catenae.
1888 1907 1940 1938 ac
1969 1907 2083 1939 com·
2140 1934 2144 1939 .

288 1971 420 2031 pede,
452 1971 570 2030 quod
600 1970 865 2016 dedecorum
895 1970 1110 2022 barbaris,
1141 1970 1412 2023 trahebatur3
1444 1984 1543 2014 mox
1572 1969 1674 2028 quia
1702 1969 1856 2027 vulgus
1877 1969 1984 2014 duro
2004 1968 2081 2013 im-

353 2125 386 2157 ⁴.
411 2132 607 2166 quanquam
621 2124 654 2157 M
675 2141 707 2147 -
727 2123 759 2156 2.
777 2123 945 2165 coercitam
959 2140 978 2147 -
989 2141 1009 2148 -
1022 2123 1199 2166 perfidiam
1215 2123 1367 2166 Lipsius:
1395 2123 1530 2165 cognita
1545 2140 1563 2147 ·-
1575 2140 1594 2147 -
1605 2123 1785 2164 perfidiam
1800 2123 1852 2160 M:
1877 2122 2012 2164 cognita
2025 2140 2045 2146 -
2055 2139 2076 2147 -

284 2180 428 2223 perfidia
449 2180 517 2214 alii.
546 2199 582 2204 —
608 2180 639 2213 3.
665 2178 851 2213 commeant
872 2182 923 2219 M;
950 2183 1192 2213 commeatuum
1216 2180 1294 2213 cod.
1315 2181 1565 2217 Farnesianus;
1592 2180 1792 2212 commeatus
1813 2177 1970 2212 Halmius
1987 2177 2076 2219 (eon.

288 2246 363 2269 var.
382 2236 463 2270 lect.
482 2236 527 2269 ad
550 2245 586 2279 p.
605 2235 680 2275 372,
700 2236 765 2277 49).
793 2253 829 2260 -
856 2236 1008 2270 dubitare
1030 2238 1064 2270 M
1084 2255 1119 2261 —
1144 2237 1335 2269 incruentas
1358 2237 1527 2277 Ryckius:
1556 2232 1625 2277 qud
1647 2237 1838 2268 incruentas
1857 2236 1894 2268 M
1917 2251 1950 2259 -—
1978 2235 2011 2268 7.
2028 2243 2082 2267 se-

286 2293 363 2333 pius
385 2293 418 2326 M
445 2310 479 2315 —
514 2292 567 2324 40.
591 2301 688 2332 seque
714 2292 920 2332 praesidium
950 2293 1128 2325 omissuros
1158 2293 1439 2326 Freinshemius:
1471 2301 1568 2333 seque
1591 2287 1765 2333 praesidi&
1789 2292 1908 2324 ammis
1931 2290 2004 2333 (sic)
2027 2291 2079 2330 Μς

288 2358 385 2391 seque
401 2349 571 2393 praesidio
595 2348 744 2382 abituros
767 2350 793 2382 G
810 2367 853 2373 —-
877 2350 930 2382 Μ.
955 2350 1141 2382 necissitace
1164 2351 1196 2382 M
1224 2368 1258 2372 -
1284 2349 1389 2395 sederi
1413 2350 1445 2382 M
1471 2367 1505 2372 -
1533 2349 1587 2381 ⁴2.
1610 2349 1807 2390 faramistus
1830 2348 1862 2382 M
1887 2364 1922 2371 -
1949 2348 2001 2381 ⁴5.
2025 2355 2085 2381 sa-

289 2405 408 2448 crificii
426 2408 588 2446 paratum
603 2405 744 2447 Pflugk:
768 2406 971 2448 sacrificium
993 2407 1195 2448 imperatum
1218 2407 1272 2445 M;
1297 2406 1499 2448 sacrificium
1520 2405 1743 2448 [imperatum]
1759 2404 1950 2443 Acidalius;
1975 2403 2085 2437 saeri-

287 2463 402 2506 ficium
422 2463 493 2495 iam
515 2466 678 2503 paratum
701 2464 884 2501 Heinsius;
916 2464 1107 2506 sacrificum
1129 2468 1292 2505 paratum
1315 2462 1583 2504 Bezzenberger
1606 2461 1683 2495 coll.
1709 2464 1799 2495 Anu.
1824 2462 1863 2501 Ξ,
1888 2460 1929 2494 69
1951 2460 2085 2502 sucrifi-

289 2519 396 2554 celem
417 2522 631 2560 apparatum.
660 2537 696 2542 —
721 2520 785 2552 diis
807 2520 843 2553 h.
859 2519 883 2553 l.
901 2521 935 2554 M
960 2538 996 2545 -
1023 2521 1076 2554 46.
1100 2521 1254 2553 societate
1276 2521 1309 2554 Μ
1337 2538 1369 2543 -
1398 2520 1451 2552 47.
1473 2519 1720 2560 praestringere
1742 2518 1897 2560 Lipsius:
1917 2516 2085 2558 perstrue-

291 2583 371 2618 9⁴ere
391 2576 470 2618 (per
483 2574 747 2617 compendium)
770 2576 804 2609 M
828 2593 863 2599 -
890 2577 1030 2618 sanquis
1050 2577 1087 2609 in
1108 2580 1204 2609 artus
1226 2585 1259 2609 se
1282 2579 1447 2609 extremos
1462 2577 1530 2608 lac.
1549 2575 1762 2608 Gronovius:
1787 2573 1974 2615 sanquisiu
1988 2574 2085 2606 artus

289 2635 456 2666 sacremus
478 2632 528 2669 M;
559 2633 696 2674 sanquis
724 2636 820 2665 artus
847 2636 1012 2666 extremos
1044 2633 1219 2667 Heinsius.
1247 2651 1283 2656 —
1311 2633 1363 2665 49.
1389 2633 1482 2674 fedus
1503 2633 1536 2665 M
1563 2650 1598 2655 —
1628 2631 1814 2663 archanum
1835 2629 1888 2668 M:
1913 2632 2084 2663 aetem

292 2686 419 2723 Haase.
448 2705 484 2712 -
509 2688 563 2721 2⁴.
588 2688 740 2730 compede
761 2690 917 2732 Lipsius:
943 2691 1110 2732 compedes
1132 2691 1164 2724 M
1193 2708 1226 2713 —
1252 2689 1307 2723 22.
1332 2697 1415 2722 mox
1437 2689 1518 2731 quia
1540 2689 1592 2722 M:
1616 2696 1762 2729 moxque
1784 2685 1900 2729 vulgo.

291 2828 328 2861 in
348 2829 446 2860 statu
462 2826 620 2860 Amenda
641 2827 744 2869 foret]
772 2826 825 2861 Cf.
852 2828 906 2868 45,
931 2828 993 2861 25:
1017 2829 1165 2861 interro-

293 2882 393 2921 gatus
413 2877 580 2918 centurio,
605 2886 672 2919 quo
693 2879 731 2911 in
753 2880 845 2911 statu
866 2878 1025 2912 Armenia
1047 2883 1139 2912 esset.

337 2951 391 2986 46.
410 2951 516 2985 armis
530 2969 549 2976 -
560 2970 578 2976 -
593 2951 703 2994 malle]
720 2951 829 2986 Affert
844 2954 869 2985 Ι.
889 2954 943 2986 Fr.
966 2954 1164 2987 Gronovius

294 3003 446 3037 eandem
479 3002 779 3035 constructionem
815 3011 859 3036 ex
887 3002 1035 3046 Appulei
1062 3002 1162 3045 Apol.

294 3063 330 3098 p.
344 3053 386 3086 83
404 3049 492 3087 Pric.
507 3061 514 3085 :
536 3055 755 3094 persuaserat
769 3053 854 3085 idem
869 3054 1049 3087 Pontianus
1062 3054 1165 3087 matri

294 3111 394 3143 suae,
418 3105 456 3135 ut
476 3111 528 3135 me
550 3102 628 3135 aliis
650 3101 800 3134 omnibus
820 3103 944 3135 mallet.
973 3120 1008 3125 —
1030 3104 1166 3144 praesi-

296 3153 388 3186 dium
410 3150 598 3194 omissuros]
623 3150 675 3185 Cf.
700 3150 738 3190 4,
755 3151 792 3183 5⁴
811 3160 818 3182 ε
844 3155 881 3183 ut
903 3153 1067 3192 quaedam
1088 3162 1166 3185 mu-

295 3204 443 3236 nimenta
458 3203 597 3236 Romani
613 3201 709 3244 quasi
724 3204 889 3242 perrupta
910 3203 1089 3235 omiserint.
1109 3201 1162 3243 ⁴4,

298 3253 359 3286 33:
383 3251 509 3285 omissis
530 3252 672 3285 castellis
690 3250 930 3293 praesidiisque
949 3252 1161 3286 militarium.

343 3325 397 3359 47.
413 3327 583 3367 provisum
596 3326 664 3359 illic
678 3325 834 3367 sacrificii
845 3326 1018 3366 paratum]
1037 3326 1088 3359 Cf.
1110 3326 1162 3366 ⁴3,

301 3377 361 3409 ⁴7:
385 3378 520 3417 proviso
542 3380 619 3410 ante
631 3376 764 3419 funebri
777 3378 918 3417 paratu.
943 3375 1030 3408 Hist.
1049 3375 1080 3415 3,
1099 3375 1161 3408 ὅθι

300 3425 433 3463 disiecto
461 3427 621 3471 sacrificii
646 3428 827 3471 apparatu.
854 3441 891 3451 -
921 3431 1076 3460 cruorem
1101 3425 1164 3461 eli-

1213 2828 1307 2861 ciunt
1328 2827 1410 2870 cet.]
1436 2826 1594 2859 Valerius
1617 2826 1706 2859 Max.
1725 2825 1758 2864 9,
1779 2824 1832 2863 Η,
1858 2824 1927 2856 ext.
1953 2822 1992 2856 3:
2018 2823 2084 2856 Sa-

1215 2879 1340 2910 riaster
1362 2877 1520 2910 aduersus
1536 2878 1670 2917 patrem
1691 2883 1789 2907 suum
1814 2874 1995 2916 Tiyranen,
2018 2873 2086 2906 Ar-

1214 2929 1344 2960 meniae
1365 2935 1494 2969 reqem,
1527 2926 1576 2958 ita
1604 2932 1681 2958 cum
1707 2924 1824 2957 amnicis
1846 2923 2024 2963 consensit,
2047 2926 2086 2957 ut

1214 2986 1324 3010 omnes
1351 2976 1496 3009 dexteris
1523 2975 1675 3008 manibus
1700 2974 1897 3016 sanquinem
1916 2974 2085 3007 mitterent

1213 3030 1313 3068 atque
1335 3035 1409 3059 eum
1432 3026 1572 3058 invicem
1592 3025 1770 3057 sorberent.
1805 3024 1946 3056 Lucian.
1971 3023 2084 3056 Toxo-

1214 3077 1262 3110 ris
1286 3076 1346 3109 37:
1382 3071 1451 3116 ἀφ’
1482 3067 1529 3108 οὖ
1558 3072 1632 3121 γὰρ
1657 3069 1709 3106 ἄν
1739 3070 1960 3116 ἐντεμόντες
1978 3067 2085 3115 ἅπαξ

1214 3123 1305 3167 τοὺς
1323 3123 1534 3166 δακτύλους
1549 3121 1842 3166 ἐνσταλάξωμεν
1855 3119 1901 3156 τὸ
1916 3117 2015 3165 αἷμα
2029 3122 2084 3164 εἰς

1214 3174 1352 3209 κύλικα
1374 3175 1437 3208 καὶ
1461 3171 1508 3208 τὰ
1534 3172 1629 3218 ξίφη
1653 3170 1755 3220 ἄκρα
1775 3170 1978 3215 βάψαντες
1999 3167 2083 3215 ἅμα

1215 3222 1431 3273 ἀμφότεροι
1447 3222 1700 3268 ἐπισχόμενοι
1716 3225 1872 3267 πίωμεν,
1891 3218 1963 3256 οὐκ
1976 3218 2083 3256 ἔστιν

1216 3271 1238 3308 ὅ
1261 3284 1298 3308 τι
1324 3273 1370 3308 τὸ
1400 3272 1498 3318 μετὰ
1520 3273 1637 3308 τοῦτο
1659 3270 1763 3318 ἡμᾶς
1785 3270 1996 3306 διαλύσειεν
2018 3267 2079 3306 ἄν.

1218 3343 1253 3350 ——
1279 3326 1448 3368 decidisse]
1472 3324 1610 3358 vincula
1634 3325 1679 3358 de
1705 3322 1908 3366 pollicibus,
1941 3331 2010 3355 non
2033 3329 2079 3363 ee,

1213 3377 1253 3408 ut
1267 3375 1323 3408 alii
1338 3376 1625 3417 interpretantur.
1645 3391 1682 3397 —
1699 3372 1869 3414 simulans]
1892 3374 2081 3406 incurvans

1211 3433 1264 3467 se,
1278 3426 1317 3459 ut
1332 3434 1375 3459 ea
1388 3424 1534 3459 tolleret.
1550 3442 1585 3449 -
1600 3432 1642 3457 ac
1652 3423 1804 3465 compede
1814 3438 1862 3448 --
1874 3421 2079 3467 trahamur]
