<?xml version="1.0" encoding="UTF-8"?>
<!DOCTYPE html PUBLIC "-//W3C//DTD XHTML 1.0 Transitional//EN"
    "http://www.w3.org/TR/xhtml1/DTD/xhtml1-transitional.dtd">
<html xmlns="http://www.w3.org/1999/xhtml" xml:lang="en" lang="en">
 <head>
  <title>
</title>
<meta http-equiv="Content-Type" content="text/html;charset=utf-8" />
  <meta name='ocr-system' content='tesseract 3.04.00' />
  <meta name='ocr-capabilities' content='ocr_page ocr_carea ocr_par ocr_line ocrx_word'/>
</head>
<body>
  <div class='ocr_page' id='page_1' title='image "./pcorneliitacitio01taciuoft_0118.png"; bbox 0 0 2254 3770; ppageno 0'>
   <div class='ocr_carea' id='block_1_1' title="bbox 312 314 366 356">
    <p class='ocr_par' dir='ltr' id='par_1_1' title="bbox 312 314 366 356">
     <span class='ocr_line' id='line_1_1' title="bbox 312 314 366 356; baseline 0.019 -1"><span class='ocrx_word' id='word_1_1' title='bbox 312 314 366 356; x_wconf 87' lang='grc'>80</span> 
     </span>
    </p>
   </div>
   <div class='ocr_carea' id='block_1_2' title="bbox 785 306 1605 355">
    <p class='ocr_par' dir='ltr' id='par_1_2' title="bbox 785 306 1605 355">
     <span class='ocr_line' id='line_1_2' title="bbox 785 306 1605 355; baseline -0.005 0"><span class='ocrx_word' id='word_1_2' title='bbox 785 312 830 355; x_wconf 92' lang='grc' dir='ltr'>Ρ.</span> <span class='ocrx_word' id='word_1_3' title='bbox 863 309 1110 355; x_wconf 88' lang='lat' dir='ltr'>CORNELII</span> <span class='ocrx_word' id='word_1_4' title='bbox 1139 308 1308 352; x_wconf 86' lang='lat' dir='ltr'>TACITI</span> <span class='ocrx_word' id='word_1_5' title='bbox 1337 306 1605 352; x_wconf 87' lang='lat' dir='ltr'><strong>ANNALIUM</strong></span> 
     </span>
    </p>
   </div>
   <div class='ocr_carea' id='block_1_3' title="bbox 265 413 2090 1230">
    <p class='ocr_par' dir='ltr' id='par_1_3' title="bbox 265 413 2090 1230">
     <span class='ocr_line' id='line_1_3' title="bbox 314 413 2088 478; baseline -0.003 -15"><span class='ocrx_word' id='word_1_6' title='bbox 314 433 400 478; x_wconf 88' lang='lat' dir='ltr'>que</span> <span class='ocrx_word' id='word_1_7' title='bbox 429 418 730 463; x_wconf 83' lang='lat' dir='ltr'>subvenientes</span> <span class='ocrx_word' id='word_1_8' title='bbox 759 416 949 475; x_wconf 90' lang='lat' dir='ltr'>periculo</span> <span class='ocrx_word' id='word_1_9' title='bbox 979 429 1193 460; x_wconf 84' lang='lat' dir='ltr'>exemere.</span> <span class='ocrx_word' id='word_1_10' title='bbox 1253 414 1284 471; x_wconf 74' lang='lat' dir='ltr'>(i</span> <span class='ocrx_word' id='word_1_11' title='bbox 1295 414 1333 470; x_wconf 72' lang='lat'>2)</span> <span class='ocrx_word' id='word_1_12' title='bbox 1366 414 1523 458; x_wconf 87' lang='lat' dir='ltr'>Caesar</span> <span class='ocrx_word' id='word_1_13' title='bbox 1558 419 1851 471; x_wconf 84' lang='lat' dir='ltr'>transgressus</span> <span class='ocrx_word' id='word_1_14' title='bbox 1879 413 2088 472; x_wconf 84' lang='lat' dir='ltr'><strong>Visurgim</strong></span> 
     </span>
     <span class='ocr_line' id='line_1_4' title="bbox 315 488 2087 552; baseline -0.003 -13"><span class='ocrx_word' id='word_1_15' title='bbox 315 495 472 539; x_wconf 91' lang='lat' dir='ltr'>indicio</span> <span class='ocrx_word' id='word_1_16' title='bbox 492 495 693 552; x_wconf 82' lang='lat' dir='ltr'>perfugae</span> <span class='ocrx_word' id='word_1_17' title='bbox 716 492 933 550; x_wconf 80' lang='lat' dir='ltr'><strong>cognoscit</strong></span> <span class='ocrx_word' id='word_1_18' title='bbox 953 491 1166 535; x_wconf 89' lang='lat' dir='ltr'>delectum</span> <span class='ocrx_word' id='word_1_19' title='bbox 1185 490 1239 534; x_wconf 92' lang='lat' dir='ltr'>ab</span> <span class='ocrx_word' id='word_1_20' title='bbox 1257 490 1442 533; x_wconf 83' lang='lat' dir='ltr'><strong>Arminio</strong></span> <span class='ocrx_word' id='word_1_21' title='bbox 1462 488 1606 533; x_wconf 91' lang='lat' dir='ltr'>locum</span> <span class='ocrx_word' id='word_1_22' title='bbox 1624 503 1811 547; x_wconf 90' lang='lat' dir='ltr'>pugnae;</span> <span class='ocrx_word' id='word_1_23' title='bbox 1834 490 2087 534; x_wconf 87' lang='lat' dir='ltr'>convenisse</span> 
     </span>
     <span class='ocr_line' id='line_1_5' title="bbox 316 566 2090 622; baseline -0.003 -8"><span class='ocrx_word' id='word_1_24' title='bbox 316 577 358 615; x_wconf 90' lang='lat' dir='ltr'>et</span> <span class='ocrx_word' id='word_1_25' title='bbox 376 570 479 614; x_wconf 86' lang='lat' dir='ltr'>alias</span> <span class='ocrx_word' id='word_1_26' title='bbox 499 571 690 614; x_wconf 87' lang='lat' dir='ltr'>nationes</span> <span class='ocrx_word' id='word_1_27' title='bbox 721 569 762 611; x_wconf 89' lang='lat' dir='ltr'>in</span> <span class='ocrx_word' id='word_1_28' title='bbox 783 567 932 612; x_wconf 91' lang='lat' dir='ltr'>silvam</span> <span class='ocrx_word' id='word_1_29' title='bbox 950 566 1122 611; x_wconf 82' lang='lat' dir='ltr'>Herculi</span> <span class='ocrx_word' id='word_1_30' title='bbox 1143 579 1325 617; x_wconf 88' lang='lat' dir='ltr'>sacram,</span> <span class='ocrx_word' id='word_1_31' title='bbox 1358 578 1628 622; x_wconf 88' lang='lat' dir='ltr'>ausurosque</span> <span class='ocrx_word' id='word_1_32' title='bbox 1658 571 1908 610; x_wconf 83' lang='lat' dir='ltr'>nocturnam</span> <span class='ocrx_word' id='word_1_33' title='bbox 1927 572 2090 610; x_wconf 90' lang='lat' dir='ltr'>castro-</span> 
     </span>
     <span class='ocr_line' id='line_1_6' title="bbox 315 640 2089 704; baseline -0.002 -15"><span class='ocrx_word' id='word_1_34' title='bbox 315 661 410 689; x_wconf 87' lang='lat' dir='ltr'>rum</span> <span class='ocrx_word' id='word_1_35' title='bbox 430 645 798 704; x_wconf 81' lang='lat' dir='ltr'>oppugnationem.</span> <span class='ocrx_word' id='word_1_36' title='bbox 843 643 984 686; x_wconf 90' lang='lat' dir='ltr'>habita</span> <span class='ocrx_word' id='word_1_37' title='bbox 1014 642 1141 686; x_wconf 89' lang='lat' dir='ltr'>indici</span> <span class='ocrx_word' id='word_1_38' title='bbox 1172 641 1299 692; x_wconf 89' lang='lat' dir='ltr'>fides,</span> <span class='ocrx_word' id='word_1_39' title='bbox 1332 646 1374 684; x_wconf 89' lang='lat' dir='ltr'>et</span> <span class='ocrx_word' id='word_1_40' title='bbox 1404 640 1687 684; x_wconf 85' lang='lat' dir='ltr'>cernebantur</span> <span class='ocrx_word' id='word_1_41' title='bbox 1715 641 1854 698; x_wconf 81' lang='lat' dir='ltr'>ignes3</span> <span class='ocrx_word' id='word_1_42' title='bbox 1886 655 2089 700; x_wconf 89' lang='lat' dir='ltr'>suggres-</span> 
     </span>
     <span class='ocr_line' id='line_1_7' title="bbox 284 716 2090 779; baseline -0.003 -14"><span class='ocrx_word' id='word_1_43' title='bbox 284 722 438 779; x_wconf 70' lang='lat' dir='ltr'>ssique</span> <span class='ocrx_word' id='word_1_44' title='bbox 475 721 649 779; x_wconf 89' lang='lat' dir='ltr'>propius</span> <span class='ocrx_word' id='word_1_45' title='bbox 686 719 975 778; x_wconf 85' lang='lat' dir='ltr'>speculatores</span> <span class='ocrx_word' id='word_1_46' title='bbox 1006 717 1144 761; x_wconf 89' lang='lat' dir='ltr'>audiri</span> <span class='ocrx_word' id='word_1_47' title='bbox 1179 717 1390 760; x_wconf 86' lang='lat' dir='ltr'>fremitum</span> <span class='ocrx_word' id='word_1_48' title='bbox 1418 729 1630 774; x_wconf 89' lang='lat' dir='ltr'>equorum</span> <span class='ocrx_word' id='word_1_49' title='bbox 1658 716 1924 776; x_wconf 88' lang='lat' dir='ltr'>inmensique</span> <span class='ocrx_word' id='word_1_50' title='bbox 1955 723 1998 762; x_wconf 89' lang='lat' dir='ltr'>et</span> <span class='ocrx_word' id='word_1_51' title='bbox 2027 717 2090 760; x_wconf 92' lang='lat' dir='ltr'>in-</span> 
     </span>
     <span class='ocr_line' id='line_1_8' title="bbox 316 791 2090 854; baseline -0.003 -13"><span class='ocrx_word' id='word_1_52' title='bbox 316 797 471 842; x_wconf 90' lang='lat' dir='ltr'>conditi</span> <span class='ocrx_word' id='word_1_53' title='bbox 500 797 677 854; x_wconf 87' lang='lat' dir='ltr'>agminis</span> <span class='ocrx_word' id='word_1_54' title='bbox 706 809 895 839; x_wconf 90' lang='lat' dir='ltr'>murmur</span> <span class='ocrx_word' id='word_1_55' title='bbox 918 794 1108 838; x_wconf 84' lang='lat' dir='ltr'>attulere.</span> <span class='ocrx_word' id='word_1_56' title='bbox 1139 792 1266 850; x_wconf 89' lang='lat' dir='ltr'>igitur</span> <span class='ocrx_word' id='word_1_57' title='bbox 1285 791 1527 849; x_wconf 87' lang='lat' dir='ltr'>propinquo</span> <span class='ocrx_word' id='word_1_58' title='bbox 1549 806 1740 837; x_wconf 91' lang='lat' dir='ltr'>summae</span> <span class='ocrx_word' id='word_1_59' title='bbox 1760 793 1822 837; x_wconf 92' lang='lat' dir='ltr'>rei</span> <span class='ocrx_word' id='word_1_60' title='bbox 1843 792 2090 837; x_wconf 87' lang='lat' dir='ltr'>discrimine</span> 
     </span>
     <span class='ocr_line' id='line_1_9' title="bbox 315 866 2087 930; baseline -0.002 -13"><span class='ocrx_word' id='word_1_61' title='bbox 315 873 597 930; x_wconf 84' lang='lat' dir='ltr'>explorandos</span> <span class='ocrx_word' id='word_1_62' title='bbox 628 871 805 915; x_wconf 89' lang='lat' dir='ltr'>militum</span> <span class='ocrx_word' id='word_1_63' title='bbox 833 870 995 914; x_wconf 91' lang='lat' dir='ltr'>animos</span> <span class='ocrx_word' id='word_1_64' title='bbox 1026 875 1159 919; x_wconf 90' lang='lat' dir='ltr'>ratus,</span> <span class='ocrx_word' id='word_1_65' title='bbox 1203 881 1389 925; x_wconf 89' lang='lat' dir='ltr'>quonam</span> <span class='ocrx_word' id='word_1_66' title='bbox 1417 866 1462 910; x_wconf 92' lang='lat' dir='ltr'>id</span> <span class='ocrx_word' id='word_1_67' title='bbox 1490 867 1620 911; x_wconf 92' lang='lat' dir='ltr'>modo</span> <span class='ocrx_word' id='word_1_68' title='bbox 1649 868 1942 927; x_wconf 90' lang='lat' dir='ltr'>incorruptum</span> <span class='ocrx_word' id='word_1_69' title='bbox 1969 869 2087 920; x_wconf 87' lang='lat' dir='ltr'>foret,</span> 
     </span>
     <span class='ocr_line' id='line_1_10' title="bbox 315 942 2089 1005; baseline -0.002 -14"><span class='ocrx_word' id='word_1_70' title='bbox 315 963 461 993; x_wconf 90' lang='lat' dir='ltr'>secum</span> <span class='ocrx_word' id='word_1_71' title='bbox 492 947 686 1005; x_wconf 81' lang='lat' dir='ltr'>agitabat.</span> <span class='ocrx_word' id='word_1_72' title='bbox 735 945 927 990; x_wconf 88' lang='lat' dir='ltr'>tribunos</span> <span class='ocrx_word' id='word_1_73' title='bbox 967 951 1010 988; x_wconf 91' lang='lat' dir='ltr'>et</span> <span class='ocrx_word' id='word_1_74' title='bbox 1048 944 1319 988; x_wconf 87' lang='lat' dir='ltr'>centuriones</span> <span class='ocrx_word' id='word_1_75' title='bbox 1357 942 1468 987; x_wconf 88' lang='lat' dir='ltr'>laeta</span> <span class='ocrx_word' id='word_1_76' title='bbox 1506 944 1677 1001; x_wconf 89' lang='lat' dir='ltr'>saepius</span> <span class='ocrx_word' id='word_1_77' title='bbox 1707 958 1837 1002; x_wconf 91' lang='lat' dir='ltr'>quam</span> <span class='ocrx_word' id='word_1_78' title='bbox 1872 951 2089 1003; x_wconf 88' lang='lat' dir='ltr'>comperta</span> 
     </span>
     <span class='ocr_line' id='line_1_11' title="bbox 313 1011 2088 1077; baseline -0.002 -10"><span class='ocrx_word' id='word_1_79' title='bbox 313 1025 525 1076; x_wconf 72' lang='lat' dir='ltr'>nuntiare,</span> <span class='ocrx_word' id='word_1_80' title='bbox 555 1023 804 1067; x_wconf 88' lang='lat' dir='ltr'>libertorum</span> <span class='ocrx_word' id='word_1_81' title='bbox 825 1011 994 1065; x_wconf 84' lang='lat' dir='ltr'>servilia</span> <span class='ocrx_word' id='word_1_82' title='bbox 1015 1020 1202 1077; x_wconf 80' lang='lat' dir='ltr'>ingenia3</span> <span class='ocrx_word' id='word_1_83' title='bbox 1224 1019 1371 1063; x_wconf 91' lang='lat' dir='ltr'>amicis</span> <span class='ocrx_word' id='word_1_84' title='bbox 1391 1019 1535 1063; x_wconf 89' lang='lat' dir='ltr'>inesse</span> <span class='ocrx_word' id='word_1_85' title='bbox 1556 1018 1860 1074; x_wconf 89' lang='lat' dir='ltr'>adulationem;</span> <span class='ocrx_word' id='word_1_86' title='bbox 1891 1021 1926 1063; x_wconf 91' lang='lat' dir='ltr'>si</span> <span class='ocrx_word' id='word_1_87' title='bbox 1948 1021 2088 1065; x_wconf 88' lang='lat' dir='ltr'>contio</span> 
     </span>
     <span class='ocr_line' id='line_1_12' title="bbox 265 1094 2089 1156; baseline -0.002 -14"><span class='ocrx_word' id='word_1_88' title='bbox 265 1113 301 1142; x_wconf 65' lang='grc' dir='ltr'>ιο</span> <span class='ocrx_word' id='word_1_89' title='bbox 313 1106 506 1148; x_wconf 89' lang='lat' dir='ltr'>vocetur,</span> <span class='ocrx_word' id='word_1_90' title='bbox 539 1098 623 1142; x_wconf 90' lang='lat' dir='ltr'>illic</span> <span class='ocrx_word' id='word_1_91' title='bbox 644 1111 836 1156; x_wconf 91' lang='lat' dir='ltr'>quoque,</span> <span class='ocrx_word' id='word_1_92' title='bbox 869 1110 980 1154; x_wconf 89' lang='lat' dir='ltr'>quae</span> <span class='ocrx_word' id='word_1_93' title='bbox 1011 1095 1135 1153; x_wconf 89' lang='lat' dir='ltr'>pauci</span> <span class='ocrx_word' id='word_1_94' title='bbox 1166 1095 1384 1153; x_wconf 87' lang='lat' dir='ltr'>incipiant,</span> <span class='ocrx_word' id='word_1_95' title='bbox 1417 1094 1606 1152; x_wconf 91' lang='lat' dir='ltr'>reliquos</span> <span class='ocrx_word' id='word_1_96' title='bbox 1627 1095 1890 1153; x_wconf 88' lang='lat' dir='ltr'>adstrepere.</span> <span class='ocrx_word' id='word_1_97' title='bbox 1920 1097 2089 1154; x_wconf 88' lang='lat' dir='ltr'>penitus</span> 
     </span>
     <span class='ocr_line' id='line_1_13' title="bbox 314 1170 2090 1230; baseline -0.002 -12"><span class='ocrx_word' id='word_1_98' title='bbox 314 1173 552 1218; x_wconf 87' lang='lat' dir='ltr'>noscendas</span> <span class='ocrx_word' id='word_1_99' title='bbox 582 1180 764 1225; x_wconf 88' lang='lat' dir='ltr'>mentes,</span> <span class='ocrx_word' id='word_1_100' title='bbox 807 1186 904 1216; x_wconf 92' lang='lat' dir='ltr'>cum</span> <span class='ocrx_word' id='word_1_101' title='bbox 933 1172 1088 1215; x_wconf 88' lang='lat' dir='ltr'>secreti</span> <span class='ocrx_word' id='word_1_102' title='bbox 1118 1178 1160 1215; x_wconf 92' lang='lat' dir='ltr'>et</span> <span class='ocrx_word' id='word_1_103' title='bbox 1188 1170 1432 1215; x_wconf 91' lang='lat' dir='ltr'>incustoditi</span> <span class='ocrx_word' id='word_1_104' title='bbox 1461 1171 1571 1215; x_wconf 90' lang='lat' dir='ltr'>inter</span> <span class='ocrx_word' id='word_1_105' title='bbox 1599 1170 1789 1215; x_wconf 90' lang='lat' dir='ltr'>militaris</span> <span class='ocrx_word' id='word_1_106' title='bbox 1819 1171 1938 1216; x_wconf 89' lang='lat' dir='ltr'>cibos</span> <span class='ocrx_word' id='word_1_107' title='bbox 1967 1186 2090 1230; x_wconf 90' lang='lat' dir='ltr'>spem</span> 
     </span>
    </p>
   </div>
   <div class='ocr_carea' id='block_1_4' title="bbox 314 1249 849 1307">
    <p class='ocr_par' dir='ltr' id='par_1_4' title="bbox 314 1249 849 1307">
     <span class='ocr_line' id='line_1_14' title="bbox 314 1249 849 1307; baseline -0.006 -13"><span class='ocrx_word' id='word_1_108' title='bbox 314 1257 385 1294; x_wconf 90' lang='lat' dir='ltr'>aut</span> <span class='ocrx_word' id='word_1_109' title='bbox 413 1257 572 1294; x_wconf 90' lang='lat' dir='ltr'>metum</span> <span class='ocrx_word' id='word_1_110' title='bbox 601 1249 849 1307; x_wconf 89' lang='lat' dir='ltr'>proferrent.</span> 
     </span>
    </p>
   </div>
   <div class='ocr_carea' id='block_1_5' title="bbox 910 1246 2091 1305">
    <p class='ocr_par' dir='ltr' id='par_1_5' title="bbox 910 1246 2091 1305">
     <span class='ocr_line' id='line_1_15' title="bbox 910 1246 2091 1305; baseline 0.002 -15"><span class='ocrx_word' id='word_1_111' title='bbox 910 1247 990 1304; x_wconf 70' lang='lat'><strong>(43)</strong></span> <span class='ocrx_word' id='word_1_112' title='bbox 1022 1254 1145 1291; x_wconf 91' lang='lat' dir='ltr'>nocte</span> <span class='ocrx_word' id='word_1_113' title='bbox 1177 1253 1329 1304; x_wconf 89' lang='lat' dir='ltr'>coepta</span> <span class='ocrx_word' id='word_1_114' title='bbox 1358 1260 1559 1304; x_wconf 85' lang='lat' dir='ltr'>egressus</span> <span class='ocrx_word' id='word_1_115' title='bbox 1588 1246 1779 1305; x_wconf 86' lang='lat' dir='ltr'>augurali</span> <span class='ocrx_word' id='word_1_116' title='bbox 1817 1261 1896 1305; x_wconf 92' lang='lat' dir='ltr'>per</span> <span class='ocrx_word' id='word_1_117' title='bbox 1925 1247 2091 1292; x_wconf 87' lang='lat' dir='ltr'>occulta</span> 
     </span>
    </p>
   </div>
   <div class='ocr_carea' id='block_1_6' title="bbox 264 1322 2094 1837">
    <p class='ocr_par' dir='ltr' id='par_1_6' title="bbox 264 1322 2094 1837">
     <span class='ocr_line' id='line_1_16' title="bbox 315 1322 2093 1383; baseline -0.002 -13"><span class='ocrx_word' id='word_1_118' title='bbox 315 1332 357 1370; x_wconf 90' lang='lat' dir='ltr'>et</span> <span class='ocrx_word' id='word_1_119' title='bbox 400 1325 597 1383; x_wconf 87' lang='lat' dir='ltr'>vigilibus</span> <span class='ocrx_word' id='word_1_120' title='bbox 643 1326 804 1382; x_wconf 89' lang='lat' dir='ltr'>ignara,</span> <span class='ocrx_word' id='word_1_121' title='bbox 853 1323 1005 1367; x_wconf 90' lang='lat' dir='ltr'>comite</span> <span class='ocrx_word' id='word_1_122' title='bbox 1041 1337 1149 1374; x_wconf 90' lang='lat' dir='ltr'>uno,</span> <span class='ocrx_word' id='word_1_123' title='bbox 1192 1322 1410 1366; x_wconf 88' lang='lat' dir='ltr'>contectus</span> <span class='ocrx_word' id='word_1_124' title='bbox 1450 1336 1623 1367; x_wconf 90' lang='lat' dir='ltr'>umeros</span> <span class='ocrx_word' id='word_1_125' title='bbox 1661 1322 1795 1367; x_wconf 92' lang='lat' dir='ltr'>ferina</span> <span class='ocrx_word' id='word_1_126' title='bbox 1832 1322 1963 1381; x_wconf 91' lang='lat' dir='ltr'>pelle,</span> <span class='ocrx_word' id='word_1_127' title='bbox 2005 1323 2093 1367; x_wconf 89' lang='lat' dir='ltr'>adit</span> 
     </span>
     <span class='ocr_line' id='line_1_17' title="bbox 315 1398 2094 1456; baseline -0.002 -11"><span class='ocrx_word' id='word_1_128' title='bbox 315 1408 550 1445; x_wconf 88' lang='lat' dir='ltr'>castrorum</span> <span class='ocrx_word' id='word_1_129' title='bbox 569 1400 678 1452; x_wconf 89' lang='lat' dir='ltr'>vias,</span> <span class='ocrx_word' id='word_1_130' title='bbox 711 1399 876 1444; x_wconf 87' lang='lat' dir='ltr'>adsistit</span> <span class='ocrx_word' id='word_1_131' title='bbox 903 1398 1188 1443; x_wconf 89' lang='lat' dir='ltr'>tabernaculis</span> <span class='ocrx_word' id='word_1_132' title='bbox 1229 1398 1466 1456; x_wconf 90' lang='lat' dir='ltr'>fruiturque</span> <span class='ocrx_word' id='word_1_133' title='bbox 1495 1398 1604 1442; x_wconf 91' lang='lat' dir='ltr'>fama</span> <span class='ocrx_word' id='word_1_134' title='bbox 1634 1399 1718 1450; x_wconf 92' lang='lat' dir='ltr'>sui,</span> <span class='ocrx_word' id='word_1_135' title='bbox 1750 1412 1848 1442; x_wconf 92' lang='lat' dir='ltr'>cum</span> <span class='ocrx_word' id='word_1_136' title='bbox 1876 1398 1944 1443; x_wconf 89' lang='lat' dir='ltr'>hic</span> <span class='ocrx_word' id='word_1_137' title='bbox 1971 1398 2094 1443; x_wconf 87' lang='lat' dir='ltr'>nobi-</span> 
     </span>
     <span class='ocr_line' id='line_1_18' title="bbox 264 1474 2093 1533; baseline 0 -15"><span class='ocrx_word' id='word_1_138' title='bbox 264 1477 471 1521; x_wconf 69' lang='lat' dir='ltr'>aslitatem</span> <span class='ocrx_word' id='word_1_139' title='bbox 501 1476 640 1527; x_wconf 81' lang='lat' dir='ltr'>duciS,</span> <span class='ocrx_word' id='word_1_140' title='bbox 682 1476 884 1519; x_wconf 89' lang='lat' dir='ltr'>decorem</span> <span class='ocrx_word' id='word_1_141' title='bbox 912 1474 1039 1526; x_wconf 90' lang='lat' dir='ltr'>alius,</span> <span class='ocrx_word' id='word_1_142' title='bbox 1081 1474 1251 1532; x_wconf 90' lang='lat' dir='ltr'>plurimi</span> <span class='ocrx_word' id='word_1_143' title='bbox 1282 1474 1543 1531; x_wconf 90' lang='lat' dir='ltr'>patientiam,</span> <span class='ocrx_word' id='word_1_144' title='bbox 1577 1475 1835 1527; x_wconf 87' lang='lat' dir='ltr'>comitatem,</span> <span class='ocrx_word' id='word_1_145' title='bbox 1874 1489 1953 1533; x_wconf 92' lang='lat' dir='ltr'>per</span> <span class='ocrx_word' id='word_1_146' title='bbox 1981 1475 2093 1519; x_wconf 84' lang='lat' dir='ltr'>seria</span> 
     </span>
     <span class='ocr_line' id='line_1_19' title="bbox 312 1549 2093 1609; baseline -0.001 -13"><span class='ocrx_word' id='word_1_147' title='bbox 312 1566 389 1609; x_wconf 90' lang='lat' dir='ltr'>per</span> <span class='ocrx_word' id='word_1_148' title='bbox 424 1553 543 1596; x_wconf 89' lang='lat' dir='ltr'>iocos</span> <span class='ocrx_word' id='word_1_149' title='bbox 574 1550 759 1594; x_wconf 90' lang='lat' dir='ltr'>eundem</span> <span class='ocrx_word' id='word_1_150' title='bbox 787 1551 974 1595; x_wconf 90' lang='lat' dir='ltr'>animum</span> <span class='ocrx_word' id='word_1_151' title='bbox 1012 1549 1210 1594; x_wconf 89' lang='lat' dir='ltr'>laudibus</span> <span class='ocrx_word' id='word_1_152' title='bbox 1249 1550 1408 1593; x_wconf 86' lang='lat' dir='ltr'>ferrent</span> <span class='ocrx_word' id='word_1_153' title='bbox 1453 1549 1805 1608; x_wconf 88' lang='lat' dir='ltr'>reddendamque</span> <span class='ocrx_word' id='word_1_154' title='bbox 1844 1551 2021 1608; x_wconf 83' lang='lat' dir='ltr'>gratiam</span> <span class='ocrx_word' id='word_1_155' title='bbox 2050 1551 2093 1594; x_wconf 92' lang='lat' dir='ltr'>in</span> 
     </span>
     <span class='ocr_line' id='line_1_20' title="bbox 313 1625 2093 1683; baseline -0.001 -12"><span class='ocrx_word' id='word_1_156' title='bbox 313 1628 403 1672; x_wconf 92' lang='lat' dir='ltr'>acie</span> <span class='ocrx_word' id='word_1_157' title='bbox 433 1628 680 1678; x_wconf 88' lang='lat' dir='ltr'>faterentur,</span> <span class='ocrx_word' id='word_1_158' title='bbox 722 1626 844 1669; x_wconf 91' lang='lat' dir='ltr'>simul</span> <span class='ocrx_word' id='word_1_159' title='bbox 883 1625 1071 1683; x_wconf 89' lang='lat' dir='ltr'>perfidos</span> <span class='ocrx_word' id='word_1_160' title='bbox 1102 1633 1144 1670; x_wconf 88' lang='lat' dir='ltr'>et</span> <span class='ocrx_word' id='word_1_161' title='bbox 1172 1632 1370 1683; x_wconf 90' lang='lat' dir='ltr'>ruptores</span> <span class='ocrx_word' id='word_1_162' title='bbox 1409 1625 1527 1682; x_wconf 91' lang='lat' dir='ltr'>pacis</span> <span class='ocrx_word' id='word_1_163' title='bbox 1565 1625 1713 1669; x_wconf 91' lang='lat' dir='ltr'>ultioni</span> <span class='ocrx_word' id='word_1_164' title='bbox 1743 1632 1785 1669; x_wconf 91' lang='lat' dir='ltr'>et</span> <span class='ocrx_word' id='word_1_165' title='bbox 1813 1625 1973 1683; x_wconf 84' lang='lat' dir='ltr'>gloriae</span> <span class='ocrx_word' id='word_1_166' title='bbox 2003 1640 2093 1670; x_wconf 89' lang='lat' dir='ltr'>ma-</span> 
     </span>
     <span class='ocr_line' id='line_1_21' title="bbox 314 1700 2092 1760; baseline -0.001 -14"><span class='ocrx_word' id='word_1_167' title='bbox 314 1703 501 1747; x_wconf 89' lang='lat' dir='ltr'>ctandos.</span> <span class='ocrx_word' id='word_1_168' title='bbox 544 1703 652 1746; x_wconf 87' lang='lat' dir='ltr'>inter</span> <span class='ocrx_word' id='word_1_169' title='bbox 671 1716 783 1760; x_wconf 85' lang='lat' dir='ltr'>quae</span> <span class='ocrx_word' id='word_1_170' title='bbox 808 1716 918 1745; x_wconf 89' lang='lat' dir='ltr'>unus</span> <span class='ocrx_word' id='word_1_171' title='bbox 940 1702 1142 1753; x_wconf 89' lang='lat' dir='ltr'>hostium,</span> <span class='ocrx_word' id='word_1_172' title='bbox 1175 1702 1346 1745; x_wconf 89' lang='lat' dir='ltr'>Latinae</span> <span class='ocrx_word' id='word_1_173' title='bbox 1366 1700 1535 1759; x_wconf 85' lang='lat' dir='ltr'>linguae</span> <span class='ocrx_word' id='word_1_174' title='bbox 1557 1701 1716 1753; x_wconf 90' lang='lat' dir='ltr'>sciens,</span> <span class='ocrx_word' id='word_1_175' title='bbox 1749 1707 1843 1746; x_wconf 88' lang='lat' dir='ltr'>acto</span> <span class='ocrx_word' id='word_1_176' title='bbox 1863 1701 1917 1746; x_wconf 91' lang='lat' dir='ltr'>ad</span> <span class='ocrx_word' id='word_1_177' title='bbox 1936 1701 2092 1746; x_wconf 88' lang='lat' dir='ltr'>vallum</span> 
     </span>
     <span class='ocr_line' id='line_1_22' title="bbox 314 1777 2092 1837; baseline 0 -15"><span class='ocrx_word' id='word_1_178' title='bbox 314 1793 426 1837; x_wconf 89' lang='lat' dir='ltr'>equo</span> <span class='ocrx_word' id='word_1_179' title='bbox 464 1791 750 1836; x_wconf 88' lang='lat' dir='ltr'>vocemagna</span> <span class='ocrx_word' id='word_1_180' title='bbox 777 1778 979 1836; x_wconf 89' lang='lat' dir='ltr'>coniuges</span> <span class='ocrx_word' id='word_1_181' title='bbox 1010 1784 1051 1822; x_wconf 90' lang='lat' dir='ltr'>et</span> <span class='ocrx_word' id='word_1_182' title='bbox 1080 1791 1205 1836; x_wconf 88' lang='lat' dir='ltr'>agros</span> <span class='ocrx_word' id='word_1_183' title='bbox 1237 1784 1278 1822; x_wconf 91' lang='lat' dir='ltr'>et</span> <span class='ocrx_word' id='word_1_184' title='bbox 1307 1777 1506 1835; x_wconf 89' lang='lat' dir='ltr'>stipendii</span> <span class='ocrx_word' id='word_1_185' title='bbox 1537 1777 1579 1820; x_wconf 92' lang='lat' dir='ltr'>in</span> <span class='ocrx_word' id='word_1_186' title='bbox 1600 1777 1714 1830; x_wconf 85' lang='lat' dir='ltr'>dies,</span> <span class='ocrx_word' id='word_1_187' title='bbox 1747 1777 1886 1822; x_wconf 92' lang='lat' dir='ltr'>donec</span> <span class='ocrx_word' id='word_1_188' title='bbox 1907 1777 2092 1827; x_wconf 84' lang='lat' dir='ltr'>bellare-</span> 
     </span>
    </p>
   </div>
   <div class='ocr_carea' id='block_1_7' title="bbox 356 1923 2090 1967">
    <p class='ocr_par' dir='ltr' id='par_1_7' title="bbox 356 1898 2090 1967">
     <span class='ocr_line' id='line_1_23' title="bbox 356 1923 2090 1967; baseline 0.001 -10"><span class='ocrx_word' id='word_1_189' title='bbox 356 1925 387 1957; x_wconf 89' lang='grc'>6.</span> <span class='ocrx_word' id='word_1_190' title='bbox 409 1925 613 1967; x_wconf 77' lang='lat' dir='ltr'>propinquos</span> <span class='ocrx_word' id='word_1_191' title='bbox 634 1933 687 1966; x_wconf 91' lang='lat' dir='ltr'>pr.</span> <span class='ocrx_word' id='word_1_192' title='bbox 711 1925 744 1958; x_wconf 95' lang='lat' dir='ltr'>M</span> <span class='ocrx_word' id='word_1_193' title='bbox 769 1941 805 1948; x_wconf 95' lang='lat'>—</span> <span class='ocrx_word' id='word_1_194' title='bbox 831 1924 862 1956; x_wconf 93' lang='lat'>8.</span> <span class='ocrx_word' id='word_1_195' title='bbox 887 1924 996 1965; x_wconf 81' lang='lat' dir='ltr'>sepius</span> <span class='ocrx_word' id='word_1_196' title='bbox 1016 1925 1050 1959; x_wconf 90' lang='lat' dir='ltr'>M</span> <span class='ocrx_word' id='word_1_197' title='bbox 1075 1942 1110 1946; x_wconf 84' lang='lat'>-—</span> <span class='ocrx_word' id='word_1_198' title='bbox 1137 1923 1168 1956; x_wconf 85' lang='lat'>9.</span> <span class='ocrx_word' id='word_1_199' title='bbox 1193 1924 1330 1957; x_wconf 76' lang='lat' dir='ltr'>seruilla</span> <span class='ocrx_word' id='word_1_200' title='bbox 1351 1924 1386 1958; x_wconf 84' lang='lat' dir='ltr'>M</span> <span class='ocrx_word' id='word_1_201' title='bbox 1410 1939 1446 1947; x_wconf 98' lang='lat'><strong>—</strong></span> <span class='ocrx_word' id='word_1_202' title='bbox 1473 1924 1527 1961; x_wconf 76' lang='grc' dir='ltr'>Μ.</span> <span class='ocrx_word' id='word_1_203' title='bbox 1551 1932 1627 1957; x_wconf 85' lang='lat' dir='ltr'>cum</span> <span class='ocrx_word' id='word_1_204' title='bbox 1649 1923 1775 1967; x_wconf 76' lang='lat' dir='ltr'>secreti]</span> <span class='ocrx_word' id='word_1_205' title='bbox 1798 1926 1974 1958; x_wconf 72' lang='lat' dir='ltr'>consec-reli</span> <span class='ocrx_word' id='word_1_206' title='bbox 1996 1925 2030 1959; x_wconf 79' lang='lat' dir='ltr'>M</span> <span class='ocrx_word' id='word_1_207' title='bbox 2054 1941 2090 1948; x_wconf 97' lang='grc'>-</span> 
     </span>
    </p>
   </div>
   <div class='ocr_carea' id='block_1_8' title="bbox 315 1981 992 2024">
    <p class='ocr_par' dir='ltr' id='par_1_8' title="bbox 315 1981 992 2024">
     <span class='ocr_line' id='line_1_24' title="bbox 315 1981 992 2024; baseline -0.001 -10"><span class='ocrx_word' id='word_1_208' title='bbox 315 1982 367 2014; x_wconf 69' lang='grc'>46.</span> <span class='ocrx_word' id='word_1_209' title='bbox 392 1983 527 2015; x_wconf 82' lang='lat' dir='ltr'>eundem</span> <span class='ocrx_word' id='word_1_210' title='bbox 548 1982 584 2014; x_wconf 77' lang='lat' dir='ltr'>in</span> <span class='ocrx_word' id='word_1_211' title='bbox 606 1982 756 2015; x_wconf 76' lang='lat' dir='ltr'>animum</span> <span class='ocrx_word' id='word_1_212' title='bbox 777 1981 992 2024; x_wconf 83' lang='lat' dir='ltr'>Nipperdey.</span> 
     </span>
    </p>
   </div>
   <div class='ocr_carea' id='block_1_9' title="bbox 311 2106 1180 3495">
    <p class='ocr_par' dir='ltr' id='par_1_9' title="bbox 311 2106 1180 3345">
     <span class='ocr_line' id='line_1_25' title="bbox 358 2106 1175 2148; baseline 0 -9"><span class='ocrx_word' id='word_1_213' title='bbox 358 2108 410 2140; x_wconf 69' lang='lat'>42.</span> <span class='ocrx_word' id='word_1_214' title='bbox 434 2107 554 2139; x_wconf 82' lang='lat' dir='ltr'>silvam</span> <span class='ocrx_word' id='word_1_215' title='bbox 567 2107 701 2140; x_wconf 78' lang='lat' dir='ltr'>Herculi</span> <span class='ocrx_word' id='word_1_216' title='bbox 721 2106 863 2148; x_wconf 79' lang='lat' dir='ltr'>sacram]</span> <span class='ocrx_word' id='word_1_217' title='bbox 888 2107 995 2140; x_wconf 87' lang='lat' dir='ltr'>Taciti</span> <span class='ocrx_word' id='word_1_218' title='bbox 1018 2107 1114 2140; x_wconf 85' lang='lat' dir='ltr'>locos</span> <span class='ocrx_word' id='word_1_219' title='bbox 1131 2108 1175 2139; x_wconf 86' lang='lat' dir='ltr'>de</span> 
     </span>
     <span class='ocr_line' id='line_1_26' title="bbox 314 2157 1178 2199; baseline 0.001 -10"><span class='ocrx_word' id='word_1_220' title='bbox 314 2159 570 2190; x_wconf 87' lang='lat' dir='ltr'>Germanorum</span> <span class='ocrx_word' id='word_1_221' title='bbox 603 2157 692 2191; x_wconf 90' lang='lat' dir='ltr'>lucis</span> <span class='ocrx_word' id='word_1_222' title='bbox 719 2159 836 2198; x_wconf 82' lang='lat' dir='ltr'>prisca</span> <span class='ocrx_word' id='word_1_223' title='bbox 864 2157 1040 2199; x_wconf 76' lang='lat' dir='ltr'>formidine</span> <span class='ocrx_word' id='word_1_224' title='bbox 1071 2159 1178 2190; x_wconf 78' lang='lat' dir='ltr'>sacris</span> 
     </span>
     <span class='ocr_line' id='line_1_27' title="bbox 315 2206 1176 2249; baseline 0 -10"><span class='ocrx_word' id='word_1_225' title='bbox 315 2208 442 2249; x_wconf 85' lang='lat' dir='ltr'>(Germ.</span> <span class='ocrx_word' id='word_1_226' title='bbox 469 2207 521 2240; x_wconf 84' lang='lat'>39.</span> <span class='ocrx_word' id='word_1_227' title='bbox 554 2206 732 2240; x_wconf 84' lang='lat' dir='ltr'>Claudian.</span> <span class='ocrx_word' id='word_1_228' title='bbox 758 2207 887 2240; x_wconf 89' lang='lat' dir='ltr'>Stilich.</span> <span class='ocrx_word' id='word_1_229' title='bbox 907 2208 1037 2247; x_wconf 71' lang='lat'>·1,228:</span> <span class='ocrx_word' id='word_1_230' title='bbox 1068 2208 1176 2240; x_wconf 87' lang='lat' dir='ltr'>lucos—</span> 
     </span>
     <span class='ocr_line' id='line_1_28' title="bbox 312 2256 1176 2299; baseline 0.003 -12"><span class='ocrx_word' id='word_1_231' title='bbox 312 2264 376 2298; x_wconf 81' lang='lat' dir='ltr'>que</span> <span class='ocrx_word' id='word_1_232' title='bbox 396 2259 527 2289; x_wconf 80' lang='lat' dir='ltr'>vetusta</span> <span class='ocrx_word' id='word_1_233' title='bbox 547 2257 713 2298; x_wconf 75' lang='lat' dir='ltr'>Reliyt‘one</span> <span class='ocrx_word' id='word_1_234' title='bbox 735 2257 854 2298; x_wconf 80' lang='lat' dir='ltr'>truces)</span> <span class='ocrx_word' id='word_1_235' title='bbox 884 2256 1020 2299; x_wconf 82' lang='lat' dir='ltr'>collegit</span> <span class='ocrx_word' id='word_1_236' title='bbox 1043 2258 1176 2290; x_wconf 90' lang='lat' dir='ltr'>Grimm</span> 
     </span>
     <span class='ocr_line' id='line_1_29' title="bbox 312 2306 1176 2349; baseline 0.001 -11"><span class='ocrx_word' id='word_1_237' title='bbox 312 2306 490 2348; x_wconf 69' lang='lat' dir='ltr'>Mytholoy.</span> <span class='ocrx_word' id='word_1_238' title='bbox 530 2306 586 2339; x_wconf 90' lang='lat' dir='ltr'>ed.</span> <span class='ocrx_word' id='word_1_239' title='bbox 618 2307 658 2339; x_wconf 92' lang='lat'>11.</span> <span class='ocrx_word' id='word_1_240' title='bbox 690 2316 723 2349; x_wconf 93' lang='lat' dir='ltr'>p.</span> <span class='ocrx_word' id='word_1_241' title='bbox 749 2307 803 2339; x_wconf 71' lang='grc'>64.</span> <span class='ocrx_word' id='word_1_242' title='bbox 842 2308 892 2339; x_wconf 89' lang='lat' dir='ltr'>De</span> <span class='ocrx_word' id='word_1_243' title='bbox 920 2308 1176 2340; x_wconf 88' lang='lat' dir='ltr'>Germanorum</span> 
     </span>
     <span class='ocr_line' id='line_1_30' title="bbox 314 2354 1172 2398; baseline 0.002 -11"><span class='ocrx_word' id='word_1_244' title='bbox 314 2354 464 2388; x_wconf 87' lang='lat' dir='ltr'>Hercule</span> <span class='ocrx_word' id='word_1_245' title='bbox 499 2356 627 2398; x_wconf 88' lang='lat' dir='ltr'>(Germ.</span> <span class='ocrx_word' id='word_1_246' title='bbox 659 2356 679 2388; x_wconf 88' lang='grc'><strong>3</strong></span> <span class='ocrx_word' id='word_1_247' title='bbox 714 2357 749 2388; x_wconf 89' lang='lat' dir='ltr'>et</span> <span class='ocrx_word' id='word_1_248' title='bbox 778 2357 810 2389; x_wconf 87' lang='lat'>9.</span> <span class='ocrx_word' id='word_1_249' title='bbox 851 2355 981 2389; x_wconf 87' lang='lat' dir='ltr'>Tabula</span> <span class='ocrx_word' id='word_1_250' title='bbox 1015 2358 1172 2398; x_wconf 87' lang='lat' dir='ltr'>Peuting.</span> 
     </span>
     <span class='ocr_line' id='line_1_31' title="bbox 313 2404 1178 2447; baseline 0.002 -10"><span class='ocrx_word' id='word_1_251' title='bbox 313 2404 434 2437; x_wconf 66' lang='lat' dir='ltr'>Castra</span> <span class='ocrx_word' id='word_1_252' title='bbox 454 2405 604 2437; x_wconf 75' lang='lat' dir='ltr'>Herculis</span> <span class='ocrx_word' id='word_1_253' title='bbox 624 2414 734 2447; x_wconf 88' lang='lat' dir='ltr'>prope</span> <span class='ocrx_word' id='word_1_254' title='bbox 758 2406 1023 2447; x_wconf 86' lang='lat' dir='ltr'>Noviomagum.</span> <span class='ocrx_word' id='word_1_255' title='bbox 1055 2407 1178 2440; x_wconf 90' lang='lat' dir='ltr'>Widu-</span> 
     </span>
     <span class='ocr_line' id='line_1_32' title="bbox 313 2454 1178 2499; baseline 0.002 -12"><span class='ocrx_word' id='word_1_256' title='bbox 313 2454 396 2487; x_wconf 89' lang='lat' dir='ltr'>kind</span> <span class='ocrx_word' id='word_1_257' title='bbox 420 2454 643 2488; x_wconf 80' lang='lat' dir='ltr'>corbeiensis</span> <span class='ocrx_word' id='word_1_258' title='bbox 667 2457 698 2496; x_wconf 78' lang='grc'>4,</span> <span class='ocrx_word' id='word_1_259' title='bbox 724 2456 782 2488; x_wconf 72' lang='lat'>42:</span> <span class='ocrx_word' id='word_1_260' title='bbox 813 2456 970 2497; x_wconf 73' lang='lat' dir='ltr'>Thurinyi</span> <span class='ocrx_word' id='word_1_261' title='bbox 998 2456 1104 2499; x_wconf 71' lang='lat' dir='ltr'>efflqie</span> <span class='ocrx_word' id='word_1_262' title='bbox 1125 2466 1178 2489; x_wconf 87' lang='lat' dir='ltr'>co-</span> 
     </span>
     <span class='ocr_line' id='line_1_33' title="bbox 312 2505 1176 2547; baseline 0.003 -11"><span class='ocrx_word' id='word_1_263' title='bbox 312 2505 506 2537; x_wconf 79' lang='lat' dir='ltr'>lunmarum</span> <span class='ocrx_word' id='word_1_264' title='bbox 536 2506 702 2538; x_wconf 78' lang='lat' dir='ltr'>imitantes</span> <span class='ocrx_word' id='word_1_265' title='bbox 732 2506 928 2547; x_wconf 75' lang='lat' dir='ltr'>Herculem.)</span> <span class='ocrx_word' id='word_1_266' title='bbox 968 2505 1011 2539; x_wconf 87' lang='lat' dir='ltr'>cf.</span> <span class='ocrx_word' id='word_1_267' title='bbox 1043 2507 1176 2540; x_wconf 88' lang='lat' dir='ltr'>Grimm</span> 
     </span>
     <span class='ocr_line' id='line_1_34' title="bbox 311 2555 1176 2598; baseline 0.003 -11"><span class='ocrx_word' id='word_1_268' title='bbox 311 2555 448 2595; x_wconf 74' lang='lat' dir='ltr'>Mulhol.</span> <span class='ocrx_word' id='word_1_269' title='bbox 473 2564 508 2597; x_wconf 92' lang='lat' dir='ltr'>p.</span> <span class='ocrx_word' id='word_1_270' title='bbox 533 2555 608 2588; x_wconf 86' lang='lat'>337.</span> <span class='ocrx_word' id='word_1_271' title='bbox 647 2557 725 2598; x_wconf 91' lang='lat' dir='ltr'>Ipse</span> <span class='ocrx_word' id='word_1_272' title='bbox 754 2557 1002 2598; x_wconf 86' lang='lat' dir='ltr'>interpretatur</span> <span class='ocrx_word' id='word_1_273' title='bbox 1029 2556 1176 2590; x_wconf 85' lang='lat' dir='ltr'>heroem</span> 
     </span>
     <span class='ocr_line' id='line_1_35' title="bbox 312 2604 1173 2648; baseline 0.002 -11"><span class='ocrx_word' id='word_1_274' title='bbox 312 2604 427 2638; x_wconf 77' lang='lat' dir='ltr'>Irmin.</span> <span class='ocrx_word' id='word_1_275' title='bbox 464 2606 514 2638; x_wconf 91' lang='lat' dir='ltr'>De</span> <span class='ocrx_word' id='word_1_276' title='bbox 537 2605 675 2638; x_wconf 78' lang='lat' dir='ltr'>Hercule</span> <span class='ocrx_word' id='word_1_277' title='bbox 704 2606 845 2639; x_wconf 70' lang='lat' dir='ltr'>Saaeano</span> <span class='ocrx_word' id='word_1_278' title='bbox 877 2607 1015 2648; x_wconf 86' lang='lat' dir='ltr'>(inscrr.</span> <span class='ocrx_word' id='word_1_279' title='bbox 1040 2608 1113 2639; x_wconf 89' lang='lat' dir='ltr'>Lat.</span> <span class='ocrx_word' id='word_1_280' title='bbox 1138 2616 1173 2639; x_wconf 94' lang='lat' dir='ltr'>n.</span> 
     </span>
     <span class='ocr_line' id='line_1_36' title="bbox 313 2654 1175 2697; baseline 0.002 -9"><span class='ocrx_word' id='word_1_281' title='bbox 313 2654 399 2688; x_wconf 75' lang='lat'><strong>2006</strong></span> <span class='ocrx_word' id='word_1_282' title='bbox 421 2663 498 2697; x_wconf 85' lang='lat' dir='ltr'>seq.</span> <span class='ocrx_word' id='word_1_283' title='bbox 517 2654 626 2696; x_wconf 77' lang='lat'>3478.)</span> <span class='ocrx_word' id='word_1_284' title='bbox 651 2656 874 2697; x_wconf 87' lang='lat' dir='ltr'>cogitandum</span> <span class='ocrx_word' id='word_1_285' title='bbox 897 2666 968 2689; x_wconf 90' lang='lat' dir='ltr'>non</span> <span class='ocrx_word' id='word_1_286' title='bbox 992 2665 1070 2690; x_wconf 91' lang='lat' dir='ltr'>esse</span> <span class='ocrx_word' id='word_1_287' title='bbox 1088 2658 1175 2690; x_wconf 90' lang='lat' dir='ltr'>scite</span> 
     </span>
     <span class='ocr_line' id='line_1_37' title="bbox 315 2704 1177 2748; baseline 0.003 -11"><span class='ocrx_word' id='word_1_288' title='bbox 315 2704 413 2738; x_wconf 87' lang='lat' dir='ltr'>idem</span> <span class='ocrx_word' id='word_1_289' title='bbox 429 2705 617 2747; x_wconf 87' lang='lat' dir='ltr'>perspexit.</span> <span class='ocrx_word' id='word_1_290' title='bbox 651 2706 816 2739; x_wconf 89' lang='lat' dir='ltr'>Ceterum</span> <span class='ocrx_word' id='word_1_291' title='bbox 832 2705 1027 2748; x_wconf 86' lang='lat' dir='ltr'>intelligunt</span> <span class='ocrx_word' id='word_1_292' title='bbox 1049 2706 1177 2740; x_wconf 82' lang='lat' dir='ltr'>saltum</span> 
     </span>
     <span class='ocr_line' id='line_1_38' title="bbox 315 2755 1178 2799; baseline 0.003 -12"><span class='ocrx_word' id='word_1_293' title='bbox 315 2756 543 2796; x_wconf 89' lang='lat' dir='ltr'>montemque</span> <span class='ocrx_word' id='word_1_294' title='bbox 567 2755 671 2787; x_wconf 89' lang='lat' dir='ltr'>hodie</span> <span class='ocrx_word' id='word_1_295' title='bbox 688 2755 901 2798; x_wconf 87' lang='lat' dir='ltr'>appellatum</span> <span class='ocrx_word' id='word_1_296' title='bbox 915 2757 1102 2799; x_wconf 72' lang='lat' dir='ltr'>Buclcebery</span> <span class='ocrx_word' id='word_1_297' title='bbox 1118 2759 1178 2790; x_wconf 86' lang='lat' dir='ltr'>aut</span> 
     </span>
     <span class='ocr_line' id='line_1_39' title="bbox 314 2804 1176 2847; baseline 0.003 -11"><span class='ocrx_word' id='word_1_298' title='bbox 314 2804 562 2846; x_wconf 70' lang='lat' dir='ltr'>Santolqebirqe</span> <span class='ocrx_word' id='word_1_299' title='bbox 597 2813 708 2847; x_wconf 91' lang='lat' dir='ltr'>prope</span> <span class='ocrx_word' id='word_1_300' title='bbox 746 2805 951 2846; x_wconf 86' lang='lat' dir='ltr'>Hamelam,</span> <span class='ocrx_word' id='word_1_301' title='bbox 998 2807 1033 2839; x_wconf 91' lang='lat' dir='ltr'>in</span> <span class='ocrx_word' id='word_1_302' title='bbox 1078 2808 1176 2840; x_wconf 83' lang='lat' dir='ltr'>cuius</span> 
     </span>
     <span class='ocr_line' id='line_1_40' title="bbox 316 2853 1178 2897; baseline 0.003 -11"><span class='ocrx_word' id='word_1_303' title='bbox 316 2854 498 2887; x_wconf 85' lang='lat' dir='ltr'>cacumine</span> <span class='ocrx_word' id='word_1_304' title='bbox 522 2853 742 2896; x_wconf 76' lang='lat' dir='ltr'>(Hohenstein)</span> <span class='ocrx_word' id='word_1_305' title='bbox 765 2856 927 2897; x_wconf 87' lang='lat' dir='ltr'>repertae</span> <span class='ocrx_word' id='word_1_306' title='bbox 952 2857 1033 2888; x_wconf 83' lang='lat' dir='ltr'>sunt</span> <span class='ocrx_word' id='word_1_307' title='bbox 1046 2857 1178 2889; x_wconf 90' lang='lat' dir='ltr'>veteris</span> 
     </span>
     <span class='ocr_line' id='line_1_41' title="bbox 315 2902 1178 2951; baseline 0.002 -15"><span class='ocrx_word' id='word_1_308' title='bbox 315 2913 397 2937; x_wconf 83' lang='lat' dir='ltr'>arae</span> <span class='ocrx_word' id='word_1_309' title='bbox 431 2902 601 2945; x_wconf 82' lang='lat' dir='ltr'>reliquiae</span> <span class='ocrx_word' id='word_1_310' title='bbox 631 2903 885 2951; x_wconf 72' lang='lat' dir='ltr'>(Trudenstein).</span> <span class='ocrx_word' id='word_1_311' title='bbox 932 2905 982 2938; x_wconf 90' lang='lat' dir='ltr'>Cf.</span> <span class='ocrx_word' id='word_1_312' title='bbox 1012 2905 1178 2939; x_wconf 92' lang='lat' dir='ltr'>Wilhelm</span> 
     </span>
     <span class='ocr_line' id='line_1_42' title="bbox 316 2952 1180 2997; baseline 0.001 -9"><span class='ocrx_word' id='word_1_313' title='bbox 316 2954 515 2988; x_wconf 74' lang='lat' dir='ltr'>Gerrnant’en</span> <span class='ocrx_word' id='word_1_314' title='bbox 542 2962 578 2995; x_wconf 91' lang='lat' dir='ltr'>p.</span> <span class='ocrx_word' id='word_1_315' title='bbox 609 2952 663 2986; x_wconf 80' lang='lat'>48.</span> <span class='ocrx_word' id='word_1_316' title='bbox 699 2954 803 2988; x_wconf 90' lang='lat' dir='ltr'>Ukert</span> <span class='ocrx_word' id='word_1_317' title='bbox 831 2963 865 2997; x_wconf 88' lang='lat' dir='ltr'>p.</span> <span class='ocrx_word' id='word_1_318' title='bbox 891 2954 967 2988; x_wconf 72' lang='lat'>⁴37.</span> <span class='ocrx_word' id='word_1_319' title='bbox 1000 2972 1036 2979; x_wconf 90' lang='lat'><em>—</em></span> <span class='ocrx_word' id='word_1_320' title='bbox 1067 2957 1180 2989; x_wconf 74' lang='lat' dir='ltr'>incor—</span> 
     </span>
     <span class='ocr_line' id='line_1_43' title="bbox 314 3002 1176 3046; baseline 0.002 -10"><span class='ocrx_word' id='word_1_321' title='bbox 314 3002 460 3045; x_wconf 80' lang='lat' dir='ltr'>ruptum]</span> <span class='ocrx_word' id='word_1_322' title='bbox 474 3003 651 3036; x_wconf 85' lang='lat' dir='ltr'>sincerum</span> <span class='ocrx_word' id='word_1_323' title='bbox 663 3011 705 3035; x_wconf 83' lang='lat' dir='ltr'>ac</span> <span class='ocrx_word' id='word_1_324' title='bbox 717 3012 801 3036; x_wconf 90' lang='lat' dir='ltr'>vero</span> <span class='ocrx_word' id='word_1_325' title='bbox 813 3012 957 3046; x_wconf 91' lang='lat' dir='ltr'>prorsus</span> <span class='ocrx_word' id='word_1_326' title='bbox 970 3013 1176 3046; x_wconf 87' lang='lat' dir='ltr'>congruum,</span> 
     </span>
     <span class='ocr_line' id='line_1_44' title="bbox 317 3051 1176 3097; baseline 0.003 -12"><span class='ocrx_word' id='word_1_327' title='bbox 317 3054 363 3085; x_wconf 84' lang='lat' dir='ltr'>ita</span> <span class='ocrx_word' id='word_1_328' title='bbox 390 3054 430 3086; x_wconf 88' lang='lat' dir='ltr'>ut</span> <span class='ocrx_word' id='word_1_329' title='bbox 451 3051 544 3085; x_wconf 91' lang='lat' dir='ltr'>nullo</span> <span class='ocrx_word' id='word_1_330' title='bbox 573 3053 677 3094; x_wconf 86' lang='lat' dir='ltr'>pacto</span> <span class='ocrx_word' id='word_1_331' title='bbox 701 3051 889 3086; x_wconf 85' lang='lat' dir='ltr'>falleretur.</span> <span class='ocrx_word' id='word_1_332' title='bbox 918 3071 954 3076; x_wconf 97' lang='lat'><strong>—</strong></span> <span class='ocrx_word' id='word_1_333' title='bbox 979 3054 1176 3097; x_wconf 81' lang='lat' dir='ltr'>adstrepere]</span> 
     </span>
     <span class='ocr_line' id='line_1_45' title="bbox 317 3100 1176 3147; baseline 0.003 -12"><span class='ocrx_word' id='word_1_334' title='bbox 317 3111 399 3135; x_wconf 90' lang='lat' dir='ltr'>cum</span> <span class='ocrx_word' id='word_1_335' title='bbox 421 3101 598 3136; x_wconf 89' lang='lat' dir='ltr'>incondito</span> <span class='ocrx_word' id='word_1_336' title='bbox 627 3100 779 3134; x_wconf 85' lang='lat' dir='ltr'>clamore</span> <span class='ocrx_word' id='word_1_337' title='bbox 803 3104 938 3135; x_wconf 88' lang='lat' dir='ltr'>temere</span> <span class='ocrx_word' id='word_1_338' title='bbox 965 3105 1176 3147; x_wconf 83' lang='lat' dir='ltr'>approbare.</span> 
     </span>
     <span class='ocr_line' id='line_1_46' title="bbox 316 3151 1175 3196; baseline 0.005 -11"><span class='ocrx_word' id='word_1_339' title='bbox 316 3171 360 3177; x_wconf 96' lang='lat'><strong>—</strong></span> <span class='ocrx_word' id='word_1_340' title='bbox 380 3153 540 3186; x_wconf 52' lang='lat' dir='ltr'>„militaris</span> <span class='ocrx_word' id='word_1_341' title='bbox 560 3151 657 3193; x_wconf 77' lang='lat' dir='ltr'>cibos]</span> <span class='ocrx_word' id='word_1_342' title='bbox 687 3152 857 3194; x_wconf 89' lang='lat' dir='ltr'>Iosephus</span> <span class='ocrx_word' id='word_1_343' title='bbox 880 3152 964 3185; x_wconf 90' lang='lat' dir='ltr'>Bell.</span> <span class='ocrx_word' id='word_1_344' title='bbox 988 3154 1063 3187; x_wconf 92' lang='lat' dir='ltr'>lud.</span> <span class='ocrx_word' id='word_1_345' title='bbox 1086 3156 1118 3196; x_wconf 85' lang='lat'>3,</span> <span class='ocrx_word' id='word_1_346' title='bbox 1144 3157 1175 3195; x_wconf 83' lang='grc' dir='ltr'>ὅ,</span> 
     </span>
     <span class='ocr_line' id='line_1_47' title="bbox 317 3197 1178 3249; baseline 0.002 -13"><span class='ocrx_word' id='word_1_347' title='bbox 317 3204 355 3236; x_wconf 84' lang='lat'>3:</span> <span class='ocrx_word' id='word_1_348' title='bbox 395 3197 483 3236; x_wconf 68' lang='grc' dir='ltr'><em>οὔτε</em></span> <span class='ocrx_word' id='word_1_349' title='bbox 516 3199 588 3249; x_wconf 75' lang='grc' dir='ltr'>γὰρ</span> <span class='ocrx_word' id='word_1_350' title='bbox 620 3200 772 3234; x_wconf 77' lang='grc' dir='ltr'><strong><em>δεῖπνον</em></strong></span> <span class='ocrx_word' id='word_1_351' title='bbox 807 3197 834 3244; x_wconf 78' lang='grc' dir='ltr'><em>ἢ</em></span> <span class='ocrx_word' id='word_1_352' title='bbox 866 3197 1024 3248; x_wconf 81' lang='grc' dir='ltr'><strong><em>ἄριστον</em></strong></span> <span class='ocrx_word' id='word_1_353' title='bbox 1062 3200 1178 3238; x_wconf 83' lang='grc' dir='ltr'><em>ὁπότε</em></span> 
     </span>
     <span class='ocr_line' id='line_1_48' title="bbox 316 3247 1178 3295; baseline 0.005 -11"><span class='ocrx_word' id='word_1_354' title='bbox 316 3249 520 3295; x_wconf 76' lang='grc' dir='ltr'><strong><em>θελήσειαν</em></strong></span> <span class='ocrx_word' id='word_1_355' title='bbox 542 3247 792 3294; x_wconf 77' lang='grc' dir='ltr'><strong><em>αὐτεξούσιον</em></strong></span> <span class='ocrx_word' id='word_1_356' title='bbox 822 3249 989 3295; x_wconf 80' lang='grc' dir='ltr'><em>ἑκάστῳ,</em></span> <span class='ocrx_word' id='word_1_357' title='bbox 1022 3252 1116 3287; x_wconf 85' lang='grc' dir='ltr'><em>πᾶσι</em></span> <span class='ocrx_word' id='word_1_358' title='bbox 1137 3253 1178 3288; x_wconf 78' lang='grc' dir='ltr'>δὲ</span> 
     </span>
     <span class='ocr_line' id='line_1_49' title="bbox 319 3312 433 3345; baseline 0.009 -11"><span class='ocrx_word' id='word_1_359' title='bbox 319 3312 433 3345; x_wconf 86' lang='grc' dir='ltr'><strong>ομου.</strong></span> 
     </span>
    </p>

    <p class='ocr_par' dir='ltr' id='par_1_10' title="bbox 318 3350 1179 3495">
     <span class='ocr_line' id='line_1_50' title="bbox 362 3350 1179 3394; baseline 0.001 -9"><span class='ocrx_word' id='word_1_360' title='bbox 362 3352 414 3385; x_wconf 78' lang='lat'>⁴3.</span> <span class='ocrx_word' id='word_1_361' title='bbox 438 3360 586 3394; x_wconf 65' lang='lat' dir='ltr'>egressus</span> <span class='ocrx_word' id='word_1_362' title='bbox 607 3350 776 3394; x_wconf 63' lang='lat' dir='ltr'>augurali]</span> <span class='ocrx_word' id='word_1_363' title='bbox 808 3352 847 3384; x_wconf 92' lang='lat' dir='ltr'>In</span> <span class='ocrx_word' id='word_1_364' title='bbox 870 3352 993 3385; x_wconf 85' lang='lat' dir='ltr'>castris</span> <span class='ocrx_word' id='word_1_365' title='bbox 1016 3353 1179 3387; x_wconf 84' lang='lat' dir='ltr'>Romanis</span> 
     </span>
     <span class='ocr_line' id='line_1_51' title="bbox 318 3400 1179 3444; baseline 0.002 -10"><span class='ocrx_word' id='word_1_366' title='bbox 318 3400 364 3434; x_wconf 82' lang='lat' dir='ltr'>ad</span> <span class='ocrx_word' id='word_1_367' title='bbox 387 3401 547 3435; x_wconf 82' lang='lat' dir='ltr'>dextram</span> <span class='ocrx_word' id='word_1_368' title='bbox 574 3402 740 3444; x_wconf 87' lang='lat' dir='ltr'>praetorii</span> <span class='ocrx_word' id='word_1_369' title='bbox 768 3402 905 3444; x_wconf 87' lang='lat' dir='ltr'>partem</span> <span class='ocrx_word' id='word_1_370' title='bbox 928 3402 1179 3443; x_wconf 83' lang='lat' dir='ltr'>auguraculum</span> 
     </span>
     <span class='ocr_line' id='line_1_52' title="bbox 319 3450 1179 3495; baseline 0.005 -12"><span class='ocrx_word' id='word_1_371' title='bbox 319 3451 414 3492; x_wconf 82' lang='lat' dir='ltr'>erat,</span> <span class='ocrx_word' id='word_1_372' title='bbox 444 3450 505 3483; x_wconf 86' lang='lat' dir='ltr'>ubi</span> <span class='ocrx_word' id='word_1_373' title='bbox 526 3450 636 3485; x_wconf 84' lang='lat' dir='ltr'>duces</span> <span class='ocrx_word' id='word_1_374' title='bbox 659 3451 926 3494; x_wconf 80' lang='lat' dir='ltr'>auspicarentur</span> <span class='ocrx_word' id='word_1_375' title='bbox 954 3452 991 3485; x_wconf 86' lang='lat' dir='ltr'>et</span> <span class='ocrx_word' id='word_1_376' title='bbox 1013 3459 1057 3485; x_wconf 82' lang='lat' dir='ltr'>ex</span> <span class='ocrx_word' id='word_1_377' title='bbox 1077 3450 1179 3495; x_wconf 83' lang='lat' dir='ltr'>pullis</span> 
     </span>
    </p>
   </div>
   <div class='ocr_carea' id='block_1_10' title="bbox 1222 2102 2096 3503">
    <p class='ocr_par' dir='ltr' id='par_1_11' title="bbox 1222 2102 2096 3503">
     <span class='ocr_line' id='line_1_53' title="bbox 1225 2102 2094 2148; baseline -0.001 -9"><span class='ocrx_word' id='word_1_378' title='bbox 1225 2107 1368 2148; x_wconf 85' lang='lat' dir='ltr'>auguria</span> <span class='ocrx_word' id='word_1_379' title='bbox 1393 2106 1596 2148; x_wconf 85' lang='lat' dir='ltr'>captarent;</span> <span class='ocrx_word' id='word_1_380' title='bbox 1621 2105 1719 2148; x_wconf 89' lang='lat' dir='ltr'>quod</span> <span class='ocrx_word' id='word_1_381' title='bbox 1734 2106 1875 2139; x_wconf 89' lang='lat' dir='ltr'>Graecis</span> <span class='ocrx_word' id='word_1_382' title='bbox 1892 2102 2094 2148; x_wconf 79' lang='grc' dir='ltr'>οἰωνιστή-</span> 
     </span>
     <span class='ocr_line' id='line_1_54' title="bbox 1226 2156 2089 2204; baseline -0.002 -14"><span class='ocrx_word' id='word_1_383' title='bbox 1226 2167 1309 2204; x_wconf 81' lang='grc' dir='ltr'><strong><em>ριον</em></strong></span> <span class='ocrx_word' id='word_1_384' title='bbox 1326 2159 1389 2190; x_wconf 89' lang='lat' dir='ltr'>est.</span> <span class='ocrx_word' id='word_1_385' title='bbox 1415 2157 1572 2199; x_wconf 84' lang='lat' dir='ltr'>Hyginus</span> <span class='ocrx_word' id='word_1_386' title='bbox 1595 2157 1808 2198; x_wconf 83' lang='lat' dir='ltr'>gromaticus</span> <span class='ocrx_word' id='word_1_387' title='bbox 1831 2157 1871 2189; x_wconf 79' lang='lat' dir='ltr'>de</span> <span class='ocrx_word' id='word_1_388' title='bbox 1893 2156 2089 2190; x_wconf 75' lang='lat' dir='ltr'>Gastramet.</span> 
     </span>
     <span class='ocr_line' id='line_1_55' title="bbox 1227 2206 2094 2247; baseline -0.001 -6"><span class='ocrx_word' id='word_1_389' title='bbox 1227 2208 1289 2241; x_wconf 91' lang='lat' dir='ltr'>Ed.</span> <span class='ocrx_word' id='word_1_390' title='bbox 1316 2207 1430 2241; x_wconf 87' lang='lat' dir='ltr'>Schel.</span> <span class='ocrx_word' id='word_1_391' title='bbox 1454 2206 1650 2241; x_wconf 85' lang='lat' dir='ltr'>Amstelod.</span> <span class='ocrx_word' id='word_1_392' title='bbox 1676 2207 1771 2240; x_wconf 78' lang='grc'><strong>4660.</strong></span> <span class='ocrx_word' id='word_1_393' title='bbox 1805 2206 1863 2240; x_wconf 88' lang='lat' dir='ltr'>fol.</span> <span class='ocrx_word' id='word_1_394' title='bbox 1888 2215 1928 2247; x_wconf 86' lang='lat' dir='ltr'>a,</span> <span class='ocrx_word' id='word_1_395' title='bbox 1953 2208 1990 2241; x_wconf 83' lang='lat'>3:</span> <span class='ocrx_word' id='word_1_396' title='bbox 2026 2215 2094 2240; x_wconf 72' lang='lat' dir='ltr'>aa·</span> 
     </span>
     <span class='ocr_line' id='line_1_56' title="bbox 1225 2256 2094 2300; baseline -0.002 -10"><span class='ocrx_word' id='word_1_397' title='bbox 1225 2259 1439 2300; x_wconf 60' lang='lat' dir='ltr'>paratorium</span> <span class='ocrx_word' id='word_1_398' title='bbox 1472 2257 1600 2299; x_wconf 85' lang='lat' dir='ltr'>(Tacito</span> <span class='ocrx_word' id='word_1_399' title='bbox 1634 2256 1809 2298; x_wconf 68' lang='lat' dir='ltr'>auyurale)</span> <span class='ocrx_word' id='word_1_400' title='bbox 1840 2259 1938 2298; x_wconf 78' lang='lat' dir='ltr'>parte</span> <span class='ocrx_word' id='word_1_401' title='bbox 1971 2257 2094 2290; x_wconf 70' lang='lat' dir='ltr'>dewa</span> 
     </span>
     <span class='ocr_line' id='line_1_57' title="bbox 1222 2307 2090 2348; baseline -0.001 -8"><span class='ocrx_word' id='word_1_402' title='bbox 1222 2309 1387 2348; x_wconf 76' lang='lat' dir='ltr'>praetorii</span> <span class='ocrx_word' id='word_1_403' title='bbox 1421 2308 1466 2340; x_wconf 85' lang='lat' dir='ltr'>ad</span> <span class='ocrx_word' id='word_1_404' title='bbox 1497 2308 1591 2341; x_wconf 72' lang='lat' dir='ltr'>viam</span> <span class='ocrx_word' id='word_1_405' title='bbox 1621 2307 1844 2348; x_wconf 73' lang='lat' dir='ltr'>principalem</span> <span class='ocrx_word' id='word_1_406' title='bbox 1877 2307 2090 2348; x_wconf 54' lang='lat' dir='ltr'>admiremus,</span> 
     </span>
     <span class='ocr_line' id='line_1_58' title="bbox 1226 2357 2091 2399; baseline -0.002 -8"><span class='ocrx_word' id='word_1_407' title='bbox 1226 2362 1264 2391; x_wconf 82' lang='lat' dir='ltr'>ut</span> <span class='ocrx_word' id='word_1_408' title='bbox 1292 2360 1364 2391; x_wconf 71' lang='lat' dir='ltr'>duz-</span> <span class='ocrx_word' id='word_1_409' title='bbox 1392 2359 1428 2395; x_wconf 71' lang='lat' dir='ltr'>in</span> <span class='ocrx_word' id='word_1_410' title='bbox 1449 2367 1486 2391; x_wconf 86' lang='lat' dir='ltr'>eo</span> <span class='ocrx_word' id='word_1_411' title='bbox 1509 2358 1692 2399; x_wconf 71' lang='lat' dir='ltr'>auyurium</span> <span class='ocrx_word' id='word_1_412' title='bbox 1720 2360 1810 2390; x_wconf 82' lang='lat' dir='ltr'>recte</span> <span class='ocrx_word' id='word_1_413' title='bbox 1835 2366 1956 2399; x_wconf 77' lang='lat' dir='ltr'>capere</span> <span class='ocrx_word' id='word_1_414' title='bbox 1970 2357 2091 2398; x_wconf 61' lang='lat' dir='ltr'>possin</span> 
     </span>
     <span class='ocr_line' id='line_1_59' title="bbox 1222 2408 2094 2450; baseline -0.003 -7"><span class='ocrx_word' id='word_1_415' title='bbox 1222 2413 1322 2450; x_wconf 80' lang='lat' dir='ltr'>parte</span> <span class='ocrx_word' id='word_1_416' title='bbox 1355 2411 1454 2443; x_wconf 84' lang='lat' dir='ltr'>laeva</span> <span class='ocrx_word' id='word_1_417' title='bbox 1486 2408 1634 2442; x_wconf 77' lang='lat' dir='ltr'>tribunal</span> <span class='ocrx_word' id='word_1_418' title='bbox 1667 2409 1845 2448; x_wconf 75' lang='lat' dir='ltr'>statuitur,</span> <span class='ocrx_word' id='word_1_419' title='bbox 1879 2411 1917 2441; x_wconf 76' lang='lat' dir='ltr'>ul</span> <span class='ocrx_word' id='word_1_420' title='bbox 1948 2408 2094 2450; x_wconf 66' lang='lat' dir='ltr'>auyun&#39;a</span> 
     </span>
     <span class='ocr_line' id='line_1_60' title="bbox 1227 2457 2096 2500; baseline -0.001 -9"><span class='ocrx_word' id='word_1_421' title='bbox 1227 2462 1360 2500; x_wconf 81' lang='lat' dir='ltr'>accepto</span> <span class='ocrx_word' id='word_1_422' title='bbox 1387 2459 1523 2499; x_wconf 77' lang='lat' dir='ltr'>insuper</span> <span class='ocrx_word' id='word_1_423' title='bbox 1549 2459 1706 2491; x_wconf 78' lang='lat' dir='ltr'>ascendat</span> <span class='ocrx_word' id='word_1_424' title='bbox 1734 2461 1766 2491; x_wconf 79' lang='lat' dir='ltr'>et</span> <span class='ocrx_word' id='word_1_425' title='bbox 1793 2458 1977 2491; x_wconf 70' lang='lat' dir='ltr'>emer-eitum</span> <span class='ocrx_word' id='word_1_426' title='bbox 2007 2457 2096 2500; x_wconf 75' lang='lat' dir='ltr'>felici</span> 
     </span>
     <span class='ocr_line' id='line_1_61' title="bbox 1226 2507 2095 2550; baseline -0.002 -9"><span class='ocrx_word' id='word_1_427' title='bbox 1226 2509 1376 2550; x_wconf 74' lang='lat' dir='ltr'>auspicio</span> <span class='ocrx_word' id='word_1_428' title='bbox 1392 2509 1607 2549; x_wconf 80' lang='lat' dir='ltr'>adloquatur.</span> <span class='ocrx_word' id='word_1_429' title='bbox 1641 2508 1691 2540; x_wconf 89' lang='lat' dir='ltr'>Ex</span> <span class='ocrx_word' id='word_1_430' title='bbox 1706 2507 1883 2550; x_wconf 85' lang='lat' dir='ltr'>praetorio</span> <span class='ocrx_word' id='word_1_431' title='bbox 1905 2507 2010 2549; x_wconf 82' lang='lat' dir='ltr'>igitur</span> <span class='ocrx_word' id='word_1_432' title='bbox 2023 2514 2095 2540; x_wconf 88' lang='lat' dir='ltr'>non</span> 
     </span>
     <span class='ocr_line' id='line_1_62' title="bbox 1226 2557 2096 2600; baseline -0.002 -9"><span class='ocrx_word' id='word_1_433' title='bbox 1226 2559 1324 2592; x_wconf 78' lang='lat' dir='ltr'>recta</span> <span class='ocrx_word' id='word_1_434' title='bbox 1347 2566 1512 2600; x_wconf 85' lang='lat' dir='ltr'>egressus</span> <span class='ocrx_word' id='word_1_435' title='bbox 1537 2559 1610 2598; x_wconf 89' lang='lat' dir='ltr'>est,</span> <span class='ocrx_word' id='word_1_436' title='bbox 1639 2557 1724 2599; x_wconf 88' lang='lat' dir='ltr'>sed,</span> <span class='ocrx_word' id='word_1_437' title='bbox 1751 2565 1821 2599; x_wconf 87' lang='lat' dir='ltr'>quo</span> <span class='ocrx_word' id='word_1_438' title='bbox 1843 2557 1960 2590; x_wconf 86' lang='lat' dir='ltr'>minus</span> <span class='ocrx_word' id='word_1_439' title='bbox 1982 2565 2004 2589; x_wconf 83' lang='lat' dir='ltr'>a</span> <span class='ocrx_word' id='word_1_440' title='bbox 2025 2557 2096 2590; x_wconf 83' lang='lat' dir='ltr'>mi—</span> 
     </span>
     <span class='ocr_line' id='line_1_63' title="bbox 1225 2606 2096 2648; baseline -0.002 -7"><span class='ocrx_word' id='word_1_441' title='bbox 1225 2607 1343 2642; x_wconf 86' lang='lat' dir='ltr'>litibus</span> <span class='ocrx_word' id='word_1_442' title='bbox 1367 2608 1728 2648; x_wconf 83' lang='lat' dir='ltr'>animadverteretur,</span> <span class='ocrx_word' id='word_1_443' title='bbox 1761 2606 1853 2640; x_wconf 84' lang='lat' dir='ltr'>clam</span> <span class='ocrx_word' id='word_1_444' title='bbox 1876 2615 1920 2640; x_wconf 86' lang='lat' dir='ltr'>ex</span> <span class='ocrx_word' id='word_1_445' title='bbox 1942 2614 2096 2648; x_wconf 79' lang='lat' dir='ltr'>augura-</span> 
     </span>
     <span class='ocr_line' id='line_1_64' title="bbox 1226 2655 2095 2699; baseline -0.003 -8"><span class='ocrx_word' id='word_1_446' title='bbox 1226 2659 1326 2691; x_wconf 88' lang='lat' dir='ltr'>torio.</span> <span class='ocrx_word' id='word_1_447' title='bbox 1367 2660 1454 2691; x_wconf 89' lang='lat' dir='ltr'>Sunt</span> <span class='ocrx_word' id='word_1_448' title='bbox 1485 2659 1606 2691; x_wconf 86' lang='lat' dir='ltr'>tamen</span> <span class='ocrx_word' id='word_1_449' title='bbox 1634 2658 1694 2699; x_wconf 88' lang='lat' dir='ltr'>qui</span> <span class='ocrx_word' id='word_1_450' title='bbox 1723 2658 1758 2690; x_wconf 91' lang='lat' dir='ltr'>et</span> <span class='ocrx_word' id='word_1_451' title='bbox 1785 2657 1821 2689; x_wconf 90' lang='lat' dir='ltr'>h.</span> <span class='ocrx_word' id='word_1_452' title='bbox 1846 2655 1869 2689; x_wconf 85' lang='lat' dir='ltr'>l.</span> <span class='ocrx_word' id='word_1_453' title='bbox 1902 2657 1939 2689; x_wconf 85' lang='lat' dir='ltr'>et</span> <span class='ocrx_word' id='word_1_454' title='bbox 1961 2657 2019 2696; x_wconf 74' lang='lat'>⁴5,</span> <span class='ocrx_word' id='word_1_455' title='bbox 2052 2655 2095 2689; x_wconf 89' lang='grc'>30</span> 
     </span>
     <span class='ocr_line' id='line_1_65' title="bbox 1226 2706 2092 2750; baseline -0.002 -10"><span class='ocrx_word' id='word_1_456' title='bbox 1226 2708 1390 2750; x_wconf 62' lang='lat' dir='ltr'>augurale</span> <span class='ocrx_word' id='word_1_457' title='bbox 1404 2717 1469 2750; x_wconf 90' lang='lat' dir='ltr'>pro</span> <span class='ocrx_word' id='word_1_458' title='bbox 1482 2707 1656 2748; x_wconf 75' lang='lat' dir='ltr'>praetorio</span> <span class='ocrx_word' id='word_1_459' title='bbox 1671 2707 1880 2749; x_wconf 81' lang='lat' dir='ltr'>usurpatum</span> <span class='ocrx_word' id='word_1_460' title='bbox 1893 2706 2092 2749; x_wconf 86' lang='lat' dir='ltr'>opinentur,</span> 
     </span>
     <span class='ocr_line' id='line_1_66' title="bbox 1228 2756 2096 2798; baseline -0.003 -8"><span class='ocrx_word' id='word_1_461' title='bbox 1228 2757 1306 2790; x_wconf 94' lang='lat' dir='ltr'>coll.</span> <span class='ocrx_word' id='word_1_462' title='bbox 1325 2757 1465 2797; x_wconf 89' lang='lat' dir='ltr'>Quintil.</span> <span class='ocrx_word' id='word_1_463' title='bbox 1485 2758 1518 2798; x_wconf 90' lang='lat'>8,</span> <span class='ocrx_word' id='word_1_464' title='bbox 1535 2758 1567 2798; x_wconf 80' lang='lat'>2,</span> <span class='ocrx_word' id='word_1_465' title='bbox 1592 2758 1633 2790; x_wconf 85' lang='lat'>8:</span> <span class='ocrx_word' id='word_1_466' title='bbox 1660 2757 1788 2790; x_wconf 74' lang='lat' dir='ltr'>Tertius</span> <span class='ocrx_word' id='word_1_467' title='bbox 1802 2759 1849 2789; x_wconf 82' lang='lat' dir='ltr'>est</span> <span class='ocrx_word' id='word_1_468' title='bbox 1860 2756 1995 2796; x_wconf 76' lang='lat' dir='ltr'>modus,</span> <span class='ocrx_word' id='word_1_469' title='bbox 2019 2763 2096 2787; x_wconf 78' lang='lat' dir='ltr'>cum</span> 
     </span>
     <span class='ocr_line' id='line_1_67' title="bbox 1225 2804 2095 2849; baseline -0.003 -8"><span class='ocrx_word' id='word_1_470' title='bbox 1225 2817 1279 2841; x_wconf 86' lang='lat' dir='ltr'>res</span> <span class='ocrx_word' id='word_1_471' title='bbox 1307 2809 1488 2841; x_wconf 64' lang='lat' dir='ltr'>communis</span> <span class='ocrx_word' id='word_1_472' title='bbox 1514 2807 1668 2849; x_wconf 78' lang='lat' dir='ltr'>pluribus</span> <span class='ocrx_word' id='word_1_473' title='bbox 1695 2807 1731 2839; x_wconf 72' lang='lat' dir='ltr'>in</span> <span class='ocrx_word' id='word_1_474' title='bbox 1760 2815 1828 2839; x_wconf 68' lang='lat' dir='ltr'>uno</span> <span class='ocrx_word' id='word_1_475' title='bbox 1857 2806 1971 2846; x_wconf 71' lang='lat' dir='ltr'>aliquo</span> <span class='ocrx_word' id='word_1_476' title='bbox 1999 2804 2095 2838; x_wconf 74' lang='lat' dir='ltr'>habet</span> 
     </span>
     <span class='ocr_line' id='line_1_68' title="bbox 1226 2855 2095 2898; baseline -0.003 -7"><span class='ocrx_word' id='word_1_477' title='bbox 1226 2867 1343 2891; x_wconf 83' lang='lat' dir='ltr'>nomen</span> <span class='ocrx_word' id='word_1_478' title='bbox 1366 2859 1547 2898; x_wconf 74' lang='lat' dir='ltr'>eximium,</span> <span class='ocrx_word' id='word_1_479' title='bbox 1578 2861 1618 2890; x_wconf 77' lang='lat' dir='ltr'>ut</span> <span class='ocrx_word' id='word_1_480' title='bbox 1643 2865 1778 2890; x_wconf 68' lang='lat' dir='ltr'>cannen</span> <span class='ocrx_word' id='word_1_481' title='bbox 1805 2856 1940 2898; x_wconf 57' lang='lat' dir='ltr'>simeln-e</span> <span class='ocrx_word' id='word_1_482' title='bbox 1956 2855 2095 2896; x_wconf 76' lang='lat' dir='ltr'>proprie</span> 
     </span>
     <span class='ocr_line' id='line_1_69' title="bbox 1226 2906 2091 2948; baseline -0.003 -8"><span class='ocrx_word' id='word_1_483' title='bbox 1226 2909 1350 2940; x_wconf 79' lang='lat' dir='ltr'>naenia</span> <span class='ocrx_word' id='word_1_484' title='bbox 1383 2911 1415 2941; x_wconf 83' lang='lat' dir='ltr'>et</span> <span class='ocrx_word' id='word_1_485' title='bbox 1448 2907 1700 2941; x_wconf 76' lang='lat' dir='ltr'>tabernaculum</span> <span class='ocrx_word' id='word_1_486' title='bbox 1732 2907 1824 2939; x_wconf 76' lang='lat' dir='ltr'>ducis</span> <span class='ocrx_word' id='word_1_487' title='bbox 1851 2906 2027 2948; x_wconf 67' lang='lat' dir='ltr'>auam-ale.</span> <span class='ocrx_word' id='word_1_488' title='bbox 2055 2921 2091 2927; x_wconf 91' lang='lat'>—</span> 
     </span>
     <span class='ocr_line' id='line_1_70' title="bbox 1226 2954 2094 2999; baseline -0.006 -8"><span class='ocrx_word' id='word_1_489' title='bbox 1226 2957 1336 2999; x_wconf 73' lang='lat' dir='ltr'>ferina</span> <span class='ocrx_word' id='word_1_490' title='bbox 1361 2957 1454 2999; x_wconf 82' lang='lat' dir='ltr'>pelle]</span> <span class='ocrx_word' id='word_1_491' title='bbox 1489 2957 1618 2990; x_wconf 89' lang='lat' dir='ltr'>Vitavit</span> <span class='ocrx_word' id='word_1_492' title='bbox 1646 2954 1789 2998; x_wconf 79' lang='lat' dir='ltr'>volgare</span> <span class='ocrx_word' id='word_1_493' title='bbox 1819 2955 1970 2995; x_wconf 76' lang='lat' dir='ltr'>renonis,</span> <span class='ocrx_word' id='word_1_494' title='bbox 2005 2955 2094 2987; x_wconf 86' lang='lat' dir='ltr'>Ger-</span> 
     </span>
     <span class='ocr_line' id='line_1_71' title="bbox 1228 3003 2094 3047; baseline -0.003 -8"><span class='ocrx_word' id='word_1_495' title='bbox 1228 3007 1358 3039; x_wconf 86' lang='lat' dir='ltr'>manici</span> <span class='ocrx_word' id='word_1_496' title='bbox 1393 3005 1483 3040; x_wconf 89' lang='lat' dir='ltr'>illius</span> <span class='ocrx_word' id='word_1_497' title='bbox 1522 3008 1558 3039; x_wconf 89' lang='lat' dir='ltr'>et</span> <span class='ocrx_word' id='word_1_498' title='bbox 1591 3004 1708 3039; x_wconf 83' lang='lat' dir='ltr'>Gallici</span> <span class='ocrx_word' id='word_1_499' title='bbox 1743 3004 1937 3047; x_wconf 80' lang='lat' dir='ltr'>tegumenti</span> <span class='ocrx_word' id='word_1_500' title='bbox 1969 3003 2094 3046; x_wconf 63' lang='lat' dir='ltr'>(Wala-</span> 
     </span>
     <span class='ocr_line' id='line_1_72' title="bbox 1227 3052 2092 3099; baseline -0.003 -10"><span class='ocrx_word' id='word_1_501' title='bbox 1227 3056 1355 3099; x_wconf 67' lang='lat' dir='ltr'>scitur),</span> <span class='ocrx_word' id='word_1_502' title='bbox 1400 3055 1623 3089; x_wconf 86' lang='lat' dir='ltr'>vocabulum.</span> <span class='ocrx_word' id='word_1_503' title='bbox 1685 3052 1823 3088; x_wconf 87' lang='lat' dir='ltr'>Scilicet</span> <span class='ocrx_word' id='word_1_504' title='bbox 1865 3053 2092 3087; x_wconf 88' lang='lat' dir='ltr'>Germanicus</span> 
     </span>
     <span class='ocr_line' id='line_1_73' title="bbox 1227 3102 2089 3148; baseline -0.003 -9"><span class='ocrx_word' id='word_1_505' title='bbox 1227 3106 1338 3139; x_wconf 89' lang='lat' dir='ltr'>videri</span> <span class='ocrx_word' id='word_1_506' title='bbox 1372 3105 1514 3139; x_wconf 86' lang='lat' dir='ltr'>volebat</span> <span class='ocrx_word' id='word_1_507' title='bbox 1549 3105 1730 3148; x_wconf 85' lang='lat' dir='ltr'>gregarius</span> <span class='ocrx_word' id='word_1_508' title='bbox 1766 3103 1867 3138; x_wconf 86' lang='lat' dir='ltr'>miles</span> <span class='ocrx_word' id='word_1_509' title='bbox 1903 3102 2089 3143; x_wconf 83' lang='lat' dir='ltr'>auxssiaris,</span> 
     </span>
     <span class='ocr_line' id='line_1_74' title="bbox 1228 3154 2093 3203; baseline -0.003 -14"><span class='ocrx_word' id='word_1_510' title='bbox 1228 3157 1396 3198; x_wconf 84' lang='lat' dir='ltr'>Batavus,</span> <span class='ocrx_word' id='word_1_511' title='bbox 1429 3158 1469 3190; x_wconf 89' lang='lat' dir='ltr'>ut</span> <span class='ocrx_word' id='word_1_512' title='bbox 1491 3157 1627 3199; x_wconf 89' lang='lat' dir='ltr'>opinor.</span> <span class='ocrx_word' id='word_1_513' title='bbox 1655 3173 1692 3179; x_wconf 90' lang='lat'>-</span> <span class='ocrx_word' id='word_1_514' title='bbox 1715 3163 1776 3196; x_wconf 76' lang='lat' dir='ltr'>per</span> <span class='ocrx_word' id='word_1_515' title='bbox 1802 3155 1895 3203; x_wconf 55' lang='lat' dir='ltr'>seria</span> <span class='ocrx_word' id='word_1_516' title='bbox 1916 3163 1978 3196; x_wconf 74' lang='lat' dir='ltr'>per</span> <span class='ocrx_word' id='word_1_517' title='bbox 2005 3154 2093 3186; x_wconf 65' lang='lat' dir='ltr'>iocos</span> 
     </span>
     <span class='ocr_line' id='line_1_75' title="bbox 1228 3203 2093 3249; baseline -0.005 -10"><span class='ocrx_word' id='word_1_518' title='bbox 1228 3207 1365 3239; x_wconf 79' lang='lat' dir='ltr'>eundem</span> <span class='ocrx_word' id='word_1_519' title='bbox 1387 3206 1546 3249; x_wconf 73' lang='lat' dir='ltr'>animum]</span> <span class='ocrx_word' id='word_1_520' title='bbox 1582 3206 1728 3248; x_wconf 84' lang='lat' dir='ltr'>Egregie</span> <span class='ocrx_word' id='word_1_521' title='bbox 1757 3206 1982 3248; x_wconf 86' lang='lat' dir='ltr'>opponuntur</span> <span class='ocrx_word' id='word_1_522' title='bbox 2003 3203 2093 3236; x_wconf 81' lang='lat' dir='ltr'>haec</span> 
     </span>
     <span class='ocr_line' id='line_1_76' title="bbox 1229 3251 2094 3299; baseline -0.005 -10"><span class='ocrx_word' id='word_1_523' title='bbox 1229 3255 1356 3288; x_wconf 88' lang='lat' dir='ltr'>Tiberii</span> <span class='ocrx_word' id='word_1_524' title='bbox 1392 3258 1588 3299; x_wconf 84' lang='lat' dir='ltr'>perpetuae</span> <span class='ocrx_word' id='word_1_525' title='bbox 1625 3254 1855 3295; x_wconf 83' lang='lat' dir='ltr'>simulationi,</span> <span class='ocrx_word' id='word_1_526' title='bbox 1893 3251 2094 3287; x_wconf 81' lang='lat' dir='ltr'>dissimula-</span> 
     </span>
     <span class='ocr_line' id='line_1_77' title="bbox 1229 3303 2095 3347; baseline -0.002 -10"><span class='ocrx_word' id='word_1_527' title='bbox 1229 3306 1332 3346; x_wconf 85' lang='lat' dir='ltr'>tioni,</span> <span class='ocrx_word' id='word_1_528' title='bbox 1359 3306 1527 3339; x_wconf 89' lang='lat' dir='ltr'>tristitiae.</span> <span class='ocrx_word' id='word_1_529' title='bbox 1549 3323 1585 3329; x_wconf 95' lang='lat'>—-</span> <span class='ocrx_word' id='word_1_530' title='bbox 1609 3305 1874 3346; x_wconf 77' lang='lat' dir='ltr'>reddendamque</span> <span class='ocrx_word' id='word_1_531' title='bbox 1893 3303 2041 3347; x_wconf 66' lang='lat' dir='ltr'>oratiam</span> <span class='ocrx_word' id='word_1_532' title='bbox 2057 3303 2095 3335; x_wconf 75' lang='lat' dir='ltr'>in</span> 
     </span>
     <span class='ocr_line' id='line_1_78' title="bbox 1230 3351 2094 3397; baseline -0.001 -11"><span class='ocrx_word' id='word_1_533' title='bbox 1230 3354 1311 3396; x_wconf 78' lang='lat' dir='ltr'>acie]</span> <span class='ocrx_word' id='word_1_534' title='bbox 1344 3355 1519 3388; x_wconf 79' lang='lat' dir='ltr'>Diodorus</span> <span class='ocrx_word' id='word_1_535' title='bbox 1551 3356 1597 3397; x_wconf 89' lang='lat' dir='ltr'>(in</span> <span class='ocrx_word' id='word_1_536' title='bbox 1619 3355 1796 3397; x_wconf 82' lang='lat' dir='ltr'>excerptis</span> <span class='ocrx_word' id='word_1_537' title='bbox 1818 3352 1878 3387; x_wconf 86' lang='lat' dir='ltr'>lib.</span> <span class='ocrx_word' id='word_1_538' title='bbox 1903 3352 1945 3386; x_wconf 77' lang='grc'>36</span> <span class='ocrx_word' id='word_1_539' title='bbox 1969 3361 2006 3395; x_wconf 85' lang='lat' dir='ltr'>p.</span> <span class='ocrx_word' id='word_1_540' title='bbox 2031 3351 2094 3386; x_wconf 86' lang='grc'>608</span> 
     </span>
     <span class='ocr_line' id='line_1_79' title="bbox 1229 3397 2096 3448; baseline -0.003 -11"><span class='ocrx_word' id='word_1_541' title='bbox 1229 3403 1393 3446; x_wconf 87' lang='lat' dir='ltr'>Wessel.)</span> <span class='ocrx_word' id='word_1_542' title='bbox 1429 3404 1474 3437; x_wconf 86' lang='lat' dir='ltr'>de</span> <span class='ocrx_word' id='word_1_543' title='bbox 1505 3406 1635 3439; x_wconf 80' lang='lat' dir='ltr'>Mario:</span> <span class='ocrx_word' id='word_1_544' title='bbox 1673 3401 1844 3448; x_wconf 80' lang='grc' dir='ltr'><strong><em>μεγάλην</em></strong></span> <span class='ocrx_word' id='word_1_545' title='bbox 1877 3397 2029 3436; x_wconf 72' lang='grc' dir='ltr'><strong><em>εὔνοιαν</em></strong></span> <span class='ocrx_word' id='word_1_546' title='bbox 2053 3400 2096 3435; x_wconf 72' lang='grc' dir='ltr'>ἐν</span> 
     </span>
     <span class='ocr_line' id='line_1_80' title="bbox 1228 3449 2094 3503; baseline -0.002 -17"><span class='ocrx_word' id='word_1_547' title='bbox 1228 3456 1310 3495; x_wconf 77' lang='grc' dir='ltr'><em>τοῖς</em></span> <span class='ocrx_word' id='word_1_548' title='bbox 1332 3451 1580 3501; x_wconf 73' lang='grc' dir='ltr'><strong><em>στρατιώταις</em></strong></span> <span class='ocrx_word' id='word_1_549' title='bbox 1606 3450 1914 3503; x_wconf 72' lang='grc' dir='ltr'>περιεποιήσατο.</span> <span class='ocrx_word' id='word_1_550' title='bbox 1955 3449 2094 3493; x_wconf 74' lang='grc' dir='ltr'><strong><em>πάντες</em></strong></span> 
     </span>
    </p>
   </div>
  </div>
 </body>
</html>
