2254 3770
443 265 463 286 ὓ

306 288 389 332 tio
784 294 828 337 Ρ.
861 293 1111 338 CORNELII
1140 294 1311 339 TACITI
1338 294 1607 341 ANNALIUM

307 409 430 439 suam
458 396 772 442 dissuadentes.
813 398 915 456 quid
954 399 1066 443 enim
1105 399 1220 444 aliud
1250 399 1368 444 laeso
1399 409 1577 459 patrono
1607 415 1861 446 concessum
1890 416 2020 460 quam
2047 409 2094 447 ut

307 472 586 516 centesimum
615 473 725 517 ultra
755 473 941 531 lapidem
970 474 1012 517 in
1042 488 1162 518 oram
1193 476 1449 533 Campaniae
1479 476 1679 521 libertum
1704 477 1896 536 releget?
1926 484 2092 522 ceteras

305 547 495 591 actiones
525 548 760 606 promiscas
789 554 832 592 et
860 562 988 606 pares
1013 563 1122 594 esse.
1156 550 1428 595 tribuendum
1449 551 1623 610 aliquod
1644 552 1786 602 telum,
1808 552 1926 611 quod
1947 553 2092 611 sperni

305 613 502 680 nequeat.
548 637 628 667 nec
668 637 797 682 grave
835 625 1107 669 manumissis
1144 640 1222 683 per
1251 626 1365 670 idem
1394 626 1654 685 obsequium
1681 628 1890 673 retinendi
1920 627 2092 673 liberta-

272 703 408 748 atem,
454 712 533 756 per
573 698 690 757 quod
723 698 915 743 adsecuti
945 700 1038 743 sint.
1083 706 1126 744 at
1162 701 1384 745 criminum
1414 703 1659 747 manifestos
1689 704 1839 747 merito
1869 704 1922 747 ad
1957 703 2093 748 servi-

305 778 437 817 tutem
479 773 656 825 retrahi,
702 781 749 817 ut
791 780 906 818 metu
946 779 1227 820 coerceantur
1263 791 1374 835 quos
1417 777 1626 822 beneficia
1671 793 1756 823 non
1800 779 2090 823 mutavissent.

306 848 387 904 (27)
426 848 720 892 disserebatur
760 855 907 893 contra
936 863 1173 908 paucorum
1203 851 1373 909 culpam
1402 852 1507 910 ipsis
1537 853 1758 897 exitiosam
1787 867 1887 898 esse
1916 853 2091 906 debere,

306 923 409 966 nihil
438 923 739 968 universorum
767 924 849 967 iuri
881 924 1196 983 derogandum,
1237 927 1398 985 quippe
1428 927 1511 971 late
1542 928 1681 972 fusum
1711 928 1753 972 id
1785 943 1962 987 corpus,
1994 928 2093 974 hinc

304 997 560 1056 plerumque
603 998 757 1050 tribus,
804 998 1020 1051 decurias,
1067 1001 1303 1046 ministeria
1342 1003 1657 1060 magistratibus
1701 1010 1744 1047 et
1781 1004 2089 1056 sacerdotibus,

255 1089 290 1118 ιο
304 1072 503 1117 cohortes
535 1073 660 1117 etiam
692 1075 733 1117 in
763 1074 872 1128 urbe
893 1076 1178 1134 conscriptas;
1211 1083 1252 1120 et
1272 1076 1465 1135 plurimis
1485 1078 1694 1136 equitum,
1727 1078 1945 1137 plerisque
1966 1093 2095 1124 sena-—

303 1147 468 1192 toribus
500 1163 583 1192 non
616 1148 789 1194 aliunde
810 1150 1020 1208 originem
1049 1150 1169 1195 trahi.
1211 1152 1246 1195 si
1268 1160 1569 1211 separarentur
1588 1153 1795 1206 libertini,
1827 1155 2091 1199 manifestam

304 1223 394 1268 fore
424 1224 650 1282 penuriam
678 1225 974 1282 ingenuorum.
1020 1241 1104 1270 non
1135 1227 1287 1271 frustra
1324 1228 1529 1280 maiores,
1572 1243 1669 1273 cum
1699 1229 1945 1288 dignitatem
1977 1230 2090 1274 ordi-

304 1313 406 1343 num
435 1298 694 1351 dividerent‚
727 1300 967 1345 libertatem
998 1301 1038 1344 in
1070 1303 1283 1346 communi
1315 1304 1527 1361 posuisse.
1566 1305 1670 1362 quin
1700 1311 1742 1348 et
1771 1305 2090 1359 manumittendi

370 1466 402 1499 4.
427 1465 491 1497 leso
515 1465 547 1498 M
572 1483 608 1488 —
638 1468 676 1498 ut
697 1466 906 1499 centesimum
936 1466 1092 1508 Lipsius:
1125 1467 1318 1501 uicesimum
1340 1469 1373 1502 M
1407 1486 1441 1491 —
1473 1470 1504 1501 2.
1530 1466 1711 1510 campania
1733 1469 1767 1503 M
1792 1486 1827 1492 —
1855 1469 1887 1503 3.
1908 1470 2093 1511 promiscas

304 1520 536 1555 Puteolanus:
564 1522 747 1563 promissas
768 1523 802 1555 M
832 1539 867 1546 —
902 1523 934 1555 ὅ.
960 1522 1105 1564 obsecuti
1128 1525 1161 1557 Μ
1194 1542 1229 1548 -
1262 1523 1293 1558 6.
1319 1525 1448 1557 detrahi
1470 1525 1522 1564 M,
1555 1524 1620 1557 sed
1644 1523 1758 1558 littera
1780 1526 1802 1558 d
1825 1534 1916 1559 corr.
1943 1535 1986 1559 ex
2007 1535 2028 1558 r
2051 1542 2089 1550 —

303 1578 336 1611 8.
360 1578 461 1611 nichil
483 1579 528 1612 M.

304 1723 355 1757 Cf.
381 1723 413 1762 3,
439 1722 498 1755 36;
532 1723 705 1765 libertique
727 1724 827 1757 etiam
849 1733 890 1757 ac
912 1725 1000 1757 servi
1026 1728 1172 1766 patrono

301 1773 354 1805 vel
368 1773 498 1805 domino
514 1783 589 1806 cum
603 1783 709 1814 voces,
734 1783 811 1807 cum
824 1782 945 1806 manus
959 1774 1171 1815 intentarent,

301 1823 389 1856 ultro
411 1823 652 1857 metuebantur.
675 1843 710 1848 —
731 1833 876 1866 poenam
890 1834 915 1858 s.
936 1825 1171 1867 dissuadentes]

302 1873 397 1906 velut
419 1875 573 1907 amicum
597 1874 780 1908 consilium
804 1875 948 1915 dantes,
983 1884 1027 1908 ne
1051 1876 1172 1918 patro-

303 1932 368 1956 nus
392 1924 487 1966 ipsos
507 1925 631 1966 punire
649 1926 809 1964 conetur,
835 1924 1065 1966 significando
1082 1934 1120 1958 se
1138 1926 1174 1957 et

301 1974 391 2008 velle
426 1977 460 2008 et
493 1985 599 2018 posse
629 1975 705 2010 talis
740 1986 876 2019 poenae
908 1976 1079 2009 ultionem
1107 1975 1171 2008 ali-

302 2025 443 2067 quando
467 2035 622 2060 sumere.
655 2046 683 2051 -
719 2027 924 2069 concessum]
959 2027 1106 2067 Quando
1137 2027 1172 2060 id

302 2077 362 2108 aut
385 2085 454 2117 qua
477 2075 553 2118 lege
578 2085 790 2110 concessum
807 2078 1023 2118 quaerimus.
1049 2078 1173 2119 Suspi-

305 2135 366 2158 cor
382 2134 461 2159 esse
478 2126 523 2159 ab
539 2128 708 2168 Augusto,
735 2127 805 2169 qui,
825 2128 863 2159 ut
878 2128 942 2160 Dio
958 2128 1006 2160 ait
1023 2128 1086 2168 (55,
1106 2127 1170 2167 43),

302 2176 482 2208 constituit
504 2173 551 2209 τὰ
573 2175 832 2219 δικαιώματα,
858 2173 917 2218 οἷς
940 2175 982 2210 οἴ
999 2187 1040 2210 τε
1062 2172 1173 2209 ἄλλοι

302 2223 396 2272 πρὸς
429 2223 520 2268 τοὺς
542 2225 888 2274 ἐλευθερουμένους
910 2229 975 2261 καὶ
998 2224 1109 2261 αὐτοὶ
1135 2228 1175 2260 οἱ

301 2274 483 2310 δεσπόται
505 2276 617 2318 σφῶν
646 2276 846 2322 γενόμενοι
874 2276 1096 2324 χρήσοιντο.
1133 2279 1172 2310 Et

301 2327 468 2369 relegatio
485 2329 629 2371 quidem
647 2331 701 2362 est
717 2329 761 2361 ab
776 2329 946 2371 exemplis
963 2330 1067 2371 prisci
1080 2330 1166 2362 aevi.

301 2378 342 2411 Ut
372 2379 467 2411 enim
496 2381 615 2421 patres
647 2378 729 2412 olim
763 2379 851 2411 filios
881 2388 944 2412 rus
966 2378 1173 2420 relegabant

300 2436 437 2469 poenae
453 2430 488 2461 et
503 2428 685 2462 molestiae
703 2439 820 2469 causa,
842 2430 891 2462 uti
907 2430 1054 2462 Roscius
1071 2432 1174 2462 Ame-

302 2478 418 2515 rinus.
445 2479 494 2510 uti
517 2480 714 2520 Torquatus
737 2488 756 2511 a
780 2479 939 2521 patribus
956 2478 1100 2520 relegati
1121 2478 1174 2511 le-

302 2530 447 2569 guntur,
482 2529 533 2562 sic
565 2531 721 2571 patronis
745 2530 925 2571 relegandi
950 2530 1094 2562 libertos
1119 2530 1173 2562 ius

302 2578 423 2611 tribuit
452 2580 525 2611 sive
556 2580 634 2621 quis
662 2579 749 2613 alius
773 2581 847 2613 sive
870 2581 1058 2622 Augustus.
1084 2580 1170 2612 Lirs.

304 2646 340 2652 —
365 2632 403 2660 ut
423 2628 631 2661 centesimum
655 2629 738 2672 cet.]
771 2630 934 2671 Ulpianus
957 2630 1032 2670 Dig.
1059 2630 1090 2668 4,
1117 2629 1170 2668 42,

304 2678 348 2711 de
366 2678 481 2711 officio
505 2679 672 2720 praefecti
698 2679 777 2712 urbi
798 2678 870 2720 §iz
899 2679 1066 2719 Quidquid
1079 2680 1174 2711 intra

302 2728 416 2760 urbem
438 2729 644 2769 admittitur,
670 2730 715 2761 ad
731 2730 936 2771 praesectum
951 2728 1026 2761 urbi
1040 2729 1174 2760 videtur

298 2779 475 2819 pertinere.
520 2778 584 2811 Sed
611 2783 642 2811 et
671 2780 699 2810 si
728 2779 807 2819 quid
842 2779 934 2811 intra
963 2779 1173 2811 centesimum

302 2829 488 2862 miliarium
510 2829 689 2861 admissum
711 2830 772 2869 sit,
797 2830 842 2861 ad
869 2829 1077 2870 praefectum
1098 2828 1174 2860 urbi

301 2882 453 2921 pertinet.
481 2879 542 2919 (Cf.
561 2880 625 2912 Dio
642 2881 695 2919 52,
715 2880 781 2919 Ἡ.)
806 2879 904 2912 Idem
930 2879 949 2920 g
975 2879 1015 2911 46
1039 2878 1084 2911 de
1100 2878 1174 2911 offi-

305 2931 358 2962 cio
381 2929 551 2972 praetecti
566 2929 662 2962 urbi:
691 2930 772 2962 Cum
784 2933 949 2970 patronus
964 2929 1126 2961 contemni
1141 2937 1175 2961 se

305 2990 327 3013 a
348 2980 462 3012 liberto
478 2980 620 3018 dixerit,
645 2979 697 3011 vel
716 2980 985 3011 contumeliosum
999 2979 1059 3011 sibi
1073 2978 1174 3011 liber—

305 3034 374 3062 tum
396 3032 576 3071 queratur,
600 3029 653 3061 vel
677 3030 862 3061 convictum
876 3038 908 3061 se
923 3029 965 3061 ab
980 3037 1017 3060 eo
1038 3037 1174 3068 passum

304 3081 485 3121 liberosque
506 3088 581 3112 suos
601 3079 652 3111 vel
674 3087 832 3118 umorem,
857 3079 908 3111 vet
928 3079 1008 3120 quid
1029 3079 1105 3110 huic
1126 3079 1174 3111 si-

304 3131 379 3163 mile
394 3130 544 3169 obiiciat,
567 3129 754 3170 praefectus
773 3129 848 3161 urbi
865 3130 955 3161 adiri
971 3129 1052 3161 solet
1067 3132 1098 3161 et
1110 3138 1174 3170 pro

305 3181 402 3213 modo
433 3179 586 3220 querelae
607 3179 776 3219 corrigere
797 3186 871 3210 eum
894 3181 955 3210 aut
977 3177 1175 3210 comminari

307 3233 367 3262 aut
392 3230 532 3269 fustibus
560 3229 728 3270 castigare
758 3230 819 3259 aut
839 3228 979 3259 ulterius
998 3229 1175 3268 procedere

307 3281 342 3311 in
361 3289 470 3320 poena
491 3280 560 3311 eius
573 3279 672 3317 solet‚·
695 3286 775 3309 nam
797 3279 828 3309 et
844 3278 1004 3317 puniendi
1023 3278 1174 3317 plerum-

309 3339 370 3369 que
392 3333 468 3362 sunt
489 3329 608 3361 liberti.
635 3328 727 3361 Certe
749 3328 777 3359 si
799 3335 833 3359 se
855 3327 1000 3358 delatum
1023 3336 1045 3358 a
1059 3327 1175 3359 liberto

308 3380 360 3412 vel
381 3381 583 3420 conspirasse
604 3381 724 3411 contra
746 3385 779 3410 se
799 3385 876 3409 cum
889 3376 1032 3407 inimicis
1047 3377 1172 3416 doceat,

308 3431 409 3462 etiam
429 3429 554 3462 metalli
579 3437 687 3470 poena
709 3428 744 3460 in
766 3435 841 3460 eum
861 3427 964 3459 statui
985 3425 1085 3458 debet.
1119 3426 1170 3459 Cf.

1223 1725 1298 1767 Dig.
1324 1725 1378 1766 37,
1405 1725 1464 1765 44,
1485 1726 1515 1758 4.
1537 1743 1570 1749 -
1598 1726 1633 1759 iu
1649 1735 1746 1759 oram
1760 1726 1975 1768 Campaniae]
2000 1736 2092 1770 quae

1223 1784 1266 1808 ex
1299 1776 1463 1809 Antonini
1497 1776 1678 1809 Itinerario
1709 1777 1796 1810 CVII
1830 1776 2022 1812 miliaribus
2045 1777 2091 1811 ab

1222 1825 1311 1858 urbe
1333 1825 1448 1859 distat.
1476 1825 1685 1859 «Sciendum
1702 1827 1880 1860 neminem
1897 1826 2091 1870 relegatum

1222 1876 1363 1918 proprie
1398 1876 1432 1908 in
1469 1876 1698 1918 Campaniam
1733 1876 1865 1910 nedum
1900 1885 2026 1911 omnes
2058 1879 2093 1911 et

1222 1934 1398 1967 nusquam
1422 1924 1500 1958 alio.
1526 1924 1703 1968 Relegatio
1726 1926 1835 1960 fiebat
1857 1925 1947 1960 ultra
1967 1929 2092 1960 cente-

1222 1976 1369 2014 simum;
1396 1977 1432 2008 at
1454 1975 1571 2008 locum
1587 1975 1678 2008 ultra
1695 1977 1930 2010 centesimum
1953 1976 2021 2010 sibi
2042 1976 2092 2010 le-

1222 2025 1328 2068 gebat
1342 2027 1430 2068 ipse,
1450 2026 1510 2067 qui
1526 2025 1640 2058 solum
1655 2026 1828 2059 vertebat.
1853 2027 1902 2059 Ex
1918 2027 1973 2060 his
1989 2027 2093 2068 igitur

1222 2075 1376 2117 aliquos,
1413 2076 1604 2118 praecipue
1637 2075 1825 2117 lautiores,
1862 2077 2091 2119 Campaniam

1221 2125 1429 2169 praetulisse
1454 2127 1560 2168 atque
1584 2127 1666 2159 huic
1693 2127 1844 2159 invidiae
1867 2127 2092 2161 occasionem

1222 2176 1364 2210 dedisse
1388 2177 1472 2209 satis
1489 2177 1543 2210 est
1557 2177 1633 2209 veri
1651 2176 1776 2210 simile.
1803 2178 1841 2210 ln
1857 2177 2020 2220 exemplo
2037 2178 2093 2211 est

1223 2227 1390 2259 Etruscus
1414 2225 1508 2268 apud
1531 2226 1679 2258 Statium
1705 2224 1785 2259 Silv.
1810 2226 1842 2266 3,
1868 2226 1900 2267 3,
1927 2227 2008 2259 462ε
2039 2227 2091 2259 hic

1221 2277 1334 2309 molles
1350 2276 1510 2317 Campani
1534 2276 1640 2308 litoris
1655 2285 1734 2309 oras
1748 2277 1791 2309 Et
1806 2277 2002 2310 Diomedem
2016 2286 2093 2310 cen-

1222 2328 1333 2360 cedere
1353 2327 1462 2359 iussus
1483 2327 1519 2359 in
1540 2335 1654 2367 arces,
1678 2327 1783 2369 Atque
1797 2327 1926 2368 hospes,
1950 2336 2018 2360 non
2033 2336 2091 2360 ea>-

1220 2378 1272 2410 sul
1293 2380 1401 2409 erat.»
1425 2378 1450 2409 Ι.
1471 2378 1505 2410 F.
1524 2379 1673 2410 Gnesov.
1695 2395 1731 2401 -
1755 2378 1930 2419 retinendi]
1954 2386 2019 2420 pro
2034 2386 2092 2411 re-

1221 2428 1343 2466 tinere,
1378 2435 1421 2458 ac
1454 2427 1483 2459 si
1521 2428 1779 2469 praecessisset
1808 2426 2088 2461 substantivum:

1224 2486 1316 2510 «nec
1337 2486 1441 2519 yrave
1461 2477 1616 2510 officium
1641 2486 1721 2510 esse
1743 2477 1939 2510 retinendi.-
1965 2475 2016 2510 Cf.
2034 2477 2090 2516 ⁴³.

1222 2529 1260 2560 ὅτ
1292 2527 1436 2569 Voloqesi
1452 2531 1546 2559 vetus
1560 2530 1592 2559 et
1600 2528 1733 2568 penitus
1746 2528 1893 2569 infixum
1905 2530 1981 2560 erat
1997 2527 2091 2568 (con-

1221 2578 1350 2618 silium)
1380 2587 1480 2610 arma
1502 2579 1653 2610 Romana
1674 2579 1814 2610 vitandi.
1851 2578 1904 2618 45,
1929 2578 1990 2610 2⁴:
2013 2585 2091 2610 mae

1220 2632 1298 2661 neat
1317 2627 1581 2669 provincialibus
1601 2629 1783 2668 potentiam
1803 2637 1902 2660 suam
1916 2628 1976 2661 tali
1991 2628 2089 2660 modo

1220 2678 1404 2711 ostentandi
1437 2676 1619 2718 (facultas).
1656 2695 1691 2700 —
1729 2677 1901 2720 beneficia]
1934 2676 2090 2711 liberalis

1223 2728 1402 2767 condicio,
1443 2736 1512 2768 qua
1547 2728 1601 2760 usi
1634 2729 1755 2761 essent
1787 2728 1824 2760 in
1858 2728 2088 2769 patronorum

1222 2777 1399 2811 domibus.
1425 2796 1460 2800 -
1484 2786 1551 2809 non
1571 2777 1798 2819 mutavissent]
1821 2778 1856 2809 in
1880 2775 2018 2815 melius.
2043 2776 2089 2810 ad

1222 2828 1381 2861 debitum
1411 2827 1567 2868 patronis
1595 2826 1810 2868 obsequium
1834 2825 2088 2869 praestandum

1222 2878 1441 2910 induxissent
1463 2877 1768 2918 modestioresque
1793 2876 2043 2910 reddidissent.

1265 2929 1319 2960 27.
1349 2927 1418 2959 tate
1443 2926 1556 2967 fusum
1582 2927 1618 2959 id
1645 2928 1781 2968 corpus]
1819 2935 1911 2968 quae
1940 2935 2011 2959 una
2046 2935 2088 2959 ex

1221 2977 1420 3019 praecipuis
1450 2978 1566 3010 causis
1597 2977 1756 3009 interitus
1778 2977 1925 3009 Romani
1953 2976 2089 3018 imperii

1222 3036 1264 3060 ac
1279 3026 1409 3069 populi.
1438 3028 1477 3059 ln
1494 3027 1764 3068 inscriptionum
1780 3027 1991 3068 praesertim
2008 3034 2088 3058 cor-

1222 3077 1367 3120 poribus
1390 3076 1511 3109 videre
1542 3075 1624 3109 licet
1646 3077 1859 3109 immensam
1882 3075 2087 3108 libertorum

1223 3126 1500 3166 multitudinem,
1526 3127 1555 3160 si
1578 3127 1841 3168 comparaveris
1856 3134 1937 3158 cum
1953 3124 2089 3158 civibus

1222 3177 1386 3210 Romanis
1408 3177 1572 3217 antiquae
1588 3185 1630 3208 ac
1646 3185 1729 3208 vere
1747 3176 1918 3217 ingenuae
1933 3174 2086 3216 originis.

1225 3245 1260 3250 -
1286 3227 1377 3269 hinc]
1410 3235 1452 3259 ex
1483 3225 1654 3259 libertinis
1678 3228 1843 3259 constare
1866 3233 1909 3257 ac
1931 3222 2086 3266 suppleri

1219 3278 1430 3317 plerumque,
1466 3284 1629 3317 magnam
1659 3277 1813 3318 partem.
1849 3273 1954 3306 tribus
1983 3281 2088 3315 prae-

1222 3326 1344 3359 sertim
1373 3325 1545 3365 urbanas,
1580 3326 1613 3357 in
1643 3324 1771 3366 quibus
1794 3323 1908 3365 capite
1930 3322 2029 3356 censi
2051 3324 2088 3356 et

1222 3375 1373 3408 libertini
1396 3377 1514 3413 erant;
1539 3382 1756 3416 quamquam
1776 3375 1851 3406 tum
1867 3371 1965 3405 multi
1980 3372 2086 3406 etiam

1221 3426 1255 3458 in
1277 3425 1409 3458 rusticis
1425 3424 1573 3458 tribubus
1586 3422 1817 3457 nobilioribus
1833 3421 2082 3456 censebantur.
