2254 3770
302 295 356 339 ’16

786 297 831 342 Ρ.
863 296 1110 341 CORNELII
1139 295 1308 340 TACITI
1336 293 1602 339 ANNALIUM

302 402 345 445 in
380 402 526 453 armis,
575 409 680 461 quot
717 402 898 455 classes,
944 417 1093 461 regna,
1139 401 1400 460 provinciae,
1447 400 1603 444 tributa
1639 405 1711 443 aut
1746 398 1988 457 vectigalia,
2034 404 2077 443 et

301 478 577 522 necessitates
599 492 650 524 ac
670 478 925 536 largitiones.
970 492 1082 536 quae
1103 484 1254 522 cuncta
1275 491 1351 520 sua
1371 490 1499 519 manu
1520 474 1829 533 perscripserat
1848 476 2074 532 Augustus,

302 552 611 612 addideratque
641 553 866 598 consilium
894 553 1119 598 coercendi
1153 554 1260 596 intra
1289 552 1492 596 terminos
1518 549 1703 608 imperii,
1733 550 1942 594 incertum
1960 556 2076 593 metu

301 642 354 672 an
383 643 461 687 per
489 629 702 674 invidiam.
762 629 843 686 (⁴2)
874 629 981 673 inter
1012 642 1123 687 quae
1162 634 1311 672 senatu
1350 626 1404 671 ad
1443 626 1607 669 infimas
1643 625 1946 669 obtestationes
1975 639 2077 683 pro-

269 704 548 755 ecumbente,
589 704 692 748 dixit
729 704 836 748 forte
866 704 1058 748 Tiberius
1096 717 1142 747 se
1172 710 1218 747 ut
1256 717 1339 746 non
1377 703 1448 745 toti
1485 702 1547 745 rei
1583 700 1779 759 publicae
1815 714 1982 758 parem,
2021 700 2077 744 ita

301 792 599 837 quaecumque
629 794 729 838 pars
759 779 839 823 sibi
869 779 1160 830 mandaretur,
1193 779 1284 822 eius
1315 777 1490 821 tutelam
1519 782 1830 834 suscepturum.
1876 782 1965 819 tum
1985 776 2077 820 Asi-

301 854 397 898 nius
429 854 571 898 Gallus
605 855 867 912 «interrogo»
901 854 1051 912 inquit,
1089 854 1288 905 «Caesar,
1321 866 1450 911 quam
1475 858 1640 910 partem
1659 851 1721 895 rei
1740 850 1937 909 publicae
1957 865 2077 895 man-

302 929 392 973 dari
415 929 487 973 tibi
507 929 652 973 velis.»
712 929 936 988 perculsus
967 929 1182 987 inprovisa
1212 928 1540 984 interrogatione
1564 926 1736 985 paulum
1758 927 1945 971 reticuit:
1977 926 2076 971 dein

302 1004 479 1049 collecto
510 1005 650 1048 animo
681 1004 901 1063 respondit
928 1018 1201 1062 nequaquam
1231 1004 1435 1047 decorum
1463 1001 1617 1060 pudori
1648 1016 1727 1046 suo
1753 1002 1894 1060 legere
1913 1002 2074 1060 aliquid

251 1086 373 1123 toaut
412 1080 570 1124 evitare
608 1094 661 1124 ex
699 1094 772 1130 eo,
814 1080 882 1123 cui
919 1080 960 1122 in
998 1080 1245 1123 universum
1284 1079 1478 1122 excusari
1516 1077 1671 1121 mallet.

1731 1092 1900 1121 rursum
1930 1077 2074 1121 Gallus

302 1155 472 1211 (etenim
499 1154 616 1198 vultu
646 1154 926 1198 offensionem
955 1155 1278 1210 coniectaverat)
1309 1168 1393 1197 non
1423 1153 1583 1198 idcirco
1613 1154 1915 1211 interrogatum
1944 1153 2001 1196 ait
2029 1158 2076 1196 ut

301 1229 510 1273 divideret
546 1244 657 1288 quae
694 1230 883 1287 separari
923 1231 1165 1287 nequirent,

1206 1229 1282 1273 sed
1325 1236 1367 1273 et
1404 1243 1482 1272 sua
1520 1228 1786 1272 confessione
1825 1234 2076 1286 argueretur

299 1319 431 1348 unum
462 1319 559 1349 esse
598 1306 660 1348 rei
696 1304 893 1362 publicae
934 1319 1089 1362 corpus
1120 1311 1248 1362 atque
1284 1305 1409 1347 unius
1439 1304 1579 1347 animo
1610 1302 1856 1360 regendum.
1915 1301 2077 1346 addidit

299 1379 471 1424 laudem
501 1379 555 1424 de
585 1382 791 1437 Augusto,
835 1379 1134 1438 Tiberiumque
1166 1380 1304 1437 ipsum
1333 1380 1606 1423 victoriarum
1645 1393 1836 1430 suarum,
1876 1391 2075 1436 quaeque

250 1465 288 1496 45
301 1455 342 1498 in
373 1462 470 1513 toga
505 1469 583 1513 per
619 1461 679 1498 tot
715 1469 848 1499 annos
886 1456 1057 1513 egregie
1091 1455 1279 1506 fecisset,
1321 1454 1550 1498 admonuit.
1609 1468 1689 1498 nec
1718 1453 1816 1498 ideo
1845 1453 1954 1496 iram
1982 1453 2075 1497 eius

299 1529 460 1580 lenivit,
507 1529 675 1588 pridem
713 1531 888 1581 invisus,
935 1537 1148 1588 tamquam
1194 1530 1320 1574 ducta
1356 1530 1398 1572 in
1441 1529 1752 1573 matrimonium
1788 1528 1987 1586 Vipsania
2021 1528 2072 1571 Μ.

300 1605 509 1663 Agrippae
549 1604 652 1656 filia,
695 1619 807 1663 quae
845 1604 1061 1663 quondam
1101 1605 1255 1649 Tiberii
1293 1619 1400 1649 uxor
1435 1605 1587 1657 suerat,
1636 1604 1732 1662 plus
1768 1617 1897 1662 quam
1934 1602 2073 1647 civilia

366 1745 397 1777 4.
422 1744 509 1784 quod
530 1744 571 1778 ct.
596 1745 628 1778 M
655 1762 689 1768 —
715 1744 892 1786 uectigalia
914 1745 997 1787 (non
1020 1745 1204 1786 uettiyalia)
1228 1745 1275 1778 M:
1311 1752 1529 1786 quamquam
1551 1743 1743 1776 admodum
1766 1742 1915 1776 difficilis
1936 1751 1995 1776 res
2018 1743 2072 1776 est

298 1799 430 1833 litteras
453 1809 470 1833 c
493 1802 528 1833 et
549 1804 562 1833 t
582 1801 642 1842 (τ),
666 1801 874 1843 praesertim
897 1801 1131 1849 antecedente
1154 1810 1189 1842 e,
1215 1801 1250 1833 in
1274 1800 1395 1834 codice
1419 1800 1634 1834 discernere.
1653 1817 1689 1823 —
1720 1801 1752 1833 5.
1777 1801 1890 1840 itaque
1910 1797 2018 1840 caque
2037 1800 2072 1834 M

302 1874 338 1880 —
363 1856 394 1890 9.
419 1857 538 1899 aliquit
560 1857 594 1891 M
617 1874 652 1880 —
685 1858 737 1889 ⁴2.
761 1860 792 1889 et
804 1866 867 1889 sua
889 1858 940 1891 M:
963 1860 1000 1890 ut
1020 1866 1083 1890 sua
1104 1857 1253 1900 Lipsius.
1281 1875 1315 1881 —
1344 1857 1396 1890 46.
1420 1857 1591 1898 uipstania
1611 1857 1645 1890 M
1667 1855 1797 1899 (littera
1819 1860 1832 1890 t
1851 1857 1983 1899 puncto
2007 1864 2073 1889 no-

299 1914 381 1954 tata,
406 1912 471 1946 sed
493 1911 559 1954 alio
581 1912 802 1957 atramento).

296 2039 375 2064 nere
395 2039 454 2063 suo
475 2032 663 2072 complexus
684 2035 746 2072 est,
771 2032 875 2065 attero
892 2032 1031 2065 indicem
1045 2041 1158 2065 rerum

297 2089 321 2113 a
342 2090 375 2114 se
396 2084 582 2123 qestarum,
619 2091 713 2122 quem
740 2082 835 2115 veltet
863 2083 964 2115 incidi
993 2083 1028 2115 in
1051 2083 1159 2115 aeneis

297 2131 416 2163 tabulis
430 2140 515 2172 quae
529 2134 605 2164 ante
620 2132 824 2164 Mausoleum
837 2136 1058 2165 statuerentur
1074 2133 1157 2174 (mo—

297 2182 507 2214 numentum
537 2182 792 2224 Ancyranum),
828 2182 921 2215 tertio
956 2182 1157 2215 breviarium

296 2231 394 2262 totius
419 2231 567 2271 imperii,
604 2235 765 2272 quantum
797 2232 937 2264 militum
973 2232 1030 2264 sub
1057 2233 1158 2274 signis

295 2279 416 2320 ubique
437 2283 534 2320 esset,
560 2285 720 2321 quantum
737 2283 898 2322 pecuniae
919 2282 955 2314 in
977 2283 1110 2314 aerario
1128 2287 1157 2315 et

295 2330 381 2372 fiscis
407 2333 438 2363 et
466 2330 715 2372 vectiyaliorum
746 2332 895 2364 residuis.
936 2331 987 2364 Cf.
1012 2333 1075 2364 Dio
1101 2333 1154 2372 56,

296 2379 351 2413 33.
377 2398 418 2404 -
439 2381 555 2421 regna]
580 2381 736 2413 nondum
759 2382 794 2414 in
810 2382 1068 2423 provinciarum
1085 2381 1157 2414 for-

296 2438 393 2463 mam
405 2430 560 2470 redacta,
578 2431 641 2464 sed
654 2432 808 2464 Romano
822 2433 969 2474 imperio
985 2431 1153 2472 subiecta,

295 2481 335 2512 ut
358 2479 598 2521 Cappadocia,
632 2481 883 2522 Commagene,
917 2482 1061 2514 Thracia
1086 2483 1154 2515 cet.

297 2528 348 2562 Cf.
365 2530 454 2562 Ann.
472 2530 512 2570 2,
537 2529 590 2563 42.
615 2531 668 2563 55.
694 2529 747 2563 64.
770 2547 804 2554 -
831 2531 955 2563 tributa
977 2535 1036 2564 aut
1055 2532 1157 2564 vecti-

294 2579 397 2621 galia]
422 2587 504 2612 nos:
531 2579 650 2612 directe
671 2581 739 2612 und
760 2581 917 2614 indirecte
938 2581 1087 2614 Steuern.
1117 2598 1151 2604 —

294 2629 508 2669 necessitates]
540 2637 646 2661 onera
674 2629 813 2671 publica
837 2639 998 2672 quaeque
1029 2639 1155 2664 neces-

296 2678 388 2710 sario
410 2678 446 2710 in
469 2677 613 2718 milites,
638 2679 674 2711 in
695 2679 881 2721 populum,
907 2681 942 2713 in
958 2689 1065 2723 opera
1088 2689 1155 2722 pu-

294 2727 386 2761 blica
408 2728 583 2770 eroganda
607 2730 718 2761 erant.
765 2729 815 2762 Cf.
843 2731 894 2770 ⁴3,
919 2731 978 2763 50:
1009 2734 1047 2762 ut
1066 2731 1155 2763 ratio

294 2781 489 2819 quaestuum
517 2781 548 2811 et
568 2779 740 2811 necessitas
761 2781 988 2821 erogationum
1015 2781 1101 2812 inter
1122 2789 1155 2813 se

293 2830 521 2869 conyruerent.
549 2845 583 2851 —-
615 2828 817 2870 largitiones]
851 2829 1151 2869 frumentationes,

294 2877 480 2918 congiaria,
506 2877 754 2911 viscerationes
770 2880 837 2911 cet.
858 2896 893 2902 —
919 2880 1155 2920 addideratque

293 2927 465 2959 consilium
487 2926 568 2969 cet.]
603 2928 666 2960 Dio
690 2928 788 2961 Cass.
813 2929 872 2968 56,
901 2929 958 2962 33:
998 2927 1153 2973 γνώμην

294 2972 427 3018 αὐτοῖς
447 2971 566 3009 ἔδωκε
587 2979 669 3018 τοῖς
684 2986 723 3009 τε
738 2981 926 3024 παροῦσιν
942 2975 1154 3026 ἀρεσθῆναι

294 3026 360 3059 καὶ
380 3024 567 3070 μηδαμῶς
589 3025 650 3059 ἐπὶ
669 3025 799 3060 πλεῖον
813 3025 883 3071 τὴν
898 3024 1022 3076 ἀρχὴν
1037 3029 1153 3063 ἐπαυ-

294 3072 411 3118 ξῆσαι
438 3074 631 3119 ἐθελῆσαι.
663 3094 706 3101 —-
739 3078 831 3110 intra
864 3079 1028 3121 terminos]
1066 3080 1153 3113 Hinc

294 3126 387 3167 apud
410 3125 578 3159 Iulianum
601 3127 636 3158 in
661 3127 819 3159 Caesarr.
850 3137 882 3169 p.
908 3128 983 3162 326.
1023 3130 1150 3171 Spanh.

294 3175 383 3208 haec
407 3177 472 3209 ait:
507 3172 594 3224 ὅρια
615 3174 656 3209 δὲ
679 3174 805 3216 διττά,
836 3172 964 3224 ὥσπερ
988 3175 1062 3211 ὑπὸ
1085 3178 1154 3222 τῆς

294 3223 448 3267 φύσεως
463 3221 725 3269 ἀποδεδομένα
735 3222 900 3273 ,Ἴστρον
915 3228 979 3260 καὶ
995 3224 1154 3275 Εὐφρά-

293 3283 363 3317 την
385 3273 583 3319 ποταμοὺς
597 3276 752 3319 ἐθέμην.
774 3294 807 3300 -
826 3277 988 3310 incertum
1006 3282 1094 3310 metu
1109 3289 1153 3311 an

289 3333 353 3365 per
380 3326 550 3368 invidiam]
586 3328 627 3360 Ut
658 3325 807 3366 assolet,
849 3327 960 3359 variat
990 3330 1153 3361 constru-

295 3374 459 3407 ctionem.
490 3376 545 3408 Sic
573 3384 604 3408 c.
629 3377 687 3409 ὅδε
727 3378 802 3408 astu
833 3376 941 3418 magis
968 3385 1068 3417 quam
1092 3386 1154 3418 per

292 3423 513 3466 formidinem.
558 3425 597 3467 2,
622 3426 682 3459 70:
716 3425 807 3459 haud
833 3426 942 3459 minus
968 3427 1024 3459 ira
1052 3435 1154 3467 quam

1202 2040 1266 2073 per
1286 2034 1418 2065 metum.
1461 2031 1499 2072 6,
1525 2030 1584 2064 45:
1609 2033 1796 2072 contemptu
1816 2030 2004 2063 ambitionis
2024 2039 2071 2063 an
2135 2069 2139 2072 ,

1203 2091 1266 2123 per
1286 2085 1489 2114 senectutem.

1251 2133 1304 2164 42.
1333 2132 1419 2164 dixit
1439 2130 1534 2173 forte]
1568 2131 1684 2164 minus
1715 2131 1864 2172 cogitate
1887 2139 1928 2162 ac
1957 2138 2068 2172 prope

1206 2182 1357 2215 incaute.
1400 2199 1435 2206 -
1471 2182 1529 2214 toti
1561 2182 1610 2214 rei
1639 2181 1801 2222 publicae]
1839 2181 1924 2214 Rem
1959 2180 2068 2214 fusius

1206 2233 1325 2264 narrat
1346 2232 1409 2264 Dio
1429 2231 1483 2271 57,
1507 2231 1546 2263 2:
1571 2229 1611 2272 ἐς
1631 2232 1717 2278 τρία
1738 2231 1836 2277 μέρη
1859 2231 1984 2273 νέμων
1997 2227 2068 2272 τὴν

1206 2277 1350 2328 ἀρχήν,
1383 2278 1428 2313 τὸ
1450 2279 1522 2323 μὲν
1550 2277 1667 2322 αὐτὸς
1695 2276 1798 2320 ἔχειν
1828 2276 1958 2323 ἠξίου,
1992 2277 2068 2312 τῶν

1205 2330 1246 2364 δὲ
1268 2330 1404 2378 ἑτέρων
1427 2326 1558 2372 ἄλλοις
1573 2328 1802 2378 παρεχώρει·
1827 2324 1876 2373 ἢν
1890 2328 1932 2363 δὲ
1947 2328 2068 2363 ταῦτα

1206 2377 1246 2413 ἓν
1272 2381 1344 2424 μὲν
1373 2376 1399 2424 ἦ
1422 2390 1462 2413 τε
1486 2377 1611 2424 Ῥώμη
1642 2381 1708 2414 καὶ
1737 2377 1763 2424 ἧ
1793 2375 1890 2424 ἄλλη
1915 2375 2065 2420 Ἰταλία,

1205 2427 1334 2479 ἕτερον
1356 2430 1397 2464 δὲ
1418 2428 1466 2463 τὰ
1489 2427 1747 2478 στρατόπεδα,
1780 2431 1846 2464 καὶ
1872 2425 1999 2478 ἕτερον
2029 2430 2070 2463 οἱ

1205 2481 1332 2515 λοιποὶ
1355 2478 1534 2525 ὑπήκοοι.
1554 2500 1590 2506 -
1616 2486 1686 2515 tum
1699 2482 1830 2515 Asinius
1852 2481 1968 2514 Gallus
1983 2481 2066 2524 cet-J

1205 2534 1268 2566 Dio
1284 2532 1306 2566 1.
1325 2532 1348 2565 l.
1362 2542 1370 2564 :
1391 2528 1551 2574 Ἀσίνιος
1565 2531 1606 2565 δὲ
1621 2531 1667 2575 δὴ
1683 2531 1848 2573 Γάλλος,
1873 2527 2066 2579 παρ’ῥησὶᾳ

1204 2580 1265 2616 ἀεί
1288 2592 1379 2615 ποτε
1401 2582 1558 2629 πατρῴᾳ
1587 2583 1652 2615 καὶ
1684 2578 1777 2629 ὑπὲρ
1800 2579 1844 2615 τὸ
1867 2583 2067 2628 συμφέρον

1204 2629 1306 2677 αὐτῷ
1329 2630 1529 2680 χρώμενος
1554 2631 1687 2666 «ἑλοῦ»
1710 2628 1788 2675 ἔφη
1817 2628 1886 2675 «ἢν
1907 2627 1958 2664 ἂν
1979 2630 2066 2665 ἐθε-

1204 2680 1327 2726 λήσης
1355 2686 1530 2730 μοῖραν.»
1569 2683 1635 2716 καὶ
1666 2681 1838 2728 Τιβέριος
1873 2682 1958 2715 «καὶ
1987 2680 2068 2723 πῶς

1205 2729 1290 2766 οἷόν
1311 2733 1352 2766 τέ
1375 2732 1497 2766 ἐστιν»
1515 2729 1595 2766 εἶπε
1618 2729 1706 2765 «τὸν
1725 2729 1845 2765 αὐτὸν
1858 2732 1924 2765 καὶ
1938 2731 2066 2774 νέμειν

1203 2792 1244 2816 τε
1265 2783 1330 2815 καὶ
1363 2782 1575 2830 αἱρεῖσθαι»
1582 2792 1596 2821 ,·
1627 2782 1754 2823 συνεὶς
1784 2775 1854 2814 οὖν
1877 2778 1900 2814 ὁ
1922 2779 2067 2822 Γάλλος

1204 2831 1244 2865 ἐν
1266 2825 1296 2876 ᾦ
1319 2830 1441 2866 κακοῦ
1465 2830 1645 2877 ἐγεγόνει,
1680 2829 1731 2876 τῷ
1761 2830 1833 2874 μὲν
1855 2828 1955 2875 λόγῳ
1981 2830 2066 2864 ἐθε-

1204 2881 1392 2929 ράπευσεν
1419 2878 1538 2916 αὑτὸν
1568 2878 1773 2922 ὑπολαβών
1805 2876 1864 2914 ὅτι
1895 2877 1989 2920 αοῦχ
2012 2876 2065 2922 ὦς

1203 2933 1269 2966 καὶ
1289 2930 1334 2966 τὸ
1357 2934 1484 2980 τρίτον
1507 2927 1660 2974 ἕξοντός
1682 2941 1754 2965 σου
1767 2955 1776 2971 ,
1800 2926 1879 2963 ἀλλ’
1902 2926 1954 2972 ὦς
1971 2926 2064 2963 ἀδύ-

1202 2992 1318 3015 νατον
1341 2980 1386 3016 ὃν
1408 2980 1479 3026 τὴν
1509 2979 1633 3030 ἀρχὴν
1656 2978 1911 3028 διαιρεθῆναι,
1946 2976 2062 3013 τοῦτό

1203 3042 1266 3065 σοι
1297 3034 1527 3079 προέτεινα.»
1573 3028 1618 3066 οὔ
1640 3033 1772 3075 μέντοι
1799 3031 1865 3064 καὶ
1892 3027 1943 3074 τῷ
1965 3025 2062 3078 ἔργῳ

1203 3079 1465 3124 ἐτιθάσευσεν,
1489 3078 1586 3115 ἀλλὰ
1610 3080 1732 3115 πολλὰ
1754 3082 1820 3114 καὶ
1841 3076 1945 3114 δεινὰ
1967 3089 2062 3127 προ-

1203 3130 1336 3165 παθών
1369 3130 1466 3176 μετὰ
1494 3130 1614 3166 ταῦτα
1641 3128 1861 3175 ἀπεσφάγη.
1900 3130 1966 3162 καὶ
1987 3126 2061 3176 γὰρ

1203 3183 1268 3215 καὶ
1303 3179 1374 3225 τὴν
1410 3186 1572 3227 γυναῖκα
1608 3177 1727 3216 αὐτοῦ
1766 3178 1836 3224 τὴν
1874 3180 2060 3227 προτέραν

1202 3230 1428 3275 ἐγεγαμήκει
1455 3230 1534 3266 τόν
1563 3242 1612 3265 τε
1632 3229 1843 3279 Δροῦσον
1872 3226 1930 3271 ὦς
1954 3229 2062 3263 υἱὸν

1203 3285 1551 3328 προσεποιεῖτο,
1587 3276 1748 3328 ὅθενπερ
1779 3280 1844 3313 καὶ
1879 3276 2062 3327 πρότερον

1202 3328 1264 3363 διὰ
1293 3332 1434 3373 μίσους
1465 3328 1567 3375 αὐτῷ
1600 3325 1659 3374 ἢν.
1699 3329 1827 3364 Consul
1856 3330 1914 3362 hic
1942 3329 2005 3362 fuit
2026 3338 2060 3362 a.

1203 3380 1279 3413 746.
1303 3380 1426 3414 Libros
1448 3382 1587 3424 scripsit
1609 3380 1653 3414 de
1673 3379 1935 3422 comparatione
1952 3378 2061 3420 patris

1204 3431 1239 3462 et
1254 3430 1449 3472 Ciceronis,
1475 3439 1565 3473 quos
1581 3429 1743 3464 refutavit
1756 3429 1947 3472 imperator
1963 3425 2063 3461 Clau-
