2254 3770
833 296 990 343 LIBER
1018 297 1069 341 H.
1114 296 1215 355 Cap.
1245 297 1314 342 87.
1343 298 1412 343 88.
1935 299 2009 344 ⁴4⁴

228 402 567 461 imperatoribus,
595 403 669 461 qui
694 416 908 447 venenum
931 404 974 447 in
993 403 1205 463 Pyrrhum
1225 418 1375 463 regem
1394 411 1619 450 vetuerant
1637 404 2017 465 prodiderantque.

227 485 418 523 ceterum
452 478 667 522 Arminius
706 477 1038 523 abscedentibus
1076 479 1278 523 Romanis
1307 487 1350 524 et
1389 480 1515 539 pulso
1544 480 1808 525 Maroboduo
1839 495 2019 540 regnum

226 552 442 597 adfectans
470 552 708 597 libertatem
735 553 1007 612 popularium
1037 553 1265 599 adversam
1294 554 1459 608 habuit,
1491 557 1737 615 petitusque
1766 556 1896 600 armis
1921 570 2020 601 cum

225 628 344 672 varia
372 627 539 673 fortuna
567 635 767 681 certaret,
799 628 899 673 dolo
928 629 1269 687 propinquorum
1301 631 1476 676 cecidit:
1519 631 1722 677 liberator
1760 631 1846 676 hau
1886 632 2020 676 dubie

225 690 478 749 Germaniae
508 710 552 748 et
579 704 655 762 qui
683 718 769 748 non
798 704 1032 763 primordia
1059 704 1208 763 populi
1237 706 1433 759 Romani,
1464 707 1575 752 sicut
1604 707 1674 752 alii
1708 721 1835 765 reges
1863 707 2050 752 duces-⁵

224 793 333 837 que,
364 779 444 824 sed
473 778 822 824 florentissimum
849 780 1079 838 imperium
1116 780 1372 834 lacessierit,
1416 781 1592 840 proeliis
1622 783 1866 841 ambiguus,
1905 782 2020 827 bello

222 868 310 898 non
339 855 490 899 victus.
536 861 704 913 septem
734 862 777 900 et
805 855 975 914 triginta
1004 869 1139 900 annos
1161 857 1290 909 vitae,
1322 857 1555 903 duodecim
1583 859 1799 917 potentiae
1821 858 2018 917 explevit,

223 930 476 988 caniturque
515 929 657 975 adhuc
690 930 897 975 barbaras
934 938 1038 989 aput
1073 938 1242 989 gentes,
1291 932 1556 977 Graecorum
1584 934 1807 979 annalibus
1837 934 2018 992 ignotus,

222 1005 296 1063 qui
337 1019 418 1049 sua
454 1011 613 1049 tantum
653 1005 877 1059 mirantur,
918 1006 1120 1051 Romanis
1150 1006 1267 1052 haud
1295 1008 1477 1066 perinde
1508 1008 1709 1063 celebris,
1741 1010 1846 1054 dum
1874 1016 2021 1055 vetera

224 1079 464 1125 extollimus
492 1081 732 1127 recentium
760 1081 979 1127 incuriosi.
2031 1089 2045 1119 ⁴
2050 1089 2070 1120 ⁰

288 1234 320 1267 4.
342 1243 488 1276 pyrrum
508 1234 561 1274 M;
586 1233 653 1267 sed
677 1233 720 1268 cf.
748 1243 779 1268 o.
805 1235 858 1268 63.
887 1253 924 1259 —
949 1235 982 1269 2.
1008 1234 1178 1268 armenius
1200 1235 1234 1269 M
1252 1252 1289 1259 —-
1314 1234 1348 1269 4.
1373 1235 1539 1270 haudubio
1563 1236 1596 1270 M
1615 1251 1651 1259 -
1678 1235 1732 1270 ⁴0.
1757 1236 1875 1270 FINIT
1891 1237 2018 1271 LIBER

225 1288 715 1329 .11.P.GORNELY111N01PIT
733 1291 1156 1327 LIBER.III.FELICITER
1181 1292 1226 1326 Μ.

226 1427 434 1470 neutiquam
449 1436 535 1460 vero
552 1436 682 1470 uquam
697 1428 793 1471 apud
809 1436 932 1469 suos»,
949 1428 986 1462 id
1001 1428 1098 1471 quod
1148 1428 1203 1462 49.
1227 1427 1397 1471 Exempla
1420 1427 1560 1470 collegit
1581 1428 1850 1464 Ruddimannus
1864 1431 1896 1472 1,
1922 1440 1957 1474 p.
1976 1430 2019 1465 ⁴4

224 1478 294 1512 dici
316 1477 402 1511 nihil
425 1478 614 1520 attinebat,
640 1487 723 1512 cum
744 1487 811 1522 per
832 1487 872 1512 se
887 1479 1099 1521 intelligere·
1148 1480 1184 1511 et
1195 1478 1272 1512 ⁴64.
1284 1495 1321 1502 -
1339 1479 1419 1512 dum
1432 1483 1549 1513 vetera
1563 1479 1645 1521 cet.]
1661 1479 1817 1515 Velleius
1831 1483 1969 1516 Patere.
1983 1483 2017 1523 2,

224 1528 292 1561 tur.
318 1528 456 1561 Tacitus
478 1527 548 1561 hoc
571 1528 770 1570 significare
787 1528 941 1562 voluisse
958 1529 1099 1562 videtur
1148 1528 1208 1560 92:
1241 1529 1448 1562 naturaliter
1469 1530 1588 1562 audita
1609 1530 1692 1562 visis
1712 1531 1893 1563 laudamus
1914 1531 2019 1565 liben-

224 1586 381 1619 aequum
403 1577 562 1611 futurum
584 1577 712 1619 fuisse,
738 1579 778 1611 ut
799 1587 820 1611 a
842 1579 1009 1612 Romanis
1030 1580 1098 1612 Ar-
1147 1579 1214 1611 tius
1235 1581 1268 1612 et
1281 1580 1479 1620 praesentia
1499 1580 1652 1622 invidia,
1669 1581 1861 1622 praeterita
1880 1591 2020 1615 venera-

224 1628 353 1661 minius
383 1628 520 1670 Pyrrho
544 1630 651 1670 atque
674 1628 875 1662 Hannibali-
883 1628 1011 1662 saltem
1033 1638 1098 1663 ae-
1146 1630 1234 1663 tione
1259 1632 1497 1672 prosequimur
1524 1634 1556 1666 et
1576 1632 1629 1666 his
1649 1641 1710 1665 nos
1731 1632 1846 1675 obrui,
1875 1634 1942 1667 illis
1963 1634 2019 1667 in-

223 1678 484 1719 quipararetur.
513 1695 549 1702 -
580 1678 727 1721 celebris]
761 1678 921 1712 Eandem
944 1679 1097 1713 nominis
1144 1681 1232 1714 strui
1253 1681 1429 1715 credimus.

223 1727 409 1762 masculini
441 1729 595 1763 formam
623 1729 800 1764 habemus
824 1729 882 1772 ⁴3,
915 1729 958 1764 47
982 1732 1018 1763 et
1040 1729 1094 1772 44,
