2254 3770
276 279 357 325 ⁴94
751 287 796 329 Ρ.
828 286 1078 331 CORNELII
1109 289 1280 334 TACITI
1307 291 1577 338 ANNALIUM
1614 328 1621 340 .

275 390 392 446 gravi
423 397 466 435 et
494 391 758 436 dissimulata
788 392 1023 438 offensione
1053 395 1286 440 abdidisse.
1332 405 1396 441 set
1431 405 1522 443 tum
1551 401 1761 459 supplicia
1791 403 1858 448 dis
1888 404 2066 463 ludique

274 467 415 525 magni
445 467 499 511 ab
521 475 670 512 senatu
692 468 992 521 decernuntur,
1024 484 1134 528 quos
1163 472 1386 528 pontifices
1408 481 1450 517 et
1470 488 1656 533 augures
1677 485 1719 522 et
1738 479 2063 536 quindecimviri

273 543 543 599 septemviris
572 543 698 587 simul
728 550 771 587 et
798 544 1019 588 sodalibus
1049 546 1351 603 Augustalibus
1371 549 1562 593 ederent.
1609 561 1836 597 censuerat
1863 555 1909 598 L.
1931 558 2060 612 Apro-

273 617 369 661 nius
398 625 445 661 ut
472 618 635 663 fetiales
666 633 841 677 quoque
878 619 929 663 iis
967 620 1080 664 ludis
1115 622 1424 679 praesiderent.
1471 632 1619 669 contra
1647 627 1751 671 dixit
1781 629 1959 679 Caesar,
2000 630 2065 673 di-

241 695 424 738 5stincto
464 695 805 739 sacerdotiorum
843 696 936 739 iure
966 703 1008 740 et
1038 698 1227 754 repetitis
1259 698 1487 755 exemplis:
1533 715 1676 760 neque
1707 704 1819 747 enim
1858 719 2063 763 umquam

270 768 482 814 fetialibus
513 770 594 814 hoc
622 770 855 814 maiestatis
876 770 1020 814 fuisse.
1061 772 1159 816 ideo
1191 774 1444 830 Augustales
1475 775 1677 829 adiectos,
1710 779 1811 837 quia
1841 780 2063 838 proprium

270 847 364 889 eius
394 845 549 889 domus
578 847 866 890 sacerdotium
897 854 1013 890 esset
1042 861 1120 904 pro
1151 861 1238 905 qua
1266 856 1364 892 vota
1394 850 1756 907 persolverentur.

380 922 461 978 (65)
495 922 658 980 Exequi
689 922 920 966 sententias
951 922 1065 966 haud
1096 922 1255 966 institui
1294 924 1374 967 nisi
1415 925 1602 984 insignes
1632 942 1712 985 per
1742 928 1970 974 honestum
1992 938 2064 974 aut

267 995 440 1039 notabili
471 996 710 1051 dedecore;
750 997 867 1056 quod
898 998 1180 1055 praecipuum
1209 1013 1365 1043 munus
1397 1001 1612 1045 annalium
1642 1015 1758 1053 reor,
1801 1019 1855 1049 ne
1884 1006 2062 1050 virtutes

215 1080 250 1110 10
265 1071 490 1122 sileantur,
532 1079 667 1131 utque
707 1074 851 1131 pravis
881 1073 1006 1117 dictis
1037 1073 1244 1131 factisque
1275 1088 1328 1118 ex
1362 1077 1611 1133 posteritate
1641 1086 1684 1122 et
1722 1080 1892 1124 infamia
1921 1088 2061 1125 metus

264 1148 329 1191 sit.
376 1154 568 1193 ceterum
606 1156 801 1207 tempora
838 1148 908 1192 illa
947 1148 1057 1192 adeo
1094 1149 1249 1193 infecta
1279 1156 1321 1193 et
1355 1150 1599 1197 adulatione
1631 1155 1806 1199 sordida
1836 1156 1973 1204 fuere,
2015 1164 2063 1200 ut

261 1237 347 1267 non
374 1224 504 1268 modo
534 1225 747 1282 primores
778 1224 969 1274 civitatis,
1008 1224 1165 1282 quibus
1197 1225 1404 1270 claritudo
1435 1241 1514 1271 sua
1543 1228 1765 1287 obsequiis
1796 1231 2060 1289 protegenda

261 1307 363 1352 erat,
396 1300 476 1344 sed
496 1315 646 1344 omnes
668 1299 930 1351 consulares,
962 1314 1116 1357 magna
1138 1315 1237 1357 pars
1259 1315 1411 1345 eorum
1430 1303 1504 1360 qui
1525 1310 1728 1360 praetura
1750 1305 1890 1357 functi,
1918 1306 2059 1350 multi-

259 1389 346 1434 que
376 1377 504 1420 etiam
534 1376 700 1435 pedarii
730 1382 951 1419 senatores
983 1376 1176 1420 certatim
1203 1384 1484 1434 exsurgerent
1503 1378 1716 1437 foedaque
1738 1386 1780 1424 et
1809 1380 1938 1424 nimia
1958 1395 2060 1425 een-

209 1459 246 1488 45
260 1458 416 1496 serent.
462 1452 696 1496 memoriae
718 1451 915 1510 proditur
935 1450 1162 1502 Tiberium,
1195 1452 1394 1510 quotiens
1419 1453 1537 1497 curia
1558 1454 1849 1512 egrederetur,
1883 1457 2058 1501 Graecis

257 1527 402 1572 verbis
432 1528 475 1570 in
504 1527 618 1572 hunc
638 1527 815 1571 modum
835 1526 977 1585 eloqui
1001 1526 1171 1570 solitum
1196 1542 1246 1571 «o
1267 1527 1462 1572 homines
1483 1529 1534 1572 ad
1559 1530 1807 1574 servitutem
1829 1532 2020 1589 paratos!
2036 1550 2055 1574 »

257 1603 420 1649 scilicet
450 1604 579 1648 etiam
607 1603 746 1655 illum,
786 1606 861 1661 qui
891 1602 1133 1646 libertatem
1162 1602 1378 1660 publicam
1408 1603 1558 1655 nollet,
1601 1611 1684 1648 tam
1716 1607 1936 1663 proiectae
1965 1621 2059 1652 ser—

255 1680 462 1723 vientium
498 1679 729 1738 patientiae
769 1678 983 1722 taedebat.
1031 1679 1112 1734 (66)
1143 1678 1349 1736 paulatim
1379 1678 1535 1723 dehinc
1565 1680 1619 1723 ab
1651 1681 1867 1726 indecoris
1903 1682 1957 1726 ad
1995 1684 2059 1726 in-

255 1755 361 1800 festa
392 1754 825 1814 transgrediebantur.
874 1754 919 1798 C.
951 1753 1141 1797 Silanum
1171 1768 1250 1812 pro
1281 1754 1458 1798 consule
1487 1755 1624 1807 Asiae,
1663 1756 2001 1814 repetundarum
2031 1773 2057 1803 a

319 1873 350 1905 l.
376 1872 520 1912 Sectam,
545 1879 616 1904 non
639 1873 769 1910 settwn,
794 1870 828 1903 M
851 1869 926 1911 (Sed
948 1872 1018 1901 tum
1040 1867 1173 1910 margo)
1195 1886 1231 1892 -
1257 1869 1289 1901 2.
1312 1869 1369 1909 qui
1391 1870 1570 1902 decemuiri
1595 1869 1667 1911 (sic)
1691 1871 1724 1904 M
1751 1890 1788 1896 -
1814 1872 1845 1906 4.
1870 1873 1993 1914 fetialis
2014 1874 2049 1908 M

257 1945 293 1952 —-
314 1929 519 1970 presiderent
541 1929 575 1962 M
601 1945 637 1952 —
663 1928 696 1961 8.
722 1930 872 1960 onestum
893 1927 926 1960 M
956 1943 991 1949 —
1024 1926 1054 1958 9.
1077 1926 1275 1967 precipuum
1297 1926 1332 1959 M
1364 1943 1401 1950 —
1436 1925 1489 1959 ⁴4.
1514 1927 1662 1967 pedariis
1684 1936 1738 1970 pr.
1764 1929 1797 1962 M
1822 1946 1859 1952 —
1889 1930 1944 1962 45.
1971 1938 2057 1971 quo-

252 1985 340 2018 ciens
363 1986 397 2020 M
423 2003 459 2008 —
486 1986 607 2018 Gracis
628 1986 662 2020 M
684 2002 729 2009 —
752 1985 805 2018 47.
827 1984 998 2026 prolectae
1020 1983 1053 2016 M
1078 1983 1256 2025 (proiectae
1279 1983 1412 2025 margo)
1437 2001 1472 2006 —
1501 1984 1553 2016 49.
1577 1981 1713 2025 procos.
1738 1985 1784 2019 M.

253 2086 426 2129 abdidisse]
445 2086 617 2128 significat
631 2094 702 2119 non
718 2086 791 2119 tam
808 2086 999 2127 occultasse,
1020 2093 1128 2126 quam
1179 2092 1210 2116 c.
1235 2084 1290 2116 2⁴.
1319 2101 1355 2107 —
1384 2083 1529 2125 fetiales]
1558 2084 1684 2125 Viginti
1709 2085 1810 2117 erant
1832 2085 2052 2127 sacerdotes,

252 2137 324 2169 alta
342 2141 449 2170 mente
462 2138 654 2178 reposuisse.
675 2136 725 2169 Cf.
746 2137 776 2177 l,
795 2137 832 2169 7:
854 2137 999 2170 Tiberius
1013 2137 1126 2177 verba,
1178 2133 1239 2175 qui
1276 2142 1320 2165 ex
1357 2133 1611 2174 antiquissimis
1653 2133 1875 2176 temporibus
1914 2136 1981 2168 iuri
2019 2137 2056 2168 et

251 2188 365 2220 vultus
379 2188 415 2220 in
429 2188 554 2220 crimen
570 2188 766 2227 detorquens
780 2187 986 2220 recondebat.
1016 2189 1046 2227 4,
1066 2188 1124 2220 69;
1178 2183 1279 2224 quasi
1314 2183 1537 2216 caerimoniis
1571 2182 1747 2216 bellorum
1781 2188 1982 2226 praeerant.
2013 2203 2050 2209 —

252 2239 331 2270 odia
352 2238 389 2270 ln
411 2238 548 2280 longum
569 2237 711 2278 iaciens,
742 2246 828 2278 quae
850 2238 1040 2270 reconderet
1062 2247 1128 2270 au·
1175 2233 1338 2275 repetitis]
1371 2242 1413 2265 ex
1448 2234 1668 2274 antiquitate.
1696 2251 1732 2256 -
1764 2234 1836 2267 ideo
1858 2236 2054 2278 Augustales

251 2291 369 2329 ctaque
390 2291 567 2329 promeret.
591 2305 626 2312 -·
646 2287 819 2329 supplicia]
837 2287 1125 2330 supplicationes,
1177 2283 1330 2325 adiectos]
1363 2283 1422 2315 His
1446 2282 1565 2316 verbis
1590 2284 1691 2316 cavet
1715 2283 1894 2324 Tiberius,
1926 2295 1971 2319 ne
2001 2286 2055 2319 fe-

251 2339 292 2370 ut
314 2337 453 2371 Sallust.
480 2337 578 2371 Catil.
599 2338 630 2371 9.
657 2339 731 2379 lug.
749 2338 802 2371 55.
828 2338 900 2370 Liv.
920 2338 974 2378 22,
992 2339 1045 2370 57.
1071 2339 1124 2378 27,

252 2389 266 2420 4
293 2389 329 2420 et
351 2388 406 2420 50.
428 2405 465 2411 —
490 2388 624 2429 ludique
646 2388 777 2429 magni]
802 2388 908 2420 votivi
932 2388 1124 2426 circenses,

252 2437 440 2479 magnifico
475 2446 558 2470 cum
592 2439 765 2480 apparatu
795 2437 981 2476 celebrati3
1018 2437 1125 2470 iidem

253 2489 289 2519 et
309 2488 465 2520 maximi.
492 2488 564 2520 Cic.
592 2487 636 2520 de
661 2488 812 2530 Harusp.
838 2496 932 2529 resp.
961 2487 979 2529 g
1005 2488 1058 2520 42.
1088 2506 1123 2513 —

251 2537 519 2579 quindecimviri]
553 2538 663 2570 sacris
692 2537 865 2570 faciundis
897 2537 951 2579 (cf.
978 2538 1031 2578 Μ,
1058 2537 1123 2580 Η).

254 2603 290 2610 -
316 2587 530 2629 septemviris]
556 2586 778 2629 epulonibus.
806 2588 877 2620 Cic.
904 2587 948 2620 de
972 2587 1123 2628 Harusp.

253 2645 347 2679 resp.
373 2637 469 2679 §2⁴2
499 2637 576 2677 Vos,
598 2638 783 2679 pontifices,
809 2638 854 2669 ad
869 2646 951 2679 quos
973 2638 1126 2678 epulones

251 2687 338 2720 Iovis
355 2687 470 2728 optime·
484 2687 643 2727 maximi,
669 2688 697 2719 si
719 2688 799 2729 quid
823 2687 975 2729 (inludis
992 2687 1125 2729 epulis-

253 2745 322 2779 que
345 2736 510 2770 ludorum
530 2736 763 2778 publicorum)
788 2741 835 2769 est
853 2738 1125 2778 praetermissum

252 2791 312 2820 aut
326 2787 548 2826 commissum,
565 2788 721 2828 afferunt.
748 2788 870 2820 Festus
888 2797 922 2829 p.
937 2788 978 2820 78
990 2786 1119 2821 Muell.:

252 2838 379 2869 Datum
401 2840 448 2869 est
469 2837 519 2868 his
540 2845 677 2877 nomen,
710 2837 799 2876 quod
820 2837 935 2877 epulas
959 2836 1124 2869 indicendi

252 2888 322 2920 Iovi
343 2887 521 2927 ceterisque
543 2887 593 2919 dis
616 2890 812 2927 potestatem
833 2887 999 2920 haberent.
1038 2888 1124 2920 Fre—

253 2939 405 2980 quenter
420 2939 664 2969 memorantur
678 2938 711 2969 in
729 2937 1034 2979 inscriptionibus;
1060 2946 1124 2970 an-

253 2988 398 3030 tiquitus
420 2985 564 3028 quidem
589 2986 727 3019 fuerant
750 2987 920 3019 triumviri
940 2986 1122 3029 epulones.

255 3039 326 3072 Cic.
352 3037 398 3070 de
422 3037 515 3070 Orat.
541 3036 579 3076 3,
605 3036 659 3068 49.
685 3037 756 3068 Liv.
782 3037 835 3077 33,
861 3036 914 3070 42.
953 3038 1124 3077 Quattuor

253 3089 372 3131 priora
387 3085 585 3120 sacerdotia
601 3083 818 3127 (pontifices,
842 3095 1006 3128 augures,
1025 3088 1125 3129 quin-

254 3137 468 3170 decimviros
499 3144 528 3169 s.
554 3134 591 3175 ᾗ,
617 3133 803 3176 epulones)
836 3132 905 3176 τὰς
933 3138 1124 3183 τέσσαρας

256 3183 465 3234 ἱερωσύνας
487 3185 588 3228 quasi
610 3185 691 3217 κατ’
712 3181 853 3227 ἐξοχὴν
869 3188 972 3218 vocat
988 3187 1051 3220 Dio
1068 3187 1122 3227 53,

256 3238 286 3270 t.
305 3238 364 3277 58,
384 3237 424 3270 42
440 3237 476 3269 et
489 3235 673 3269 sacerdotes
691 3243 897 3267 summorum
912 3236 1125 3277 collegiorum

255 3286 398 3318 sueton.
426 3287 513 3327 Aug.
544 3285 618 3318 ⁴00.
651 3302 686 3308 —
711 3283 826 3324 simul]
858 3286 1124 3326 praepositionis

254 3333 333 3367 loco
357 3344 439 3368 cum
462 3335 615 3368 ablativo
638 3343 682 3367 ex
709 3342 777 3367 usu
807 3335 991 3375 poetarum
1015 3344 1034 3367 a
1058 3336 1124 3368 Ta-

257 3384 326 3416 cito
349 3385 502 3426 iungitur
525 3386 630 3418 etiam
654 3383 690 3423 4,
708 3384 762 3417 55.
787 3383 820 3423 6,
838 3383 870 3416 9.
899 3401 935 3407 —
959 3384 1124 3417 sodalibus

254 3433 499 3477 Auomtalibus]
524 3434 575 3468 Cf.
601 3435 633 3475 t,
658 3432 712 3467 ut.
740 3450 778 3458 —
809 3433 845 3466 L.
868 3432 1044 3475 Apronius]
1070 3434 1122 3468 Cf.

1175 2333 1275 2366 tiales
1299 2333 1334 2365 in
1358 2333 1638 2366 deminutionem
1662 2334 1715 2366 sui
1734 2335 1926 2376 accipiant,
1953 2335 2051 2378 quod

1174 2384 1241 2426 ipsi
1290 2385 1501 2424 arceantur,
1550 2383 1761 2426 Augustales
1811 2384 2053 2422 admittantur.

1175 2434 1360 2467 WALTnsn.

1219 2485 1273 2516 65.
1307 2483 1456 2524 pedarii]
1493 2484 1580 2516 Sunt
1613 2485 1816 2525 senatores,
1853 2485 1915 2527 qui
1955 2485 2052 2520 nullo

1174 2535 1361 2576 praeterea
1383 2533 1520 2566 honore
1544 2533 1654 2566 functi
1677 2543 1758 2567 raro
1780 2536 1841 2567 aut
1856 2544 2054 2577 numquam

1174 2585 1354 2626 propriam
1378 2583 1540 2617 dicerent
1562 2585 1788 2625 sententiam,
1813 2585 1879 2619 sed
1902 2585 2052 2620 aliorum

1174 2635 1387 2667 sententiam
1421 2636 1482 2667 aut
1512 2633 1624 2667 verbo
1648 2637 1886 2677 sequerentur
1908 2637 1987 2677 aut,
2021 2637 2052 2670 si

1174 2684 1344 2717 discessio
1367 2683 1493 2725 fiebat,
1519 2685 1555 2717 in
1578 2683 1731 2717 alienam
1754 2686 1970 2718 sententiam
1989 2695 2052 2727 pe-

1173 2736 1266 2768 dibus
1288 2736 1391 2769 irent.
1418 2734 1470 2768 Cf.
1498 2735 1571 2768 Cic.
1597 2734 1643 2767 ad
1669 2735 1739 2767 Att.
1765 2736 1798 2776 l,
1826 2735 1878 2778 ¹9,
1903 2736 1935 2769 9.
1961 2735 2047 2770 Gell.

1172 2785 1205 2826 3,
1232 2785 1284 2818 48.
1311 2785 1404 2817 Fest.
1430 2793 1467 2826 p.
1492 2784 1555 2817 2⁴0
1579 2783 1698 2817 Muell.

1216 2835 1269 2867 66.
1296 2835 1330 2867 C.
1353 2834 1517 2876 Silanum]
1544 2833 1730 2867 consulem
1746 2843 1778 2867 a.
1796 2835 1872 2868 762.
1897 2836 1935 2868 In
1951 2835 2050 2870 fastis

1173 2883 1373 2926 Capitolinis
1397 2885 1546 2916 vocatur
1569 2884 1604 2916 C.
1628 2884 1747 2917 Iunius
1770 2884 1804 2917 C.
1830 2885 1856 2926 s.
1874 2885 1921 2918 M.
1940 2895 1975 2919 n.
1992 2886 2051 2919 Si-

1171 2934 1286 2974 lanus,
1309 2935 1433 2976 flamen
1453 2934 1637 2967 Martialis.
1662 2952 1692 2958 —
1721 2934 1913 2967 Mamercus
1935 2935 2049 2968 Scau-

1170 2984 1241 3026 rus]
1260 2984 1311 3018 Cf.
1331 2985 1428 3025 t,43.
1445 3001 1480 3007 —
1499 2985 1538 3017 L.
1556 2983 1697 3024 Cottam]
1715 2984 1753 3016 L.
1771 2983 1952 3018 Aurelium
1969 2986 2050 3018 Cot-

1172 3036 1263 3074 tam,
1296 3043 1370 3067 cos.
1395 3043 1428 3067 a.
1454 3035 1531 3067 6⁴0.
1573 3034 1647 3067 Cic.
1671 3042 1737 3075 pro
1771 3034 1916 3067 Murena
1941 3034 1961 3077 ἓ
1985 3035 2045 3068 58;

1172 3085 1229 3117 Bis
1251 3084 1364 3117 consul
1383 3084 1496 3126 fuerat
1518 3085 1554 3117 P.
1570 3083 1751 3125 Africanus
1763 3085 1795 3116 et
1809 3084 1891 3116 duos
1903 3087 2050 3117 terrores

1172 3134 1268 3166 huius
1296 3134 1447 3175 imperii,
1482 3133 1726 3176 Karthaginem
1747 3133 2045 3175 Numantiamque,

1173 3184 1354 3224 deleverat,
1386 3192 1463 3216 cum
1486 3183 1790 3226 (repetundarum)
1814 3185 1984 3217 accusavit
2005 3184 2044 3217 L.

1174 3234 1303 3267 Cottam
1320 3235 1362 3274 (a.
1380 3242 1415 3266 u.
1434 3234 1523 3275 622).
1541 3250 1592 3259 --
1608 3234 1712 3274 Saepe
1726 3233 1786 3265 hoc
1798 3233 1943 3265 maiores
1961 3236 2046 3267 natu

1173 3284 1282 3317 dicere
1304 3284 1442 3324 audivi,
1469 3284 1557 3316 hanc
1579 3282 1785 3316 accusatoris
1805 3283 1968 3316 eximiam
1990 3283 2046 3316 ao·-

1171 3335 1333 3376 quitatem
1339 3334 1527 3375 plurimum
1538 3335 1576 3366 L.
1590 3334 1703 3367 Cottae
1710 3332 1887 3374 profuisse.
1904 3333 1954 3366 Cl'.
1966 3331 2042 3366 Val.

1172 3385 1263 3418 Max.
1276 3384 1309 3424 8,
1325 3385 1357 3425 l,
1379 3384 1475 3416 Μ.-
1494 3383 1649 3417 Servium
1661 3381 1876 3426 (Sulpicium)
1888 3381 2042 3426 Galbam]

1173 3435 1352 3468 oratorem
1377 3433 1740 3477 praestantissimum,
1774 3433 1979 3475 praetorem
2005 3439 2039 3466 a.

2232 2567 2254 3031 --.<2:-⁷„‚2·.9÷m-..-'
2247 2536 2254 2557 --
2250 2514 2254 2522 Α.
2251 2502 2254 2503 ,
2249 2483 2254 2486 .
2246 2463 2249 2470 κ

2218 3402 2236 3419 “-
2224 3200 2241 3384 vec—2113.
2231 3026 2246 3183 φὴς

2221 3716 2225 3753 -.
2208 3524 2232 3688 -.naza-vg
2231 3504 2232 3508 .
2229 3462 2234 3486 ,⁴
