2254 3770
742 257 787 300 P.
818 254 1066 300 CORNELII
1095 253 1263 298 TACITI
1293 250 1557 296 ANNALIUM

259 362 360 406 dum
380 361 552 414 vallum,
582 360 791 421 petendus
821 373 970 418 agger;
1001 359 1157 403 amissa
1188 370 1338 415 magna
1367 370 1419 400 ex
1447 362 1566 414 parte
1597 369 1677 414 per
1704 369 1817 415 quae
1845 355 2032 414 egeritur

258 436 413 480 humus
443 443 515 480 aut
542 436 750 482 exciditur
779 448 980 493 caespes3
1011 448 1103 487 nou
1125 433 1302 477 tentoria
1330 430 1575 488 manipulis,
1606 444 1691 475 non
1720 431 1904 475 fomenta
1933 443 2034 474 sau-

261 511 355 556 ciis:
387 511 562 556 infectos
592 524 725 556 caeno
756 516 827 554 aut
856 523 1009 554 cruore
1040 509 1158 553 cibos
1187 506 1425 551 dividentes
1455 506 1643 550 funestas
1674 506 1872 550 tenebras
1907 512 1948 550 et
1975 511 2035 549 tot

259 585 476 630 hominum
518 586 686 630 milibus
723 599 854 628 unum
894 585 977 628 iam
1018 584 1227 642 reliquum
1266 581 1381 625 diem
1419 580 1767 625 lamentabantur.
1817 582 1898 638 (66)
1928 581 2035 625 forte

227 674 399 719 aequus
430 660 620 719 abruptis
649 659 827 704 vinculis
857 673 989 716 vagus
1020 665 1062 703 et
1090 658 1274 702 clamore
1294 657 1465 701 territus
1487 655 1697 714 quosdam
1722 656 2035 701 occurrentium

261 735 513 780 obturbavit.
557 741 669 779 tanta
700 734 798 779 inde
829 734 1114 778 consternatio
1152 732 1364 791 inrupisse
1395 731 1629 775 Germanos
1665 730 1948 782 credentium,
1989 736 2038 774 ut

261 811 399 855 cuncti
429 816 602 854 ruerent
631 809 685 853 ad
714 817 880 868 portas;
921 823 1103 867 quarum
1133 809 1368 852 decumana
1397 806 1578 850 maxime
1608 805 1856 864 petebatur,
1887 819 2036 850 aversa

260 885 369 929 hosti
409 891 450 929 et
488 885 745 943 fugientibus
783 885 923 928 tutior.
972 884 1154 928 Caecina
1190 889 1408 941 comperto
1437 895 1588 925 vanam
1628 895 1726 924 esse
1756 881 2035 932 formidinem,

262 975 358 1005 cum
390 966 528 1004 tamen
559 973 700 1018 neque
731 959 979 1003 auctoritate
998 973 1140 1017 neque
1160 957 1376 1016 precibus,
1410 971 1462 1000 ne
1482 971 1608 1000 manu
1631 956 1806 1014 quidem
1827 955 2037 1000 obsistere

211 1047 247 1077 ιο
262 1042 333 1079 aut
353 1035 534 1079 retinere
554 1035 727 1079 militem
747 1035 904 1093 quiret,
927 1035 1142 1092 proiectus
1163 1034 1204 1076 in
1225 1033 1366 1076 limine
1386 1038 1534 1090 portae
1555 1031 1827 1075 miseratione
1848 1030 2032 1082 demum,

261 1111 363 1169 quia
391 1125 468 1168 per
498 1124 654 1168 corpus
684 1110 808 1167 legati
840 1108 1026 1153 eundum
1058 1115 1166 1158 erat,
1200 1108 1350 1152 clausit
1378 1107 1501 1151 viam.
1542 1105 1667 1150 simul
1697 1106 1852 1150 tribuni
1877 1112 1918 1150 et
1937 1120 2038 1151 cen-

261 1186 450 1229 turiones
480 1185 630 1229 falsum
659 1198 864 1243 pavorem
892 1198 989 1228 esse
1019 1184 1268 1228 docuerunt.
1319 1183 1398 1240 (67)
1431 1189 1531 1226 tunc
1551 1187 1790 1226 contractos
1820 1181 1861 1225 in
1882 1182 2039 1240 princi-

262 1261 333 1318 pia
358 1261 586 1318 iussosque
609 1260 721 1304 dicta
753 1274 849 1304 cum
879 1259 1044 1303 silentio
1076 1259 1271 1317 accipere
1302 1258 1505 1316 temporis
1525 1271 1576 1302 ac
1596 1257 1860 1301 necessitatis
1880 1263 2036 1301 monet.

265 1349 390 1379 unam
410 1335 452 1378 in
473 1336 600 1379 armis
622 1335 818 1385 salutem,
852 1334 930 1379 sed
962 1348 1013 1378 ea
1044 1334 1220 1378 consilio
1241 1332 1535 1391 temperanda,
1567 1332 1914 1391 manendumque
1931 1332 2039 1376 intra

212 1421 248 1451 ⁴5
263 1410 418 1454 vallum
447 1410 586 1454 donec
616 1410 885 1468 expugnandi
916 1410 1059 1454 hostes
1090 1423 1166 1467 spe
1197 1409 1373 1467 propius
1398 1408 1698 1460 succederent;
1730 1422 1830 1451 mox
1847 1407 2039 1466 undique

265 1485 594 1544 erumpendum;
639 1484 709 1529 illa
749 1486 968 1543 eruptione
1012 1485 1066 1528 ad
1103 1484 1296 1528 Rhenum
1325 1483 1551 1541 perveniri.
1611 1483 1726 1542 quod
1759 1483 1795 1527 si
1825 1483 2037 1541 sugerent,

263 1561 396 1619 pluris
426 1560 568 1609 silvas,
600 1560 831 1618 profundas
860 1561 994 1618 magis
1023 1559 1223 1618 paludes,
1257 1559 1475 1603 saevitiam
1504 1558 1689 1602 hostium
1718 1572 1967 1616 superesse:
1998 1564 2041 1603 at

263 1635 494 1680 victoribus
525 1635 675 1686 decus,
708 1635 894 1693 gloriam.
938 1649 1048 1693 quae
1071 1635 1185 1678 domi
1207 1648 1322 1685 cara,
1354 1648 1466 1692 quae
1487 1635 1530 1677 in
1551 1635 1699 1678 castris
1720 1634 1918 1684 honesta,
1949 1648 2040 1678 me-

265 1717 420 1755 morat:
455 1711 623 1755 reticuit
652 1711 705 1755 de
735 1711 938 1754 adversis.
986 1724 1122 1768 equos
1153 1710 1325 1762 dehinc,
1358 1724 1481 1753 orsus
1511 1723 1537 1753 a
1567 1710 1672 1756 suis.
1704 1709 1939 1767 legatorum
1966 1709 2041 1752 tri-

212 1794 250 1824 20
263 1790 560 1844 hunorumque
599 1785 712 1829 nulla
751 1786 979 1829 ambitione
1017 1786 1243 1829 fortissimo
1284 1786 1439 1843 cuique
1480 1784 1671 1828 bellatori
1710 1784 1857 1835 tradit,
1903 1791 1950 1828 ut
1982 1783 2037 1835 hi,

265 1876 364 1905 mox
394 1861 549 1919 pedes,
593 1861 635 1903 in
665 1860 831 1904 hostem
859 1861 1120 1904 invaderent.
1181 1861 1262 1917 (68)
1293 1860 1393 1904 haut
1427 1860 1567 1903 minus
1607 1860 1775 1918 inquies
1805 1860 2040 1904 Germanus

265 1951 342 1995 spe
393 1936 590 1993 cupidine
635 1942 676 1979 et
724 1935 902 1979 diversis
945 1936 1102 1979 ducum
1143 1936 1363 1979 sententiis
1406 1935 1576 1992 agebat,
1623 1935 1808 1979 Arminio
1853 1936 2041 1980 sinerent

266 2011 411 2070 egredi
443 2024 726 2068 egressosque
755 2025 924 2054 rursum
953 2025 1030 2069 per
1058 2011 1204 2055 umida
1233 2017 1275 2054 et
1303 2010 1506 2068 impedita
1551 2011 1903 2055 circumvenirent
1942 2024 2040 2055 sua-

259 257 313 299 56

310 2151 340 2183 4.
365 2150 493 2183 amissis
517 2148 684 2183 Halmius.
715 2167 752 2173 —
778 2158 841 2190 per
863 2159 947 2191 quae
968 2150 1114 2192 eyerilur
1134 2151 1340 2184 Rhenanus:
1369 2159 1494 2193 perque
1514 2151 1643 2193 geritur
1663 2151 1696 2184 M
1719 2167 1755 2173 —
1782 2151 1813 2184 6.
1838 2151 2043 2193 medentium

266 2216 318 2250 pr.
336 2207 370 2241 M
389 2225 423 2230 —
442 2206 472 2238 9.
484 2205 703 2246 praecibusM
718 2224 751 2228 —
769 2206 819 2237 42.
836 2207 1015 2239 docuerant
1027 2207 1154 2240 Haase.
1177 2225 1210 2230 -
1231 2208 1270 2239 47
1276 2233 1281 2239 .
1299 2207 1450 2240 seuitiam
1465 2208 1499 2239 Μ
1513 2226 1555 2232 -
1571 2208 1607 2239 24
1619 2232 1626 2240 .
1643 2215 1801 2249 yemanus
1815 2215 1868 2249 pr.
1883 2208 1918 2240 M
1935 2225 1971 2231 —
1984 2208 2039 2241 22.

264 2263 375 2296 sentiis
395 2263 429 2296 M
451 2262 626 2305 (sententiis
647 2261 781 2304 margo)
804 2281 836 2285 —-
862 2263 914 2295 23.
932 2263 1067 2295 humida
1089 2265 1139 2302 M3
1166 2263 1230 2297 sed
1253 2264 1296 2296 cf.
1323 2273 1353 2296 c.
1380 2264 1432 2296 64.
1459 2264 1512 2296 65.
1537 2265 1622 2297 Hist.
1650 2265 1680 2303 4,
1705 2264 1758 2296 79.
1783 2263 1819 2303 3,
1845 2263 1900 2296 50.
1923 2264 1960 2306 5,
1986 2263 2039 2298 ⁴4.

266 2382 329 2414 Tit.
347 2381 386 2415 4:
412 2381 487 2422 equi
507 2383 628 2413 rector.
649 2399 685 2404 —
704 2381 864 2422 petendus
886 2381 998 2423 ayqer]
1024 2389 1128 2422 quae-

266 2430 376 2464 renda
410 2431 574 2463 materies
610 2431 736 2471 (terra,
773 2439 938 2472 caespes,
980 2430 1125 2472 lapides,

266 2481 416 2524 stipites)
441 2481 486 2513 ad
509 2481 716 2513 struendum
735 2480 875 2514 vallum.
902 2481 950 2514 Ci.
971 2482 1069 2514 Caes.
1089 2482 1125 2513 B.

267 2533 304 2564 G.
330 2531 368 2570 2,
394 2530 454 2563 20:
488 2530 545 2570 qui
567 2531 672 2571 paulo
701 2531 829 2572 longius
851 2531 983 2572 aqyeris
999 2531 1130 2571 petendi

265 2590 370 2614 causa
385 2583 625 2621 processerant.
651 2581 687 2612 B.
715 2580 754 2614 C.
774 2580 804 2620 4,
823 2579 882 2613 42:
908 2581 1038 2622 lonyius
1056 2583 1131 2612 erat

266 2640 372 2674 aqyer
389 2631 558 2671 petendus.
587 2648 622 2654 -
642 2639 706 2671 per
728 2639 813 2671 quae
834 2631 980 2672 egeritur
1001 2631 1128 2672 humus]

1179 2382 1266 2414 meri
1291 2381 1416 2415 decem
1440 2382 1479 2414 X.
1503 2383 1609 2414 etiam
1632 2381 1676 2414 ab
1700 2383 1854 2417 Etruscis
1876 2385 2039 2426 recepta;

1179 2433 1243 2464 sita
1267 2434 1342 2464 erat
1365 2432 1586 2465 occidentem
1608 2442 1750 2474 versus,
1776 2435 1950 2468 orientem
1965 2443 2042 2467 ver-

1178 2491 1238 2515 sus
1267 2484 1452 2524 praetoria.
1488 2483 1609 2524 Veget.
1644 2483 1688 2516 de
1719 2493 1758 2516 re
1789 2484 1887 2517 milit.
1921 2486 1954 2526 4,
1978 2485 2038 2518 23:

1177 2534 1278 2565 Porta
1300 2537 1428 2574 autem,
1454 2542 1540 2574 quae
1560 2534 1748 2575 appellatur
1763 2535 1959 2576 praetoria,
1983 2540 2044 2569 aut

1177 2584 1333 2616 orientem
1354 2586 1500 2624 spectare
1522 2583 1611 2615 debet
1632 2587 1691 2616 aut
1711 2585 1804 2617 illum
1826 2586 1952 2626 locum,
1986 2586 2044 2627 qui

1177 2634 1298 2666 hostem
1331 2634 1479 2674 respicit,
1516 2637 1592 2674 aut,
1629 2636 1657 2667 si
1690 2635 1753 2667 iter
1786 2636 1917 2676 agitur,
1951 2635 2044 2668 illam

266 2683 339 2715 Hac
368 2680 611 2727 παραφράσει
639 2680 794 2713 devitare
816 2680 925 2713 voluit
947 2681 1128 2713 rusticiora
1174 2687 1306 2724 partem
1339 2684 1427 2716 debet
1460 2685 1642 2724 attendere,
1678 2685 1723 2716 ad
1746 2693 1847 2725 quam
1881 2688 1927 2717 est
1957 2694 2040 2726 pro-

267 2731 426 2766 corbium
456 2740 498 2764 ac
520 2733 719 2773 sportarum
743 2732 894 2764 nomina.
923 2748 958 2754 —
971 2718 1130 2763 tentoria
1177 2735 1321 2775 fecturus
1354 2735 1528 2766 exercitus.
1575 2735 1770 2766 Decumana
1798 2738 1910 2767 autem
1937 2739 2041 2776 porta

265 2781 452 2823 manipulis]
484 2782 565 2823 quia
589 2781 826 2824 manipulatim
849 2782 996 2823 tentoria
1020 2782 1054 2814 in
1075 2790 1131 2813 ca·
1178 2792 1262 2823 quae
1277 2783 1462 2823 appellatur
1470 2786 1548 2823 post
1556 2783 1766 2823 praetoriam
1781 2786 1844 2824 est,
1863 2793 1927 2824 per
1942 2793 2044 2826 quam

267 2833 348 2866 stris
372 2831 514 2864 stabant
537 2831 729 2872 (intervallo
753 2830 888 2872 aliquo,
917 2832 955 2863 ut
977 2831 1127 2872 videtur,

1178 2834 1397 2873 delinquentes
1417 2834 1535 2866 milites
1561 2835 1746 2866 educuntur
1768 2835 1813 2866 ad
1830 2843 1983 2875 poenam.
2000 2854 2043 2860 —

267 2883 429 2925 separata
458 2890 478 2914 a
505 2883 744 2924 proximorum
769 2881 1025 2923 manipulorum
1051 2884 1129 2914 ten—
1172 2884 1340 2924 proiectus
1368 2883 1403 2914 in
1431 2883 1541 2915 limine
1560 2883 1689 2924 portae]
1727 2883 1824 2916 Idem
1856 2884 2042 2926 aliquando

268 2934 372 2974 toriis)
397 2932 548 2974 ideoque
567 2933 641 2965 sine
660 2932 766 2964 dubio
784 2931 1022 2974 manipulatim
1041 2941 1129 2973 quo-

267 2991 336 3026 que
349 2983 534 3016 coniuncta
551 2983 585 3014 in
602 2983 724 3014 itinere
737 2981 967 3014 vehebantur.
984 2983 1125 3015 WALrn.

272 3052 302 3058 -
329 3034 476 3075 funestas
498 3032 656 3073 tenebras]
681 3033 781 3074 quasi
806 3034 896 3065 vitae
920 3032 1027 3065 finem
1049 3040 1128 3073 por-

268 3084 471 3123 tendentes3
494 3083 615 3124 ferales
636 3082 674 3122 Ξ,
701 3083 753 3115 34.
778 3083 895 3115 WOLF.

321 3185 375 3218 66.
400 3185 584 3217 decwnwna
604 3192 648 3215 m.
678 3182 728 3224 p]
753 3183 911 3225 opposita
933 3184 1127 3224 praetoriae

269 3237 304 3267 et
318 3243 442 3267 aversa
464 3234 508 3267 ab
532 3234 645 3267 hoste.
700 3234 825 3274 Hygin.
843 3234 994 3265 Gromat.
1014 3242 1047 3274 p.
1073 3234 1113 3266 77

268 3284 402 3318 Schel.:
429 3293 514 3325 quae
536 3293 558 3316 a
581 3282 764 3316 cohortibus
782 3283 913 3315 decimis
934 3282 978 3314 ibi
1000 3284 1131 3315 tenden-

267 3335 351 3368 tibus
373 3335 556 3367 decumana
577 3337 625 3367 est
645 3334 822 3375 appellata.
848 3333 986 3366 Rectius
1009 3333 1129 3365 Miiller

268 3384 427 3418 Etrusker
450 3386 496 3425 11,
521 3394 556 3427 p.
574 3384 636 3417 426
657 3387 693 3417 et
716 3383 778 3416 450
802 3382 897 3416 ducit
919 3392 939 3415 a
963 3384 1043 3415 nota
1067 3392 1130 3415 nu-

1179 2933 1312 2965 fecerat
1325 2934 1396 3015 2²tin.
1417 2934 1604 2975 Pompeius
1627 2932 1922 2967 adulescentulus.
1953 2934 2039 2968 Plut.

1180 2985 1299 3024 Pomp.
1351 3009 1356 3015 .

1223 3059 1276 3091 67.
1308 3066 1392 3099 quae
1421 3058 1457 3089 in
1485 3067 1513 3090 c.
1538 3057 1682 3099 honesta]
1714 3058 1805 3090 dona
1836 3057 2039 3098 honorifica,

1179 3118 1248 3141 non
1283 3110 1353 3140 tam
1389 3108 1423 3140 in
1459 3109 1582 3140 castris
1611 3109 1765 3149 reposita
1796 3116 1902 3149 quam
1925 3108 2042 3142 adhuc

1179 3157 1360 3191 merenda.
1387 3159 1545 3190 ΡιεΗΕΝΑ,
1575 3174 1609 3180 -
1639 3158 1733 3190 nulla
1754 3157 1938 3198 ambitione]
1962 3157 2042 3190 nul-

1179 3207 1243 3240 lius
1268 3208 1335 3240 hoc
1360 3206 1515 3239 favorem
1539 3215 1733 3248 quaerens,
1761 3206 1824 3239 sed
1849 3207 1951 3239 unice
1974 3207 2042 3239 for-

1119 3258 1125 3267 ‘
1178 3258 1362 3291 titudinem
1378 3257 1582 3299 respiciens.
1598 3256 1694 3298 (ohne
1709 3256 1946 3289 Parteilichkeit
1961 3258 2040 3290 Gut-

1179 3308 1317 3350 mann.)

1222 3382 1274 3415 68.
1300 3381 1536 3423 incorruptam]
1568 3382 1759 3423 integram,
1790 3389 1861 3414 non
1885 3382 1919 3415 in
1942 3381 2038 3425 palu-
