2254 3770
816 315 971 359 LIBER
997 315 1106 359 XIII.
1157 315 1258 373 Cap.
1288 315 1356 360 29.
1386 315 1453 358 30.

1941 315 2024 358 443

242 423 449 474 sulerent,
481 428 601 466 extra
629 421 825 466 ordinem
855 421 1040 465 bonores
1069 421 1275 478 promisit.
1320 421 1397 465 sed
1428 421 1578 465 deerat
1606 420 1738 465 robur
1756 421 1905 464 aetatis
1926 435 2024 465 eum

240 499 425 557 primum
462 497 756 555 magistratum
793 496 1131 554 capessentibus.
1179 496 1305 553 igitur
1334 497 1446 540 Nero
1480 503 1680 554 praetura
1708 496 1954 554 perfunctos
1985 503 2027 540 et

241 573 502 631 experientia
530 572 735 630 probatos
765 571 934 628 delegit.

353 648 434 705 (30)
470 649 700 691 Damnatus
730 646 867 690 isdem
887 650 973 691 c6s.
997 646 1221 704 Vipsanius
1242 647 1406 690 Laenas
1427 647 1482 690 ob
1506 647 1744 691 Sardiniam
1765 647 2026 705 provinciam

240 737 368 767 avare
405 722 604 766 habitam.
656 721 877 766 absolutus
915 721 1082 765 Cestius
1122 720 1329 764 Proculus
1359 722 1712 779 repetundarum,
1753 723 2060 767 Cretensibuss

241 797 554 843 accusantibus.
587 796 759 841 Clodius
789 796 1036 849 Quirinalis,
1068 796 1184 854 quod
1205 796 1447 853 praefectus
1467 798 1687 855 remigum,
1709 798 1781 856 qui
1803 799 2029 842 Ravennae

242 873 523 923 haberentur,
564 871 681 916 velut
709 871 896 915 infimam
927 875 1146 915 nationum
1175 870 1338 915 Italiam
1369 872 1535 916 luxuria
1565 872 1833 931 saevitiaque
1859 871 2031 917 afflicta-

243 949 390 999 visset‚
436 961 604 991 veneno
641 946 956 990 damnationem
996 947 1153 990 anteiit.
1201 946 1401 990 Caninius
1438 947 1632 999 Rebilus,
1680 962 1732 992 ex
1772 948 2031 1006 primoribus

244 1023 396 1082 peritia
424 1022 568 1081 legum
597 1029 640 1066 et
668 1022 878 1080 pecuniae
907 1021 1216 1079 magnitudine,
1249 1022 1463 1066 cruciatus
1493 1036 1649 1080 aegrae
1680 1030 1880 1068 senectae
1901 1024 2032 1068 misso

245 1113 324 1157 per
361 1112 494 1142 venas
532 1097 738 1155 sanguine
769 1096 934 1154 effugit,
975 1096 1090 1140 haud
1121 1096 1310 1140 creditus
1339 1097 1538 1142 sufficere
1569 1098 1623 1142 ad
1654 1099 1933 1143 constantiam
1960 1113 2033 1142 su-
2046 1112 2083 1141 io

245 1173 428 1218 mendae
456 1173 624 1224 mortis,
656 1172 712 1216 ob
743 1172 941 1216 libidines
970 1171 1237 1216 muliebriter
1265 1172 1444 1216 infamis.
1486 1179 1529 1216 at
1557 1174 1601 1216 L.
1632 1173 1830 1218 Volusius
1861 1175 2035 1232 egregia

246 1250 357 1293 fama
386 1248 620 1301 concessit;
659 1248 727 1292 cui
766 1254 853 1291 tres
883 1254 925 1291 et
953 1247 1183 1305 nonaginta
1212 1248 1310 1291 anni
1340 1248 1523 1306 spatium
1553 1248 1724 1293 vivendi
1753 1250 2035 1308 praecipuae-

246 1339 332 1383 que
362 1338 468 1382 opes
498 1323 623 1367 bonis
653 1322 833 1375 artibus,
866 1322 1074 1367 inoffensa
1104 1329 1165 1366 tot
1194 1323 1499 1381 imperatorum
1528 1323 1707 1376 malitia,
1739 1324 1921 1369 fuerunt.

313 1421 343 1453 4.
370 1419 466 1453 elatis
487 1420 521 1453 M
547 1436 584 1442 —
617 1419 650 1452 2.
672 1421 838 1459 praetura
867 1419 1037 1451 Pichena:
1065 1418 1281 1459 praefectura
1310 1419 1343 1452 M
1375 1435 1412 1443 —
1447 1418 1478 1451 3.
1503 1420 1625 1453 Utrum
1648 1421 1681 1454 M
1703 1419 1834 1453 habeat
1855 1420 1969 1453 delecit
1990 1429 2035 1452 an

246 1471 385 1511 delexit,
411 1470 625 1511 distinguere
648 1469 806 1510 nequivit
828 1469 998 1502 Baiterus.
1020 1487 1056 1494 -
1081 1468 1114 1501 4.
1139 1469 1231 1501 lenas
1252 1469 1286 1501 M
1311 1486 1345 1493 —
1374 1471 1406 1502 5.
1432 1469 1536 1502 abare
1557 1471 1590 1503 Μ
1616 1489 1652 1495 -
1679 1470 1803 1504 Cestius
1826 1470 2034 1503 Rhenanus:

245 1523 351 1553 cestus
372 1520 406 1553 M
431 1538 467 1543 —
493 1518 696 1552 Cretensibus
718 1519 941 1561 Nipperdey:
965 1519 1170 1552 credentibus
1192 1520 1244 1557 M;
1269 1519 1453 1552 cedentibus
1467 1519 1673 1554 Beroaldus.
1698 1540 1734 1545 —
1754 1521 1786 1554 6.
1805 1520 2038 1553 accusantibus

247 1569 297 1603 M:
322 1569 571 1602 accusatoribus
593 1568 660 1602 alii.
681 1586 717 1592 —
742 1569 886 1602 rabenne
910 1570 942 1603 M
969 1587 1003 1592 —
1030 1570 1062 1602 7.
1088 1569 1188 1602 uelud
1210 1570 1244 1603 M
1270 1587 1306 1592 -
1331 1570 1515 1611 seuitiaque
1536 1571 1568 1603 M
1595 1588 1631 1593 -
1657 1571 1689 1604 8.
1714 1571 1929 1604 damnatione
1951 1572 1982 1604 M
1998 1588 2034 1595 —

248 1620 409 1654 Caninius
430 1620 558 1653 Rebilus
579 1620 734 1662 Lipsius:
761 1620 800 1652 G.
818 1620 969 1652 Aminius
983 1619 1094 1652 rebius
1107 1620 1141 1653 M
1160 1637 1196 1643 —
1222 1619 1254 1651 9.
1272 1628 1349 1661 eqre
1370 1624 1494 1653 senecta
1515 1621 1550 1654 Μ
1576 1638 1611 1644 -
1636 1622 1754 1654 emisso
1777 1622 1940 1654 Heinsius
1957 1620 2034 1654 coll.

249 1671 379 1703 Lucan.
405 1670 437 1710 7,
463 1671 538 1703 625.
566 1687 602 1693 —-
628 1670 681 1702 40.
706 1670 860 1702 sumenda
882 1670 915 1703 M
942 1687 976 1694 -
1004 1671 1058 1702 42.
1084 1669 1184 1702 annis
1204 1678 1259 1711 pr.
1281 1670 1314 1702 M
1340 1687 1376 1692 —
1404 1669 1456 1702 43.
1481 1670 1617 1712 fuerunt
1639 1670 1812 1705 Halmius:
1837 1671 1901 1713 fuit
1923 1671 1968 1712 M,
1993 1679 2037 1703 ex

250 1719 505 1754 adsimilatione
529 1720 575 1753 ad
596 1720 746 1762 malitia,
771 1719 868 1762 quod
889 1728 1080 1762 perperam
1102 1728 1168 1762 pro
1192 1719 1406 1752 nominativo
1427 1719 1679 1763 accipiebatur.

251 1804 368 1838 neque
403 1796 478 1829 sine
514 1795 604 1828 iusta
638 1803 745 1828 causa
776 1795 883 1828 cessit
913 1795 993 1836 Agr.
1028 1803 1059 1827 c.
1085 1794 1118 1835 4,
1167 1794 1358 1836 pecuniam
1379 1793 1426 1826 ad
1447 1795 1646 1836 impensam
1668 1795 1833 1829 ludorum
1856 1795 2039 1829 sibiobla—

250 1846 359 1878 vitam
374 1844 556 1886 Agricolae
580 1845 695 1878 soceri
719 1846 926 1878 narraturus
949 1846 985 1877 et
1006 1846 1120 1877 totum

251 1895 380 1929 librum
412 1896 494 1928 huic
516 1897 577 1928 uni
600 1895 849 1929 destinaturus.
878 1894 990 1927 Aliam
1014 1903 1121 1927 exce-

250 1946 409 1989 ptionem
431 1945 584 1978 vidimus
609 1946 663 1985 44,
681 1945 734 1985 33,
760 1945 825 1978 sed
848 1954 928 1977 eam
952 1953 1043 1987 quae
1067 1953 1123 1977 re-

251 1994 369 2038 gulam
391 1994 611 2038 comprobet.
636 1995 781 2028 Restant
803 1995 839 2028 in
857 1993 1123 2028 Annalibusdi-

250 2054 376 2079 versae
409 2045 675 2079 consuetudinis
700 2044 862 2087 exempla
888 2047 1032 2088 praeter
1055 2045 1122 2077 hoc

251 2104 314 2130 sex
336 2096 377 2135 2,
403 2096 434 2128 4.
460 2095 493 2136 3,
518 2094 572 2129 49.
599 2096 652 2136 42,
678 2095 721 2127 29
745 2097 781 2128 et
802 2094 840 2128 44
863 2097 900 2128 et
914 2094 968 2128 45.
995 2096 1048 2135 45,
1066 2095 1120 2135 70,

252 2154 344 2188 quae
378 2153 460 2178 cum
495 2144 667 2178 adversus
705 2145 886 2186 ingentem
920 2145 1122 2178 ceterorum

252 2196 392 2237 copiam
407 2195 524 2228 minus
539 2193 673 2236 valent,
699 2196 775 2227 tum
791 2195 910 2227 omnia
926 2195 1032 2227 etiam
1048 2193 1123 2227 aliis

252 2245 298 2278 de
322 2245 438 2279 causis
462 2246 535 2278 vitii
558 2246 798 2288 suspicionem
821 2247 977 2278 movent.
1005 2246 1045 2277 ln
1061 2244 1124 2277 Hi-

252 2296 371 2328 storiis
402 2296 542 2329 nonnisi
569 2295 605 2328 in
628 2295 770 2329 duobus
791 2295 993 2328 nominibus
1018 2294 1126 2328 Cluvii

252 2346 326 2387 Rufi
348 2345 404 2387 (2,
429 2345 485 2386 65)
511 2346 546 2378 et
570 2345 730 2386 Tamphili
751 2345 910 2378 Flaviani
934 2345 983 2387 (2,
1009 2345 1063 2378 86.
1089 2344 1121 2385 3,

253 2394 275 2429 4
298 2396 334 2428 et
357 2395 409 2435 40)
440 2395 508 2428 hoc
531 2404 644 2437 genus
667 2396 902 2437 corruptionis
925 2396 1124 2437 grassatum

255 2448 325 2486 est,
351 2446 417 2479 sed
438 2446 486 2478 ita
500 2447 540 2479 ut
557 2455 675 2487 neque
692 2445 845 2478 dubitari
860 2446 971 2488 possit
986 2445 1031 2478 de
1048 2454 1125 2478 cor-

255 2496 392 2539 ruptela
425 2497 535 2538 utque
569 2497 781 2530 mendarum
815 2497 913 2538 origo
951 2498 1123 2529 attentum

255 2544 427 2579 lectorem
450 2545 559 2579 latere
583 2548 749 2588 nequeat.
786 2547 837 2579 Ex
859 2546 972 2580 tribus
995 2547 1126 2579 Roma—

254 2605 383 2629 norum
406 2596 609 2630 nominibus
631 2597 770 2630 Tacitus
793 2596 864 2629 duo
892 2605 957 2639 pro
981 2595 1125 2629 arbitrio

254 2648 316 2679 aut
341 2655 406 2689 pro
436 2655 475 2679 re
507 2647 588 2679 nata
619 2645 750 2688 eligere
781 2645 870 2679 solet
893 2647 929 2678 et
950 2654 1124 2688 persaepe

254 2696 368 2738 gentis
391 2704 522 2729 nomen
545 2697 581 2728 et
602 2704 801 2737 cognomen
816 2695 943 2735 refert,
966 2697 1007 2728 ut
1021 2694 1125 2737 paulo

255 2748 336 2779 ante
355 2746 529 2787 Vipsanius
544 2746 686 2786 Laenas,
711 2746 836 2779 Cestius
856 2745 1027 2785 Proculus,
1050 2746 1126 2779 Clo-

255 2798 330 2830 dius
353 2797 546 2838 Quirinalis.
585 2797 642 2829 Sic
672 2797 779 2829 etiam
808 2796 879 2828 hoc
911 2795 990 2829 loco
1013 2795 1126 2829 habe-

255 2846 374 2880 bimus
408 2847 495 2880 scita
528 2846 721 2879 mutatione
756 2846 934 2879 Caninium
966 2845 1123 2879 Rebilum.

255 2897 389 2930 Aminia
411 2897 508 2930 enim
531 2905 619 2938 gens
642 2895 737 2929 nulla
753 2896 891 2938 cognita
908 2896 981 2936 est,
1006 2904 1048 2928 ac
1070 2894 1127 2928 lit—

256 2948 333 2981 tera
356 2946 448 2980 male
472 2947 640 2980 distracta
664 2947 793 2980 ceteris
816 2946 980 2979 adiuncta
994 2971 1002 2986 ,
1026 2944 1126 2979 facile

258 2997 329 3030 exit
350 2997 524 3030 Caninius.
552 2998 661 3029 Porro
685 3004 816 3029 nomen
837 2996 974 3036 Rebius,
999 2996 1055 3028 cui
1070 2994 1127 3027 lit-

258 3047 334 3079 tera
363 3046 375 3078 l
403 3045 585 3078 subtracta
620 3046 675 3078 est
706 3044 941 3087 imprudentis
974 3043 1128 3077 liberarii

259 3104 381 3129 errore
405 3097 441 3128 et
463 3094 679 3129 assimilandi
707 3094 930 3128 inclinatione
955 3095 1129 3135 (Caninius

261 3145 415 3186 Rebius)‚
433 3146 592 3187 ignotum
607 3146 663 3178 est
674 3153 792 3189 neque
808 3145 949 3178 Caninio
964 3144 1130 3177 convenit

260 3196 443 3237 tamquam
465 3202 680 3236 cognomen,
712 3193 778 3227 sed
800 3194 935 3235 ipsum,
964 3194 995 3226 si
1017 3193 1130 3227 extitit

261 3253 435 3287 unquam,
471 3252 604 3278 nomen
633 3245 688 3276 est
714 3242 842 3285 gentile
865 3251 958 3275 nunc
982 3243 1128 3276 minime

261 3295 394 3337 aptum.
432 3295 561 3328 Contra
597 3292 726 3326 Rebilus
753 3293 879 3325 notum
908 3292 963 3324 est
989 3301 1032 3325 ac
1054 3293 1128 3326 fere

261 3345 475 3387 perpetuum
504 3344 732 3377 Caniniorum
756 3342 1050 3383 cognomentum,
1082 3342 1127 3376 de

263 3401 334 3434 quo
357 3394 402 3427 cf.
427 3395 653 3428 Drumannus
675 3393 762 3425 Hist.
786 3392 824 3425 R.
843 3392 869 3424 t.
885 3391 935 3430 11,
961 3399 997 3433 p.
1023 3393 1126 3426 407-

265 3442 340 3477 440.
365 3444 428 3477 Hic
452 3443 617 3478 Caninius
632 3442 780 3476 fortasse
799 3439 856 3474 ille
872 3438 953 3481 fuit,
978 3439 1043 3476 abs
1058 3449 1129 3484 quo

1169 1845 1242 1876 tam
1265 1844 1429 1886 accipere
1452 1843 1562 1877 noluit
1583 1844 1689 1878 Iulius
1705 1846 1896 1879 Graecinus
1918 1854 1938 1878 a
1955 1847 2038 1879 Gaio

1172 1894 1324 1927 Caesare
1358 1894 1575 1928 interfectus.
1610 1896 1745 1928 Seneca
1779 1896 1824 1929 de
1858 1896 1979 1930 Benef.
2003 1897 2037 1937 2,

1170 1944 1207 1976 24
1225 1953 1232 1975 z
1268 1953 1345 1977 cum
1371 1945 1427 1978 ille
1449 1944 1578 1978 Rebilus
1599 1947 1802 1987 consularis,
1831 1946 1928 1979 homo
1950 1947 2039 1980 eius-

1171 1995 1244 2028 dem
1265 1995 1443 2036 infamiae,
1467 1997 1630 2030 maiorem
1650 2005 1815 2031 summam
1828 1999 1971 2031 misisset
1983 1997 2040 2030 in-

1170 2049 1356 2086 staretque,
1384 2049 1422 2078 ut
1443 2046 1551 2087 accipi
1572 2047 1712 2088 iuberet,
1747 2057 1902 2090 «royosto
1931 2048 2041 2089 inquit

1174 2096 1358 2138 «ignoscas,
1382 2099 1413 2129 et
1432 2105 1456 2129 a
1470 2098 1600 2131 Persico
1613 2107 1681 2130 non
1695 2099 1839 2140 accepi».
1863 2099 1926 2133 Est
1940 2099 2039 2132 dives

1173 2147 1210 2178 et
1242 2145 1382 2179 infamis
1417 2145 1559 2188 qualem
1594 2147 1734 2181 Tacitus
1767 2149 1910 2182 notavit.
1956 2149 2039 2182 Eius

1172 2197 1292 2238 pater,
1317 2196 1459 2238 opinor,
1485 2197 1524 2230 C.
1550 2197 1716 2230 Caninius
1739 2197 1898 2239 Rebilus,
1924 2207 1957 2231 a.
1975 2198 2039 2232 742

1173 2244 1295 2279 consul
1312 2245 1498 2286 suffectus,
1516 2248 1679 2280 mortuus
1695 2249 1750 2281 est
1769 2248 1806 2281 in
1822 2249 2038 2290 magistratu,

1172 2297 1278 2338 atque
1301 2296 1406 2329 huius
1427 2297 1531 2338 pater
1551 2305 1624 2329 uno
1647 2296 1704 2330 die
1727 2306 1758 2331 a.
1784 2298 1848 2331 709
1875 2297 2040 2331 consula-

1173 2346 1249 2378 tum
1271 2345 1395 2387 gessit:
1422 2345 1465 2378 cf.
1491 2346 1532 2379 H.
1558 2346 1591 2387 3,
1609 2346 1662 2380 37.
1688 2348 1823 2381 Rrrrnn.
1843 2366 1879 2372 -
1904 2348 1944 2381 ob
1964 2348 2042 2381 libi-

1173 2396 1264 2428 dines
1288 2395 1493 2428 muliebriter
1512 2396 1660 2439 infamis]
1690 2397 1875 2439 impotenti
1896 2398 2040 2432 libidine

1173 2447 1274 2480 actus
1304 2445 1489 2479 muliebria
1511 2454 1654 2488 passus.¹
1678 2465 1707 2470 —
1738 2448 1778 2481 L.
1806 2449 1965 2493 Volusius]
1987 2450 2040 2482 De

1175 2496 1278 2529 huius
1301 2497 1446 2529 senecta
1461 2494 1591 2530 Plinius
1608 2497 1628 2529 7
1652 2496 1672 2538 5
1689 2497 1770 2531 ⁴56:
1795 2499 1911 2540 Nuper
1924 2500 1961 2532 L.
1984 2500 2042 2532 Vo-

1173 2546 1278 2579 lusius
1298 2546 1503 2579 Saturninus
1525 2547 1689 2587 omnium,
1714 2555 1796 2589 quos
1815 2549 1853 2582 in
1868 2550 2042 2582 consulatu

1173 2597 1370 2630 sententiam
1401 2600 1598 2638 roqaverat,
1629 2601 1791 2638 superstes
1817 2599 1893 2640 fuit.
1932 2602 2041 2634 Prae-

1175 2646 1307 2679 fectum
1342 2654 1424 2679 eum
1454 2645 1536 2678 urbi
1565 2646 1672 2680 luisse
1700 2646 1841 2689 colligas
1865 2658 1908 2682 ex
1930 2649 2040 2683 altero

1175 2695 1273 2729 Plinii
1296 2694 1374 2728 loco
1397 2694 1482 2728 ibid.
1507 2695 1527 2738 5
1547 2695 1608 2728 62:
1632 2697 1749 2737 Nuper
1769 2698 1806 2730 L.
1828 2698 1958 2732 Volusio
1979 2700 2042 2733 Sa-

1173 2745 1308 2778 turnino
1329 2745 1365 2777 in
1389 2745 1606 2786 praefectura
1628 2745 1722 2779 urbis
1742 2748 1905 2781 exstincto
1926 2752 2042 2782 notum

1174 2799 1222 2829 est
1244 2795 1397 2828 Cornelia
1425 2795 1618 2836 Scipionum
1644 2797 1751 2838 ¹nentis
1777 2798 1945 2832 Volusium
1969 2800 2042 2841 (in-

1174 2845 1295 2887 telligit
1328 2846 1367 2885 Q.
1400 2844 1583 2878 Volusium
1613 2846 1798 2881 consulem
1829 2857 1862 2882 a.
1893 2858 1929 2882 u.
1960 2850 2040 2892 809)

1174 2896 1414 2935 Saturninum,
1450 2895 1508 2935 qui
1534 2895 1599 2937 fuit
1627 2897 1760 2938 consul,
1795 2899 1944 2940 genitum
1968 2903 2043 2941 post

1173 2945 1270 2978 LXII.
1295 2954 1432 2977 annum.
1466 2945 1507 2978 Et
1529 2945 1574 2978 de
1598 2945 1726 2981 divitiis
1741 2948 1817 2981 eius
1833 2949 1970 2982 Tacitus
1986 2949 2040 2989 44.

1175 2995 1235 3027 56:
1280 2994 1325 3026 Et
1354 2997 1517 3035 quantum
1551 2995 1681 3029 Volusio
1709 2997 1811 3039 lonya
1831 2998 2043 3038 parsimonia

1176 3044 1357 3085 quaesivit,
1382 3046 1514 3078 tantum
1528 3045 1565 3077 in
1579 3048 1611 3078 te
1623 3054 1699 3079 mea
1713 3046 1896 3079 liberalitas
1910 3049 2043 3089 emplere

1175 3102 1242 3126 non
1257 3096 1376 3134 potest.
1403 3094 1451 3127 Cf.
1473 3094 1506 3134 3,
1524 3094 1578 3127 30.
1596 3096 1682 3128 LIPS.
1708 3096 1799 3128 Eum
1812 3099 1954 3130 veterem
1968 3106 2044 3131 con-

1175 3143 1321 3176 sularem
1347 3144 1524 3185 virumque
1545 3145 1826 3187 opulentissimum
1847 3148 1952 3179 vocat
1974 3148 2043 3182 Co-

1176 3192 1318 3226 lumella
1335 3194 1366 3235 4,
1384 3195 1416 3227 7.
1437 3212 1472 3218 -
1498 3195 1591 3228 bonis
1613 3195 1753 3236 artibus]
1777 3197 1818 3230 Ut
1832 3198 1990 3239 Propert.
2009 3200 2040 3240 4,

1177 3242 1210 3283 4,
1228 3243 1288 3276 43:
1311 3244 1477 3287 Ingenuus
1498 3245 1589 3278 color
1609 3249 1641 3278 et
1662 3246 1775 3278 multis
1789 3246 1888 3280 mus
1901 3248 2041 3290 artibus,

1177 3292 1310 3326 scilicet
1343 3295 1544 3336 quaesitum
1577 3294 1632 3327 vel
1659 3297 1834 3338 paratum.
1865 3297 1975 3332 Dosn.
2003 3317 2040 3323 —

1176 3343 1337 3385 inoffensa
1364 3347 1413 3377 tot
1440 3345 1679 3386 imperatorum
1703 3345 1854 3388 malitia]
1877 3347 1913 3380 h.
1939 3356 1971 3380 e.
1996 3349 2042 3381 ita

1176 3395 1217 3426 ut
1237 3395 1472 3437 imperatores
1495 3403 1679 3436 nunquam
1702 3394 1915 3438 offenderet,
1946 3399 2043 3440 quod

1177 3442 1318 3478 difficile
1340 3446 1418 3478 erat
1444 3444 1481 3478 in
1503 3445 1599 3478 tanta
1620 3445 1672 3478 tot
1693 3445 1947 3489 imperatorum
1969 3455 2042 3482 ma·
