2254 3770
285 299 376 330 xxlv

286 399 381 433 A.[L
397 399 436 432 C.
463 398 601 433 P.(:nn.

332 463 395 497 770
510 461 548 493 47

335 1315 393 1347 774
511 1314 550 1347 48

335 1584 399 1616 772
512 1584 553 1631 49

343 2298 405 2332 773
516 2303 557 2335 20

346 2905 410 2940 774
520 2909 556 2942 2⁴

349 3305 412 3339 775
521 3307 563 3339 22

824 277 1214 325 CHRONOLOGIA
1242 277 1523 322 ANNALIUM.

708 395 822 429 COSS.

668 459 706 491 C.
733 455 870 490 Caelius

1002 455 1248 494 Germanicus,
1286 454 1433 485 Romam
1464 461 1546 485 cum
1577 460 1704 494 magna
1733 453 1916 487 hominum

1965 392 2048 424 Anu.

1987 454 2027 486 Π.

619 508 737 547 Rufus,
760 508 798 539 L.
815 509 917 540 Pom·
948 504 1174 538 veneratione
1205 511 1392 542 reversus,
1425 502 1470 535 de
1499 502 1690 536 Cheruscis
1713 503 1917 546 Chattisque
1944 508 2064 542 ,ιιι-52,

618 558 742 601 ponius
759 555 912 589 Flaccus.
948 557 983 588 et
1004 554 1218 596 Angrivariis
1242 552 1424 586 celebrem
1447 552 1666 593 triumphum
1689 552 1803 592 ducit3
1836 561 1918 586 mox
1965 563 2040 599 44·

947 605 983 637 in
999 604 1178 636 Orientem
1194 603 1354 635 mittitur,
1384 603 1534 644 Fugerat
1549 602 1644 635 enim
1659 602 1837 643 Vonones,
1856 611 1918 636 rex
1943 615 2064 651 4247.

619 1313 777 1347 Tiberius
787 1313 919 1345 Caesar

646 1364 822 1405 Augustus
845 1363 890 1394 111

586 1408 588 1410 ’
620 1412 921 1454 (suff.L.Se'rusTu-

620 1461 732 1503 bero),
742 1461 920 1494 Germani-

634 1521 696 1545 cus
716 1512 846 1545 Caesar
861 1512 902 1544 ΙΙ.

662 1584 707 1617 Μ.
726 1581 871 1622 Silanus,

644 1635 682 1667 L.
706 1633 904 1667 Norbanus.

656 2296 700 2329 M.
725 2294 883 2328 Valerius

625 2344 771 2379 Messala
787 2354 817 2378 s.
832 2346 921 2379 Mes-

625 2395 766 2434 salinus,
793 2396 837 2429 M.
855 2397 922 2428 Au-

648 2444 754 2478 relius
778 2446 889 2479 Cotta.

677 2902 726 2935 Ti.
753 2903 883 2935 Caesar

648 2953 823 2993 Augustus
845 2953 901 2992 IV,

627 3002 782 3084 Drusus11
795 3002 926 3035 Caesar

660 3306 698 3339 C.
723 3304 893 3348 Sulpicius

631 3354 756 3396 Galba,
787 3356 829 3388 D.
862 3356 928 3388 Ha-

631 3405 738 3439 terius
760 3405 923 3448 Agrippa.

947 653 1174 692 Parthorum,
1200 653 1245 686 ab
1269 652 1448 686 Artabano
1472 652 1618 692 eiectus,
1644 653 1679 684 in
1701 652 1916 692 Armeniam,

947 706 983 736 et
1005 701 1216 743 Archelaus,
1242 701 1486 744 Cappadociae
1511 710 1591 742 rex,
1616 702 1765 734 Romam
1789 710 1918 734 evoca-

947 756 1003 787 tus
1039 753 1262 787 decesserat:
1300 752 1402 785 Asiae
1437 751 1548 784 urbes
1584 750 1773 784 duodecim
1801 752 1917 784 terrae

946 803 1046 836 motu
1069 802 1217 835 afflictae
1243 803 1355 835 erant.

990 852 1173 884 Germanis
1197 851 1242 884 ad
1266 850 1367 884 civile
1387 850 1523 884 bellum
1545 851 1726 884 conversis
1748 851 1919 884 Cherusci

947 904 983 934 et
1002 900 1235 943 Langobardi,
1257 901 1412 934 Arminio
1430 900 1534 941 duce,
1559 900 1830 942 Maroboduum,
1854 911 1918 935 ve-

947 954 1060 984 terem
1083 951 1416 984 Marcomannorum
1440 949 1660 993 aliarumque
1681 952 1839 993 gentium
1860 960 1920 985 re-

947 1009 1045 1043 gem,
1072 1002 1119 1033 ita
1142 1003 1325 1043 premunt,
1357 1003 1396 1034 ut
1418 1010 1438 1033 a
1461 1001 1625 1034 Romanis
1648 1000 1774 1034 auxilia
1797 1002 1919 1043 petere

948 1052 1094 1083 conatus
1125 1051 1189 1083 sit:
1223 1052 1371 1084 mittitur
1400 1052 1554 1090 Drusus,
1586 1053 1625 1083 ut
1653 1060 1696 1084 ex
1719 1052 1920 1094 propinquo

948 1100 1086 1143 Illyrico
1111 1109 1173 1134 eos
1195 1104 1314 1135 motus
1338 1101 1553 1144 speculetur.

991 1152 1030 1183 In
1060 1150 1174 1183 Africa
1209 1151 1341 1184 bellum
1372 1160 1455 1184 cum
1487 1151 1724 1191 Tacfarinate,
1756 1149 1917 1190 Numida,

949 1202 1009 1243 qui
1033 1200 1126 1242 apud
1150 1201 1325 1234 Romanos
1346 1199 1489 1234 militiae
1511 1209 1617 1234 usum
1633 1200 1821 1239 didicerat,
1846 1201 1919 1242 geri

949 1252 1115 1293 coeptum
1129 1253 1196 1292 est,
1213 1252 1351 1294 septem
1365 1251 1511 1284 demum
1524 1252 1625 1284 annis
1637 1253 1718 1293 post
1728 1252 1917 1294 sepultum.

993 1314 1222 1347 Germanicus
1246 1313 1508 1356 Cappadociam
1537 1315 1572 1346 et
1594 1314 1858 1355 Commagenen
1883 1314 1920 1347 in

951 1364 1151 1406 provinciae
1175 1364 1326 1397 formam
1349 1364 1493 1405 redigit,
1524 1364 1699 1398 Armeniis
1721 1362 1922 1397 volentibus

951 1415 1130 1447 Zenonem
1155 1414 1351 1456 (Artaxiam)
1375 1423 1498 1456 regem
1521 1415 1686 1457 imponit,
1714 1414 1779 1447 sed
1802 1412 1922 1447 occul-

951 1464 995 1496 tis
1018 1464 1206 1497 inimicitiis
1229 1474 1250 1497 a
1274 1465 1337 1498 Cn.
1355 1465 1500 1505 Pisone,
1526 1473 1635 1506 quem
1658 1464 1817 1498 Tiberius
1841 1473 1920 1498 eam

952 1518 1067 1559 ipsam
1090 1514 1136 1547 ob
1161 1523 1308 1548 causam
1330 1516 1451 1556 Syriae
1475 1514 1716 1556 praefecerat,
1739 1515 1882 1556 petitur.

996 1584 1126 1624 Iudaei,
1153 1584 1219 1616 nisi
1236 1584 1295 1625 qui
1311 1582 1499 1624 religiones
1515 1592 1598 1617 suas
1615 1585 1787 1625 exuerint,
1811 1585 1921 1618 Roma

954 1638 990 1669 et
1012 1633 1105 1667 ltalia
1130 1633 1318 1675 pelluntur.
1357 1633 1598 1667 Maroboduus
1622 1644 1642 1667 e
1664 1643 1775 1676 regno
1799 1633 1922 1677 pulsus

953 1689 988 1719 in
1022 1684 1155 1717 Italiam
1185 1685 1282 1716 venit
1312 1686 1347 1716 et
1376 1684 1552 1726 permissu
1582 1684 1712 1718 Tiberii
1734 1686 1920 1719 Ravennae

953 1737 1191 1776 consenescit,
1224 1735 1288 1768 sed
1313 1734 1441 1767 eodem
1467 1733 1537 1767 hoc
1559 1744 1652 1774 anno
1677 1736 1782 1768 etiam
1804 1737 1922 1769 Armi-

953 1787 1047 1826 nius,
1074 1787 1107 1819 in
1132 1786 1220 1818 flore
1245 1786 1382 1825 aetatis,
1407 1785 1487 1819 dolo
1511 1786 1805 1828 propinquorum,
1829 1787 1922 1819 tam—

952 1843 1059 1877 quam
1083 1844 1231 1877 reguum
1256 1835 1443 1876 affectans,
1470 1836 1652 1870 occiditur.
1692 1861 1695 1863 .

995 1889 1032 1919 In
1062 1885 1201 1918 Oriente
1233 1887 1482 1927 Germanicus,
1513 1895 1596 1920 cum
1625 1895 1667 1919 ex
1696 1887 1855 1929 Aegypto
1885 1887 1921 1919 in

951 1937 1088 1978 Syriam
1122 1935 1290 1976 redisset,
1327 1939 1469 1979 apertas
1503 1938 1573 1970 iam
1608 1936 1805 1970 inimicitias
1839 1945 1921 1970 cum

952 1987 1014 2019 Cn.
1041 1987 1165 2018 Pisone
1197 1994 1322 2026 gerere
1355 1987 1508 2028 cogitur,
1543 1987 1644 2020 cuius
1675 1986 1798 2019 fraude
1822 1994 1862 2019 se
1885 1987 1920 2019 in

950 2035 1117 2068 morbum
1142 2036 1307 2068 incidisse
1331 2038 1442 2078 putat.
1468 2037 1558 2070 Eum
1575 2036 1752 2070 decedere
1775 2037 1921 2079 provin-

951 2087 1005 2118 cia
1029 2094 1110 2118 cum
1133 2086 1310 2126 iussisset,
1337 2087 1486 2118 moritur
1508 2087 1653 2119 XXXIV.
1673 2087 1797 2120 aetatis
1813 2096 1918 2127 anno,

950 2136 1081 2177 ingenti
1113 2136 1271 2168 omnium
1300 2138 1443 2178 praeter
1474 2137 1582 2178 ipsius
1612 2137 1721 2178 patris
1744 2145 1918 2169 maerore.

951 2186 1030 2219 Piso
1059 2186 1276 2228 provinciam
1300 2186 1407 2219 armis
1430 2195 1643 2228 recuperare
1667 2188 1814 2219 conatus
1837 2195 1857 2219 a
1879 2187 1917 2220 C.

952 2236 1083 2275 Sentio,
1108 2234 1222 2277 legato
1246 2236 1461 2275 Germanici,
1487 2235 1679 2278 repellitur.

995 2292 1201 2334 Agrippina,
1234 2301 1322 2324 uxor
1346 2292 1562 2332 Germanici,
1593 2301 1654 2325 sex
1679 2294 1919 2326 communium

953 2341 1103 2375 liberum
1126 2344 1252 2382 mater,
1276 2344 1422 2375 Romam
1444 2342 1534 2375 redit
1550 2351 1631 2375 cum
1648 2342 1826 2376 cineribus
1843 2351 1921 2375 ma—

952 2392 1026 2430 riti,
1049 2392 1161 2424 invisa
1179 2391 1318 2424 Tiberio
1341 2394 1486 2434 propter
1502 2393 1667 2425 virtutem
1692 2393 1919 2434 animumque

952 2441 1101 2474 virilem.
1139 2442 1311 2474 Continuo
1335 2443 1427 2481 Piso,
1456 2443 1490 2474 in
1515 2443 1641 2475 senatu
1665 2444 1850 2475 accusatus
1874 2443 1919 2475 ab

954 2491 1075 2524 amicis
1109 2490 1264 2524 defuncti
1298 2491 1476 2531 Caesaris,
1513 2500 1595 2524 cum
1625 2492 1750 2525 infesta
1783 2491 1921 2525 videret

955 2542 1083 2581 omnia,
1101 2543 1217 2574 semet
1232 2541 1306 2583 ipse
1323 2542 1508 2581 interimit;
1533 2540 1708 2582 Plancina,
1727 2543 1802 2575 eius
1818 2551 1918 2583 uxor,

954 2600 1067 2633 aeque
1100 2591 1273 2623 detestata
1303 2591 1487 2630 omnibus,
1521 2591 1686 2633 precibus
1709 2593 1824 2625 Liviae
1847 2595 1919 2625 Au-

954 2643 1076 2683 gustae
1101 2640 1331 2674 condonatur.
1366 2641 1435 2674 Sed
1458 2641 1586 2673 Tiberii
1609 2642 1771 2681 saevitia,
1796 2642 1919 2675 hacte-

955 2701 1020 2725 nus
1035 2691 1235 2724 reverentia
1252 2694 1287 2724 et
1308 2693 1406 2723 metu
1423 2691 1619 2724 Germanici
1635 2700 1811 2732 repressa,
1830 2691 1919 2725 libe-

954 2743 1026 2775 rius
1050 2742 1121 2774 iam
1143 2743 1311 2784 erumpit,
1336 2750 1452 2784 neque
1475 2744 1612 2782 tamen,
1637 2741 1734 2775 salvo
1753 2743 1868 2776 Druso
1884 2745 1920 2776 et

956 2792 1049 2825 Livia
1083 2792 1214 2833 matre,
1250 2792 1357 2825 etiam
1388 2794 1568 2825 externam
1597 2792 1733 2826 virtutis
1762 2794 1918 2835 speciem

955 2841 1106 2884 negligit.

999 2900 1113 2932 Motus
1136 2908 1201 2941 per
1223 2897 1364 2938 Gallias,
1391 2897 1593 2932 auctoribus
1608 2897 1693 2931 Iulio
1711 2897 1809 2932 Floro
1825 2900 1920 2942 apud

957 2949 1134 2988 Treviros,
1160 2947 1244 2982 lulio
1268 2949 1450 2981 Sacroviro
1466 2948 1558 2991 apud
1574 2949 1715 2982 Aeduos
1731 2950 1796 2982 orti
1820 2949 1919 2983 facile

957 3007 1022 3040 per
1045 2999 1089 3035 C.‚
1101 2997 1220 3031 Silium
1243 2997 1397 3040 legatum
1413 2999 1704 3040 comprimuntur,
1730 3001 1832 3040 capto
1849 3002 1920 3032 Au-

957 3049 1167 3090 gustoduno.
1193 3058 1283 3091 quae
1307 3048 1389 3096 belli
1411 3048 1516 3082 sedes
1535 3048 1658 3081 fuerat.
1684 3048 1819 3081 Africae
1837 3058 1920 3091 pro-

958 3099 1109 3139 vinciae,
1144 3108 1208 3141 per
1229 3099 1484 3132 Tacfarinatem
1513 3099 1708 3140 inquietae,
1738 3099 1775 3131 C.
1802 3100 1920 3133 lunius

958 3148 1101 3182 Blaesus
1127 3149 1340 3191 praeficitur,
1371 3148 1565 3182 avunculus
1588 3149 1624 3181 L.
1650 3149 1783 3188 Seiani,
1815 3157 1921 3191 prae-

958 3199 1037 3231 fecti
1060 3200 1248 3241 praetorio,
1273 3200 1396 3241 insigni
1419 3199 1514 3242 apud
1530 3198 1708 3232 Tiberium
1727 3199 1836 3240 gratia
1859 3198 1921 3231 sso-

957 3250 1077 3282 rentis.

1946 1323 2064 1358 53-58.

1947 1594 2069 1628 59-88.

1980 2304 2035 2336 111.

1948 2354 1961 2386 4
1979 2370 1999 2378 -
2014 2353 2067 2387 30.

1945 2909 2066 2943 34-54.

1000 3306 1133 3339 Drusus
1157 3315 1177 3338 a
1200 3307 1299 3348 patre
1315 3305 1453 3338 Tiberio
1476 3307 1511 3340 in
1528 3305 1788 3340 consortionem
1806 3305 1920 3338 tribu·
1945 3308 2067 3341 52-76.

958 3355 1069 3388 niciae
1092 3357 1276 3398 potestatis
1299 3356 1499 3390 assumitur.
