<?xml version="1.0" encoding="UTF-8"?>
<!DOCTYPE html PUBLIC "-//W3C//DTD XHTML 1.0 Transitional//EN"
    "http://www.w3.org/TR/xhtml1/DTD/xhtml1-transitional.dtd">
<html xmlns="http://www.w3.org/1999/xhtml" xml:lang="en" lang="en">
 <head>
  <title>
</title>
<meta http-equiv="Content-Type" content="text/html;charset=utf-8" />
  <meta name='ocr-system' content='tesseract 3.04.00' />
  <meta name='ocr-capabilities' content='ocr_page ocr_carea ocr_par ocr_line ocrx_word'/>
</head>
<body>
  <div class='ocr_page' id='page_1' title='image "./pcorneliitacitio01taciuoft_0515.png"; bbox 0 0 2254 3770; ppageno 0'>
   <div class='ocr_carea' id='block_1_1' title="bbox 787 294 1999 356">
    <p class='ocr_par' dir='ltr' id='par_1_1' title="bbox 787 294 1999 356">
     <span class='ocr_line' id='line_1_1' title="bbox 787 294 1999 356; baseline -0.005 -12"><span class='ocrx_word' id='word_1_1' title='bbox 787 298 944 344; x_wconf 76' lang='lat' dir='ltr'><strong>LmEn</strong></span> <span class='ocrx_word' id='word_1_2' title='bbox 969 296 1072 342; x_wconf 79' lang='lat' dir='ltr'><strong>xw.</strong></span> <span class='ocrx_word' id='word_1_3' title='bbox 1115 297 1216 356; x_wconf 83' lang='lat' dir='ltr'><strong>cap.</strong></span> <span class='ocrx_word' id='word_1_4' title='bbox 1246 297 1314 341; x_wconf 87' lang='lat'><strong>53.</strong></span> <span class='ocrx_word' id='word_1_5' title='bbox 1343 297 1411 341; x_wconf 80' lang='lat'><strong>54.</strong></span> <span class='ocrx_word' id='word_1_6' title='bbox 1914 294 1999 339; x_wconf 75' lang='lat'><strong>477</strong></span> 
     </span>
    </p>
   </div>
   <div class='ocr_carea' id='block_1_2' title="bbox 214 401 2054 1767">
    <p class='ocr_par' dir='ltr' id='par_1_2' title="bbox 214 401 2054 1767">
     <span class='ocr_line' id='line_1_2' title="bbox 216 401 1998 465; baseline -0.003 -15"><span class='ocrx_word' id='word_1_7' title='bbox 216 406 352 464; x_wconf 87' lang='lat' dir='ltr'><strong>venit,</strong></span> <span class='ocrx_word' id='word_1_8' title='bbox 389 405 508 465; x_wconf 86' lang='lat' dir='ltr'><strong>quod</strong></span> <span class='ocrx_word' id='word_1_9' title='bbox 537 405 735 451; x_wconf 87' lang='lat' dir='ltr'><strong>iuventae</strong></span> <span class='ocrx_word' id='word_1_10' title='bbox 764 411 863 450; x_wconf 89' lang='lat' dir='ltr'><strong>tuae</strong></span> <span class='ocrx_word' id='word_1_11' title='bbox 892 404 1143 450; x_wconf 84' lang='lat' dir='ltr'><strong>rudimentis</strong></span> <span class='ocrx_word' id='word_1_12' title='bbox 1173 403 1346 449; x_wconf 87' lang='lat' dir='ltr'><strong>affuisse</strong></span> <span class='ocrx_word' id='word_1_13' title='bbox 1374 403 1544 455; x_wconf 92' lang='lat' dir='ltr'><strong>videor,</strong></span> <span class='ocrx_word' id='word_1_14' title='bbox 1587 401 1748 461; x_wconf 83' lang='lat' dir='ltr'>grande</span> <span class='ocrx_word' id='word_1_15' title='bbox 1779 401 1906 446; x_wconf 92' lang='lat' dir='ltr'><strong>huius</strong></span> <span class='ocrx_word' id='word_1_16' title='bbox 1935 401 1998 446; x_wconf 73' lang='lat' dir='ltr'><strong>rei</strong></span> 
     </span>
     <span class='ocr_line' id='line_1_3' title="bbox 215 476 1997 540; baseline -0.003 -15"><span class='ocrx_word' id='word_1_17' title='bbox 215 481 414 540; x_wconf 86' lang='lat' dir='ltr'><strong>pretium.</strong></span> <span class='ocrx_word' id='word_1_18' title='bbox 459 488 501 525; x_wconf 92' lang='lat' dir='ltr'><strong>at</strong></span> <span class='ocrx_word' id='word_1_19' title='bbox 528 488 575 525; x_wconf 93' lang='lat' dir='ltr'><strong>tu</strong></span> <span class='ocrx_word' id='word_1_20' title='bbox 604 481 783 539; x_wconf 86' lang='lat' dir='ltr'><strong>gratiam</strong></span> <span class='ocrx_word' id='word_1_21' title='bbox 811 481 1069 534; x_wconf 83' lang='lat' dir='ltr'><strong>inmensam,</strong></span> <span class='ocrx_word' id='word_1_22' title='bbox 1107 480 1375 524; x_wconf 85' lang='lat' dir='ltr'><strong>innumeram</strong></span> <span class='ocrx_word' id='word_1_23' title='bbox 1410 478 1637 537; x_wconf 86' lang='lat' dir='ltr'><strong>pecuniam</strong></span> <span class='ocrx_word' id='word_1_24' title='bbox 1666 476 1997 528; x_wconf 84' lang='lat' dir='ltr'><strong>circumdedisti,</strong></span> 
     </span>
     <span class='ocr_line' id='line_1_4' title="bbox 216 551 1999 615; baseline -0.004 -14"><span class='ocrx_word' id='word_1_25' title='bbox 216 557 327 601; x_wconf 89' lang='lat' dir='ltr'><strong>adeo</strong></span> <span class='ocrx_word' id='word_1_26' title='bbox 356 563 403 600; x_wconf 93' lang='lat' dir='ltr'><strong>ut</strong></span> <span class='ocrx_word' id='word_1_27' title='bbox 430 556 685 615; x_wconf 90' lang='lat' dir='ltr'><strong>plerumque</strong></span> <span class='ocrx_word' id='word_1_28' title='bbox 714 557 823 601; x_wconf 87' lang='lat' dir='ltr'><strong>intra</strong></span> <span class='ocrx_word' id='word_1_29' title='bbox 850 570 919 601; x_wconf 91' lang='lat' dir='ltr'><strong>me</strong></span> <span class='ocrx_word' id='word_1_30' title='bbox 948 557 1042 614; x_wconf 91' lang='lat' dir='ltr'><strong>ipse</strong></span> <span class='ocrx_word' id='word_1_31' title='bbox 1070 554 1239 601; x_wconf 81' lang='lat' dir='ltr'><strong>volvam</strong></span> <span class='ocrx_word' id='word_1_32' title='bbox 1262 568 1446 612; x_wconf 83' lang='lat' dir='ltr'><strong>«egone,</strong></span> <span class='ocrx_word' id='word_1_33' title='bbox 1477 553 1669 613; x_wconf 81' lang='lat' dir='ltr'><strong>equestri</strong></span> <span class='ocrx_word' id='word_1_34' title='bbox 1689 559 1733 597; x_wconf 92' lang='lat' dir='ltr'><strong>et</strong></span> <span class='ocrx_word' id='word_1_35' title='bbox 1750 551 1999 611; x_wconf 87' lang='lat' dir='ltr'><strong>provinciali</strong></span> 
     </span>
     <span class='ocr_line' id='line_1_5' title="bbox 215 627 2002 690; baseline -0.003 -14"><span class='ocrx_word' id='word_1_36' title='bbox 215 631 312 676; x_wconf 93' lang='lat' dir='ltr'><strong>loco</strong></span> <span class='ocrx_word' id='word_1_37' title='bbox 341 638 477 684; x_wconf 89' lang='lat' dir='ltr'><strong>ortus,</strong></span> <span class='ocrx_word' id='word_1_38' title='bbox 508 632 762 690; x_wconf 88' lang='lat' dir='ltr'><strong>proceribus</strong></span> <span class='ocrx_word' id='word_1_39' title='bbox 790 631 970 677; x_wconf 88' lang='lat' dir='ltr'><strong>civitatis</strong></span> <span class='ocrx_word' id='word_1_40' title='bbox 999 630 1288 675; x_wconf 81' lang='lat' dir='ltr'><strong>adnumeror?</strong></span> <span class='ocrx_word' id='word_1_41' title='bbox 1318 631 1428 675; x_wconf 90' lang='lat' dir='ltr'><strong>inter</strong></span> <span class='ocrx_word' id='word_1_42' title='bbox 1447 629 1615 674; x_wconf 90' lang='lat' dir='ltr'><strong>nobiles</strong></span> <span class='ocrx_word' id='word_1_43' title='bbox 1636 635 1678 673; x_wconf 93' lang='lat' dir='ltr'><strong>et</strong></span> <span class='ocrx_word' id='word_1_44' title='bbox 1696 628 1823 687; x_wconf 86' lang='lat' dir='ltr'><strong>longa</strong></span> <span class='ocrx_word' id='word_1_45' title='bbox 1842 627 2002 671; x_wconf 90' lang='lat' dir='ltr'><strong>decora</strong></span> 
     </span>
     <span class='ocr_line' id='line_1_6' title="bbox 214 702 2033 766; baseline -0.003 -15"><span class='ocrx_word' id='word_1_46' title='bbox 214 707 506 766; x_wconf 84' lang='lat' dir='ltr'><strong>praeferentes</strong></span> <span class='ocrx_word' id='word_1_47' title='bbox 536 708 702 752; x_wconf 86' lang='lat' dir='ltr'><strong>novitas</strong></span> <span class='ocrx_word' id='word_1_48' title='bbox 732 721 829 752; x_wconf 91' lang='lat' dir='ltr'><strong>mea</strong></span> <span class='ocrx_word' id='word_1_49' title='bbox 858 707 1040 752; x_wconf 78' lang='lat' dir='ltr'><strong>enituit?</strong></span> <span class='ocrx_word' id='word_1_50' title='bbox 1069 706 1143 750; x_wconf 92' lang='lat' dir='ltr'><strong>ubi</strong></span> <span class='ocrx_word' id='word_1_51' title='bbox 1172 713 1239 750; x_wconf 90' lang='lat' dir='ltr'><strong>est</strong></span> <span class='ocrx_word' id='word_1_52' title='bbox 1266 707 1433 751; x_wconf 90' lang='lat' dir='ltr'><strong>animus</strong></span> <span class='ocrx_word' id='word_1_53' title='bbox 1454 705 1524 750; x_wconf 91' lang='lat' dir='ltr'><strong>ille</strong></span> <span class='ocrx_word' id='word_1_54' title='bbox 1543 705 1724 749; x_wconf 89' lang='lat' dir='ltr'><strong>modicis</strong></span> <span class='ocrx_word' id='word_1_55' title='bbox 1745 702 2033 753; x_wconf 74' lang='lat' dir='ltr'><strong>contentus‘?5</strong></span> 
     </span>
     <span class='ocr_line' id='line_1_7' title="bbox 216 781 2002 841; baseline -0.002 -16"><span class='ocrx_word' id='word_1_56' title='bbox 216 781 312 826; x_wconf 88' lang='lat' dir='ltr'><strong>talis</strong></span> <span class='ocrx_word' id='word_1_57' title='bbox 341 782 486 826; x_wconf 88' lang='lat' dir='ltr'><strong>hortos</strong></span> <span class='ocrx_word' id='word_1_58' title='bbox 515 783 672 827; x_wconf 88' lang='lat' dir='ltr'><strong>extruit</strong></span> <span class='ocrx_word' id='word_1_59' title='bbox 700 789 742 827; x_wconf 91' lang='lat' dir='ltr'><strong>et</strong></span> <span class='ocrx_word' id='word_1_60' title='bbox 769 797 849 841; x_wconf 92' lang='lat' dir='ltr'><strong>per</strong></span> <span class='ocrx_word' id='word_1_61' title='bbox 877 783 985 827; x_wconf 92' lang='lat' dir='ltr'><strong>haec</strong></span> <span class='ocrx_word' id='word_1_62' title='bbox 1012 781 1259 826; x_wconf 90' lang='lat' dir='ltr'><strong>suburbana</strong></span> <span class='ocrx_word' id='word_1_63' title='bbox 1289 781 1448 826; x_wconf 90' lang='lat' dir='ltr'><strong>incedit</strong></span> <span class='ocrx_word' id='word_1_64' title='bbox 1476 787 1519 825; x_wconf 89' lang='lat' dir='ltr'><strong>et</strong></span> <span class='ocrx_word' id='word_1_65' title='bbox 1537 781 1663 824; x_wconf 89' lang='lat' dir='ltr'><strong>tantis</strong></span> <span class='ocrx_word' id='word_1_66' title='bbox 1683 793 1884 838; x_wconf 84' lang='lat' dir='ltr'><strong>agrorum</strong></span> <span class='ocrx_word' id='word_1_67' title='bbox 1903 791 2002 836; x_wconf 90' lang='lat' dir='ltr'><strong>spa-</strong></span> 
     </span>
     <span class='ocr_line' id='line_1_8' title="bbox 216 853 2003 914; baseline -0.002 -13"><span class='ocrx_word' id='word_1_68' title='bbox 216 858 304 910; x_wconf 90' lang='lat' dir='ltr'><strong>tiis,</strong></span> <span class='ocrx_word' id='word_1_69' title='bbox 335 864 420 902; x_wconf 92' lang='lat' dir='ltr'><strong>tam</strong></span> <span class='ocrx_word' id='word_1_70' title='bbox 447 857 532 902; x_wconf 91' lang='lat' dir='ltr'><strong>lato</strong></span> <span class='ocrx_word' id='word_1_71' title='bbox 562 858 735 903; x_wconf 89' lang='lat' dir='ltr'><strong>faenore</strong></span> <span class='ocrx_word' id='word_1_72' title='bbox 759 857 1030 903; x_wconf 79' lang='lat' dir='ltr'><strong>exuberat?»</strong></span> <span class='ocrx_word' id='word_1_73' title='bbox 1062 871 1148 902; x_wconf 91' lang='lat' dir='ltr'><strong>una</strong></span> <span class='ocrx_word' id='word_1_74' title='bbox 1168 857 1361 901; x_wconf 87' lang='lat' dir='ltr'><strong>defensio</strong></span> <span class='ocrx_word' id='word_1_75' title='bbox 1382 856 1584 907; x_wconf 88' lang='lat' dir='ltr'><strong>occurrit,</strong></span> <span class='ocrx_word' id='word_1_76' title='bbox 1617 855 1732 914; x_wconf 88' lang='lat' dir='ltr'><strong>quod</strong></span> <span class='ocrx_word' id='word_1_77' title='bbox 1753 853 2003 900; x_wconf 89' lang='lat' dir='ltr'><strong>muneribus</strong></span> 
     </span>
     <span class='ocr_line' id='line_1_9' title="bbox 216 930 2002 991; baseline -0.002 -14"><span class='ocrx_word' id='word_1_78' title='bbox 216 934 300 978; x_wconf 93' lang='lat' dir='ltr'><strong>tuis</strong></span> <span class='ocrx_word' id='word_1_79' title='bbox 343 933 475 977; x_wconf 92' lang='lat' dir='ltr'><strong>obniti</strong></span> <span class='ocrx_word' id='word_1_80' title='bbox 513 947 600 978; x_wconf 92' lang='lat' dir='ltr'><strong>non</strong></span> <span class='ocrx_word' id='word_1_81' title='bbox 638 933 782 979; x_wconf 91' lang='lat' dir='ltr'><strong>debui.</strong></span> <span class='ocrx_word' id='word_1_82' title='bbox 828 933 909 990; x_wconf 80' lang='lat'>(54)</span> <span class='ocrx_word' id='word_1_83' title='bbox 946 932 1025 977; x_wconf 91' lang='lat' dir='ltr'><strong>sed</strong></span> <span class='ocrx_word' id='word_1_84' title='bbox 1061 939 1243 991; x_wconf 81' lang='lat' dir='ltr'><strong>uterque</strong></span> <span class='ocrx_word' id='word_1_85' title='bbox 1271 946 1519 976; x_wconf 87' lang='lat' dir='ltr'><strong>mensuram</strong></span> <span class='ocrx_word' id='word_1_86' title='bbox 1546 930 1820 989; x_wconf 91' lang='lat' dir='ltr'><strong>inplevimus,</strong></span> <span class='ocrx_word' id='word_1_87' title='bbox 1866 936 1910 974; x_wconf 91' lang='lat' dir='ltr'><strong>et</strong></span> <span class='ocrx_word' id='word_1_88' title='bbox 1937 936 2002 983; x_wconf 86' lang='lat' dir='ltr'><strong>tu,</strong></span> 
     </span>
     <span class='ocr_line' id='line_1_10' title="bbox 217 1006 2005 1068; baseline -0.002 -15"><span class='ocrx_word' id='word_1_89' title='bbox 217 1015 422 1067; x_wconf 86' lang='lat' dir='ltr'><strong>quantum</strong></span> <span class='ocrx_word' id='word_1_90' title='bbox 461 1009 663 1068; x_wconf 90' lang='lat' dir='ltr'><strong>princeps</strong></span> <span class='ocrx_word' id='word_1_91' title='bbox 705 1009 896 1053; x_wconf 89' lang='lat' dir='ltr'><strong>tribuere</strong></span> <span class='ocrx_word' id='word_1_92' title='bbox 939 1009 1077 1053; x_wconf 89' lang='lat' dir='ltr'><strong>amico</strong></span> <span class='ocrx_word' id='word_1_93' title='bbox 1116 1014 1282 1067; x_wconf 88' lang='lat' dir='ltr'><strong>posset,</strong></span> <span class='ocrx_word' id='word_1_94' title='bbox 1328 1014 1372 1052; x_wconf 90' lang='lat' dir='ltr'><strong>et</strong></span> <span class='ocrx_word' id='word_1_95' title='bbox 1410 1021 1511 1065; x_wconf 82' lang='lat' dir='ltr'><strong>ego,</strong></span> <span class='ocrx_word' id='word_1_96' title='bbox 1552 1015 1758 1064; x_wconf 88' lang='lat' dir='ltr'><strong>quantum</strong></span> <span class='ocrx_word' id='word_1_97' title='bbox 1786 1006 1950 1050; x_wconf 90' lang='lat' dir='ltr'><strong>amicus</strong></span> <span class='ocrx_word' id='word_1_98' title='bbox 1979 1018 2005 1048; x_wconf 91' lang='lat' dir='ltr'><strong>a</strong></span> 
     </span>
     <span class='ocr_line' id='line_1_11' title="bbox 215 1082 2054 1143; baseline -0.004 -15"><span class='ocrx_word' id='word_1_99' title='bbox 215 1085 409 1143; x_wconf 89' lang='lat' dir='ltr'><strong>principe</strong></span> <span class='ocrx_word' id='word_1_100' title='bbox 439 1085 659 1143; x_wconf 90' lang='lat' dir='ltr'><strong>accipere:</strong></span> <span class='ocrx_word' id='word_1_101' title='bbox 690 1090 834 1129; x_wconf 91' lang='lat' dir='ltr'><strong>cetera</strong></span> <span class='ocrx_word' id='word_1_102' title='bbox 862 1084 1063 1128; x_wconf 90' lang='lat' dir='ltr'><strong>invidiam</strong></span> <span class='ocrx_word' id='word_1_103' title='bbox 1093 1090 1262 1142; x_wconf 84' lang='lat' dir='ltr'><strong>augent.</strong></span> <span class='ocrx_word' id='word_1_104' title='bbox 1304 1096 1416 1142; x_wconf 90' lang='lat' dir='ltr'><strong>quae</strong></span> <span class='ocrx_word' id='word_1_105' title='bbox 1437 1082 1631 1141; x_wconf 90' lang='lat' dir='ltr'><strong>quidem,</strong></span> <span class='ocrx_word' id='word_1_106' title='bbox 1661 1088 1708 1125; x_wconf 90' lang='lat' dir='ltr'><strong>ut</strong></span> <span class='ocrx_word' id='word_1_107' title='bbox 1727 1082 1870 1126; x_wconf 88' lang='lat' dir='ltr'><strong>omnia</strong></span> <span class='ocrx_word' id='word_1_108' title='bbox 1889 1091 2054 1125; x_wconf 75' lang='lat' dir='ltr'><strong>mor-⁴0</strong></span> 
     </span>
     <span class='ocr_line' id='line_1_12' title="bbox 216 1156 2005 1218; baseline -0.002 -15"><span class='ocrx_word' id='word_1_109' title='bbox 216 1160 336 1213; x_wconf 89' lang='lat' dir='ltr'><strong>talia,</strong></span> <span class='ocrx_word' id='word_1_110' title='bbox 377 1159 485 1205; x_wconf 89' lang='lat' dir='ltr'><strong>infra</strong></span> <span class='ocrx_word' id='word_1_111' title='bbox 524 1166 641 1204; x_wconf 88' lang='lat' dir='ltr'><strong>tuam</strong></span> <span class='ocrx_word' id='word_1_112' title='bbox 677 1160 1009 1218; x_wconf 83' lang='lat' dir='ltr'><strong>magnitudinem</strong></span> <span class='ocrx_word' id='word_1_113' title='bbox 1049 1160 1179 1212; x_wconf 89' lang='lat' dir='ltr'><strong>iacet;</strong></span> <span class='ocrx_word' id='word_1_114' title='bbox 1221 1158 1300 1203; x_wconf 91' lang='lat' dir='ltr'><strong>sed</strong></span> <span class='ocrx_word' id='word_1_115' title='bbox 1329 1158 1432 1202; x_wconf 92' lang='lat' dir='ltr'><strong>mihi</strong></span> <span class='ocrx_word' id='word_1_116' title='bbox 1461 1158 1685 1209; x_wconf 88' lang='lat' dir='ltr'><strong>incumbit,</strong></span> <span class='ocrx_word' id='word_1_117' title='bbox 1716 1157 1817 1201; x_wconf 91' lang='lat' dir='ltr'><strong>mihi</strong></span> <span class='ocrx_word' id='word_1_118' title='bbox 1849 1156 2005 1201; x_wconf 89' lang='lat' dir='ltr'><strong>subve-</strong></span> 
     </span>
     <span class='ocr_line' id='line_1_13' title="bbox 216 1232 2003 1294; baseline -0.003 -14"><span class='ocrx_word' id='word_1_119' title='bbox 216 1236 420 1280; x_wconf 87' lang='lat' dir='ltr'><strong>niendum</strong></span> <span class='ocrx_word' id='word_1_120' title='bbox 457 1242 534 1280; x_wconf 89' lang='lat' dir='ltr'><strong>est.</strong></span> <span class='ocrx_word' id='word_1_121' title='bbox 580 1250 668 1294; x_wconf 89' lang='lat' dir='ltr'><strong>quo</strong></span> <span class='ocrx_word' id='word_1_122' title='bbox 704 1235 832 1280; x_wconf 92' lang='lat' dir='ltr'><strong>modo</strong></span> <span class='ocrx_word' id='word_1_123' title='bbox 873 1236 917 1279; x_wconf 89' lang='lat' dir='ltr'><strong>in</strong></span> <span class='ocrx_word' id='word_1_124' title='bbox 947 1234 1094 1279; x_wconf 92' lang='lat' dir='ltr'><strong>militia</strong></span> <span class='ocrx_word' id='word_1_125' title='bbox 1122 1241 1195 1279; x_wconf 86' lang='lat' dir='ltr'><strong>aut</strong></span> <span class='ocrx_word' id='word_1_126' title='bbox 1221 1235 1292 1278; x_wconf 90' lang='lat' dir='ltr'><strong>via</strong></span> <span class='ocrx_word' id='word_1_127' title='bbox 1320 1234 1460 1278; x_wconf 87' lang='lat' dir='ltr'><strong>fessus</strong></span> <span class='ocrx_word' id='word_1_128' title='bbox 1490 1232 1794 1277; x_wconf 89' lang='lat' dir='ltr'><strong>adminiculum</strong></span> <span class='ocrx_word' id='word_1_129' title='bbox 1823 1246 2003 1283; x_wconf 91' lang='lat' dir='ltr'><strong>orarem,</strong></span> 
     </span>
     <span class='ocr_line' id='line_1_14' title="bbox 218 1309 2006 1367; baseline -0.002 -12"><span class='ocrx_word' id='word_1_130' title='bbox 218 1312 276 1356; x_wconf 87' lang='lat' dir='ltr'><strong>ita</strong></span> <span class='ocrx_word' id='word_1_131' title='bbox 305 1312 347 1355; x_wconf 93' lang='lat' dir='ltr'><strong>in</strong></span> <span class='ocrx_word' id='word_1_132' title='bbox 379 1311 462 1356; x_wconf 91' lang='lat' dir='ltr'><strong>hoc</strong></span> <span class='ocrx_word' id='word_1_133' title='bbox 490 1311 641 1355; x_wconf 90' lang='lat' dir='ltr'><strong>itinere</strong></span> <span class='ocrx_word' id='word_1_134' title='bbox 660 1311 794 1363; x_wconf 83' lang='lat' dir='ltr'><strong>vitae,</strong></span> <span class='ocrx_word' id='word_1_135' title='bbox 826 1325 960 1356; x_wconf 88' lang='lat' dir='ltr'><strong>senex</strong></span> <span class='ocrx_word' id='word_1_136' title='bbox 978 1317 1020 1355; x_wconf 92' lang='lat' dir='ltr'><strong>et</strong></span> <span class='ocrx_word' id='word_1_137' title='bbox 1040 1310 1267 1355; x_wconf 90' lang='lat' dir='ltr'><strong>levissimis</strong></span> <span class='ocrx_word' id='word_1_138' title='bbox 1287 1322 1463 1367; x_wconf 86' lang='lat' dir='ltr'><strong>quoque</strong></span> <span class='ocrx_word' id='word_1_139' title='bbox 1482 1309 1596 1354; x_wconf 90' lang='lat' dir='ltr'><strong>curis</strong></span> <span class='ocrx_word' id='word_1_140' title='bbox 1616 1309 1750 1367; x_wconf 90' lang='lat' dir='ltr'><strong>inpar,</strong></span> <span class='ocrx_word' id='word_1_141' title='bbox 1781 1322 1879 1353; x_wconf 92' lang='lat' dir='ltr'><strong>cum</strong></span> <span class='ocrx_word' id='word_1_142' title='bbox 1899 1321 2006 1366; x_wconf 90' lang='lat' dir='ltr'><strong>opes</strong></span> 
     </span>
     <span class='ocr_line' id='line_1_15' title="bbox 219 1384 2005 1444; baseline -0.002 -13"><span class='ocrx_word' id='word_1_143' title='bbox 219 1400 341 1431; x_wconf 84' lang='lat' dir='ltr'><strong>meas</strong></span> <span class='ocrx_word' id='word_1_144' title='bbox 370 1386 480 1431; x_wconf 90' lang='lat' dir='ltr'><strong>ultra</strong></span> <span class='ocrx_word' id='word_1_145' title='bbox 510 1387 722 1431; x_wconf 90' lang='lat' dir='ltr'><strong>sustinere</strong></span> <span class='ocrx_word' id='word_1_146' title='bbox 751 1400 836 1431; x_wconf 90' lang='lat' dir='ltr'><strong>non</strong></span> <span class='ocrx_word' id='word_1_147' title='bbox 866 1386 1047 1444; x_wconf 92' lang='lat' dir='ltr'><strong>possim,</strong></span> <span class='ocrx_word' id='word_1_148' title='bbox 1077 1385 1343 1444; x_wconf 80' lang='lat' dir='ltr'><strong>praesidium</strong></span> <span class='ocrx_word' id='word_1_149' title='bbox 1371 1391 1485 1443; x_wconf 92' lang='lat' dir='ltr'><strong>peto.</strong></span> <span class='ocrx_word' id='word_1_150' title='bbox 1514 1384 1617 1429; x_wconf 91' lang='lat' dir='ltr'><strong>iube</strong></span> <span class='ocrx_word' id='word_1_151' title='bbox 1641 1398 1734 1429; x_wconf 92' lang='lat' dir='ltr'><strong>rem</strong></span> <span class='ocrx_word' id='word_1_152' title='bbox 1752 1398 1832 1443; x_wconf 91' lang='lat' dir='ltr'><strong>per</strong></span> <span class='ocrx_word' id='word_1_153' title='bbox 1850 1398 2005 1442; x_wconf 92' lang='lat' dir='ltr'><strong>procu-</strong></span> 
     </span>
     <span class='ocr_line' id='line_1_16' title="bbox 280 1497 2001 1544; baseline -0.002 -9"><span class='ocrx_word' id='word_1_154' title='bbox 280 1502 313 1535; x_wconf 77' lang='lat'><strong>2.</strong></span> <span class='ocrx_word' id='word_1_155' title='bbox 332 1499 442 1544; x_wconf 64' lang='lat' dir='ltr'><strong>fitium</strong></span> <span class='ocrx_word' id='word_1_156' title='bbox 463 1502 498 1536; x_wconf 91' lang='lat' dir='ltr'><strong>M</strong></span> <span class='ocrx_word' id='word_1_157' title='bbox 521 1520 558 1525; x_wconf 97' lang='lat'><strong>—</strong></span> <span class='ocrx_word' id='word_1_158' title='bbox 592 1501 625 1536; x_wconf 72' lang='lat'><strong>4.</strong></span> <span class='ocrx_word' id='word_1_159' title='bbox 650 1502 772 1535; x_wconf 86' lang='lat' dir='ltr'><strong>decora</strong></span> <span class='ocrx_word' id='word_1_160' title='bbox 794 1502 840 1534; x_wconf 89' lang='lat' dir='ltr'><strong>G:</strong></span> <span class='ocrx_word' id='word_1_161' title='bbox 872 1510 957 1534; x_wconf 91' lang='lat' dir='ltr'><strong>cura</strong></span> <span class='ocrx_word' id='word_1_162' title='bbox 979 1502 1014 1534; x_wconf 88' lang='grc' dir='ltr'><strong>Μ</strong></span> <span class='ocrx_word' id='word_1_163' title='bbox 1038 1518 1075 1524; x_wconf 89' lang='grc'><strong>-</strong></span> <span class='ocrx_word' id='word_1_164' title='bbox 1108 1501 1141 1534; x_wconf 89' lang='grc'><strong>6.</strong></span> <span class='ocrx_word' id='word_1_165' title='bbox 1165 1502 1294 1535; x_wconf 77' lang='lat' dir='ltr'><strong>extruit</strong></span> <span class='ocrx_word' id='word_1_166' title='bbox 1314 1501 1367 1534; x_wconf 91' lang='lat' dir='ltr'><strong>M:</strong></span> <span class='ocrx_word' id='word_1_167' title='bbox 1397 1500 1535 1533; x_wconf 73' lang='lat' dir='ltr'><strong>instruit</strong></span> <span class='ocrx_word' id='word_1_168' title='bbox 1556 1497 1625 1532; x_wconf 92' lang='lat' dir='ltr'><strong>alii.</strong></span> <span class='ocrx_word' id='word_1_169' title='bbox 1652 1517 1689 1522; x_wconf 92' lang='lat'>—</span> <span class='ocrx_word' id='word_1_170' title='bbox 1713 1499 1746 1533; x_wconf 83' lang='lat'><strong>7.</strong></span> <span class='ocrx_word' id='word_1_171' title='bbox 1770 1499 1884 1541; x_wconf 83' lang='lat' dir='ltr'><strong>fenore</strong></span> <span class='ocrx_word' id='word_1_172' title='bbox 1904 1500 1939 1533; x_wconf 87' lang='lat' dir='ltr'><strong>M</strong></span> <span class='ocrx_word' id='word_1_173' title='bbox 1963 1517 2001 1524; x_wconf 94' lang='lat'>—</span> 
     </span>
     <span class='ocr_line' id='line_1_17' title="bbox 217 1554 2005 1603; baseline -0.002 -12"><span class='ocrx_word' id='word_1_174' title='bbox 217 1557 249 1590; x_wconf 89' lang='lat'><strong>8.</strong></span> <span class='ocrx_word' id='word_1_175' title='bbox 266 1561 304 1591; x_wconf 84' lang='lat' dir='ltr'><strong>tu</strong></span> <span class='ocrx_word' id='word_1_176' title='bbox 319 1559 366 1591; x_wconf 90' lang='lat' dir='ltr'><strong>G:</strong></span> <span class='ocrx_word' id='word_1_177' title='bbox 391 1566 462 1590; x_wconf 90' lang='lat' dir='ltr'><strong>om.</strong></span> <span class='ocrx_word' id='word_1_178' title='bbox 480 1558 515 1591; x_wconf 87' lang='lat' dir='ltr'><strong>M</strong></span> <span class='ocrx_word' id='word_1_179' title='bbox 530 1576 574 1582; x_wconf 94' lang='lat'>—</span> <span class='ocrx_word' id='word_1_180' title='bbox 589 1558 644 1591; x_wconf 91' lang='grc'><strong>40.</strong></span> <span class='ocrx_word' id='word_1_181' title='bbox 661 1561 773 1603; x_wconf 67' lang='lat' dir='ltr'><strong>cetera</strong></span> <span class='ocrx_word' id='word_1_182' title='bbox 787 1558 821 1591; x_wconf 90' lang='lat' dir='ltr'><strong>M</strong></span> <span class='ocrx_word' id='word_1_183' title='bbox 835 1574 871 1581; x_wconf 93' lang='lat'><em>-</em></span> <span class='ocrx_word' id='word_1_184' title='bbox 889 1561 1013 1599; x_wconf 73' lang='lat' dir='ltr'><strong>auqent</strong></span> <span class='ocrx_word' id='word_1_185' title='bbox 1028 1556 1258 1590; x_wconf 88' lang='lat' dir='ltr'><strong>Puteolanus:</strong></span> <span class='ocrx_word' id='word_1_186' title='bbox 1284 1559 1384 1599; x_wconf 75' lang='lat' dir='ltr'><strong>ayent</strong></span> <span class='ocrx_word' id='word_1_187' title='bbox 1398 1556 1444 1589; x_wconf 89' lang='lat' dir='ltr'><strong>M.</strong></span> <span class='ocrx_word' id='word_1_188' title='bbox 1470 1555 1521 1589; x_wconf 91' lang='lat' dir='ltr'><strong>Cf.</strong></span> <span class='ocrx_word' id='word_1_189' title='bbox 1538 1563 1613 1588; x_wconf 86' lang='lat' dir='ltr'><strong>var.</strong></span> <span class='ocrx_word' id='word_1_190' title='bbox 1635 1554 1717 1588; x_wconf 89' lang='lat' dir='ltr'><strong>lect.</strong></span> <span class='ocrx_word' id='word_1_191' title='bbox 1741 1555 1787 1588; x_wconf 93' lang='lat' dir='ltr'><strong>ad</strong></span> <span class='ocrx_word' id='word_1_192' title='bbox 1802 1564 1838 1598; x_wconf 89' lang='lat' dir='ltr'><strong>p.</strong></span> <span class='ocrx_word' id='word_1_193' title='bbox 1855 1555 1932 1596; x_wconf 74' lang='lat'><strong>480,</strong></span> <span class='ocrx_word' id='word_1_194' title='bbox 1950 1556 2005 1589; x_wconf 85' lang='grc'><strong>47.</strong></span> 
     </span>
     <span class='ocr_line' id='line_1_18' title="bbox 218 1611 2008 1656; baseline -0.001 -10"><span class='ocrx_word' id='word_1_195' title='bbox 218 1613 267 1656; x_wconf 87' lang='lat' dir='ltr'><strong>(in</strong></span> <span class='ocrx_word' id='word_1_196' title='bbox 289 1614 451 1647; x_wconf 83' lang='lat' dir='ltr'><strong>invidiam</strong></span> <span class='ocrx_word' id='word_1_197' title='bbox 472 1616 571 1656; x_wconf 66' lang='lat' dir='ltr'><strong>agent</strong></span> <span class='ocrx_word' id='word_1_198' title='bbox 591 1613 860 1655; x_wconf 87' lang='lat' dir='ltr'><strong>Bezzenberger</strong></span> <span class='ocrx_word' id='word_1_199' title='bbox 879 1612 957 1646; x_wconf 87' lang='lat' dir='ltr'><strong>coll.</strong></span> <span class='ocrx_word' id='word_1_200' title='bbox 974 1614 1061 1646; x_wconf 91' lang='lat' dir='ltr'><strong>Hist.</strong></span> <span class='ocrx_word' id='word_1_201' title='bbox 1081 1614 1112 1654; x_wconf 89' lang='grc'><strong>4,</strong></span> <span class='ocrx_word' id='word_1_202' title='bbox 1131 1613 1185 1646; x_wconf 61' lang='grc'><strong>441</strong></span> <span class='ocrx_word' id='word_1_203' title='bbox 1202 1612 1256 1646; x_wconf 88' lang='grc'><strong>83.</strong></span> <span class='ocrx_word' id='word_1_204' title='bbox 1281 1613 1314 1653; x_wconf 77' lang='lat'><strong>2,</strong></span> <span class='ocrx_word' id='word_1_205' title='bbox 1332 1612 1387 1645; x_wconf 84' lang='lat'><strong>38.</strong></span> <span class='ocrx_word' id='word_1_206' title='bbox 1412 1613 1493 1645; x_wconf 92' lang='lat' dir='ltr'><strong>Sen.</strong></span> <span class='ocrx_word' id='word_1_207' title='bbox 1511 1611 1556 1644; x_wconf 89' lang='lat' dir='ltr'><strong>de</strong></span> <span class='ocrx_word' id='word_1_208' title='bbox 1579 1613 1633 1644; x_wconf 89' lang='lat' dir='ltr'><strong>Ira</strong></span> <span class='ocrx_word' id='word_1_209' title='bbox 1649 1612 1682 1652; x_wconf 81' lang='lat'><strong>2,</strong></span> <span class='ocrx_word' id='word_1_210' title='bbox 1701 1611 1768 1653; x_wconf 79' lang='grc'><strong>42.)</strong></span> <span class='ocrx_word' id='word_1_211' title='bbox 1788 1630 1823 1636; x_wconf 94' lang='lat'><strong>—-</strong></span> <span class='ocrx_word' id='word_1_212' title='bbox 1850 1612 1903 1644; x_wconf 88' lang='grc'><strong>44.</strong></span> <span class='ocrx_word' id='word_1_213' title='bbox 1920 1612 2008 1645; x_wconf 87' lang='lat' dir='ltr'><strong>iacet</strong></span> 
     </span>
     <span class='ocr_line' id='line_1_19' title="bbox 216 1667 2006 1712; baseline -0.001 -9"><span class='ocrx_word' id='word_1_214' title='bbox 216 1670 369 1712; x_wconf 87' lang='lat' dir='ltr'><strong>Lipsius:</strong></span> <span class='ocrx_word' id='word_1_215' title='bbox 394 1671 504 1703; x_wconf 87' lang='lat' dir='ltr'><strong>iacent</strong></span> <span class='ocrx_word' id='word_1_216' title='bbox 526 1670 560 1703; x_wconf 87' lang='lat' dir='ltr'><strong>M</strong></span> <span class='ocrx_word' id='word_1_217' title='bbox 582 1687 626 1693; x_wconf 93' lang='lat'>—</span> <span class='ocrx_word' id='word_1_218' title='bbox 647 1669 806 1703; x_wconf 76' lang='lat' dir='ltr'><strong>incumbit</strong></span> <span class='ocrx_word' id='word_1_219' title='bbox 827 1670 983 1712; x_wconf 89' lang='lat' dir='ltr'><strong>Lipsius:</strong></span> <span class='ocrx_word' id='word_1_220' title='bbox 1008 1669 1202 1702; x_wconf 86' lang='lat' dir='ltr'><strong>incumbunt</strong></span> <span class='ocrx_word' id='word_1_221' title='bbox 1223 1667 1418 1711; x_wconf 89' lang='lat' dir='ltr'><strong>(postrema</strong></span> <span class='ocrx_word' id='word_1_222' title='bbox 1441 1667 1577 1710; x_wconf 80' lang='lat' dir='ltr'><strong>syllaba</strong></span> <span class='ocrx_word' id='word_1_223' title='bbox 1598 1677 1665 1710; x_wconf 92' lang='lat' dir='ltr'><strong>per</strong></span> <span class='ocrx_word' id='word_1_224' title='bbox 1687 1668 1950 1710; x_wconf 90' lang='lat' dir='ltr'><strong>compendium)</strong></span> <span class='ocrx_word' id='word_1_225' title='bbox 1971 1668 2006 1701; x_wconf 91' lang='lat' dir='ltr'><strong>M</strong></span> 
     </span>
     <span class='ocr_line' id='line_1_20' title="bbox 219 1723 2003 1767; baseline -0.002 -8"><span class='ocrx_word' id='word_1_226' title='bbox 219 1743 257 1750; x_wconf 91' lang='lat'><em>-</em></span> <span class='ocrx_word' id='word_1_227' title='bbox 282 1725 345 1760; x_wconf 70' lang='lat'><strong>⁴4:</strong></span> <span class='ocrx_word' id='word_1_228' title='bbox 360 1725 436 1759; x_wconf 87' lang='lat' dir='ltr'><strong>iube</strong></span> <span class='ocrx_word' id='word_1_229' title='bbox 464 1735 536 1759; x_wconf 89' lang='lat' dir='ltr'><strong>rem</strong></span> <span class='ocrx_word' id='word_1_230' title='bbox 557 1735 622 1767; x_wconf 85' lang='lat' dir='ltr'><strong>per</strong></span> <span class='ocrx_word' id='word_1_231' title='bbox 642 1729 883 1767; x_wconf 78' lang='lat' dir='ltr'><strong>procuratores</strong></span> <span class='ocrx_word' id='word_1_232' title='bbox 910 1725 1089 1759; x_wconf 90' lang='lat' dir='ltr'><strong>Baiterus:</strong></span> <span class='ocrx_word' id='word_1_233' title='bbox 1127 1727 1242 1759; x_wconf 87' lang='lat' dir='ltr'><strong>iuuere</strong></span> <span class='ocrx_word' id='word_1_234' title='bbox 1269 1724 1392 1767; x_wconf 88' lang='lat' dir='ltr'><strong>(altera</strong></span> <span class='ocrx_word' id='word_1_235' title='bbox 1415 1734 1439 1757; x_wconf 94' lang='lat' dir='ltr'><strong>u</strong></span> <span class='ocrx_word' id='word_1_236' title='bbox 1461 1732 1552 1757; x_wconf 90' lang='lat' dir='ltr'><strong>corr.</strong></span> <span class='ocrx_word' id='word_1_237' title='bbox 1577 1724 1613 1756; x_wconf 94' lang='lat' dir='ltr'><strong>iu</strong></span> <span class='ocrx_word' id='word_1_238' title='bbox 1636 1724 1664 1766; x_wconf 92' lang='lat' dir='ltr'><strong>b)</strong></span> <span class='ocrx_word' id='word_1_239' title='bbox 1691 1727 1928 1765; x_wconf 78' lang='lat' dir='ltr'><strong>procuratores</strong></span> <span class='ocrx_word' id='word_1_240' title='bbox 1949 1723 2003 1764; x_wconf 81' lang='lat' dir='ltr'><strong>M3</strong></span> 
     </span>
    </p>
   </div>
   <div class='ocr_carea' id='block_1_3' title="bbox 216 1780 2006 1882">
    <p class='ocr_par' dir='ltr' id='par_1_3' title="bbox 216 1780 2006 1882">
     <span class='ocr_line' id='line_1_21' title="bbox 217 1780 2006 1825; baseline -0.002 -9"><span class='ocrx_word' id='word_1_241' title='bbox 217 1781 292 1816; x_wconf 86' lang='lat' dir='ltr'><strong>iube</strong></span> <span class='ocrx_word' id='word_1_242' title='bbox 313 1791 370 1816; x_wconf 88' lang='lat' dir='ltr'><strong>eas</strong></span> <span class='ocrx_word' id='word_1_243' title='bbox 386 1791 450 1824; x_wconf 86' lang='lat' dir='ltr'><strong>per</strong></span> <span class='ocrx_word' id='word_1_244' title='bbox 467 1786 708 1824; x_wconf 76' lang='lat' dir='ltr'><strong>procuratores</strong></span> <span class='ocrx_word' id='word_1_245' title='bbox 728 1782 802 1823; x_wconf 85' lang='lat' dir='ltr'><strong>alii;</strong></span> <span class='ocrx_word' id='word_1_246' title='bbox 826 1782 903 1816; x_wconf 86' lang='lat' dir='ltr'><strong>iube</strong></span> <span class='ocrx_word' id='word_1_247' title='bbox 920 1791 982 1825; x_wconf 82' lang='lat' dir='ltr'><strong>per</strong></span> <span class='ocrx_word' id='word_1_248' title='bbox 998 1786 1237 1824; x_wconf 80' lang='lat' dir='ltr'><strong>procuratores</strong></span> <span class='ocrx_word' id='word_1_249' title='bbox 1250 1782 1415 1816; x_wconf 88' lang='lat' dir='ltr'><strong>Ritterus.</strong></span> <span class='ocrx_word' id='word_1_250' title='bbox 1440 1781 1528 1824; x_wconf 87' lang='lat' dir='ltr'><strong>(iube</strong></span> <span class='ocrx_word' id='word_1_251' title='bbox 1544 1783 1783 1823; x_wconf 76' lang='lat' dir='ltr'><strong>procuratores</strong></span> <span class='ocrx_word' id='word_1_252' title='bbox 1803 1783 1875 1814; x_wconf 83' lang='lat' dir='ltr'><strong>tuos</strong></span> <span class='ocrx_word' id='word_1_253' title='bbox 1896 1780 2006 1814; x_wconf 88' lang='lat' dir='ltr'><strong>admi-</strong></span> 
     </span>
     <span class='ocr_line' id='line_1_22' title="bbox 216 1838 832 1882; baseline 0.002 -10"><span class='ocrx_word' id='word_1_254' title='bbox 216 1838 362 1872; x_wconf 85' lang='lat' dir='ltr'><strong>nistrare</strong></span> <span class='ocrx_word' id='word_1_255' title='bbox 383 1839 420 1872; x_wconf 85' lang='lat' dir='ltr'><strong>in</strong></span> <span class='ocrx_word' id='word_1_256' title='bbox 442 1842 465 1872; x_wconf 88' lang='lat' dir='ltr'><strong>t.</strong></span> <span class='ocrx_word' id='word_1_257' title='bbox 490 1840 515 1882; x_wconf 75' lang='lat' dir='ltr'><strong>f.</strong></span> <span class='ocrx_word' id='word_1_258' title='bbox 536 1842 670 1881; x_wconf 87' lang='lat' dir='ltr'><strong>recepta</strong></span> <span class='ocrx_word' id='word_1_259' title='bbox 691 1839 832 1880; x_wconf 83' lang='lat' dir='ltr'><strong>Haase.)</strong></span> 
     </span>
    </p>
   </div>
   <div class='ocr_carea' id='block_1_4' title="bbox 217 1939 1088 2032">
    <p class='ocr_par' dir='ltr' id='par_1_4' title="bbox 217 1939 1088 2032">
     <span class='ocr_line' id='line_1_23' title="bbox 217 1939 1088 1981; baseline 0 -9"><span class='ocrx_word' id='word_1_260' title='bbox 217 1948 322 1980; x_wconf 82' lang='lat' dir='ltr'><strong>neque</strong></span> <span class='ocrx_word' id='word_1_261' title='bbox 336 1940 387 1972; x_wconf 84' lang='lat' dir='ltr'><strong>rei</strong></span> <span class='ocrx_word' id='word_1_262' title='bbox 397 1939 552 1981; x_wconf 86' lang='lat' dir='ltr'><strong>publicae</strong></span> <span class='ocrx_word' id='word_1_263' title='bbox 566 1939 670 1981; x_wconf 77' lang='lat' dir='ltr'><strong>felicis</strong></span> <span class='ocrx_word' id='word_1_264' title='bbox 682 1940 781 1973; x_wconf 85' lang='lat' dir='ltr'><strong>uteri.</strong></span> <span class='ocrx_word' id='word_1_265' title='bbox 799 1957 836 1963; x_wconf 93' lang='lat'>—</span> <span class='ocrx_word' id='word_1_266' title='bbox 851 1939 886 1973; x_wconf 86' lang='lat' dir='ltr'><strong>C.</strong></span> <span class='ocrx_word' id='word_1_267' title='bbox 904 1940 1088 1973; x_wconf 72' lang='lat' dir='ltr'><strong>Maecenati</strong></span> 
     </span>
     <span class='ocr_line' id='line_1_24' title="bbox 218 1988 1088 2032; baseline 0 -10"><span class='ocrx_word' id='word_1_268' title='bbox 218 2007 268 2014; x_wconf 92' lang='lat'><strong>--</strong></span> <span class='ocrx_word' id='word_1_269' title='bbox 283 1989 397 2032; x_wconf 82' lang='lat' dir='ltr'><strong>otiumJ</strong></span> <span class='ocrx_word' id='word_1_270' title='bbox 421 1989 474 2023; x_wconf 89' lang='lat' dir='ltr'><strong>Cf.</strong></span> <span class='ocrx_word' id='word_1_271' title='bbox 498 1989 531 2029; x_wconf 87' lang='lat'><strong>3,</strong></span> <span class='ocrx_word' id='word_1_272' title='bbox 555 1988 617 2022; x_wconf 89' lang='lat'><strong>30:</strong></span> <span class='ocrx_word' id='word_1_273' title='bbox 642 1992 751 2023; x_wconf 82' lang='lat' dir='ltr'><strong>aetate</strong></span> <span class='ocrx_word' id='word_1_274' title='bbox 769 1993 930 2030; x_wconf 82' lang='lat' dir='ltr'><strong>provecta</strong></span> <span class='ocrx_word' id='word_1_275' title='bbox 950 1990 1088 2031; x_wconf 82' lang='lat' dir='ltr'><strong>speciem</strong></span> 
     </span>
    </p>
   </div>
   <div class='ocr_carea' id='block_1_5' title="bbox 1138 1937 2006 2032">
    <p class='ocr_par' dir='ltr' id='par_1_5' title="bbox 1138 1937 2006 2032">
     <span class='ocr_line' id='line_1_25' title="bbox 1138 1937 2006 1981; baseline -0.002 -9"><span class='ocrx_word' id='word_1_276' title='bbox 1138 1939 1313 1972; x_wconf 89' lang='lat' dir='ltr'><strong>formandi</strong></span> <span class='ocrx_word' id='word_1_277' title='bbox 1336 1938 1445 1981; x_wconf 85' lang='lat' dir='ltr'><strong>gratia</strong></span> <span class='ocrx_word' id='word_1_278' title='bbox 1468 1938 1634 1980; x_wconf 86' lang='lat' dir='ltr'><strong>suscepta</strong></span> <span class='ocrx_word' id='word_1_279' title='bbox 1658 1945 1757 1976; x_wconf 88' lang='lat' dir='ltr'><strong>esse;</strong></span> <span class='ocrx_word' id='word_1_280' title='bbox 1786 1937 1893 1979; x_wconf 86' lang='lat' dir='ltr'><strong>atque</strong></span> <span class='ocrx_word' id='word_1_281' title='bbox 1915 1937 2006 1971; x_wconf 89' lang='lat' dir='ltr'><strong>haec</strong></span> 
     </span>
     <span class='ocr_line' id='line_1_26' title="bbox 1138 1988 2006 2032; baseline -0.003 -9"><span class='ocrx_word' id='word_1_282' title='bbox 1138 1991 1213 2032; x_wconf 90' lang='lat' dir='ltr'><strong>ipsa</strong></span> <span class='ocrx_word' id='word_1_283' title='bbox 1245 1990 1460 2023; x_wconf 87' lang='lat' dir='ltr'><strong>conscientia</strong></span> <span class='ocrx_word' id='word_1_284' title='bbox 1487 1988 1620 2031; x_wconf 81' lang='lat' dir='ltr'><strong>grande</strong></span> <span class='ocrx_word' id='word_1_285' title='bbox 1649 1996 1774 2021; x_wconf 89' lang='lat' dir='ltr'><strong>eorum</strong></span> <span class='ocrx_word' id='word_1_286' title='bbox 1806 1988 2006 2030; x_wconf 90' lang='lat' dir='ltr'><strong>praemium</strong></span> 
     </span>
    </p>
   </div>
   <div class='ocr_carea' id='block_1_6' title="bbox 206 2039 1092 3479">
    <p class='ocr_par' dir='ltr' id='par_1_6' title="bbox 206 2039 1092 3479">
     <span class='ocr_line' id='line_1_27' title="bbox 206 2039 1090 2085; baseline 0.001 -14"><span class='ocrx_word' id='word_1_287' title='bbox 206 2039 327 2085; x_wconf 35' lang='lat' dir='ltr'><strong>,magis</strong></span> <span class='ocrx_word' id='word_1_288' title='bbox 355 2039 392 2071; x_wconf 91' lang='lat' dir='ltr'><strong>in</strong></span> <span class='ocrx_word' id='word_1_289' title='bbox 414 2039 564 2072; x_wconf 87' lang='lat' dir='ltr'><strong>amicitia</strong></span> <span class='ocrx_word' id='word_1_290' title='bbox 586 2040 752 2081; x_wconf 86' lang='lat' dir='ltr'><strong>principis</strong></span> <span class='ocrx_word' id='word_1_291' title='bbox 774 2048 875 2080; x_wconf 82' lang='lat' dir='ltr'><strong>quam</strong></span> <span class='ocrx_word' id='word_1_292' title='bbox 895 2040 963 2072; x_wconf 87' lang='lat' dir='ltr'><strong>vim</strong></span> <span class='ocrx_word' id='word_1_293' title='bbox 985 2040 1090 2073; x_wconf 86' lang='lat' dir='ltr'><strong>tenuit</strong></span> 
     </span>
     <span class='ocr_line' id='line_1_28' title="bbox 222 2087 1084 2131; baseline 0.001 -10"><span class='ocrx_word' id='word_1_294' title='bbox 222 2087 439 2131; x_wconf 88' lang='lat' dir='ltr'><strong>(Sallustius).</strong></span> <span class='ocrx_word' id='word_1_295' title='bbox 464 2089 563 2130; x_wconf 80' lang='lat' dir='ltr'><strong>idque</strong></span> <span class='ocrx_word' id='word_1_296' title='bbox 584 2092 615 2122; x_wconf 91' lang='lat' dir='ltr'><strong>et</strong></span> <span class='ocrx_word' id='word_1_297' title='bbox 635 2090 822 2123; x_wconf 75' lang='lat' dir='ltr'><strong>Maecenati</strong></span> <span class='ocrx_word' id='word_1_298' title='bbox 843 2090 1021 2123; x_wconf 88' lang='lat' dir='ltr'><strong>acciderat.</strong></span> <span class='ocrx_word' id='word_1_299' title='bbox 1048 2107 1084 2112; x_wconf 93' lang='lat'>—</span> 
     </span>
     <span class='ocr_line' id='line_1_29' title="bbox 218 2138 1085 2181; baseline 0.002 -10"><span class='ocrx_word' id='word_1_300' title='bbox 218 2138 308 2172; x_wconf 84' lang='lat' dir='ltr'><strong>velut</strong></span> <span class='ocrx_word' id='word_1_301' title='bbox 326 2138 552 2181; x_wconf 71' lang='lat' dir='ltr'><strong>parem-inum]</strong></span> <span class='ocrx_word' id='word_1_302' title='bbox 569 2139 671 2181; x_wconf 84' lang='lat' dir='ltr'><strong>quasi</strong></span> <span class='ocrx_word' id='word_1_303' title='bbox 691 2148 763 2172; x_wconf 92' lang='lat' dir='ltr'><strong>non</strong></span> <span class='ocrx_word' id='word_1_304' title='bbox 779 2141 875 2173; x_wconf 90' lang='lat' dir='ltr'><strong>esset</strong></span> <span class='ocrx_word' id='word_1_305' title='bbox 890 2141 1034 2173; x_wconf 89' lang='lat' dir='ltr'><strong>Romae.</strong></span> <span class='ocrx_word' id='word_1_306' title='bbox 1049 2158 1085 2164; x_wconf 91' lang='lat'>—</span> 
     </span>
     <span class='ocr_line' id='line_1_30' title="bbox 219 2188 1090 2232; baseline 0.001 -10"><span class='ocrx_word' id='word_1_307' title='bbox 219 2188 376 2231; x_wconf 83' lang='lat' dir='ltr'><strong>iactatus]</strong></span> <span class='ocrx_word' id='word_1_308' title='bbox 401 2189 548 2222; x_wconf 79' lang='lat' dir='ltr'><strong>«lactari</strong></span> <span class='ocrx_word' id='word_1_309' title='bbox 569 2190 712 2232; x_wconf 87' lang='lat' dir='ltr'><strong>proprie</strong></span> <span class='ocrx_word' id='word_1_310' title='bbox 736 2189 918 2231; x_wconf 90' lang='lat' dir='ltr'><strong>dicuntur,</strong></span> <span class='ocrx_word' id='word_1_311' title='bbox 946 2191 1005 2232; x_wconf 92' lang='lat' dir='ltr'><strong>qui</strong></span> <span class='ocrx_word' id='word_1_312' title='bbox 1028 2191 1090 2224; x_wconf 87' lang='lat' dir='ltr'><strong>aut</strong></span> 
     </span>
     <span class='ocr_line' id='line_1_31' title="bbox 222 2237 1089 2281; baseline 0.001 -9"><span class='ocrx_word' id='word_1_313' title='bbox 222 2239 258 2272; x_wconf 90' lang='lat' dir='ltr'><strong>in</strong></span> <span class='ocrx_word' id='word_1_314' title='bbox 280 2239 384 2272; x_wconf 90' lang='lat' dir='ltr'><strong>turba</strong></span> <span class='ocrx_word' id='word_1_315' title='bbox 409 2237 525 2281; x_wconf 89' lang='lat' dir='ltr'><strong>aliqua</strong></span> <span class='ocrx_word' id='word_1_316' title='bbox 549 2239 595 2272; x_wconf 90' lang='lat' dir='ltr'><strong>ab</strong></span> <span class='ocrx_word' id='word_1_317' title='bbox 610 2248 682 2272; x_wconf 89' lang='lat' dir='ltr'><strong>uno</strong></span> <span class='ocrx_word' id='word_1_318' title='bbox 703 2238 784 2273; x_wconf 90' lang='lat' dir='ltr'><strong>loco</strong></span> <span class='ocrx_word' id='word_1_319' title='bbox 801 2240 837 2273; x_wconf 89' lang='lat' dir='ltr'><strong>in</strong></span> <span class='ocrx_word' id='word_1_320' title='bbox 852 2239 1002 2273; x_wconf 88' lang='lat' dir='ltr'><strong>alterum</strong></span> <span class='ocrx_word' id='word_1_321' title='bbox 1017 2241 1089 2273; x_wconf 86' lang='lat' dir='ltr'><strong>tru-</strong></span> 
     </span>
     <span class='ocr_line' id='line_1_32' title="bbox 222 2289 1090 2333; baseline 0.002 -11"><span class='ocrx_word' id='word_1_322' title='bbox 222 2289 364 2331; x_wconf 88' lang='lat' dir='ltr'><strong>duntur,</strong></span> <span class='ocrx_word' id='word_1_323' title='bbox 389 2291 430 2322; x_wconf 85' lang='lat' dir='ltr'><strong>ut</strong></span> <span class='ocrx_word' id='word_1_324' title='bbox 451 2290 646 2324; x_wconf 86' lang='lat' dir='ltr'><strong>consistere</strong></span> <span class='ocrx_word' id='word_1_325' title='bbox 669 2299 741 2324; x_wconf 89' lang='lat' dir='ltr'><strong>non</strong></span> <span class='ocrx_word' id='word_1_326' title='bbox 762 2291 910 2333; x_wconf 88' lang='lat' dir='ltr'><strong>possint,</strong></span> <span class='ocrx_word' id='word_1_327' title='bbox 939 2292 999 2324; x_wconf 87' lang='lat' dir='ltr'><strong>aut</strong></span> <span class='ocrx_word' id='word_1_328' title='bbox 1020 2291 1090 2324; x_wconf 89' lang='lat' dir='ltr'><strong>flu-</strong></span> 
     </span>
     <span class='ocr_line' id='line_1_33' title="bbox 222 2339 1089 2383; baseline 0.002 -11"><span class='ocrx_word' id='word_1_329' title='bbox 222 2339 337 2373; x_wconf 89' lang='lat' dir='ltr'><strong>ctibus</strong></span> <span class='ocrx_word' id='word_1_330' title='bbox 366 2341 402 2373; x_wconf 90' lang='lat' dir='ltr'><strong>et</strong></span> <span class='ocrx_word' id='word_1_331' title='bbox 429 2341 606 2374; x_wconf 85' lang='lat' dir='ltr'><strong>maritima</strong></span> <span class='ocrx_word' id='word_1_332' title='bbox 635 2341 846 2383; x_wconf 81' lang='lat' dir='ltr'><strong>tempestate</strong></span> <span class='ocrx_word' id='word_1_333' title='bbox 874 2341 1089 2383; x_wconf 87' lang='lat' dir='ltr'><strong>deprehensi</strong></span> 
     </span>
     <span class='ocr_line' id='line_1_34' title="bbox 222 2390 1087 2432; baseline 0.002 -10"><span class='ocrx_word' id='word_1_334' title='bbox 222 2391 321 2429; x_wconf 87' lang='lat' dir='ltr'><strong>sunt;</strong></span> <span class='ocrx_word' id='word_1_335' title='bbox 346 2390 430 2423; x_wconf 89' lang='lat' dir='ltr'><strong>hinc</strong></span> <span class='ocrx_word' id='word_1_336' title='bbox 445 2391 506 2432; x_wconf 87' lang='lat' dir='ltr'><strong>qui</strong></span> <span class='ocrx_word' id='word_1_337' title='bbox 522 2399 732 2432; x_wconf 87' lang='lat' dir='ltr'><strong>quacunque</strong></span> <span class='ocrx_word' id='word_1_338' title='bbox 748 2391 883 2423; x_wconf 87' lang='lat' dir='ltr'><strong>ratione</strong></span> <span class='ocrx_word' id='word_1_339' title='bbox 898 2392 1087 2431; x_wconf 85' lang='lat' dir='ltr'><strong>vexantur;</strong></span> 
     </span>
     <span class='ocr_line' id='line_1_35' title="bbox 222 2438 1088 2483; baseline -0.001 -11"><span class='ocrx_word' id='word_1_340' title='bbox 222 2438 351 2472; x_wconf 89' lang='lat' dir='ltr'><strong>deinde</strong></span> <span class='ocrx_word' id='word_1_341' title='bbox 375 2441 436 2482; x_wconf 91' lang='lat' dir='ltr'><strong>qui</strong></span> <span class='ocrx_word' id='word_1_342' title='bbox 458 2438 610 2473; x_wconf 88' lang='lat' dir='ltr'><strong>multum</strong></span> <span class='ocrx_word' id='word_1_343' title='bbox 625 2440 813 2473; x_wconf 85' lang='lat' dir='ltr'><strong>versantur</strong></span> <span class='ocrx_word' id='word_1_344' title='bbox 831 2441 868 2473; x_wconf 93' lang='lat' dir='ltr'><strong>in</strong></span> <span class='ocrx_word' id='word_1_345' title='bbox 882 2450 923 2474; x_wconf 89' lang='lat' dir='ltr'><strong>re</strong></span> <span class='ocrx_word' id='word_1_346' title='bbox 938 2440 1088 2483; x_wconf 42' lang='lat' dir='ltr'><strong>aliqua.»</strong></span> 
     </span>
     <span class='ocr_line' id='line_1_36' title="bbox 220 2489 1090 2532; baseline 0.003 -11"><span class='ocrx_word' id='word_1_347' title='bbox 220 2489 303 2522; x_wconf 59' lang='lat' dir='ltr'><strong>Emi.</strong></span> <span class='ocrx_word' id='word_1_348' title='bbox 330 2507 366 2513; x_wconf 92' lang='lat'><em>-</em></span> <span class='ocrx_word' id='word_1_349' title='bbox 402 2498 467 2530; x_wconf 87' lang='lat' dir='ltr'><strong>pro</strong></span> <span class='ocrx_word' id='word_1_350' title='bbox 494 2489 680 2532; x_wconf 64' lang='lat' dir='ltr'><strong>ingentibus</strong></span> <span class='ocrx_word' id='word_1_351' title='bbox 708 2490 850 2532; x_wconf 79' lang='lat' dir='ltr'><strong>meritis]</strong></span> <span class='ocrx_word' id='word_1_352' title='bbox 882 2491 924 2523; x_wconf 91' lang='lat' dir='ltr'><strong>iis</strong></span> <span class='ocrx_word' id='word_1_353' title='bbox 954 2491 1090 2524; x_wconf 86' lang='lat' dir='ltr'><strong>meritis</strong></span> 
     </span>
     <span class='ocr_line' id='line_1_37' title="bbox 220 2539 1090 2582; baseline 0.002 -10"><span class='ocrx_word' id='word_1_354' title='bbox 220 2539 490 2582; x_wconf 86' lang='lat' dir='ltr'><strong>respondentia,</strong></span> <span class='ocrx_word' id='word_1_355' title='bbox 517 2549 559 2573; x_wconf 88' lang='lat' dir='ltr'><strong>ea</strong></span> <span class='ocrx_word' id='word_1_356' title='bbox 582 2548 654 2572; x_wconf 93' lang='lat' dir='ltr'><strong>non</strong></span> <span class='ocrx_word' id='word_1_357' title='bbox 677 2541 890 2582; x_wconf 85' lang='lat' dir='ltr'><strong>superantia.</strong></span> <span class='ocrx_word' id='word_1_358' title='bbox 916 2558 952 2564; x_wconf 99' lang='lat'><strong>—</strong></span> <span class='ocrx_word' id='word_1_359' title='bbox 977 2542 1090 2574; x_wconf 82' lang='lat' dir='ltr'><strong>muni-</strong></span> 
     </span>
     <span class='ocr_line' id='line_1_38' title="bbox 218 2589 1090 2633; baseline 0.002 -11"><span class='ocrx_word' id='word_1_360' title='bbox 218 2591 370 2632; x_wconf 72' lang='lat' dir='ltr'><strong>ficentiae</strong></span> <span class='ocrx_word' id='word_1_361' title='bbox 391 2590 480 2633; x_wconf 83' lang='lat' dir='ltr'><strong>tuae]</strong></span> <span class='ocrx_word' id='word_1_362' title='bbox 505 2590 528 2622; x_wconf 92' lang='lat' dir='ltr'><strong>i.</strong></span> <span class='ocrx_word' id='word_1_363' title='bbox 547 2599 580 2623; x_wconf 91' lang='lat' dir='ltr'><strong>e.</strong></span> <span class='ocrx_word' id='word_1_364' title='bbox 605 2589 651 2622; x_wconf 92' lang='lat' dir='ltr'><strong>ad</strong></span> <span class='ocrx_word' id='word_1_365' title='bbox 674 2590 915 2631; x_wconf 86' lang='lat' dir='ltr'><strong>excitandam,</strong></span> <span class='ocrx_word' id='word_1_366' title='bbox 945 2600 1090 2633; x_wconf 90' lang='lat' dir='ltr'><strong>prome-</strong></span> 
     </span>
     <span class='ocr_line' id='line_1_39' title="bbox 221 2639 1091 2674; baseline 0.002 -2"><span class='ocrx_word' id='word_1_367' title='bbox 221 2639 372 2672; x_wconf 90' lang='lat' dir='ltr'><strong>rendam</strong></span> <span class='ocrx_word' id='word_1_368' title='bbox 398 2639 679 2672; x_wconf 86' lang='lat' dir='ltr'><strong>munificentiam</strong></span> <span class='ocrx_word' id='word_1_369' title='bbox 707 2640 816 2673; x_wconf 86' lang='lat' dir='ltr'><strong>tuam.</strong></span> <span class='ocrx_word' id='word_1_370' title='bbox 844 2658 881 2663; x_wconf 97' lang='lat'><strong>—</strong></span> <span class='ocrx_word' id='word_1_371' title='bbox 906 2642 942 2673; x_wconf 84' lang='lat' dir='ltr'><strong>in</strong></span> <span class='ocrx_word' id='word_1_372' title='bbox 970 2641 1091 2674; x_wconf 89' lang='lat' dir='ltr'><strong>umbra</strong></span> 
     </span>
     <span class='ocr_line' id='line_1_40' title="bbox 222 2690 1092 2733; baseline 0.002 -11"><span class='ocrx_word' id='word_1_373' title='bbox 222 2690 376 2731; x_wconf 85' lang='lat' dir='ltr'><strong>educata]</strong></span> <span class='ocrx_word' id='word_1_374' title='bbox 403 2698 513 2733; x_wconf 74' lang='lat' dir='ltr'><strong>«quae</strong></span> <span class='ocrx_word' id='word_1_375' title='bbox 536 2690 572 2723; x_wconf 89' lang='lat' dir='ltr'><strong>in</strong></span> <span class='ocrx_word' id='word_1_376' title='bbox 594 2691 730 2733; x_wconf 87' lang='lat' dir='ltr'><strong>privata</strong></span> <span class='ocrx_word' id='word_1_377' title='bbox 746 2691 818 2723; x_wconf 88' lang='lat' dir='ltr'><strong>vita</strong></span> <span class='ocrx_word' id='word_1_378' title='bbox 840 2692 998 2731; x_wconf 84' lang='lat' dir='ltr'><strong>tractavi,</strong></span> <span class='ocrx_word' id='word_1_379' title='bbox 1024 2691 1092 2724; x_wconf 88' lang='lat' dir='ltr'><strong>for-</strong></span> 
     </span>
     <span class='ocr_line' id='line_1_41' title="bbox 223 2739 1088 2782; baseline 0.001 -10"><span class='ocrx_word' id='word_1_380' title='bbox 223 2740 351 2772; x_wconf 80' lang='lat' dir='ltr'><strong>mavi.»</strong></span> <span class='ocrx_word' id='word_1_381' title='bbox 386 2740 573 2782; x_wconf 90' lang='lat' dir='ltr'><strong>Sumptum</strong></span> <span class='ocrx_word' id='word_1_382' title='bbox 605 2749 647 2773; x_wconf 85' lang='lat' dir='ltr'><strong>ex</strong></span> <span class='ocrx_word' id='word_1_383' title='bbox 682 2740 873 2781; x_wconf 88' lang='lat' dir='ltr'><strong>Cicerone,</strong></span> <span class='ocrx_word' id='word_1_384' title='bbox 909 2741 944 2774; x_wconf 88' lang='lat' dir='ltr'><strong>ni</strong></span> <span class='ocrx_word' id='word_1_385' title='bbox 979 2739 1088 2781; x_wconf 87' lang='lat' dir='ltr'><strong>fallor,</strong></span> 
     </span>
     <span class='ocr_line' id='line_1_42' title="bbox 222 2788 1092 2831; baseline 0.001 -10"><span class='ocrx_word' id='word_1_386' title='bbox 222 2788 318 2831; x_wconf 87' lang='lat' dir='ltr'><strong>apud</strong></span> <span class='ocrx_word' id='word_1_387' title='bbox 347 2797 455 2831; x_wconf 91' lang='lat' dir='ltr'><strong>quem</strong></span> <span class='ocrx_word' id='word_1_388' title='bbox 478 2789 523 2822; x_wconf 93' lang='lat' dir='ltr'><strong>de</strong></span> <span class='ocrx_word' id='word_1_389' title='bbox 546 2790 650 2831; x_wconf 77' lang='lat' dir='ltr'><strong>Legg.</strong></span> <span class='ocrx_word' id='word_1_390' title='bbox 677 2789 709 2830; x_wconf 89' lang='grc'><strong>3,</strong></span> <span class='ocrx_word' id='word_1_391' title='bbox 735 2790 754 2823; x_wconf 89' lang='grc'>6</span> <span class='ocrx_word' id='word_1_392' title='bbox 778 2790 885 2823; x_wconf 88' lang='lat' dir='ltr'><strong>etiam</strong></span> <span class='ocrx_word' id='word_1_393' title='bbox 908 2792 989 2824; x_wconf 90' lang='lat' dir='ltr'><strong>sunt</strong></span> <span class='ocrx_word' id='word_1_394' title='bbox 1014 2799 1092 2822; x_wconf 89' lang='lat' dir='ltr'><strong>um-</strong></span> 
     </span>
     <span class='ocr_line' id='line_1_43' title="bbox 223 2838 1091 2882; baseline 0.002 -11"><span class='ocrx_word' id='word_1_395' title='bbox 223 2838 362 2871; x_wconf 82' lang='lat' dir='ltr'><strong>bracula</strong></span> <span class='ocrx_word' id='word_1_396' title='bbox 377 2839 583 2872; x_wconf 76' lang='lat' dir='ltr'><strong>eruditorum</strong></span> <span class='ocrx_word' id='word_1_397' title='bbox 599 2841 635 2872; x_wconf 90' lang='lat' dir='ltr'><strong>et</strong></span> <span class='ocrx_word' id='word_1_398' title='bbox 649 2840 769 2880; x_wconf 89' lang='lat' dir='ltr'><strong>otium,</strong></span> <span class='ocrx_word' id='word_1_399' title='bbox 795 2849 886 2882; x_wconf 85' lang='lat' dir='ltr'><strong>quae</strong></span> <span class='ocrx_word' id='word_1_400' title='bbox 903 2848 1091 2882; x_wconf 92' lang='lat' dir='ltr'><strong>opponun-</strong></span> 
     </span>
     <span class='ocr_line' id='line_1_44' title="bbox 222 2889 1091 2931; baseline 0.001 -10"><span class='ocrx_word' id='word_1_401' title='bbox 222 2889 281 2921; x_wconf 85' lang='lat' dir='ltr'><strong>tur</strong></span> <span class='ocrx_word' id='word_1_402' title='bbox 298 2889 360 2922; x_wconf 87' lang='lat' dir='ltr'><strong>soli</strong></span> <span class='ocrx_word' id='word_1_403' title='bbox 375 2890 411 2922; x_wconf 89' lang='lat' dir='ltr'><strong>et</strong></span> <span class='ocrx_word' id='word_1_404' title='bbox 426 2890 526 2931; x_wconf 85' lang='lat' dir='ltr'><strong>aciei,</strong></span> <span class='ocrx_word' id='word_1_405' title='bbox 551 2891 620 2923; x_wconf 89' lang='lat' dir='ltr'><strong>hoc</strong></span> <span class='ocrx_word' id='word_1_406' title='bbox 635 2891 707 2930; x_wconf 92' lang='lat' dir='ltr'><strong>est,</strong></span> <span class='ocrx_word' id='word_1_407' title='bbox 733 2890 1023 2924; x_wconf 87' lang='lat' dir='ltr'><strong>administrationi</strong></span> <span class='ocrx_word' id='word_1_408' title='bbox 1038 2890 1091 2923; x_wconf 91' lang='lat' dir='ltr'><strong>rei</strong></span> 
     </span>
     <span class='ocr_line' id='line_1_45' title="bbox 223 2937 1090 2982; baseline 0.001 -11"><span class='ocrx_word' id='word_1_409' title='bbox 223 2937 398 2980; x_wconf 87' lang='lat' dir='ltr'><strong>publicae.</strong></span> <span class='ocrx_word' id='word_1_410' title='bbox 418 2941 495 2972; x_wconf 91' lang='lat' dir='ltr'><strong>Non</strong></span> <span class='ocrx_word' id='word_1_411' title='bbox 507 2940 565 2972; x_wconf 90' lang='lat' dir='ltr'><strong>hic</strong></span> <span class='ocrx_word' id='word_1_412' title='bbox 577 2940 622 2973; x_wconf 90' lang='lat' dir='ltr'><strong>de</strong></span> <span class='ocrx_word' id='word_1_413' title='bbox 636 2939 756 2973; x_wconf 86' lang='lat' dir='ltr'><strong>schola</strong></span> <span class='ocrx_word' id='word_1_414' title='bbox 770 2940 995 2982; x_wconf 86' lang='lat' dir='ltr'><strong>cogitandum</strong></span> <span class='ocrx_word' id='word_1_415' title='bbox 1008 2948 1090 2973; x_wconf 91' lang='lat' dir='ltr'><strong>cum</strong></span> 
     </span>
     <span class='ocr_line' id='line_1_46' title="bbox 223 2987 1091 3029; baseline 0.002 -10"><span class='ocrx_word' id='word_1_416' title='bbox 223 2987 388 3020; x_wconf 85' lang='lat' dir='ltr'><strong>Pichena.</strong></span> <span class='ocrx_word' id='word_1_417' title='bbox 414 2988 495 3021; x_wconf 71' lang='lat' dir='ltr'><strong>Eun.</strong></span> <span class='ocrx_word' id='word_1_418' title='bbox 521 2988 573 3021; x_wconf 90' lang='lat' dir='ltr'><strong>Cf.</strong></span> <span class='ocrx_word' id='word_1_419' title='bbox 593 2987 732 3028; x_wconf 84' lang='lat' dir='ltr'><strong>Quintil.</strong></span> <span class='ocrx_word' id='word_1_420' title='bbox 751 2989 783 3029; x_wconf 83' lang='grc'><strong>4,</strong></span> <span class='ocrx_word' id='word_1_421' title='bbox 799 2989 833 3028; x_wconf 76' lang='lat'><strong>2,</strong></span> <span class='ocrx_word' id='word_1_422' title='bbox 853 2989 913 3021; x_wconf 75' lang='lat'><strong>⁴8:</strong></span> <span class='ocrx_word' id='word_1_423' title='bbox 938 2989 1091 3021; x_wconf 82' lang='lat' dir='ltr'><strong>solitaria</strong></span> 
     </span>
     <span class='ocr_line' id='line_1_47' title="bbox 223 3037 1088 3071; baseline 0 -2"><span class='ocrx_word' id='word_1_424' title='bbox 223 3039 255 3069; x_wconf 86' lang='lat' dir='ltr'><strong>et</strong></span> <span class='ocrx_word' id='word_1_425' title='bbox 267 3037 356 3070; x_wconf 81' lang='lat' dir='ltr'><strong>velut</strong></span> <span class='ocrx_word' id='word_1_426' title='bbox 370 3037 557 3070; x_wconf 89' lang='lat' dir='ltr'><strong>umbratica</strong></span> <span class='ocrx_word' id='word_1_427' title='bbox 571 3038 654 3071; x_wconf 82' lang='lat' dir='ltr'><strong>vita.</strong></span> <span class='ocrx_word' id='word_1_428' title='bbox 682 3037 779 3071; x_wconf 89' lang='lat' dir='ltr'><strong>Plato</strong></span> <span class='ocrx_word' id='word_1_429' title='bbox 795 3037 944 3071; x_wconf 87' lang='lat' dir='ltr'><strong>Phaedr.</strong></span> <span class='ocrx_word' id='word_1_430' title='bbox 961 3038 1026 3070; x_wconf 77' lang='lat'><strong>239</strong></span> <span class='ocrx_word' id='word_1_431' title='bbox 1042 3038 1088 3071; x_wconf 91' lang='lat' dir='ltr'><strong>C:</strong></span> 
     </span>
     <span class='ocr_line' id='line_1_48' title="bbox 225 3082 1089 3134; baseline 0.002 -16"><span class='ocrx_word' id='word_1_432' title='bbox 225 3082 305 3120; x_wconf 79' lang='grc' dir='ltr'><em>οὐδ’</em></span> <span class='ocrx_word' id='word_1_433' title='bbox 336 3086 377 3120; x_wconf 76' lang='grc' dir='ltr'><strong>ἐν</strong></span> <span class='ocrx_word' id='word_1_434' title='bbox 408 3082 503 3130; x_wconf 73' lang='grc' dir='ltr'><strong>ἡλίῳ</strong></span> <span class='ocrx_word' id='word_1_435' title='bbox 527 3085 685 3134; x_wconf 75' lang='grc' dir='ltr'><em>καθαρῷ</em></span> <span class='ocrx_word' id='word_1_436' title='bbox 707 3087 985 3134; x_wconf 75' lang='grc' dir='ltr'><em>τεθραμμένον,</em></span> <span class='ocrx_word' id='word_1_437' title='bbox 1009 3083 1089 3120; x_wconf 79' lang='grc' dir='ltr'><strong>ἀλλ’</strong></span> 
     </span>
     <span class='ocr_line' id='line_1_49' title="bbox 224 3133 1092 3183; baseline 0.001 -14"><span class='ocrx_word' id='word_1_438' title='bbox 224 3133 301 3169; x_wconf 75' lang='grc' dir='ltr'><strong>ὑπὸ</strong></span> <span class='ocrx_word' id='word_1_439' title='bbox 335 3140 522 3181; x_wconf 81' lang='grc' dir='ltr'><em>συμμιγεῖ</em></span> <span class='ocrx_word' id='word_1_440' title='bbox 547 3136 649 3183; x_wconf 80' lang='grc' dir='ltr'><strong><em>σκιᾷ.</em></strong></span> <span class='ocrx_word' id='word_1_441' title='bbox 684 3138 739 3170; x_wconf 83' lang='lat' dir='ltr'><strong>Ad</strong></span> <span class='ocrx_word' id='word_1_442' title='bbox 767 3137 921 3170; x_wconf 84' lang='lat' dir='ltr'><strong>verbum</strong></span> <span class='ocrx_word' id='word_1_443' title='bbox 950 3138 1092 3171; x_wconf 88' lang='lat' dir='ltr'><strong>educare</strong></span> 
     </span>
     <span class='ocr_line' id='line_1_50' title="bbox 225 3187 1091 3230; baseline 0 -10"><span class='ocrx_word' id='word_1_444' title='bbox 225 3187 270 3221; x_wconf 89' lang='lat' dir='ltr'><strong>cf.</strong></span> <span class='ocrx_word' id='word_1_445' title='bbox 296 3188 367 3221; x_wconf 91' lang='lat' dir='ltr'><strong>Cic.</strong></span> <span class='ocrx_word' id='word_1_446' title='bbox 386 3188 479 3221; x_wconf 91' lang='lat' dir='ltr'><strong>Orat.</strong></span> <span class='ocrx_word' id='word_1_447' title='bbox 498 3187 517 3229; x_wconf 75' lang='lat' dir='ltr'>S</span> <span class='ocrx_word' id='word_1_448' title='bbox 540 3187 601 3221; x_wconf 76' lang='lat'><strong>42:</strong></span> <span class='ocrx_word' id='word_1_449' title='bbox 626 3188 769 3221; x_wconf 84' lang='lat' dir='ltr'><strong>educata</strong></span> <span class='ocrx_word' id='word_1_450' title='bbox 783 3188 879 3220; x_wconf 83' lang='lat' dir='ltr'><strong>huius</strong></span> <span class='ocrx_word' id='word_1_451' title='bbox 904 3187 1091 3230; x_wconf 87' lang='lat' dir='ltr'><strong>(epidictici</strong></span> 
     </span>
     <span class='ocr_line' id='line_1_51' title="bbox 224 3237 1092 3279; baseline -0.001 -9"><span class='ocrx_word' id='word_1_452' title='bbox 224 3237 374 3279; x_wconf 88' lang='lat' dir='ltr'><strong>generis)</strong></span> <span class='ocrx_word' id='word_1_453' title='bbox 398 3237 608 3270; x_wconf 73' lang='lat' dir='ltr'><strong>nutrimentis</strong></span> <span class='ocrx_word' id='word_1_454' title='bbox 628 3237 814 3278; x_wconf 75' lang='lat' dir='ltr'><strong>eloquentia</strong></span> <span class='ocrx_word' id='word_1_455' title='bbox 834 3237 908 3278; x_wconf 84' lang='lat' dir='ltr'><strong>ipsa</strong></span> <span class='ocrx_word' id='word_1_456' title='bbox 925 3245 959 3270; x_wconf 88' lang='lat' dir='ltr'><strong>se</strong></span> <span class='ocrx_word' id='word_1_457' title='bbox 975 3240 1092 3279; x_wconf 87' lang='lat' dir='ltr'><strong>postea</strong></span> 
     </span>
     <span class='ocr_line' id='line_1_52' title="bbox 224 3285 1090 3329; baseline 0.001 -10"><span class='ocrx_word' id='word_1_458' title='bbox 224 3286 352 3319; x_wconf 84' lang='lat' dir='ltr'><strong>colorat</strong></span> <span class='ocrx_word' id='word_1_459' title='bbox 381 3290 411 3320; x_wconf 82' lang='lat' dir='ltr'><strong>et</strong></span> <span class='ocrx_word' id='word_1_460' title='bbox 437 3286 585 3319; x_wconf 77' lang='lat' dir='ltr'><strong>roborat.</strong></span> <span class='ocrx_word' id='word_1_461' title='bbox 614 3303 650 3310; x_wconf 95' lang='lat'>—</span> <span class='ocrx_word' id='word_1_462' title='bbox 682 3286 799 3327; x_wconf 75' lang='lat' dir='ltr'><strong>quibus</strong></span> <span class='ocrx_word' id='word_1_463' title='bbox 820 3286 985 3319; x_wconf 65' lang='lat' dir='ltr'><strong>claritudo</strong></span> <span class='ocrx_word' id='word_1_464' title='bbox 1007 3285 1090 3329; x_wconf 86' lang='lat' dir='ltr'><strong>cet.]</strong></span> 
     </span>
     <span class='ocr_line' id='line_1_53' title="bbox 226 3335 1091 3370; baseline -0.001 -1"><span class='ocrx_word' id='word_1_465' title='bbox 226 3335 301 3369; x_wconf 80' lang='lat' dir='ltr'><strong>Hoc</strong></span> <span class='ocrx_word' id='word_1_466' title='bbox 315 3337 578 3370; x_wconf 84' lang='lat' dir='ltr'><strong>modestissime</strong></span> <span class='ocrx_word' id='word_1_467' title='bbox 592 3344 715 3369; x_wconf 87' lang='lat' dir='ltr'><strong>rursus</strong></span> <span class='ocrx_word' id='word_1_468' title='bbox 732 3335 833 3368; x_wconf 87' lang='lat' dir='ltr'><strong>dicit:</strong></span> <span class='ocrx_word' id='word_1_469' title='bbox 855 3335 994 3369; x_wconf 73' lang='lat' dir='ltr'><strong>«Studia</strong></span> <span class='ocrx_word' id='word_1_470' title='bbox 1010 3344 1091 3369; x_wconf 88' lang='lat' dir='ltr'><strong>mea</strong></span> 
     </span>
     <span class='ocr_line' id='line_1_54' title="bbox 224 3385 1091 3429; baseline 0.002 -12"><span class='ocrx_word' id='word_1_471' title='bbox 224 3385 306 3418; x_wconf 88' lang='lat' dir='ltr'><strong>ideo</strong></span> <span class='ocrx_word' id='word_1_472' title='bbox 321 3387 474 3420; x_wconf 85' lang='lat' dir='ltr'><strong>maxime</strong></span> <span class='ocrx_word' id='word_1_473' title='bbox 489 3385 734 3420; x_wconf 86' lang='lat' dir='ltr'><strong>claritudinem</strong></span> <span class='ocrx_word' id='word_1_474' title='bbox 749 3385 876 3429; x_wconf 84' lang='lat' dir='ltr'><strong>adepta</strong></span> <span class='ocrx_word' id='word_1_475' title='bbox 898 3387 991 3427; x_wconf 90' lang='lat' dir='ltr'><strong>sunt,</strong></span> <span class='ocrx_word' id='word_1_476' title='bbox 1010 3386 1091 3428; x_wconf 84' lang='lat' dir='ltr'><strong>quia</strong></span> 
     </span>
     <span class='ocr_line' id='line_1_55' title="bbox 226 3434 1091 3479; baseline 0.002 -12"><span class='ocrx_word' id='word_1_477' title='bbox 226 3434 391 3470; x_wconf 84' lang='lat' dir='ltr'><strong>omnibus</strong></span> <span class='ocrx_word' id='word_1_478' title='bbox 405 3435 631 3471; x_wconf 80' lang='lat' dir='ltr'><strong>manifestum</strong></span> <span class='ocrx_word' id='word_1_479' title='bbox 650 3436 727 3470; x_wconf 83' lang='lat' dir='ltr'><strong>erat</strong></span> <span class='ocrx_word' id='word_1_480' title='bbox 743 3443 786 3470; x_wconf 84' lang='lat' dir='ltr'><strong>ea</strong></span> <span class='ocrx_word' id='word_1_481' title='bbox 803 3435 1026 3479; x_wconf 83' lang='lat' dir='ltr'><strong>potissimum</strong></span> <span class='ocrx_word' id='word_1_482' title='bbox 1041 3436 1091 3469; x_wconf 91' lang='lat' dir='ltr'><strong>tui</strong></span> 
     </span>
    </p>
   </div>
   <div class='ocr_carea' id='block_1_7' title="bbox 1138 2037 2010 3480">
    <p class='ocr_par' dir='ltr' id='par_1_7' title="bbox 1138 2037 2010 2783">
     <span class='ocr_line' id='line_1_56' title="bbox 1139 2037 2004 2082; baseline -0.002 -9"><span class='ocrx_word' id='word_1_483' title='bbox 1139 2040 1225 2073; x_wconf 87' lang='lat' dir='ltr'><strong>mihi</strong></span> <span class='ocrx_word' id='word_1_484' title='bbox 1246 2041 1408 2082; x_wconf 74' lang='lat' dir='ltr'><strong>reputo.»</strong></span> <span class='ocrx_word' id='word_1_485' title='bbox 1426 2057 1462 2062; x_wconf 98' lang='lat'><strong>—</strong></span> <span class='ocrx_word' id='word_1_486' title='bbox 1486 2039 1663 2080; x_wconf 80' lang='lat' dir='ltr'><strong>pecuniam</strong></span> <span class='ocrx_word' id='word_1_487' title='bbox 1677 2037 1932 2080; x_wconf 72' lang='lat' dir='ltr'><strong>circumdedisti]</strong></span> <span class='ocrx_word' id='word_1_488' title='bbox 1953 2037 2004 2071; x_wconf 95' lang='lat' dir='ltr'><strong>Cf.</strong></span> 
     </span>
     <span class='ocr_line' id='line_1_57' title="bbox 1138 2088 2005 2133; baseline -0.003 -10"><span class='ocrx_word' id='word_1_489' title='bbox 1138 2091 1220 2132; x_wconf 87' lang='lat' dir='ltr'><strong>Agr.</strong></span> <span class='ocrx_word' id='word_1_490' title='bbox 1244 2090 1303 2124; x_wconf 77' lang='lat'><strong>20:</strong></span> <span class='ocrx_word' id='word_1_491' title='bbox 1334 2089 1503 2133; x_wconf 67' lang='lat' dir='ltr'><strong>eqreyiam</strong></span> <span class='ocrx_word' id='word_1_492' title='bbox 1523 2089 1653 2131; x_wconf 78' lang='lat' dir='ltr'><strong>famam</strong></span> <span class='ocrx_word' id='word_1_493' title='bbox 1679 2088 1758 2129; x_wconf 83' lang='lat' dir='ltr'><strong>paci</strong></span> <span class='ocrx_word' id='word_1_494' title='bbox 1779 2088 2005 2121; x_wconf 75' lang='lat' dir='ltr'><strong>circumdedit.</strong></span> 
     </span>
     <span class='ocr_line' id='line_1_58' title="bbox 1143 2137 2004 2182; baseline -0.003 -9"><span class='ocrx_word' id='word_1_495' title='bbox 1143 2158 1180 2164; x_wconf 89' lang='lat'>—</span> <span class='ocrx_word' id='word_1_496' title='bbox 1197 2140 1401 2182; x_wconf 83' lang='lat' dir='ltr'><strong>provinciali</strong></span> <span class='ocrx_word' id='word_1_497' title='bbox 1415 2138 1496 2180; x_wconf 91' lang='lat' dir='ltr'><strong>loco]</strong></span> <span class='ocrx_word' id='word_1_498' title='bbox 1514 2137 1701 2172; x_wconf 87' lang='lat' dir='ltr'><strong>Cordubae</strong></span> <span class='ocrx_word' id='word_1_499' title='bbox 1717 2138 1753 2171; x_wconf 91' lang='lat' dir='ltr'><strong>in</strong></span> <span class='ocrx_word' id='word_1_500' title='bbox 1769 2138 1948 2180; x_wconf 90' lang='lat' dir='ltr'><strong>Hispania.</strong></span> <span class='ocrx_word' id='word_1_501' title='bbox 1968 2155 2004 2161; x_wconf 97' lang='lat'><em>-</em></span> 
     </span>
     <span class='ocr_line' id='line_1_59' title="bbox 1139 2188 2005 2232; baseline -0.003 -9"><span class='ocrx_word' id='word_1_502' title='bbox 1139 2191 1239 2232; x_wconf 71' lang='lat' dir='ltr'><strong>{onya</strong></span> <span class='ocrx_word' id='word_1_503' title='bbox 1268 2189 1404 2232; x_wconf 87' lang='lat' dir='ltr'><strong>decora]</strong></span> <span class='ocrx_word' id='word_1_504' title='bbox 1440 2189 1621 2231; x_wconf 87' lang='lat' dir='ltr'><strong>antiquam</strong></span> <span class='ocrx_word' id='word_1_505' title='bbox 1654 2189 1829 2222; x_wconf 90' lang='lat' dir='ltr'><strong>honorum</strong></span> <span class='ocrx_word' id='word_1_506' title='bbox 1862 2188 2005 2221; x_wconf 87' lang='lat' dir='ltr'><strong>seriem.</strong></span> 
     </span>
     <span class='ocr_line' id='line_1_60' title="bbox 1141 2238 2010 2281; baseline -0.003 -8"><span class='ocrx_word' id='word_1_507' title='bbox 1141 2240 1192 2274; x_wconf 88' lang='lat' dir='ltr'><strong>Cf.</strong></span> <span class='ocrx_word' id='word_1_508' title='bbox 1218 2240 1305 2273; x_wconf 89' lang='lat' dir='ltr'><strong>Hist.</strong></span> <span class='ocrx_word' id='word_1_509' title='bbox 1323 2241 1355 2280; x_wconf 91' lang='grc'><strong>4,</strong></span> <span class='ocrx_word' id='word_1_510' title='bbox 1374 2241 1434 2272; x_wconf 82' lang='grc'><strong>45;</strong></span> <span class='ocrx_word' id='word_1_511' title='bbox 1462 2239 1520 2272; x_wconf 87' lang='lat' dir='ltr'><strong>tibi</strong></span> <span class='ocrx_word' id='word_1_512' title='bbox 1541 2239 1680 2281; x_wconf 70' lang='lat' dir='ltr'><strong>insiqne,</strong></span> <span class='ocrx_word' id='word_1_513' title='bbox 1698 2239 1865 2280; x_wconf 72' lang='lat' dir='ltr'><strong>Sulpiciae</strong></span> <span class='ocrx_word' id='word_1_514' title='bbox 1887 2247 1930 2271; x_wconf 87' lang='lat' dir='ltr'><strong>ae</strong></span> <span class='ocrx_word' id='word_1_515' title='bbox 1942 2238 2010 2270; x_wconf 91' lang='lat' dir='ltr'><strong>Lu-</strong></span> 
     </span>
     <span class='ocr_line' id='line_1_61' title="bbox 1139 2289 2007 2332; baseline -0.005 -7"><span class='ocrx_word' id='word_1_516' title='bbox 1139 2291 1244 2325; x_wconf 86' lang='lat' dir='ltr'><strong>tatiae</strong></span> <span class='ocrx_word' id='word_1_517' title='bbox 1266 2290 1401 2332; x_wconf 86' lang='lat' dir='ltr'><strong>(gentis)</strong></span> <span class='ocrx_word' id='word_1_518' title='bbox 1424 2291 1546 2323; x_wconf 86' lang='lat' dir='ltr'><strong>decora</strong></span> <span class='ocrx_word' id='word_1_519' title='bbox 1566 2290 1732 2323; x_wconf 81' lang='lat' dir='ltr'><strong>nobilitati</strong></span> <span class='ocrx_word' id='word_1_520' title='bbox 1746 2293 1824 2322; x_wconf 85' lang='lat' dir='ltr'><strong>tuae</strong></span> <span class='ocrx_word' id='word_1_521' title='bbox 1838 2289 2007 2322; x_wconf 83' lang='lat' dir='ltr'><strong>adiecisse.</strong></span> 
     </span>
     <span class='ocr_line' id='line_1_62' title="bbox 1143 2338 2010 2383; baseline -0.002 -10"><span class='ocrx_word' id='word_1_522' title='bbox 1143 2360 1180 2366; x_wconf 92' lang='lat'><em>-</em></span> <span class='ocrx_word' id='word_1_523' title='bbox 1198 2341 1276 2373; x_wconf 85' lang='lat' dir='ltr'><strong>talis</strong></span> <span class='ocrx_word' id='word_1_524' title='bbox 1295 2341 1408 2373; x_wconf 82' lang='lat' dir='ltr'><strong>hortos</strong></span> <span class='ocrx_word' id='word_1_525' title='bbox 1427 2340 1566 2383; x_wconf 73' lang='lat' dir='ltr'><strong>extruit]</strong></span> <span class='ocrx_word' id='word_1_526' title='bbox 1589 2338 1763 2373; x_wconf 90' lang='lat' dir='ltr'><strong>Iuvenalis</strong></span> <span class='ocrx_word' id='word_1_527' title='bbox 1779 2340 1833 2380; x_wconf 90' lang='grc'><strong>40,</strong></span> <span class='ocrx_word' id='word_1_528' title='bbox 1852 2339 1913 2371; x_wconf 79' lang='grc'><strong>45;</strong></span> <span class='ocrx_word' id='word_1_529' title='bbox 1937 2347 2010 2371; x_wconf 88' lang='lat' dir='ltr'><strong>ma-</strong></span> 
     </span>
     <span class='ocr_line' id='line_1_63' title="bbox 1139 2388 2009 2433; baseline -0.002 -10"><span class='ocrx_word' id='word_1_530' title='bbox 1139 2399 1222 2433; x_wconf 64' lang='lat' dir='ltr'><strong>gnos</strong></span> <span class='ocrx_word' id='word_1_531' title='bbox 1243 2391 1386 2423; x_wconf 77' lang='lat' dir='ltr'><strong>Senecae</strong></span> <span class='ocrx_word' id='word_1_532' title='bbox 1403 2390 1600 2431; x_wconf 83' lang='lat' dir='ltr'><strong>praedivitis</strong></span> <span class='ocrx_word' id='word_1_533' title='bbox 1618 2390 1740 2423; x_wconf 83' lang='lat' dir='ltr'><strong>hortos.</strong></span> <span class='ocrx_word' id='word_1_534' title='bbox 1760 2407 1797 2412; x_wconf 97' lang='lat'><strong>—</strong></span> <span class='ocrx_word' id='word_1_535' title='bbox 1814 2388 1946 2431; x_wconf 77' lang='lat' dir='ltr'><strong>incedit]</strong></span> <span class='ocrx_word' id='word_1_536' title='bbox 1968 2389 2009 2421; x_wconf 92' lang='lat' dir='ltr'><strong>ln</strong></span> 
     </span>
     <span class='ocr_line' id='line_1_64' title="bbox 1141 2440 2009 2482; baseline -0.002 -8"><span class='ocrx_word' id='word_1_537' title='bbox 1141 2441 1210 2474; x_wconf 90' lang='lat' dir='ltr'><strong>hoc</strong></span> <span class='ocrx_word' id='word_1_538' title='bbox 1236 2440 1349 2474; x_wconf 87' lang='lat' dir='ltr'><strong>verbo</strong></span> <span class='ocrx_word' id='word_1_539' title='bbox 1379 2442 1434 2474; x_wconf 91' lang='lat' dir='ltr'><strong>est</strong></span> <span class='ocrx_word' id='word_1_540' title='bbox 1463 2440 1671 2482; x_wconf 79' lang='lat' dir='ltr'><strong>significatio</strong></span> <span class='ocrx_word' id='word_1_541' title='bbox 1701 2440 1943 2474; x_wconf 87' lang='lat' dir='ltr'><strong>ostentationis</strong></span> <span class='ocrx_word' id='word_1_542' title='bbox 1966 2448 2009 2472; x_wconf 89' lang='lat' dir='ltr'><strong>ac</strong></span> 
     </span>
     <span class='ocr_line' id='line_1_65' title="bbox 1141 2490 2009 2533; baseline 0 -10"><span class='ocrx_word' id='word_1_543' title='bbox 1141 2490 1343 2533; x_wconf 88' lang='lat' dir='ltr'><strong>superbiae.</strong></span> <span class='ocrx_word' id='word_1_544' title='bbox 1363 2508 1400 2514; x_wconf 83' lang='grc'><strong>-</strong></span> <span class='ocrx_word' id='word_1_545' title='bbox 1419 2493 1490 2524; x_wconf 77' lang='lat' dir='ltr'><strong>tam</strong></span> <span class='ocrx_word' id='word_1_546' title='bbox 1507 2491 1576 2524; x_wconf 86' lang='lat' dir='ltr'><strong>lato</strong></span> <span class='ocrx_word' id='word_1_547' title='bbox 1589 2490 1735 2532; x_wconf 78' lang='lat' dir='ltr'><strong>faenore]</strong></span> <span class='ocrx_word' id='word_1_548' title='bbox 1752 2491 1888 2523; x_wconf 88' lang='lat' dir='ltr'><strong>Faenus</strong></span> <span class='ocrx_word' id='word_1_549' title='bbox 1904 2490 2009 2523; x_wconf 88' lang='lat' dir='ltr'><strong>latum</strong></span> 
     </span>
     <span class='ocr_line' id='line_1_66' title="bbox 1142 2540 2010 2583; baseline -0.001 -9"><span class='ocrx_word' id='word_1_550' title='bbox 1142 2541 1285 2582; x_wconf 84' lang='lat' dir='ltr'><strong>dicitur,</strong></span> <span class='ocrx_word' id='word_1_551' title='bbox 1310 2541 1391 2583; x_wconf 89' lang='lat' dir='ltr'><strong>quia</strong></span> <span class='ocrx_word' id='word_1_552' title='bbox 1416 2541 1694 2574; x_wconf 89' lang='lat' dir='ltr'><strong>faenerationem</strong></span> <span class='ocrx_word' id='word_1_553' title='bbox 1717 2549 1821 2574; x_wconf 89' lang='lat' dir='ltr'><strong>suam</strong></span> <span class='ocrx_word' id='word_1_554' title='bbox 1843 2540 2010 2574; x_wconf 87' lang='lat' dir='ltr'><strong>extende-</strong></span> 
     </span>
     <span class='ocr_line' id='line_1_67' title="bbox 1140 2591 2007 2634; baseline 0 -10"><span class='ocrx_word' id='word_1_555' title='bbox 1140 2593 1196 2624; x_wconf 89' lang='lat' dir='ltr'><strong>rat</strong></span> <span class='ocrx_word' id='word_1_556' title='bbox 1217 2600 1332 2633; x_wconf 90' lang='lat' dir='ltr'><strong>nsque</strong></span> <span class='ocrx_word' id='word_1_557' title='bbox 1355 2592 1391 2624; x_wconf 91' lang='lat' dir='ltr'><strong>in</strong></span> <span class='ocrx_word' id='word_1_558' title='bbox 1405 2592 1620 2625; x_wconf 89' lang='lat' dir='ltr'><strong>Britanniam</strong></span> <span class='ocrx_word' id='word_1_559' title='bbox 1640 2592 1715 2633; x_wconf 88' lang='lat' dir='ltr'><strong>(Dio</strong></span> <span class='ocrx_word' id='word_1_560' title='bbox 1732 2591 1786 2632; x_wconf 77' lang='lat'><strong>62,</strong></span> <span class='ocrx_word' id='word_1_561' title='bbox 1803 2592 1834 2632; x_wconf 78' lang='lat'><strong>2)</strong></span> <span class='ocrx_word' id='word_1_562' title='bbox 1859 2600 1901 2624; x_wconf 93' lang='lat' dir='ltr'><strong>ac</strong></span> <span class='ocrx_word' id='word_1_563' title='bbox 1923 2599 2007 2634; x_wconf 89' lang='lat' dir='ltr'><strong>pro-</strong></span> 
     </span>
     <span class='ocr_line' id='line_1_68' title="bbox 1140 2636 2009 2684; baseline -0.001 -9"><span class='ocrx_word' id='word_1_564' title='bbox 1140 2642 1304 2675; x_wconf 87' lang='lat' dir='ltr'><strong>babiliter</strong></span> <span class='ocrx_word' id='word_1_565' title='bbox 1333 2651 1398 2684; x_wconf 90' lang='lat' dir='ltr'><strong>per</strong></span> <span class='ocrx_word' id='word_1_566' title='bbox 1428 2636 1512 2675; x_wconf 84' lang='lat' dir='ltr'><strong>alias</strong></span> <span class='ocrx_word' id='word_1_567' title='bbox 1536 2651 1678 2684; x_wconf 88' lang='lat' dir='ltr'><strong>quoque</strong></span> <span class='ocrx_word' id='word_1_568' title='bbox 1709 2642 1907 2684; x_wconf 88' lang='lat' dir='ltr'><strong>provincias</strong></span> <span class='ocrx_word' id='word_1_569' title='bbox 1928 2640 2009 2674; x_wconf 91' lang='lat' dir='ltr'><strong>lon-</strong></span> 
     </span>
     <span class='ocr_line' id='line_1_69' title="bbox 1141 2691 2010 2734; baseline 0 -9"><span class='ocrx_word' id='word_1_570' title='bbox 1141 2692 1355 2734; x_wconf 84' lang='lat' dir='ltr'><strong>ginquiores.</strong></span> <span class='ocrx_word' id='word_1_571' title='bbox 1382 2691 1434 2725; x_wconf 89' lang='lat' dir='ltr'><strong>Cf.</strong></span> <span class='ocrx_word' id='word_1_572' title='bbox 1456 2691 1589 2732; x_wconf 64' lang='lat' dir='ltr'><strong>⁴3J42:</strong></span> <span class='ocrx_word' id='word_1_573' title='bbox 1612 2692 1746 2725; x_wconf 83' lang='lat' dir='ltr'><strong>Italiam</strong></span> <span class='ocrx_word' id='word_1_574' title='bbox 1767 2695 1798 2725; x_wconf 87' lang='lat' dir='ltr'><strong>et</strong></span> <span class='ocrx_word' id='word_1_575' title='bbox 1814 2692 2010 2733; x_wconf 81' lang='lat' dir='ltr'><strong>provincias</strong></span> 
     </span>
     <span class='ocr_line' id='line_1_70' title="bbox 1139 2742 1610 2783; baseline 0 -8"><span class='ocrx_word' id='word_1_576' title='bbox 1139 2743 1287 2775; x_wconf 82' lang='lat' dir='ltr'><strong>inmenso</strong></span> <span class='ocrx_word' id='word_1_577' title='bbox 1309 2742 1444 2783; x_wconf 73' lang='lat' dir='ltr'><strong>faenore</strong></span> <span class='ocrx_word' id='word_1_578' title='bbox 1465 2742 1610 2776; x_wconf 80' lang='lat' dir='ltr'><strong>hauriri.</strong></span> 
     </span>
    </p>

    <p class='ocr_par' dir='ltr' id='par_1_8' title="bbox 1140 2791 2010 3480">
     <span class='ocr_line' id='line_1_71' title="bbox 1183 2791 2007 2834; baseline 0.001 -10"><span class='ocrx_word' id='word_1_579' title='bbox 1183 2791 1239 2825; x_wconf 79' lang='lat'><strong>54.</strong></span> <span class='ocrx_word' id='word_1_580' title='bbox 1263 2791 1384 2834; x_wconf 86' lang='lat' dir='ltr'><strong>cetera]</strong></span> <span class='ocrx_word' id='word_1_581' title='bbox 1407 2792 1437 2825; x_wconf 93' lang='lat' dir='ltr'><strong>si</strong></span> <span class='ocrx_word' id='word_1_582' title='bbox 1454 2800 1524 2834; x_wconf 93' lang='lat' dir='ltr'><strong>qua</strong></span> <span class='ocrx_word' id='word_1_583' title='bbox 1539 2792 1754 2826; x_wconf 87' lang='lat' dir='ltr'><strong>accederent</strong></span> <span class='ocrx_word' id='word_1_584' title='bbox 1767 2791 1814 2825; x_wconf 89' lang='lat' dir='ltr'><strong>ad</strong></span> <span class='ocrx_word' id='word_1_585' title='bbox 1829 2801 1890 2832; x_wconf 89' lang='lat' dir='ltr'><strong>ea,</strong></span> <span class='ocrx_word' id='word_1_586' title='bbox 1916 2800 2007 2834; x_wconf 88' lang='lat' dir='ltr'><strong>quae</strong></span> 
     </span>
     <span class='ocr_line' id='line_1_72' title="bbox 1141 2841 2007 2885; baseline 0.002 -12"><span class='ocrx_word' id='word_1_587' title='bbox 1141 2841 1212 2874; x_wconf 88' lang='lat' dir='ltr'><strong>iam</strong></span> <span class='ocrx_word' id='word_1_588' title='bbox 1226 2843 1344 2874; x_wconf 91' lang='lat' dir='ltr'><strong>teneo.</strong></span> <span class='ocrx_word' id='word_1_589' title='bbox 1361 2858 1397 2864; x_wconf 93' lang='lat'>-</span> <span class='ocrx_word' id='word_1_590' title='bbox 1415 2841 1501 2874; x_wconf 87' lang='lat' dir='ltr'><strong>iacet</strong></span> <span class='ocrx_word' id='word_1_591' title='bbox 1515 2860 1535 2866; x_wconf 97' lang='lat'>-</span> <span class='ocrx_word' id='word_1_592' title='bbox 1546 2860 1566 2876; x_wconf 87' lang='lat'><strong>-.</strong></span> <span class='ocrx_word' id='word_1_593' title='bbox 1580 2842 1748 2885; x_wconf 87' lang='lat' dir='ltr'><strong>incumbit]</strong></span> <span class='ocrx_word' id='word_1_594' title='bbox 1766 2843 1831 2876; x_wconf 71' lang='lat' dir='ltr'><strong>«M.</strong></span> <span class='ocrx_word' id='word_1_595' title='bbox 1846 2842 2007 2882; x_wconf 85' lang='lat' dir='ltr'><strong>Letellier,</strong></span> 
     </span>
     <span class='ocr_line' id='line_1_73' title="bbox 1141 2891 2010 2934; baseline 0.002 -11"><span class='ocrx_word' id='word_1_596' title='bbox 1141 2892 1226 2924; x_wconf 85' lang='lat' dir='ltr'><strong>dans</strong></span> <span class='ocrx_word' id='word_1_597' title='bbox 1247 2900 1297 2924; x_wconf 86' lang='lat' dir='ltr'><strong>ses</strong></span> <span class='ocrx_word' id='word_1_598' title='bbox 1320 2891 1491 2925; x_wconf 77' lang='lat' dir='ltr'><strong>Tableauco</strong></span> <span class='ocrx_word' id='word_1_599' title='bbox 1504 2892 1719 2934; x_wconf 73' lang='lat' dir='ltr'><strong>historiques,</strong></span> <span class='ocrx_word' id='word_1_600' title='bbox 1743 2894 1802 2925; x_wconf 86' lang='lat' dir='ltr'><strong>n’a</strong></span> <span class='ocrx_word' id='word_1_601' title='bbox 1817 2902 1884 2934; x_wconf 86' lang='lat' dir='ltr'><strong>pas</strong></span> <span class='ocrx_word' id='word_1_602' title='bbox 1898 2893 2010 2925; x_wconf 85' lang='lat' dir='ltr'><strong>craint</strong></span> 
     </span>
     <span class='ocr_line' id='line_1_74' title="bbox 1141 2940 2010 2983; baseline 0.002 -10"><span class='ocrx_word' id='word_1_603' title='bbox 1141 2942 1180 2973; x_wconf 85' lang='lat' dir='ltr'><strong>de</strong></span> <span class='ocrx_word' id='word_1_604' title='bbox 1202 2940 1264 2974; x_wconf 86' lang='lat' dir='ltr'><strong>lire</strong></span> <span class='ocrx_word' id='word_1_605' title='bbox 1285 2941 1378 2974; x_wconf 89' lang='lat' dir='ltr'><strong>iacet</strong></span> <span class='ocrx_word' id='word_1_606' title='bbox 1399 2945 1430 2975; x_wconf 82' lang='lat' dir='ltr'><strong>et</strong></span> <span class='ocrx_word' id='word_1_607' title='bbox 1451 2941 1642 2983; x_wconf 88' lang='lat' dir='ltr'><strong>incumbit,</strong></span> <span class='ocrx_word' id='word_1_608' title='bbox 1668 2951 1709 2976; x_wconf 87' lang='lat' dir='ltr'><strong>en</strong></span> <span class='ocrx_word' id='word_1_609' title='bbox 1731 2942 1906 2975; x_wconf 81' lang='lat' dir='ltr'><strong>observant</strong></span> <span class='ocrx_word' id='word_1_610' title='bbox 1927 2950 2010 2975; x_wconf 70' lang='lat' dir='ltr'><strong>avec</strong></span> 
     </span>
     <span class='ocr_line' id='line_1_75' title="bbox 1140 2991 2010 3033; baseline 0.003 -10"><span class='ocrx_word' id='word_1_611' title='bbox 1140 2991 1255 3023; x_wconf 83' lang='lat' dir='ltr'><strong>raison</strong></span> <span class='ocrx_word' id='word_1_612' title='bbox 1277 2999 1340 3033; x_wconf 82' lang='lat' dir='ltr'><strong>que</strong></span> <span class='ocrx_word' id='word_1_613' title='bbox 1361 2991 1397 3024; x_wconf 86' lang='lat' dir='ltr'><strong>la</strong></span> <span class='ocrx_word' id='word_1_614' title='bbox 1414 2994 1534 3032; x_wconf 79' lang='lat' dir='ltr'><strong>pensee</strong></span> <span class='ocrx_word' id='word_1_615' title='bbox 1555 2993 1594 3025; x_wconf 84' lang='lat' dir='ltr'><strong>de</strong></span> <span class='ocrx_word' id='word_1_616' title='bbox 1616 2992 1765 3033; x_wconf 75' lang='lat' dir='ltr'><strong>seneque</strong></span> <span class='ocrx_word' id='word_1_617' title='bbox 1792 2993 1948 3026; x_wconf 81' lang='lat' dir='ltr'><strong>restcrait</strong></span> <span class='ocrx_word' id='word_1_618' title='bbox 1968 3001 2010 3026; x_wconf 84' lang='lat' dir='ltr'><strong>en</strong></span> 
     </span>
     <span class='ocr_line' id='line_1_76' title="bbox 1142 3040 2008 3083; baseline 0.002 -10"><span class='ocrx_word' id='word_1_619' title='bbox 1142 3040 1280 3081; x_wconf 79' lang='lat' dir='ltr'><strong>quelque</strong></span> <span class='ocrx_word' id='word_1_620' title='bbox 1300 3044 1388 3074; x_wconf 84' lang='lat' dir='ltr'><strong>sorte</strong></span> <span class='ocrx_word' id='word_1_621' title='bbox 1408 3041 1619 3083; x_wconf 75' lang='lat' dir='ltr'><strong>incompleta,</strong></span> <span class='ocrx_word' id='word_1_622' title='bbox 1651 3043 1679 3075; x_wconf 89' lang='lat' dir='ltr'><strong>si</strong></span> <span class='ocrx_word' id='word_1_623' title='bbox 1702 3042 1731 3075; x_wconf 84' lang='lat' dir='ltr'><strong>le</strong></span> <span class='ocrx_word' id='word_1_624' title='bbox 1753 3045 1821 3074; x_wconf 87' lang='lat' dir='ltr'><strong>mot</strong></span> <span class='ocrx_word' id='word_1_625' title='bbox 1842 3041 2008 3076; x_wconf 88' lang='lat' dir='ltr'><strong>invidiam</strong></span> 
     </span>
     <span class='ocr_line' id='line_1_77' title="bbox 1141 3090 2009 3133; baseline 0.003 -11"><span class='ocrx_word' id='word_1_626' title='bbox 1141 3097 1175 3122; x_wconf 87' lang='lat' dir='ltr'><strong>se</strong></span> <span class='ocrx_word' id='word_1_627' title='bbox 1203 3090 1352 3123; x_wconf 81' lang='lat' dir='ltr'><strong>trouvait</strong></span> <span class='ocrx_word' id='word_1_628' title='bbox 1370 3091 1442 3132; x_wconf 75' lang='lat' dir='ltr'><strong>jete</strong></span> <span class='ocrx_word' id='word_1_629' title='bbox 1467 3092 1551 3124; x_wconf 87' lang='lat' dir='ltr'><strong>dans</strong></span> <span class='ocrx_word' id='word_1_630' title='bbox 1578 3092 1614 3124; x_wconf 90' lang='lat' dir='ltr'><strong>la</strong></span> <span class='ocrx_word' id='word_1_631' title='bbox 1635 3092 1775 3133; x_wconf 75' lang='lat' dir='ltr'><strong>phrase,</strong></span> <span class='ocrx_word' id='word_1_632' title='bbox 1806 3099 1885 3124; x_wconf 83' lang='lat' dir='ltr'><strong>sans</strong></span> <span class='ocrx_word' id='word_1_633' title='bbox 1910 3092 2009 3125; x_wconf 70' lang='lat' dir='ltr'><strong>deve-</strong></span> 
     </span>
     <span class='ocr_line' id='line_1_78' title="bbox 1140 3139 2008 3182; baseline 0.002 -9"><span class='ocrx_word' id='word_1_634' title='bbox 1140 3139 1323 3180; x_wconf 82' lang='lat' dir='ltr'><strong>loppoment</strong></span> <span class='ocrx_word' id='word_1_635' title='bbox 1344 3144 1375 3173; x_wconf 84' lang='lat' dir='ltr'><strong>et</strong></span> <span class='ocrx_word' id='word_1_636' title='bbox 1396 3149 1476 3174; x_wconf 88' lang='lat' dir='ltr'><strong>sans</strong></span> <span class='ocrx_word' id='word_1_637' title='bbox 1497 3142 1618 3174; x_wconf 86' lang='lat' dir='ltr'><strong>liaison</strong></span> <span class='ocrx_word' id='word_1_638' title='bbox 1639 3150 1718 3174; x_wconf 83' lang='lat' dir='ltr'><strong>avec</strong></span> <span class='ocrx_word' id='word_1_639' title='bbox 1740 3141 1770 3174; x_wconf 88' lang='lat' dir='ltr'><strong>le</strong></span> <span class='ocrx_word' id='word_1_640' title='bbox 1790 3141 1873 3174; x_wconf 87' lang='lat' dir='ltr'><strong>trait</strong></span> <span class='ocrx_word' id='word_1_641' title='bbox 1894 3142 1952 3182; x_wconf 77' lang='lat' dir='ltr'><strong>qui</strong></span> <span class='ocrx_word' id='word_1_642' title='bbox 1972 3142 2008 3175; x_wconf 90' lang='lat' dir='ltr'><strong>la</strong></span> 
     </span>
     <span class='ocr_line' id='line_1_79' title="bbox 1141 3190 2007 3234; baseline 0.002 -12"><span class='ocrx_word' id='word_1_643' title='bbox 1141 3190 1312 3222; x_wconf 66' lang='lat' dir='ltr'><strong>ter-mm.»</strong></span> <span class='ocrx_word' id='word_1_644' title='bbox 1335 3190 1503 3223; x_wconf 69' lang='lat' dir='ltr'><strong>Bumtomv.</strong></span> <span class='ocrx_word' id='word_1_645' title='bbox 1523 3208 1559 3214; x_wconf 92' lang='lat'>—</span> <span class='ocrx_word' id='word_1_646' title='bbox 1584 3191 1665 3223; x_wconf 77' lang='lat' dir='ltr'><strong>mihi</strong></span> <span class='ocrx_word' id='word_1_647' title='bbox 1680 3190 1934 3224; x_wconf 72' lang='lat' dir='ltr'><strong>silbveniendum</strong></span> <span class='ocrx_word' id='word_1_648' title='bbox 1948 3191 2007 3234; x_wconf 83' lang='lat' dir='ltr'><strong>est]</strong></span> 
     </span>
     <span class='ocr_line' id='line_1_80' title="bbox 1143 3240 2006 3281; baseline 0.002 -9"><span class='ocrx_word' id='word_1_649' title='bbox 1143 3247 1318 3281; x_wconf 74' lang='lat' dir='ltr'><strong>«aequum</strong></span> <span class='ocrx_word' id='word_1_650' title='bbox 1341 3241 1396 3273; x_wconf 91' lang='lat' dir='ltr'><strong>est</strong></span> <span class='ocrx_word' id='word_1_651' title='bbox 1417 3241 1488 3272; x_wconf 85' lang='lat' dir='ltr'><strong>iam</strong></span> <span class='ocrx_word' id='word_1_652' title='bbox 1504 3241 1538 3273; x_wconf 87' lang='lat' dir='ltr'><strong>te</strong></span> <span class='ocrx_word' id='word_1_653' title='bbox 1557 3240 1642 3273; x_wconf 82' lang='lat' dir='ltr'><strong>mihi</strong></span> <span class='ocrx_word' id='word_1_654' title='bbox 1657 3248 1867 3274; x_wconf 87' lang='lat' dir='ltr'><strong>succurrere</strong></span> <span class='ocrx_word' id='word_1_655' title='bbox 1883 3242 2006 3274; x_wconf 85' lang='lat' dir='ltr'><strong>contra</strong></span> 
     </span>
     <span class='ocr_line' id='line_1_81' title="bbox 1141 3287 2004 3333; baseline 0.003 -12"><span class='ocrx_word' id='word_1_656' title='bbox 1141 3287 1289 3322; x_wconf 89' lang='lat' dir='ltr'><strong>aliorum</strong></span> <span class='ocrx_word' id='word_1_657' title='bbox 1317 3289 1520 3322; x_wconf 77' lang='lat' dir='ltr'><strong>invidiam.»</strong></span> <span class='ocrx_word' id='word_1_658' title='bbox 1548 3304 1584 3312; x_wconf 93' lang='lat'>-</span> <span class='ocrx_word' id='word_1_659' title='bbox 1614 3289 1867 3333; x_wconf 83' lang='lat' dir='ltr'><strong>adminiculum]</strong></span> <span class='ocrx_word' id='word_1_660' title='bbox 1898 3291 1924 3323; x_wconf 90' lang='lat'><strong>1.</strong></span> <span class='ocrx_word' id='word_1_661' title='bbox 1949 3291 2004 3324; x_wconf 88' lang='lat' dir='ltr'><strong>Fr.</strong></span> 
     </span>
     <span class='ocr_line' id='line_1_82' title="bbox 1142 3337 2004 3379; baseline 0.003 -9"><span class='ocrx_word' id='word_1_662' title='bbox 1142 3339 1336 3372; x_wconf 89' lang='lat' dir='ltr'><strong>Gronovius</strong></span> <span class='ocrx_word' id='word_1_663' title='bbox 1366 3337 1535 3371; x_wconf 87' lang='lat' dir='ltr'><strong>intellexit</strong></span> <span class='ocrx_word' id='word_1_664' title='bbox 1564 3337 1610 3371; x_wconf 89' lang='lat' dir='ltr'><strong>de</strong></span> <span class='ocrx_word' id='word_1_665' title='bbox 1634 3339 1793 3372; x_wconf 86' lang='lat' dir='ltr'><strong>causaria</strong></span> <span class='ocrx_word' id='word_1_666' title='bbox 1814 3340 2004 3379; x_wconf 86' lang='lat' dir='ltr'><strong>missione;</strong></span> 
     </span>
     <span class='ocr_line' id='line_1_83' title="bbox 1141 3387 2007 3430; baseline 0.003 -10"><span class='ocrx_word' id='word_1_667' title='bbox 1141 3388 1250 3421; x_wconf 90' lang='lat' dir='ltr'><strong>immo</strong></span> <span class='ocrx_word' id='word_1_668' title='bbox 1267 3389 1322 3421; x_wconf 87' lang='lat' dir='ltr'><strong>est</strong></span> <span class='ocrx_word' id='word_1_669' title='bbox 1337 3387 1603 3430; x_wconf 79' lang='lat' dir='ltr'><strong>«qualecunque</strong></span> <span class='ocrx_word' id='word_1_670' title='bbox 1620 3387 1880 3430; x_wconf 86' lang='lat' dir='ltr'><strong>adiumentum,</strong></span> <span class='ocrx_word' id='word_1_671' title='bbox 1907 3390 2007 3423; x_wconf 83' lang='lat' dir='ltr'><strong>cuius</strong></span> 
     </span>
     <span class='ocr_line' id='line_1_84' title="bbox 1141 3435 2006 3480; baseline 0 -10"><span class='ocrx_word' id='word_1_672' title='bbox 1141 3444 1210 3479; x_wconf 85' lang='lat' dir='ltr'><strong>ope</strong></span> <span class='ocrx_word' id='word_1_673' title='bbox 1230 3437 1529 3479; x_wconf 79' lang='lat' dir='ltr'><strong>requiescerem».</strong></span> <span class='ocrx_word' id='word_1_674' title='bbox 1546 3452 1584 3461; x_wconf 97' lang='lat'>—</span> <span class='ocrx_word' id='word_1_675' title='bbox 1603 3435 1686 3480; x_wconf 85' lang='lat' dir='ltr'><strong>rem]</strong></span> <span class='ocrx_word' id='word_1_676' title='bbox 1705 3436 1913 3472; x_wconf 80' lang='lat' dir='ltr'><strong>familiarem</strong></span> <span class='ocrx_word' id='word_1_677' title='bbox 1927 3444 2006 3471; x_wconf 88' lang='lat' dir='ltr'><strong>me-</strong></span> 
     </span>
    </p>
   </div>
  </div>
 </body>
</html>
