2254 3770
786 307 941 351 LIBER
969 306 1056 351 XII.

1107 305 1207 364 Cap.
1239 306 1304 349 56.
1335 306 1403 350 57.
1890 304 1964 348 38⁴

199 415 403 462 classiarii
437 410 560 458 tectis
590 413 769 458 navibus
799 413 1058 472 optinebant.
1102 412 1218 470 ripas
1248 419 1289 456 et
1318 412 1448 457 colles
1477 412 1759 470 montiumque
1788 412 1902 457 edita
1931 414 1973 456 in

197 491 371 536 modum
399 489 550 534 theatri
581 489 805 532 multitudo
836 489 1057 533 innumera
1086 487 1313 546 complevit
1348 488 1549 546 proximis
1579 502 1604 532 e
1634 488 1893 546 municipiis,
1933 496 1975 532 et

198 566 267 611 alii
295 566 403 610 urbe
434 579 487 609 ex
516 565 626 623 ipsa,
659 564 824 608 visendi
855 563 1056 623 cupidine
1085 570 1159 607 aut
1177 563 1317 607 officio
1347 563 1388 605 in
1419 563 1666 621 principem.
1698 563 1792 621 ipse
1823 564 1973 622 insigni

198 641 498 701 paludamento
511 675 519 692 ,

572 654 714 698 neque
757 639 906 698 procul
949 639 1176 697 Agrippina
1220 637 1445 697 chlamyde
1489 645 1655 690 aurata,
1701 639 1974 697 praesedere.

199 724 451 775 pugnatum,
495 706 755 774 quamquam
800 715 910 758 inter
955 722 1116 766 sontes,
1162 714 1329 757 fortium
1367 714 1553 757 virorum
1583 715 1747 768 animo;
1789 728 1840 759 ac
1879 721 2007 773 poste

198 792 376 836 multum
415 792 639 835 vulnerum
675 790 885 834 occidioni
916 790 1100 848 exempti
1130 796 1238 833 sunt.
1286 790 1366 846 (57)
1397 789 1474 833 sed
1512 789 1702 847 perfecto
1731 790 1976 848 spectaculo

198 875 393 926 apertum
421 880 630 925 aquarum
661 867 752 909 iter.
796 865 961 909 incuria
990 865 1134 923 operis
1155 864 1376 908 manifesta
1398 864 1492 916 fuit,
1525 865 1638 909 haud
1658 866 1760 909 satis
1782 866 1976 924 depressi

198 943 252 987 ad
279 943 399 987 lacus
430 945 513 985 ima
534 941 599 985 vel
629 940 781 985 media.
814 954 974 998 eoque,
1011 948 1203 998 tempore
1225 940 1464 991 interiecto,
1497 940 1621 984 altius
1642 941 1786 985 effossi
1807 956 1975 999 specus,

198 1026 241 1064 et
270 1017 583 1063 contrahendae
613 1030 763 1060 rursus
791 1015 1046 1059 multitudini
1084 1015 1364 1074 gladiatorum
1394 1016 1682 1073 spectaculum
1715 1017 1873 1069 editur,
1913 1022 1979 1063 in-

199 1094 296 1139 ditis
333 1094 533 1152 pontibus
571 1092 815 1150 pedestrem
853 1092 906 1135 ad
946 1105 1142 1149 pugnam.
1188 1091 1292 1149 quin
1321 1097 1364 1134 et
1392 1091 1634 1135 convivium
1661 1093 1831 1138 effluvio
1860 1093 1979 1139 lacus
1992 1103 2029 1134 ιο

198 1169 438 1228 appositum
474 1181 627 1226 magna
663 1166 889 1211 formidine
919 1173 1094 1212 cunctos
1123 1166 1282 1218 affecit,
1321 1167 1422 1225 quia
1450 1167 1514 1211 vis
1545 1181 1754 1226 aquarum
1783 1183 1978 1227 prorum-

199 1259 308 1304 pens
347 1244 539 1303 proxima
567 1243 779 1294 trahebat,
824 1241 1038 1287 convulsis
1067 1241 1341 1286 ulterioribus
1371 1249 1443 1286 aut
1471 1242 1636 1300 fragore
1666 1251 1708 1288 et
1736 1246 1876 1288 sonitu
1905 1260 1979 1290 ex-

201 1320 370 1365 territis.
401 1318 526 1363 simul
547 1319 776 1377 Agrippina
803 1317 1085 1376 trepidatione
1113 1318 1318 1375 principis
1346 1332 1426 1362 usa
1456 1318 1691 1362 ministrum
1712 1321 1855 1378 operis
1874 1322 1979 1366 Nar-

201 1394 360 1440 cissum
395 1395 562 1439 incusat
601 1393 812 1451 cupidinis
851 1407 903 1438 ac
946 1393 1215 1451 praedarum.
1264 1407 1344 1438 nec
1383 1393 1453 1438 ille
1493 1394 1658 1447 reticet,
1704 1396 1979 1454 inpotentiam

202 1469 454 1515 muliebrem
486 1469 725 1528 nimiasque
754 1483 855 1527 spes
884 1469 977 1513 eius
1006 1482 1203 1527 arguens.

268 1631 298 1663 4.
316 1631 541 1670 montiumque
562 1629 719 1661 Heraeus
735 1627 845 1670 (stud.
865 1628 942 1661 crit.
958 1637 994 1670 p.
1013 1628 1108 1670 ⁴72):
1133 1628 1294 1660 montium
1309 1629 1359 1668 Μ;
1384 1629 1599 1662 acmontium
1614 1629 1839 1664 Puteolanus.
1863 1632 1979 1673 Asyn—

203 1687 308 1722 deton
332 1686 490 1720 defendit
512 1684 722 1718 Doederlein
746 1684 824 1718 coll.
850 1685 935 1718 Hist.
961 1684 993 1724 3,
1018 1684 1077 1718 43:
1108 1693 1183 1717 cum
1213 1688 1372 1725 quattuor
1396 1686 1652 1727 veo-datoribus
1674 1691 1704 1720 et
1725 1687 1830 1720 tribus
1849 1688 1978 1730 amicis,

201 1745 334 1777 totidem
355 1741 609 1775 centurionibus.
638 1760 673 1765 —
699 1740 731 1774 4.
756 1741 898 1774 clamide
918 1741 953 1774 M
980 1757 1013 1764 -
1036 1741 1230 1782 praesedere
1253 1741 1407 1783 Lipsius:
1428 1742 1619 1783 praesidere
1639 1743 1685 1777 Μ.
1709 1743 1797 1777 Vide
1813 1743 1906 1784 adl,
1924 1744 1978 1778 30.

205 1818 241 1824 -
268 1801 300 1833 5.
325 1808 518 1841 quanquam
540 1798 573 1831 Μ
596 1815 633 1821 -
658 1798 691 1832 8.
717 1807 753 1831 eo
776 1806 842 1838 quo
864 1801 1008 1839 tempore
1029 1798 1063 1831 Μ
1089 1815 1125 1821 -
1152 1798 1204 1830 ⁴2.
1228 1799 1381 1831 exterriti
1402 1799 1452 1838 Μ·
1477 1800 1655 1833 eadem-itas
1676 1801 1851 1835 Heinsius.

203 1942 249 1976 lio
277 1943 353 1976 fieri
379 1941 510 1983 solent,
542 1941 830 1975 demonstranda.
859 1960 894 1966 —
926 1941 1066 1983 ratibus]

203 1994 239 2027 h.
253 1993 275 2026 1.
294 1994 435 2036 proprio
458 2001 578 2033 sensu,
602 1993 722 2033 Flesse,
738 1993 906 2026 radeauoe.
927 2010 964 2015 —
984 2001 1068 2033 pro-

201 2044 417 2086 pugnae-ulis]
443 2043 689 2083 Brustwehren,
713 2046 891 2083 parapets,
917 2051 1007 2084 quae
1031 2043 1067 2075 in

203 2094 288 2136 ipsis
310 2093 444 2126 ratibus
467 2094 643 2126 exstructa
667 2093 783 2132 erant,
808 2101 898 2132 non,
931 2093 970 2124 ut
990 2090 1068 2134 ple-

205 2144 306 2186 rique
328 2143 363 2175 h.
382 2142 404 2176 l.
424 2143 628 2184 opinantur,
653 2143 688 2175 in
711 2141 809 2175 lacus
831 2142 917 2184 ripa.
939 2159 974 2165 —
1001 2145 1068 2174 ten-

205 2193 371 2235 derentur]
395 2192 553 2233 funibus,
579 2192 625 2225 ad
634 2191 859 2229 ,sternendos
875 2190 1067 2225 missilibus

206 2252 287 2284 eos,
323 2243 384 2285 qui
417 2242 565 2276 fortasse
594 2242 748 2284 effugere
778 2243 1000 2275 conarentur.
1029 2260 1064 2266 —

205 2293 382 2336 classiarii]
406 2293 561 2326 damnati
577 2287 640 2333 illi,
666 2294 725 2335 qui
741 2293 943 2335 depugnare
961 2291 1069 2325 debe-

205 2345 311 2383 bant.
353 2343 399 2377 ad
430 2353 596 2377 verorum
631 2343 889 2377 classiariorum
921 2343 1069 2376 modum

205 2395 321 2428 vestiti
344 2397 449 2437 atque
473 2395 608 2427 armati.
630 2410 665 2418 -
692 2395 782 2427 tectis
803 2393 953 2436 navibus]
978 2402 1068 2436 quae

207 2445 311 2478 etiam
328 2447 525 2484 constratae,
542 2444 775 2477 contabulatae
785 2445 965 2479 vocantur.
981 2441 1070 2486 νῆες

206 2491 482 2541 κατάφρακτοι.
511 2512 546 2518 -
577 2494 753 2527 multitudo
780 2494 972 2536 innumera]
1004 2494 1069 2527 Dio

206 2544 297 2578 1.1.;
335 2543 484 2588 πλῆθος
516 2540 780 2590 ἀναρίθμητον
809 2540 1002 2600 ἤθροισεν.
1030 2562 1067 2567 -

206 2595 276 2636 ipse
297 2596 421 2638 insigni
440 2596 677 2636 paludamento
693 2594 775 2636 cet.]
792 2593 893 2627 Diol.
911 2593 955 2627 1.:
975 2589 1015 2626 Ὁ
1029 2592 1070 2626 δὲ

208 2642 398 2686 Κλαύδιος
420 2639 443 2678 ὃ
467 2655 507 2678 τε
521 2645 653 2692 Νέρων
667 2643 943 2691 στρατιωτικῶς
959 2641 1070 2678 ἐστά-

209 2692 348 2739 λησαν,
373 2690 401 2738 ἦ
415 2705 454 2728 τε
465 2691 683 2741 Ἀγριππίνα
697 2693 862 2738 χλαμύδι
877 2693 1070 2741 διαχρύσῳ

210 2744 424 2787 ἐκοσμεῖτο.
449 2744 578 2778 Plinius
600 2746 641 2777 N.
667 2744 707 2777 H.
733 2744 774 2776 33
799 2744 818 2786 S
842 2744 902 2777 63:
931 2746 999 2777 Ixos
1019 2745 1071 2776 vi·-

211 2795 317 2827 dimus
337 2794 556 2836 Afflppinam
571 2794 688 2827 Claudi
705 2794 884 2835 principis,
908 2795 1019 2827 edente
1034 2803 1071 2827 eo

210 2843 343 2876 navalis
351 2844 459 2884 proeli
473 2845 707 2885 spectaculum,
731 2844 932 2877 adsidentem
946 2845 993 2884 ei,
1018 2846 1073 2877 in-

211 2894 326 2926 dutam
349 2894 607 2935 paludamento,
642 2902 745 2927 aureo
772 2894 880 2927 taz-tili
906 2894 975 2927 sine
1001 2894 1073 2927 alia

210 2944 366 2976 materia.

254 2993 308 3026 57.
338 2994 384 3026 ad
409 2993 502 3026 lacus
530 2994 600 3026 ima
620 2993 674 3026 vel
701 2993 824 3035 media]
859 2993 1003 3026 Dixerat
1028 2995 1074 3027 ad

212 3042 304 3075 lactas
335 3042 424 3082 ima;
461 3043 557 3084 quod
588 3044 629 3076 ut
655 3041 781 3076 melius
809 3041 1071 3084 intelligeretur,

213 3091 341 3125 adiecit
361 3092 412 3125 vel
432 3093 552 3125 media.
588 3092 673 3125 Inde
703 3101 857 3134 namque
881 3091 1073 3134 colligimus

212 3142 250 3175 id
273 3142 305 3175 ei
328 3150 407 3175 esse
430 3142 561 3183 imum,
586 3141 682 3183 quod
703 3142 739 3174 in
761 3141 878 3175 medio
900 3140 998 3175 lacus
1020 3142 1075 3175 fo-

214 3193 289 3231 ret,
310 3189 372 3224 ubi
386 3190 594 3233 plerumque
610 3191 763 3224 maxime
778 3190 992 3233 profundum
1008 3193 1072 3224 est.

213 3240 241 3273 1.
266 3241 302 3274 F.
328 3241 474 3274 Gnonov.
511 3241 601 3273 Sane
635 3239 724 3273 haee
757 3239 939 3282 explicatio
971 3239 1074 3282 longe

216 3291 373 3331 praestat
406 3290 456 3330 ei,
492 3298 561 3332 qua
591 3287 750 3322 canalem
780 3298 824 3322 ne
848 3289 894 3322 ad
922 3289 1075 3322 mediam

217 3338 361 3380 quidem
386 3340 523 3381 partem
545 3338 643 3371 lacus
666 3337 876 3380 depressum
901 3346 980 3372 esse
1003 3340 1076 3371 sta-

220 3389 330 3429 tuunt,
347 3397 438 3430 quae
455 3388 618 3422 immanis
634 3388 766 3421 incuria
781 3388 904 3421 fuisset
918 3389 952 3421 in
969 3397 1076 3431 opere

219 3435 299 3470 ideo
321 3439 504 3481 suscepto,
527 3440 568 3472 ut
589 3439 759 3472 siccatum
779 3437 894 3471 solum
916 3438 1008 3480 agris
1029 3438 1078 3471 ibi

1117 1941 1275 1975 colendis
1297 1942 1454 1976 cederet.
1478 1943 1548 1976 Sed
1570 1942 1627 1976 vel
1653 1944 1705 1977 sic
1726 1944 1828 1978 adest
1850 1944 1982 1988 aliquid

1118 2000 1138 2024 a
1161 1992 1278 2025 Tacito
1307 1991 1478 2026 alienum:
1512 2002 1596 2026 nam
1625 1992 1710 2027 illud
1732 1996 1777 2027 ad
1798 1996 1892 2028 lacus
1912 1996 1983 2029 ima

1117 2043 1191 2074 tam
1221 2043 1450 2084 perspicuum
1480 2046 1550 2083 est,
1586 2045 1626 2076 ut
1655 2044 1883 2087 explicatione
1910 2055 1982 2080 non

1118 2091 1288 2133 indigeat,
1315 2093 1350 2125 et
1372 2093 1447 2134 ipsa
1471 2092 1653 2136 explicatio
1674 2096 1792 2128 cetera
1816 2105 1886 2129 non
1909 2095 1983 2129 illu-

1118 2144 1224 2175 strat:
1259 2151 1342 2175 nam
1376 2144 1412 2176 in
1446 2144 1562 2176 medio
1595 2143 1674 2178 lacu
1705 2154 1813 2188 saepe
1836 2146 1981 2188 quidem

1119 2193 1270 2224 maxime
1287 2192 1499 2235 profundum
1516 2195 1588 2236 est,
1614 2204 1685 2228 non
1705 2197 1824 2229 tamen
1839 2205 1983 2239 semper

1119 2243 1155 2275 et
1175 2241 1320 2284 ubique.
1353 2243 1575 2285 Quapropter
1595 2245 1648 2278 vel
1667 2246 1778 2279 media
1800 2248 1982 2288 tamquam

1119 2291 1233 2334 glossa
1249 2292 1333 2324 mihi
1351 2294 1515 2335 suspecta
1531 2295 1596 2328 est.
1614 2296 1746 2330 Rrrren.
1773 2297 1823 2330 Cf.
1842 2297 1982 2330 Fabret-

1119 2343 1194 2375 tum
1221 2343 1257 2374 in
1286 2343 1407 2376 Descr.
1434 2345 1606 2378 emissarii
1628 2345 1725 2379 lacus
1749 2347 1866 2380 Fucini
1889 2347 1979 2380 Diss.

1120 2393 1164 2425 de
1185 2393 1286 2434 aquis
1303 2395 1338 2426 et
1352 2394 1576 2436 aquaeductt.
1594 2397 1663 2430 vet.
1682 2398 1825 2431 Romae.
1850 2398 1981 2431 Romae

1122 2442 1216 2475 ⁴680.
1242 2442 1273 2476 4.
1301 2460 1336 2466 -
1369 2445 1572 2487 convivium]
1604 2447 1741 2480 cenatio
1772 2449 1807 2480 et
1833 2448 1984 2481 convivii

1120 2494 1326 2534 apparatus,
1351 2495 1390 2526 ut
1411 2495 1472 2534 45,
1498 2494 1556 2527 37:
1586 2496 1729 2537 publicis
1756 2497 1835 2530 locis
1858 2502 1985 2531 struere

1119 2542 1285 2575 convivia.
1319 2560 1355 2566 -
1392 2545 1617 2577 convulsisn
1632 2547 1817 2590 exterritis]
1860 2549 1983 2581 omnia

1122 2592 1210 2625 haec
1234 2593 1278 2625 ad
1302 2602 1362 2626 res
1387 2594 1556 2636 (mensas,
1579 2595 1704 2638 lectos,
1729 2597 1828 2631 cibos
1844 2599 1924 2639 cet.)
1949 2600 1984 2631 et

1122 2642 1166 2674 ad
1196 2642 1358 2676 homines
1390 2644 1492 2677 Simul
1522 2645 1739 2688 referuntur,
1774 2649 1924 2683 maxime
1947 2658 1980 2682 v.

1121 2693 1299 2725 extem-itis.
1325 2694 1468 2727 Sueton.
1495 2694 1614 2729 Claud.
1633 2696 1692 2730 32:
1720 2698 1921 2731 convivatus
1938 2701 1985 2732 est

1122 2745 1152 2774 et
1183 2751 1282 2783 super
1314 2744 1522 2777 emissarium
1550 2746 1666 2779 Fucini
1695 2747 1787 2780 lacus
1813 2758 1854 2781 ac
1878 2757 1985 2790 paene

1121 2791 1322 2833 submersus,
1352 2802 1428 2826 cum
1457 2795 1574 2827 evnissa
1599 2797 1723 2838 impetu
1744 2807 1836 2839 aqua
1858 2800 1983 2831 redun-

1123 2842 1240 2874 dasset.
1270 2860 1304 2865 —
1328 2843 1539 2886 Narcissum]
1572 2846 1637 2888 ipsi
1668 2847 1739 2880 iam
1761 2848 1912 2882 invisum
1936 2848 1982 2881 ob

1115 2890 1240 2925 ..Aeliae
1263 2893 1425 2926 Paetinae
1449 2894 1614 2928 studium.
1641 2896 1692 2930 Cf.
1718 2906 1750 2930 c.
1776 2899 1807 2931 4.
1827 2915 1863 2922 -
1889 2899 1984 2940 cupi·-

1123 2942 1207 2974 dinis
1222 2951 1262 2974 ac
1280 2944 1499 2988 praedarum]
1522 2945 1750 2980 insimulabat
1767 2949 1982 2990 Narcissum,

1124 2990 1168 3024 ab
1193 3000 1236 3024 eo
1258 2991 1493 3037 qualicunque
1516 2995 1623 3029 modo
1650 2997 1882 3031 interversam
1905 3007 1984 3032 esse

1124 3041 1310 3083 pecuniam
1340 3050 1359 3074 a
1391 3042 1535 3077 Claudio
1569 3046 1601 3079 ei
1632 3047 1730 3088 operi
1760 3046 1983 3088 destinatam,

1124 3090 1160 3123 id
1193 3090 1289 3132 quod
1321 3092 1588 3137 redemptorum
1621 3104 1688 3138 ope
1718 3092 1878 3130 facillime
1909 3097 1986 3130 fieri

1124 3141 1368 3184 poterat.D10
1384 3143 1438 3184 60,
1456 3143 1516 3177 33.
1537 3141 1575 3178 ‘O
1597 3142 1819 3192 Νάρκισσος
1840 3144 1909 3190 τῆς
1930 3145 1986 3181 λί-

1124 3201 1224 3234 μνης
1251 3189 1321 3234 τῆς
1350 3192 1538 3238 Φουκίνης
1563 3193 1838 3239 συμπεσούσης
1860 3197 1986 3257 αἰτίαν

1126 3238 1182 3272 ἐπ’
1205 3235 1302 3298 αὐτῇ
1324 3240 1495 3286 μεγάλην
1515 3239 1670 3284 ελαβεν·
1698 3243 1962 3304 ἐπεστάτειγα
1913 3243 1986 3295 γὰρ

1127 3287 1195 3322 τοῦ
1218 3299 1330 3336 εργου
1352 3292 1417 3325 καὶ
1439 3288 1546 3334 εδοξε
1568 3290 1665 3328 πολὺ
1688 3291 1828 3327 ἐλάττω
1847 3287 1902 3328 ὦν
1919 3292 1986 3354 ηλ-

1128 3340 1206 3381 πιζε
1227 3338 1469 3384 δαπανήσας,
1495 3339 1575 3374 εἶτα
1597 3339 1807 3387 ἐξεπίτηδες
1825 3341 1870 3378 τὸ
1885 3343 1986 3390 σύμ-

1128 3398 1282 3432 πτωμα,
1307 3386 1411 3432 ὅπως
1433 3388 1696 3436 ἀνεξέλεγκτον
1710 3390 1755 3426 τὸ
1770 3392 1984 3443 κακούργη-

1126 3449 1184 3482 μα
1204 3435 1324 3474 αὗτοῦ
1346 3441 1517 3485 γένηται,
1539 3440 1856 3487 μηχανήσασθαι.
