2254 3770
756 298 910 342 LIBER
938 298 968 341 Ι.
1014 297 1113 354 Cap.
1145 297 1211 340 75.
1242 296 1309 340 76.
1341 296 1406 340 77.

1921 294 1976 336 65

195 408 338 453 divina
365 406 636 463 humanaque
666 404 885 462 obtegens.
918 404 996 448 sed
1024 403 1263 448 remedium
1293 401 1520 448 coercendi
1549 400 1734 445 fluminis
1754 400 1875 445 Ateio
1897 400 1976 444 Ca-

193 483 324 542 pitoni
354 488 396 527 et
423 482 468 525 L.
497 481 694 525 Arruntio
723 479 981 524 mandatum.
1027 479 1228 523 Achaiam
1258 492 1308 523 ac
1338 478 1632 523 Macedoniam
1660 490 1791 521 onera
1821 475 1976 535 depre-

193 559 325 604 cantis
354 557 486 603 levari
515 557 558 600 in
588 570 793 615 praesens
833 555 1128 614 proconsulari
1166 555 1345 613 imperio
1375 555 1571 614 tradique
1602 553 1773 599 Caesari
1804 552 1975 611 placuit.

192 634 370 679 edendis
400 633 721 691 gladiatoribus,
761 645 871 690 quos
902 632 1142 676 Germanici
1183 631 1320 675 fratris
1350 645 1401 676 ac
1430 644 1509 675 suo
1550 630 1721 674 nomine
1753 629 1974 681 obtulerat,

190 711 354 754 Drusus
374 708 606 767 praesedit,
640 721 901 766 quamquam
920 707 992 751 vili
1013 707 1219 766 sanguine
1238 707 1364 750 nimis
1387 707 1597 765 gaudens3
1629 705 1746 765 quod
1763 705 1806 748 in
1824 704 1976 764 vulgus
1990 715 2009 745 5

190 784 512 829 formidolosum
541 791 583 829 et
608 791 729 842 pater
754 784 950 842 arguisse
971 783 1204 828 dicebatur.
1236 797 1313 827 cur
1335 782 1585 827 abstinuerit
1606 781 1851 841 spectaculo
1868 782 1975 839 ipse,

193 862 307 906 varie
335 861 578 914 trahebant3
607 860 677 904 alii
707 859 850 904 taedio
881 866 1050 911 coetus,
1080 859 1256 917 quidam
1284 859 1451 904 tristitia
1479 859 1637 917 ingenii
1669 865 1711 903 et
1739 864 1855 903 metu
1876 871 1978 903 con-

191 937 444 995 parationis,
476 937 578 995 quia
597 940 810 994 Augustus
832 936 1010 980 comiter
1038 935 1310 980 interfuisset.
1346 950 1432 979 non
1462 934 1721 980 crediderim
1750 934 1805 978 ad
1835 939 1978 980 osten-

190 1013 363 1057 tandam
392 1013 612 1056 saevitiam
640 1011 963 1069 movendasque
994 1011 1140 1070 populi
1162 1011 1422 1056 offensiones
1449 1024 1701 1056 concessam
1727 1010 1814 1054 filio
1844 1016 1979 1055 mate-

190 1089 313 1141 riem,
346 1102 606 1147 quamquam
629 1088 672 1132 id
694 1101 869 1146 quoque
892 1087 1050 1131 dictum
1072 1094 1147 1131 est.

1200 1089 1280 1145 (77)
1312 1095 1354 1132 at
1383 1088 1532 1132 theatri
1563 1087 1750 1140 licentia,
1783 1087 1977 1145 proximo
1991 1099 2027 1129 4ο

191 1165 332 1223 priore
362 1178 472 1209 anno
503 1171 674 1222 coepta,
713 1164 883 1222 gravius
920 1170 1009 1207 tum
1039 1165 1198 1222 erupit,
1238 1164 1393 1209 occisis
1423 1178 1510 1208 non
1539 1163 1669 1208 modo
1701 1178 1725 1208 e
1755 1162 1883 1222 plebe
1913 1168 1979 1208 set

232 1326 265 1359 9..
290 1325 464 1358 acchaiam
486 1324 618 1366 (priore
641 1333 660 1356 c
681 1325 813 1366 puncto
837 1323 969 1365 notata)
992 1324 1026 1358 Μ
1051 1341 1086 1347 -
1113 1319 1279 1364 defit-antis
1301 1323 1335 1357 Μ
1360 1340 1396 1347 --
1421 1324 1454 1356 5.
1477 1323 1639 1364 praesidit
1659 1332 1715 1366 pr.
1741 1324 1793 1362 Μ;
1827 1322 1909 1356 vide
1933 1322 1980 1355 ad

192 1384 223 1422 4,
249 1382 303 1415 30.
329 1400 364 1405 —
395 1382 515 1424 uulgus
537 1382 570 1415 M
602 1382 652 1423 (in
674 1381 834 1414 additum
862 1382 898 1414 in
921 1381 1118 1422 margine);

190 1438 278 1472 Hist.
297 1440 328 1479 4,
345 1439 400 1476 86.
424 1439 463 1480 2,
480 1438 535 1471 26.
562 1438 597 1479 3,
615 1438 668 1471 34.
690 1457 726 1462 -
752 1438 783 1471 8.
800 1439 1051 1472 hostentandam
1071 1438 1105 1471 M
1121 1438 1362 1480 (ostentandam
1377 1438 1510 1479 margo)
1530 1456 1566 1461 —

1151 1381 1250 1422 vulqo
1274 1382 1298 1413 l.
1325 1381 1379 1413 Fr.
1407 1381 1613 1414 Gronovius.
1640 1380 1690 1413 Cf.
1716 1381 1754 1421 2,
1779 1380 1833 1413 59.
1859 1380 1897 1420 6,
1922 1380 1977 1414 45.

1592 1438 1646 1470 40.
1672 1445 1801 1479 quoque
1822 1437 1977 1480 Lipsius:

191 1497 278 1538 quod
299 1497 333 1530 M
353 1514 388 1519 —
415 1505 439 1529 a
461 1497 580 1529 theatri
603 1505 725 1538 margo
748 1497 782 1529 M
799 1515 835 1520 —
863 1497 915 1529 44.
933 1497 1012 1529 dum
1034 1496 1067 1530 M
1090 1497 1173 1539 (tum
1194 1495 1327 1538 margo)
1355 1513 1391 1519 —
1415 1495 1472 1538 set]
1497 1498 1527 1529 et
1549 1496 1601 1536 M;
1627 1495 1682 1528 sed
1704 1503 1839 1536 margo.

193 1640 320 1673 decem
355 1648 466 1673 annos
501 1639 674 1673 curatoris
709 1648 882 1682 aquarum
912 1649 1060 1673 munere

192 1691 332 1725 functus
362 1692 416 1724 est
445 1690 505 1733 (ab
537 1700 629 1724 anno
652 1700 687 1724 u.
714 1700 745 1724 c.
771 1691 834 1723 766
858 1691 903 1723 ad
928 1700 960 1723 a.
986 1691 1059 1732 776)

193 1742 282 1774 teste
313 1741 477 1773 Frontino
508 1741 553 1774 de
581 1740 740 1783 Aquaed.
772 1749 802 1773 c.
830 1741 903 1773 402.
946 1742 997 1774 De
1022 1743 1058 1774 L.

193 1791 356 1824 Arruntio
378 1790 459 1823 vide
481 1800 511 1823 c.
530 1791 582 1824 43.
604 1808 639 1814 -
664 1790 836 1832 Achaiam]
859 1792 1009 1824 Pausan.
1027 1791 1059 1832 7,

195 1843 254 1876 46:
279 1839 443 1875 καλοῦσι
465 1840 506 1874 δὲ
529 1837 601 1881 οὐχ
620 1838 802 1883 Ἑλλάδος
817 1837 897 1874 ἀλλ’
910 1838 1060 1883 Ἀχαίας

194 1888 367 1935 ἡγεμόνα
398 1891 438 1923 οἱ
454 1889 654 1934 Ῥωμαῖοι,
686 1889 784 1925 διότι
806 1890 1060 1949 ἐχειρώσαντο

188 1937 371 1985 Ἓλληνας
393 1940 437 1974 δι’
455 1937 613 1982 Ἀχαιῶν
634 1939 722 1975 τότε
745 1940 812 1975 τοῦ
840 1938 1060 1986 Ελληνικοῦ

194 1990 497 2040 προεστηκότων.
519 2011 554 2016 -
573 1994 680 2026 levari
691 2011 710 2017 -
721 2011 740 2017 -
750 1994 988 2035 proconsulari
1001 1995 1063 2026 im-

187 2043 294 2086 perio]
307 2045 388 2085 quia
405 2043 527 2077 durius
543 2044 611 2076 hoc
624 2052 731 2085 quam
746 2043 872 2086 legatio
886 2044 1059 2078 Caesaris.

193 2095 283 2127 Nam
309 2094 465 2136 primum
492 2093 745 2136 proconsulare
774 2095 964 2137 imperium
987 2097 1063 2128 erat

193 2152 351 2177 annuum
375 2144 455 2185 (Dio
478 2145 538 2185 53,
565 2145 623 2186 43)
654 2146 690 2178 et
713 2146 900 2187 quotannis
922 2147 1063 2189 provin-

194 2193 340 2228 cialibus
374 2193 548 2228 afl'erebat
579 2194 758 2229 molestias
792 2204 875 2228 cum
913 2205 1062 2230 accessu

193 2244 275 2278 novi
304 2244 452 2277 rectoris
487 2245 705 2278 coniunctas.
748 2245 908 2278 Caesaris
942 2247 1062 2279 autem

193 2293 456 2336 provinciarum
479 2294 703 2336 praesidibus
718 2295 920 2336 procuratio
937 2296 972 2328 in
987 2294 1062 2337 plu-

193 2351 253 2376 res
269 2351 380 2375 annos
396 2343 636 2385 delegabatur.
664 2345 778 2384 Quare
794 2345 966 2386 Iosephus
981 2346 1059 2377 Ant.

194 2394 248 2434 48,
273 2394 293 2427 8
316 2393 496 2427 Tiberium
519 2394 763 2427 continuandis
785 2393 981 2436 legatorum
999 2395 1064 2427 im-

193 2444 300 2486 periis
322 2451 471 2486 parcere
495 2445 599 2477 sociis
623 2447 659 2478 et
677 2444 949 2487 provincialibus
965 2444 1060 2478 dicit.

194 2495 282 2527 Tum
315 2493 567 2536 proconsulum
601 2495 787 2529 comitatus
829 2495 1060 2538 frequentior,

195 2543 365 2583 ornatior,
391 2542 618 2586 splendidior,
636 2553 817 2586 oneraque
836 2544 918 2578 inde
933 2544 1064 2578 redun-

195 2593 313 2627 dantia
342 2594 379 2626 in
404 2593 607 2636 provincias
633 2595 805 2636 graviora.
844 2596 918 2628 Nec
940 2596 1063 2628 tacen-

196 2643 282 2676 dum
304 2642 402 2684 quod
423 2642 655 2685 proconsules
679 2645 775 2677 sorte
801 2643 899 2677 ibant
921 2644 956 2677 in
978 2653 1063 2686 pro-

194 2693 345 2733 vincias,
371 2693 502 2726 Caesar
519 2693 652 2735 legatos
669 2694 855 2736 deligebat.
889 2694 975 2727 Inde
992 2694 1064 2727 for-

195 2742 272 2775 tuiti
294 2741 378 2774 boni
402 2742 604 2784 praesides:
629 2744 712 2776 hinc
734 2753 792 2777 res
815 2744 1021 2786 pendebant
1044 2752 1063 2776 e

197 2792 357 2824 Caesaris
381 2800 478 2824 cura.
517 2793 632 2832 Quare
656 2795 832 2834 Augustus
856 2802 939 2826 cum
961 2794 1064 2826 Asiae

195 2841 395 2883 provinciae
424 2843 540 2874 terrae
564 2842 719 2876 motibus
743 2843 892 2876 afflictae
916 2851 1064 2876 succur-

195 2900 275 2924 rere
297 2890 422 2932 vellet,
446 2892 541 2925 misit
562 2893 765 2935 praesidem
786 2893 969 2935 suffragio,
994 2901 1065 2926 non

196 2943 291 2974 sorte
313 2940 446 2974 lectum
469 2942 516 2975 ad
537 2942 732 2977 biennium.
765 2945 830 2977 Dio
846 2943 900 2984 54,
919 2944 972 2976 30.
997 2945 1065 2976 De-

196 2992 321 3033 nique,
347 2991 443 3034 quod
461 2994 688 3034 potissimum
704 2995 774 3035 est,
801 2994 931 3027 Caesar
944 2993 1064 3036 plures

195 3041 392 3084 provincias
414 3050 480 3083 per
493 3051 605 3077 unum
627 3042 781 3085 legatum
800 3043 965 3085 regebat,
991 3043 1066 3084 qui-

196 3091 265 3124 bus
296 3090 439 3133 singulis
471 3094 575 3125 antea
596 3093 827 3135 proconsules
850 3094 990 3127 fuerant
1011 3093 1065 3126 fe-

196 3141 309 3175 rendi.
335 3142 454 3183 anue
470 3143 605 3175 ratione
621 3145 698 3176 tum
713 3143 922 3176 levabantur
935 3143 1065 3175 Achaia

198 3193 234 3224 et
262 3192 484 3233 Macedonia,
515 3194 666 3234 utraque
698 3196 842 3226 senatus
872 3193 1063 3235 provincia.

199 3241 250 3274 Cf.
277 3251 308 3275 c.
333 3243 394 3276 80:
427 3243 636 3285 Proroyatur
666 3244 813 3284 Poppaeo
836 3243 958 3276 Sabino
982 3251 1067 3283 pro-

197 3292 312 3326 vincia
335 3293 463 3327 Moesia
492 3294 614 3326 additis
633 3293 760 3326 Achaia
796 3303 838 3326 ac
857 3294 1065 3327 Macedonia.

198 3340 340 3375 wavra.
375 3343 530 3385 (Optime
554 3343 598 3376 de
623 3345 696 3376 tota
718 3343 980 3386 provinciarum
1003 3342 1067 3375 ad-

199 3389 452 3426 ministratione
477 3393 543 3426 sub
567 3394 724 3435 Augusto
740 3393 929 3436 disputavit
948 3393 1068 3426 Hoeck

199 3437 364 3474 nannieno
394 3442 581 3478 Geschichte
603 3444 636 3486 1,
671 3452 709 3486 p.
733 3443 808 3478 357.
838 3444 886 3486 11,
915 3451 952 3486 p.
977 3442 1067 3486 484.)

267 3499 407 3536 Tacitus
429 3503 456 3538 1.

1112 1641 1278 1674 Ceterum
1306 1639 1513 1682 magnificas
1543 1639 1668 1673 laudes
1699 1639 1836 1673 Tiberio
1860 1639 1981 1673 tribuit

1110 1690 1207 1725 Philo
1231 1692 1312 1732 Leg.
1339 1691 1384 1723 ad
1405 1691 1527 1723 Gaium
1544 1691 1564 1723 2
1588 1691 1733 1733 propter
1755 1690 1981 1724 administra-

1111 1742 1243 1774 tionem
1259 1742 1533 1784 provinciarum‚
1560 1750 1652 1783 quae
1669 1742 1790 1784 utique
1808 1742 1882 1775 eius
1900 1751 1982 1775 sae-

1109 1792 1231 1824 v1tiam
1264 1791 1359 1824 haud
1393 1791 1690 1834 experiebantur.
1733 1787 1785 1831 ὥς
1816 1788 1890 1837 γὰρ
1924 1788 1979 1825 ἐπ

1111 1837 1238 1874 οὐδενὶ
1259 1839 1335 1874 τῶν
1360 1838 1512 1874 πώποτε
1524 1837 1835 1900 αὐτοκρατόρων
1858 1839 1981 1875 ἅπαν-

1109 1902 1170 1933 τες
1193 1888 1444 1936 ἠγάσθησαν,
1468 1890 1606 1935 κτῆσιν
1628 1893 1694 1926 καὶ
1717 1891 1856 1939 χρῆσιν
1878 1892 1981 1927 ἰδίων

1110 1952 1150 1975 τε
1187 1943 1252 1975 καὶ
1289 1941 1428 1976 κοινῶν
1465 1938 1623 1986 ἀγαθῶν
1665 1941 1738 1976 οὐκ
1771 1942 1981 1985 ἐλπίζοντες

1111 1987 1221 2035 ἕξειν,
1245 1987 1326 2025 ἀλλ’
1351 1988 1453 2032 ἐχειν
1469 1988 1543 2036 ήδη
1559 1994 1776 2036 νομίζοντες
1793 1991 1982 2040 πλήρωμα

1109 2040 1213 2085 τινὸς
1246 2039 1507 2087 εὐδαιμονίας,
1541 2041 1824 2091 ἐφεδρευούσης
1854 2042 1982 2078 εὐδαι-

1109 2095 1260 2136 μονίας.
1289 2111 1325 2118 ——
1350 2094 1506 2135 tradique
1529 2094 1676 2136 Caesari]
1701 2096 1761 2137 qui
1784 2104 1844 2129 eas
1867 2095 1982 2138 legato

1111 2145 1312 2187 provinciae
1329 2145 1481 2179 Moesiae
1499 2144 1644 2178 addidit.
1665 2145 1727 2187 (Cf.
1747 2155 1778 2179 c.
1793 2146 1847 2180 80.
1865 2147 1898 2187 5,
1914 2147 1981 2188 40.)

1112 2196 1255 2228 Sueton.
1289 2195 1411 2229 Claud.
1435 2196 1498 2229 25:
1535 2196 1732 2229 Provincias
1763 2196 1924 2230 Achaiam
1952 2200 1984 2230 et

1110 2247 1360 2287 Macedoniam,
1394 2255 1479 2287 quas
1510 2246 1657 2280 Tiberius
1680 2248 1724 2280 ad
1747 2256 1866 2280 curam
1886 2257 1983 2281 suam

1111 2297 1350 2337 transtulerat,
1375 2298 1506 2330 senatui
1528 2297 1674 2330 reddidit
1692 2297 1892 2339 (Claudius).
1917 2299 1981 2331 Dio

1113 2347 1166 2385 60
1191 2346 1250 2381 24:
1284 2344 1356 2390 τήν
1384 2356 1425 2379 τε
1448 2342 1605 2405 ΞΑχαΐαν
1627 2347 1692 2380 καὶ
1715 2344 1787 2406 τὴν
1808 2347 1982 2380 Μακεδο-

1111 2397 1216 2437 νίαν,
1248 2395 1413 2454 αἱρετοῖς
1442 2392 1632 2454 ἄρχουσιν
1659 2394 1701 2439 ἐξ
1731 2389 1849 2443 οὗπερ
1872 2394 1895 2430 ὁ
1919 2398 1983 2431 ,Τι-

1111 2445 1241 2493 βέριος
1260 2440 1350 2493 ἦρξε
1366 2445 1583 2490 διδομένας,
1607 2443 1838 2481 ἀπέδωκεν”
1818 2459 1840 2481 ο
1856 2447 1983 2482 Κλαυ-

1111 2495 1193 2538 διος
1217 2493 1304 2529 τότε
1329 2498 1371 2539 (a.
1396 2506 1433 2530 u.
1459 2498 1533 2540 797)
1557 2496 1609 2542 τῷ
1633 2496 1773 2545 κλήρῳ.
1801 2517 1837 2523 -—
1863 2508 1984 2540 quam-

1112 2555 1214 2588 quam
1244 2546 1325 2588 cet.]
1360 2546 1477 2580 levem
1516 2549 1780 2581 excusationem
1811 2548 1982 2581 occultat:

1114 2596 1239 2629 «nimis
1268 2597 1437 2638 sanguine
1469 2597 1647 2639 gaudens,
1683 2606 1901 2639 quamquam
1925 2596 1984 2631 vili

1112 2644 1369 2679 servulorum.»
1401 2647 1521 2680 WoLr.
1559 2647 1610 2681 Cf.
1645 2656 1676 2681 c.
1701 2648 1761 2681 29:
1795 2651 1985 2689 promptum

1112 2696 1157 2728 ad
1186 2696 1361 2736 asperiora
1391 2696 1563 2738 ingenium
1591 2698 1704 2729 Druso
1734 2700 1820 2730 erat.
1853 2714 1889 2720 —
1924 2706 1985 2730 cur

1112 2746 1310 2779 abstinuerit
1341 2754 1390 2786 sp.
1425 2746 1505 2788 ipse]
1541 2747 1605 2779 Dio
1629 2748 1688 2787 57,
1715 2746 1775 2780 44ε
1811 2742 1880 2779 τὸν
1913 2746 1984 2790 μὲν

1112 2793 1242 2840 ἀγῶνα
1262 2792 1389 2829 αὐτῶν
1405 2793 1476 2830 οὔκ
1493 2794 1584 2838 εἶδε,
1609 2796 1702 2830 nulla
1717 2797 1853 2830 ratione
1869 2796 1981 2830 allata.

1116 2864 1152 2869 —
1177 2847 1273 2879 varie
1296 2846 1481 2888 trahebant]
1509 2847 1649 2880 «varias
1673 2846 1719 2879 ad
1742 2855 1866 2880 causas
1889 2847 1984 2879 refe-

1113 2895 1274 2929 rebant.»
1299 2897 1403 2929 Amat
1425 2896 1494 2930 hoc
1509 2896 1660 2930 verbum
1675 2905 1740 2939 pro
1754 2898 1982 2938 interpretari.

1115 2946 1166 2980 Cf.
1192 2955 1223 2979 c.
1249 2946 1302 2979 69..
1329 2946 1367 2985 3,
1393 2946 1445 2979 37.
1471 2946 1509 2987 4,
1535 2947 1589 2981 64.
1615 2947 1676 2987 43,
1701 2947 1758 2981 47:
1788 2949 1825 2981 in
1848 2949 1984 2979 contra-

1112 2998 1204 3030 rium
1226 2996 1370 3029 trahens.
1395 2996 1456 3036 46,
1476 2997 1507 3029 4.
1529 3014 1564 3021 -
1591 2997 1742 3039 tristitia]
1766 2997 1981 3030 austeritate.

1114 3045 1199 3080 Plin.
1228 3047 1269 3079 N.
1294 3047 1335 3079 H.
1360 3046 1421 3086 28,
1453 3046 1473 3088 5
1496 3047 1558 3080 23:
1594 3047 1757 3081 Tiberium
1788 3048 1981 3087 Caesarem,

1114 3096 1358 3135 tristissimum,
1383 3099 1422 3128 ut
1444 3099 1590 3137 constat,
1615 3097 1788 3129 hominem.
1817 3112 1853 3118 —
1879 3097 1983 3128 comi-

1115 3149 1165 3178 ter
1188 3145 1401 3188 interfuisset]
1437 3147 1579 3180 Sueton.
1607 3148 1726 3180 octav.
1752 3145 1812 3179 45:
1851 3146 1984 3186 Quoties

1116 3196 1256 3236 adesset,
1279 3197 1364 3229 nihil
1386 3200 1566 3237 praeterea
1595 3197 1733 3238 agebat,
1766 3204 1823 3227 seu
1853 3196 1984 3229 vitandi

1115 3246 1263 3278 rumoris
1292 3254 1414 3286 causa,
1444 3263 1494 3270 --
1517 3255 1574 3279 seu
1604 3246 1714 3278 studio
1744 3245 1911 3286 spectandi
1942 3253 1984 3277 ac

1116 3295 1296 3335 voluptate.

1159 3344 1212 3377 77.
1233 3346 1392 3386 proximo
1410 3344 1536 3386 priore]
1561 3344 1647 3377 Vide
1672 3353 1703 3377 c.
1726 3342 1781 3377 54.
1807 3344 1859 3377 De
1882 3342 1983 3387 pleo-

1117 3402 1253 3435 nasm0‚
1273 3403 1382 3437 quem
1397 3395 1618 3427 Burmannus
1635 3393 1681 3426 ad
1696 3394 1839 3427 Sueton.
1859 3393 1980 3427 Claud.

1117 3443 1158 3478 33
1181 3443 1348 3478 alterutro
1364 3443 1538 3478 adiectivo
1554 3442 1705 3477 delendo
1721 3442 1844 3479 tollere
1860 3442 1980 3485 voluit,

1647 3503 1673 3547 ὃ
