2254 3770
259 275 340 320 122

734 277 779 320 P.
814 275 1065 320 CORNELII
1093 275 1264 320 TACITI
1294 274 1563 321 ANNALIUM

255 382 476 440 angustiae
512 389 558 441 et·
591 381 803 442 profunda
842 380 1037 434 altitudo,
1078 380 1204 425 nullis
1245 380 1548 439 inquirentium
1577 382 1724 440 spatiis
1751 382 2040 442 penetrabilis.

255 457 353 501 exin
370 463 544 502 ventum
564 457 873 516 Elephantinen
893 470 944 501 ac
964 457 1155 516 Syenen,
1188 455 1373 502 claustra
1393 456 1493 501 olim
1513 457 1689 502 Romani
1709 458 1893 517 imperii,
1923 457 2042 517 quod

254 546 368 577 nunc
396 533 572 577 rubrum
603 533 658 577 ad
688 546 806 577 mare
836 532 1030 591 patescit.

340 608 421 665 (62)
452 609 563 652 Dum
593 622 646 653 ea
675 614 816 652 aestas
837 607 1091 652 Germanico
1111 606 1257 666 plures
1277 621 1356 666 per
1374 607 1617 666 provincias
1637 607 1896 666 transigitur,
1927 607 2041 653 haud

222 683 349 728 sleve
371 683 505 727 decus
531 685 697 727 Drusus
717 682 930 741 quaesivit
951 683 1145 728 inliciens
1167 683 1402 727 Germanos
1422 682 1478 726 ad
1497 682 1736 728 discordias
1756 690 1889 742 utque
1910 683 2042 728 fracto

254 759 338 803 iam
361 748 632 803 >Maroboduo
661 772 801 816 usque
831 758 874 801 in
905 758 1081 803 exitium
1109 759 1388 803 insisteretur.
1433 764 1525 802 erat
1554 758 1663 802 inter
1683 758 1870 803 Gotones
1888 758 2043 803 nobilis

254 819 421 879 iuvenis
459 834 630 878 nomine
671 833 895 883 Catualda,
935 834 1141 893 profugus
1178 833 1278 878 olim
1316 833 1357 878 vi
1395 833 1645 878 Marobodui
1685 839 1727 878 et
1762 839 1862 879 tunc
1900 833 2043 878 dubiis

255 909 386 954 rebus
417 909 510 954 eius
540 909 743 973 ultionem
772 922 918 953 ausus.
971 910 1008 953 is
1037 909 1178 954 valida
1212 923 1340 953 manu
1369 909 1477 953 fines
1506 910 1875 954 Marcomanorum
1902 909 2044 967 ingre-

255 984 369 1028 ditur
398 985 698 1043 corruptisque
733 984 993 1043 primoribus
1023 985 1078 1029 ad
1107 985 1355 1029 societatem
1382 985 1585 1043 inrumpit
1611 985 1774 1042 regiam
1801 983 2045 1029 castellum-

206 1074 242 1105 ιο
256 1074 342 1118 que
372 1060 487 1104 iuxta
516 1060 656 1104 situm.
697 1066 866 1104 veteres
896 1060 980 1105 illic
1009 1060 1252 1105 Sueborum
1280 1060 1470 1119 praedae
1508 1067 1550 1104 et
1577 1060 1734 1104 nostris
1762 1074 1787 1105 e
1813 1060 2044 1118 provinciis

255 1135 365 1179 lixae
395 1149 446 1180 ac
475 1135 763 1193 negotiatores
793 1136 969 1194 reperti,
1005 1150 1116 1195 quos
1146 1137 1213 1180 ius
1244 1136 1508 1186 commercii,
1539 1136 1640 1180 dein
1669 1136 1827 1194 cupido
1857 1135 2042 1194 augendi

255 1211 502 1269 pecuniam,
535 1217 801 1269 postremum
831 1211 989 1255 oblivio
1019 1212 1182 1270 patriae
1213 1211 1302 1255 suis
1332 1225 1549 1270 quemque
1570 1211 1624 1255 ab
1645 1210 1821 1255 sedibus
1848 1211 2045 1256 hostilem

256 1288 299 1330 in
337 1301 487 1345 agrum
527 1287 808 1330 transtulerat.
865 1287 946 1345 (63)
977 1286 1241 1339 Maroboduo
1270 1285 1462 1345 undique
1492 1286 1664 1330 deserto
1695 1299 1780 1330 non
1810 1286 1914 1330 aliut
1941 1286 2045 1331 sub-

256 1362 413 1406 sidium
449 1377 579 1420 quam
620 1361 914 1406 misericordia
953 1362 1148 1407 Caesaris
1185 1361 1272 1405 fuit.
1324 1368 1617 1420 transgressus
1653 1362 1910 1412 Danuvium,
1958 1376 2045 1421 qua

207 1449 243 1480 45
255 1438 452 1482 Noricam
482 1438 746 1496 provinciam
773 1437 988 1496 praefluit,
1021 1437 1193 1495 scripsit
1222 1436 1391 1481 Tiberio
1421 1451 1507 1479 non
1535 1443 1582 1480 ut
1610 1436 1815 1495 profugus
1845 1443 1918 1481 aut
1941 1451 2045 1496 sup-

255 1513 372 1571 plex,
415 1513 494 1557 sed
530 1526 584 1557 ex
611 1514 820 1557 memoria
848 1513 1004 1571 prioris
1035 1513 1250 1556 fortunae:
1289 1526 1387 1556 nam
1415 1512 1557 1556 multis
1587 1512 1830 1556 nationibus
1859 1512 2044 1562 clarissi-

255 1604 373 1632 mum
403 1589 622 1647 quondam
651 1602 797 1646 regem
828 1589 881 1633 ad
907 1602 955 1633 se
983 1588 1232 1633 vocantibus
1262 1589 1494 1632 Romanam
1523 1587 1752 1632 amicitiam
1775 1587 2044 1646 praetulisse.

257 1678 513 1726 responsum
553 1678 578 1708 a
620 1665 805 1708 Caesare
842 1670 975 1708 tutam
1015 1664 1055 1707 ei
1093 1663 1431 1722 honoratamque
1461 1663 1610 1707 sedem
1639 1664 1681 1706 in
1711 1663 1830 1707 Italia
1858 1663 1968 1714 fore',
2008 1663 2045 1708 si

258 1746 469 1784 maneret:
510 1740 577 1784 sin
614 1740 746 1784 rebus
781 1740 875 1784 eius
915 1739 1017 1783 aliut
1052 1739 1329 1791 conduceret,
1370 1738 1583 1783 abiturum
1614 1738 1699 1783 fide
1729 1752 1816 1798 qua
1843 1739 2044 1784 venisset.

322 1855 353 1887 4.
375 1842 591 1896 penetrabilis
610 1854 765 1897 Lipsius:
786 1853 1006 1895 penetrabiles
1026 1854 1061 1887 M
1086 1871 1122 1877 —
1148 1853 1180 1886 9.
1204 1854 1428 1886 societatatem
1443 1854 1476 1888 M
1499 1870 1535 1876 -
1570 1853 1623 1886 42.
1648 1853 1694 1886 ad
1714 1854 1749 1888 M
1772 1852 1824 1895 (ab
1846 1853 1980 1896 margo)
2005 1869 2042 1878 —-

258 1912 310 1944 43.
335 1912 556 1944 transtulerat
577 1911 775 1944 Ernestius:
800 1911 986 1943 transtulat
1006 1918 1062 1952 pr.
1079 1910 1129 1950 M3
1166 1911 1339 1944 transtulit
1360 1918 1452 1944 corr.
1477 1910 1511 1944 M
1535 1927 1570 1935 —
1596 1909 1800 1943 morobuduo
1821 1918 1877 1952 pr.
1893 1911 1947 1951 M;
1971 1919 2046 1944 mo-

255 1968 402 2001 roboduo
426 1976 520 2001 corr.
545 1967 579 2002 M
603 1984 638 1991 —
667 1968 718 2000 45.
739 1964 839 2010 pfluit
860 1967 894 2001 M
916 1964 958 2009 (ᾗ
981 1967 1016 1999 in
1039 1966 1188 2008 rasura).

258 2068 462 2116 παρέχεται
479 2062 504 2111 ἦ
521 2067 680 2113 Μοίριος
695 2065 908 2110 καλευμένη
926 2065 1040 2110 λίμνη
1052 2076 1061 2085 ·
1075 2084 1127 2091 --

258 2114 319 2152 ὅτι
341 2118 381 2152 δὲ
404 2115 673 2165 χειροποίητός
695 2116 777 2150 ἐστι
798 2117 864 2149 καὶ
887 2112 985 2159 αὐτὴ
1001 2115 1124 2160 δηλοῖ.

259 2186 296 2192 -
322 2169 498 2210 anqustiae
531 2171 562 2200 et
591 2168 762 2209 profunda
790 2167 940 2209 altitudo]
976 2166 1052 2199 Nili.
1088 2185 1124 2190 —

256 2219 383 2261 spatiis]
414 2227 663 2252 mensurarum
692 2217 948 2257 adhibitarum;
980 2226 1025 2250 ne
1048 2216 1128 2250 lon-

259 2271 402 2312 gissimo
427 2269 572 2311 quidem
595 2269 677 2302 sune
702 2277 784 2301 cum
808 2277 926 2301 massa
943 2267 1057 2301 ferrea
1072 2266 1128 2300 vel

258 2318 427 2362 plumbea
462 2321 496 2351 iu
527 2327 657 2359 aquam
688 2318 859 2358 demisso,
899 2327 1129 2364 καταπειρη-

258 2369 364 2417 τῆρι,
395 2370 554 2403 Senkblei.
592 2368 708 2402 Simile
733 2368 818 2411 quid
842 2371 995 2402 narravit
1017 2370 1129 2402 Saites

259 2421 376 2454 scriba
400 2420 445 2453 de
468 2419 533 2453 Nili
555 2420 647 2452 inter
665 2419 921 2462 Elephantinen
938 2421 973 2453 et
987 2421 1128 2461 Syenen

260 2470 441 2503 altitudine
477 2469 655 2502 Herodoto
685 2470 723 2508 2,
749 2470 810 2503 28:
849 2470 946 2502 «eius
980 2469 1129 2502 fundum

259 2521 406 2563 reperiri
422 2529 490 2553 non
507 2521 664 2562 potuisse
681 2529 701 2552 a
716 2520 977 2553 Psammeticho
994 2521 1129 2566 καίπερ

260 2569 441 2612 χιλιάδων
486 2566 668 2618 ὀργυιέων
713 2568 934 2615 πλεξαμένῳ
973 2568 1127 2603 κάλον.»

260 2625 338 2665 Ipse
363 2631 448 2655 vero
470 2622 539 2655 hoc
563 2621 713 2664 explicat
736 2631 780 2654 ex
801 2620 963 2654 violentis
986 2622 1130 2654 vortici-

260 2672 342 2713 bus,
366 2674 513 2715 propter
535 2680 625 2713 quos
648 2673 747 2714 putat
767 2668 823 2714 μὴ
847 2669 1037 2704 δύνασθαι
1059 2681 1129 2704 κα-

260 2722 436 2765 τιεμένην
458 2718 529 2764 τὴν
551 2722 896 2768 καταπειρητηρίην
917 2720 956 2763 ἐς
977 2718 1129 2762 βυσσὸν

263 2773 372 2806 ἰέναι.
415 2771 479 2804 Alii
509 2771 543 2803 h.
568 2770 590 2804 1.
623 2771 817 2813 intelligunt
847 2772 895 2805 de
923 2771 1129 2813 Syringibus

261 2831 373 2865 prope
407 2821 564 2861 Thebas,
610 2821 831 2854 subterraneis
869 2821 1064 2862 quibusdam
1099 2824 1130 2853 et

259 2872 416 2915 flexuosis
436 2872 629 2911 secessibus,
654 2880 743 2913 quos
767 2871 936 2906 describit
952 2871 1126 2904 Ammian.

261 2925 368 2957 Marc.
394 2923 448 2962 22,
472 2923 525 2962 45,
544 2922 644 2955 30.-
672 2921 918 2964 Elephantinen]
943 2921 1071 2955 Plinius
1087 2922 1127 2954 N.

262 2973 302 3006 H.
321 2974 353 3013 5,
371 2972 462 3014 §592
481 2972 673 3013 Elephantis
687 2972 797 3004 insula
811 2972 904 3005 intra
918 2972 1131 3004 novissimam

261 3026 476 3055 catarracten
497 3023 515 3055 Ι
519 3023 543 3054 V
561 3023 597 3055 M
618 3023 654 3054 P.
679 3025 709 3054 et
730 3031 835 3063 supra
857 3022 984 3062 Syenen
1004 3022 1080 3054 XVI
1094 3022 1133 3055 M

261 3073 450 3112 habitatur,
493 3071 719 3114 naviyationis
750 3071 928 3114 Aegyptiae
958 3072 1052 3114 finis,
1089 3071 1130 3104 ab

260 3123 469 3155 Alexandria
491 3122 667 3155 DLXXXV
680 3122 716 3154 M
729 3122 764 3154 P.
786 3139 821 3144 —
839 3121 977 3163 Syenen]
1002 3120 1130 3154 Plinius

262 3172 413 3205 ibidem:
441 3173 587 3205 Dicionis
608 3172 786 3214 Aegyptiae
808 3180 874 3204 esse
895 3172 1012 3212 incipit
1031 3181 1054 3203 a
1067 3173 1131 3213 fine

262 3223 449 3263 Aethiopiae
472 3224 576 3263 Syene
582 3231 595 3262 ,·
625 3223 674 3255 ita
695 3225 836 3254 vocatur
853 3222 1028 3262 peninsula
1050 3223 1086 3254 M
1108 3223 1134 3255 P

263 3272 407 3311 ambitu,
442 3273 478 3305 in
501 3282 569 3314 qua
591 3272 712 3305 Castra
733 3274 822 3311 sunt,
849 3271 952 3304 latere
972 3271 1127 3304 Arabiae.

267 3341 302 3346 —
327 3322 475 3354 claustra
497 3323 575 3355 olim
596 3323 634 3355 R.
659 3321 801 3364 imperii]
837 3321 871 3354 h.
898 3319 919 3353 l.
946 3321 1127 3361 terminos,

263 3372 364 3405 fines.
403 3373 473 3405 Cic.
505 3381 569 3415 pro
598 3372 722 3406 Flacco
746 3372 805 3406 ⁴3:
837 3380 949 3404 omnes
976 3371 1130 3404 sinus--

261 3422 358 3456 urbes
379 3423 569 3456 maritimas
590 3423 745 3456 claustris
771 3422 902 3464 imperii
923 3421 1027 3455 nostri
1049 3430 1129 3454 con-

1175 2066 1286 2099 tineri.
1328 2064 1414 2099 Plin.
1438 2067 1479 2098 N.
1504 2066 1545 2099 H.
1571 2067 1632 2107 42,
1659 2066 1678 2108 g
1704 2066 1762 2099 ⁴9:
1795 2076 1819 2099 a
1848 2067 1954 2108 Syene
1979 2069 2046 2110 fine

1175 2116 1316 2157 imperii.
1345 2134 1382 2141 —
1413 2117 1501 2157 quod
1528 2125 1616 2148 nunc
1637 2116 1777 2149 rubrum
1800 2118 1846 2150 aa
1865 2126 1960 2150 mara
1978 2126 2046 2159 pa-

1176 2167 1278 2208 tescit]
1308 2166 1468 2200 Rubrum
1498 2174 1597 2199 mare
1620 2175 1703 2199 cum
1727 2168 1763 2199 et
1783 2166 1974 2200 Arabicum
1996 2168 2047 2201 si-

1177 2226 1263 2249 num
1286 2219 1321 2250 et
1333 2218 1517 2250 Persicum
1533 2216 1812 2258 comprehendat
1828 2216 1925 2258 (Plin.
1942 2218 1983 2250 N.
2002 2217 2044 2250 H.

1178 2267 1209 2305 6,
1235 2266 1255 2307 5
1279 2266 1371 2306 408),
1403 2266 1439 2299 h.
1463 2265 1486 2298 l.
1513 2266 1557 2299 de
1585 2267 1726 2299 Persico
1750 2268 1786 2300 et
1808 2267 1853 2300 de
1877 2267 1966 2302 mari
1988 2268 2048 2300 In-

1178 2316 1259 2349 dico
1281 2315 1545 2358 intelligendum
1569 2317 1634 2349 est.
1659 2316 1828 2350 Traianus
1847 2317 1943 2349 enim
1959 2325 1991 2349 a.
2009 2325 2045 2350 u.

1178 2365 1242 2399 868
1275 2375 1378 2407 usque
1410 2366 1456 2398 ad
1485 2366 1600 2398 Indiae
1630 2367 1712 2408 fines
1741 2370 1771 2399 et
1792 2375 1887 2399 mare
1907 2366 2048 2399 rubrum

1178 2416 1323 2449 accessit.
1341 2432 1360 2439 —
1371 2434 1390 2440 -
1404 2416 1444 2448 In
1464 2416 1555 2448 mari
1576 2415 1679 2448 rubro
1694 2416 1830 2449 classem
1850 2417 1993 2449 instituit
2012 2419 2050 2449 ut

1175 2475 1237 2508 per
1258 2475 1333 2499 eam
1354 2466 1470 2500 Indiae
1490 2467 1571 2509 fines
1592 2469 1751 2500 vastaret.
1787 2466 1931 2510 Eutrop.
1956 2466 1990 2508 8,
2013 2466 2047 2500 3.

1178 2518 1242 2550 1)ἰο
1266 2518 1325 2558 68,
1350 2517 1405 2550 26.

1221 2618 1275 2651 62.
1300 2617 1440 2659 Drusus]
1466 2617 1517 2651 Cf.
1537 2626 1568 2651 c.
1587 2616 1728 2651 44-46.
1748 2634 1784 2641 -
1811 2617 1963 2661 Gotones]
1986 2619 2047 2660 qui

1178 2669 1285 2701 etiam
1316 2669 1496 2709 Guthones,
1533 2669 1708 2709 Guttonos,
1745 2669 1833 2702 Gotti
1859 2669 2046 2711 (spartian.

1179 2720 1301 2752 Carae.
1328 2720 1398 2760 40),
1425 2719 1532 2752 Gothi.
1569 2718 1621 2752 Cf.
1647 2720 1763 2751 Germ.
1789 2727 1822 2752 c.
1846 2718 1901 2752 44.
1937 2720 2047 2753 Zeuss

1178 2770 1230 2802 die
1244 2769 1425 2802 Deutschen
1441 2778 1474 2811 p.
1490 2768 1565 2802 434.
1584 2769 1690 2802 Ukert
1705 2768 1904 2801 Gemanica
1918 2777 1952 2811 p.
1967 2769 2045 2803 444.

1178 2821 1218 2853 In
1241 2820 1320 2853 Maii
1343 2818 1552 2852 Kalendario
1576 2818 1721 2851 Gothico
1741 2827 1776 2860 p.
1793 2819 1837 2852 26
1859 2820 2048 2852 nominan-

1178 2871 1236 2902 tur
1259 2869 1454 2902 Gutlhunds.
1483 2886 1519 2892 —
1545 2869 1775 2909 corruptisque
1792 2877 1829 2909 p.
1848 2869 1894 2901 ad
1912 2870 2049 2902 societa-

1177 2920 1253 2960 tem]
1277 2919 1479 2956 ineundam;
1511 2919 1550 2951 ut
1566 2917 1607 2959 4,
1625 2918 1685 2951 4οι
1710 2921 1871 2959 corrupta
1886 2919 1931 2951 ad
1945 2920 2049 2952 scelus

1179 2969 1430 3012 (patrandum)
1466 2968 1573 3001 Livia.
1611 2985 1648 2992 —
1683 2968 1824 3010 regiam]
1857 2969 2049 3002 Boihemum

1180 3022 1297 3053 Germ.
1323 3019 1365 3052 28
1397 3019 1470 3053 sive
1499 3019 1731 3052 Boiohoemum
1757 3017 1878 3052 Vellei.
1903 3019 1943 3059 2,
1970 3020 2045 3053 409.

1178 3069 1393 3113 Βουΐαιμον
1415 3069 1540 3103 Strabo
1563 3070 1583 3102 7
1607 3078 1641 3112 p.
1661 3069 1726 3102 290
1748 3069 1784 3102 in
1806 3068 1893 3102 silva
1916 3070 2049 3112 Hercy-

1179 3121 1247 3154 nia.
1285 3119 1350 3153 Alii
1380 3119 1573 3161 intelligunt
1605 3116 1828 3153 Marobudum
1856 3118 2048 3153 Ptolemaei

1180 3171 1344 3214 (Budweis
1366 3179 1476 3214 prope
1499 3171 1672 3212 Pragam).
1697 3170 1748 3203 Cf.
1773 3168 1939 3204 wilhelm
1962 3170 2048 3203 Gor-

1178 3223 1311 3255 manien
1327 3230 1361 3263 p.
1376 3222 1452 3253 224.
1470 3219 1643 3254 Reicbard
1656 3229 1691 3262 p.
1704 3218 1780 3253 294.
1799 3219 1903 3254 Ukert
1918 3227 1952 3261 p.
1967 3218 2044 3253 444.

1182 3291 1218 3295 -
1235 3271 1289 3303 ius
1302 3270 1500 3312 commercii]
1514 3269 1680 3303 Romanis
1696 3278 1716 3302 a
1729 3268 1945 3303 Maroboduo
1959 3276 2047 3302 con-

1179 3329 1341 3362 cessum,
1377 3321 1550 3353 amicitiae
1585 3321 1622 3352 et
1653 3320 1795 3352 honoris
1829 3326 1935 3352 causa
1969 3318 2045 3352 sive

1179 3373 1303 3414 sponte
1334 3371 1407 3404 sive
1439 3369 1641 3412 petentibus
1665 3367 1741 3402 illis.
1765 3368 1845 3401 Em«.
1880 3366 2045 3410 Ulpianus

1179 3422 1232 3455 Fr.
1251 3421 1304 3462 49,
1322 3420 1363 3455 4:
1386 3428 1440 3454 eos
1449 3420 1658 3462 pereat-ivios,
1682 3418 1800 3460 quibus
1814 3418 2046 3451 commercium
