2254 3770
802 271 957 317 LmER
984 272 1053 316 111.
1099 272 1200 331 cap.
1229 272 1269 316 ι.
1298 273 1337 317 5.
1368 272 1408 319 e.

1909 270 1993 315 ⁴49

221 381 388 426 debitos
417 380 601 424 honores
631 379 871 438 contigisse.
915 391 1019 423 sane
1047 391 1206 438 corpus
1236 379 1291 424 ob
1320 379 1669 438 longinquitatem
1697 378 1895 423 itinerum
1920 391 1993 423 ex-

217 457 348 502 ternis
376 455 501 500 terris
530 469 707 515 quoquo
735 454 864 499 modo
894 460 1148 507 crematum;
1180 454 1257 498 sed
1287 461 1402 500 tanto
1427 455 1548 514 plura
1570 454 1728 500 decora
1746 467 1847 498 mox
1863 453 1991 498 tribui

215 547 295 592 par
329 531 479 584 fuisse,
520 537 680 590 quanto
717 531 855 589 prima
882 529 970 574 sors
998 530 1252 588 negavisset.
1300 545 1384 575 non
1415 531 1599 583 fratrem,
1639 530 1720 573 nisi
1749 530 1876 574 unius
1906 529 1990 573 diei

216 608 302 660 via,
334 621 419 651 non
448 613 646 666 patruum
675 606 825 651 saltem
854 603 976 665 porta
1004 611 1128 650 tenus
1148 605 1333 650 obvium.
1378 606 1452 650 ubi
1482 607 1552 651 illa
1571 612 1764 651 veterum
1790 605 1988 655 instituta,

214 683 502 743 praepositam
546 688 639 726 toro
683 682 881 741 effigiem,
927 681 1128 726 meditata
1162 681 1217 726 ad
1253 682 1505 726 memoriam
1531 681 1696 726 virtutis
1734 681 1920 726 carmina
1950 686 2023 724 ets

212 759 500 810 laudationes,
531 763 575 802 et
602 757 800 803 lacrimas
829 757 896 802 vel
926 757 1088 802 doloris
1117 757 1410 802 imitamenta?
1460 758 1512 815 (6)
1542 771 1721 816 gnarum
1749 757 1794 800 id
1822 756 1990 801 Tiberio

212 834 308 888 fuit3
348 841 479 893 utque
517 840 732 892 premeret
772 833 884 890 vulgi
921 847 1161 885 sermones,
1202 834 1366 877 monuit
1403 833 1543 878 edicto
1571 833 1725 877 multos
1754 832 1990 877 inlustrium

212 912 496 955 Romanorum
535 909 591 954 ob
630 924 722 954 rem
749 908 962 968 publicam
993 909 1155 959 obisse,
1198 909 1412 953 neminem
1439 915 1525 953 tam
1554 909 1745 968 flagranti
1774 908 1989 953 desiderio

212 985 485 1030 celebratum.
530 985 661 1044 idque
692 992 734 1029 et
762 985 843 1029 sibi
873 991 916 1029 et
935 985 1099 1029 cunctis
1120 985 1360 1043 egregium,
1392 984 1428 1028 si
1448 984 1602 1028 modus
1623 984 1874 1029 adiceretur.
1905 998 1989 1028 non

213 1062 323 1107 enim
355 1061 508 1105 eadem
532 1058 695 1106 'decora
723 1061 986 1119 principibus
1007 1060 1109 1104 viris
1139 1066 1182 1104 et
1202 1060 1445 1118 imperatori
1466 1059 1642 1118 populo,
1674 1074 1785 1119 quae
1809 1059 2039 1104 modicisto

212 1136 411 1181 domibus
441 1143 513 1181 aut
541 1136 792 1181 civitatibus.
837 1135 1091 1181 convenisse
1120 1136 1282 1180 recenti
1312 1135 1446 1179 dolori
1476 1135 1636 1180 luctum
1660 1142 1703 1180 et
1723 1149 1777 1180 ex
1794 1149 1988 1180 maerore

212 1212 391 1266 solacia;
422 1212 500 1256 sed
531 1211 800 1256 referendum
824 1212 910 1255 iam
930 1212 1117 1255 animum
1136 1211 1191 1255 ad
1210 1211 1534 1264 firmitudinem,
1562 1218 1610 1255 ut
1629 1211 1845 1270 quondam
1865 1211 1988 1255 divus

211 1287 342 1332 lulius
372 1287 528 1331 amissa
556 1287 681 1332 unica
706 1286 812 1338 filia,
843 1293 890 1330 ut
909 1287 1034 1331 divus
1055 1289 1267 1344 Augustus
1287 1286 1445 1345 ereptis
1465 1287 1691 1345 nepotibus
1710 1287 1990 1331 abstruserint

210 1363 431 1408 trIStitiam.
472 1362 528 1406 nil
569 1376 679 1421 opus
712 1361 1016 1406 vetustioribus
1053 1362 1281 1421 exemplis,
1326 1363 1525 1421 quotiens
1560 1362 1745 1422 populus
1773 1365 1987 1407 Romanus

277 1515 307 1547 4.
333 1514 454 1548 debitos
484 1514 695 1548 Beroaldus:
727 1514 850 1547 deditos
878 1515 913 1548 M
942 1532 978 1537 —
1008 1515 1170 1548 itenerum
1198 1523 1253 1557 pr.
1277 1515 1311 1549 M
1333 1532 1376 1539 -—
1403 1515 1435 1548 2.
1461 1518 1569 1548 terras
1590 1523 1645 1558 pr.
1669 1515 1704 1549 M
1729 1532 1765 1539 -
1796 1517 1829 1549 3.
1855 1516 1988 1556 quando

209 1572 377 1606 Muretus.
404 1589 440 1594 —
475 1571 617 1612 fratrem
643 1571 694 1604 M:
727 1571 854 1612 fratres
881 1571 1030 1614 Lipsius.
1063 1588 1100 1596 -
1136 1572 1168 1604 5.
1195 1573 1401 1618 prepositum
1429 1572 1482 1606 M:
1513 1571 1721 1613 propositam
1748 1572 1918 1606 Muretus.
1948 1590 1984 1596 —

210 1628 263 1661 43.
287 1627 499 1660 absterserint
519 1625 705 1660 Acidalius.

210 1767 250 1791 ea
274 1767 313 1791 re
337 1757 568 1800 significatur,
591 1758 734 1799 praeter
749 1756 975 1791 Claudiorum
989 1759 1076 1791 ima-

209 1810 329 1851 gines,
361 1817 452 1851 quae
484 1809 559 1841 sine
583 1808 692 1841 dubio
715 1810 753 1840 ut
775 1810 937 1851 propriae
961 1811 1074 1851 gentis

208 1861 322 1899 Druso
346 1859 623 1899 conveniebant,
649 1859 756 1892 etiam
778 1858 945 1892 Iuliorum
967 1860 1077 1892 hono-

209 1918 288 1942 rem
310 1910 517 1942 accessisse.
554 1909 614 1942 Est
631 1908 788 1950 gradatio
804 1910 840 1942 in
855 1909 986 1942 verbis.
1012 1910 1077 1942 Ce-

211 1960 328 1992 terum
352 1959 440 1992 intra
463 1959 495 1999 6,
520 1959 540 1992 8
563 1960 648 1992 item
670 1958 839 2001 legimus:
864 1959 1026 1993 Claudiae
1046 1963 1079 1993 et

210 2010 318 2043 Iuliae
339 2011 465 2043 domus.
489 2011 673 2043 wamma.
708 2009 808 2042 Adde
831 2009 905 2043 val.
930 2011 1019 2044 Max.
1041 2012 1073 2050 5,

1124 1760 1288 1792 tamentis.
1325 1757 1452 1792 Gellius
1482 1760 1523 1793 N.
1549 1760 1588 1793 A.
1614 1759 1711 1801 6(7),
1743 1759 1784 1800 5,
1809 1759 1846 1791 7:
1879 1760 1989 1801 Igitur

1124 1810 1220 1842 Polus
1233 1826 1253 1833 -
1263 1827 1282 1832 -
1297 1810 1439 1851 opplevit
1460 1811 1572 1842 onmia
1592 1818 1660 1842 non
1676 1810 1866 1843 simulacris
1884 1818 1990 1851 neque

1124 1861 1354 1901 imitamentis,
1378 1861 1434 1893 sed
1454 1860 1547 1893 lactu
1568 1863 1668 1901 atque
1689 1860 1841 1893 lamentis
1854 1861 1942 1894 veris
1958 1864 1990 1894 et

1124 1910 1337 1953 spirantibus.

1170 1960 1201 1994 6.
1226 1960 1265 1992 ob
1287 1969 1358 1992 rem
1374 1959 1468 2001 publ.
1492 1958 1605 2001 obisse]
1630 1959 1681 1993 Cf.
1698 1960 1730 1999 2,
1750 1959 1811 1993 83:
1838 1969 1913 1993 cum
1932 1961 1989 1993 in-

1124 2011 1302 2052 scriptione
1321 2019 1437 2049 rerum
1457 2013 1627 2052 qestarum
1648 2019 1691 2043 ac
1710 2013 1850 2043 nwrtem
1866 2010 1905 2042 ob
1918 2019 1990 2043 rem

210 2061 244 2100 5,
270 2059 309 2092 3:
331 2060 521 2101 fraternum
540 2061 657 2102 iuqum
680 2059 839 2093 Claudiae
854 2062 965 2101 prius,
990 2069 1079 2093 nunc
1119 2071 1156 2103 p.
1182 2061 1296 2094 obisse.
1317 2078 1353 2084 -
1379 2061 1507 2093 cunctis
1527 2059 1706 2102 eqreyimn]
1730 2060 1766 2093 id
1781 2061 1919 2101 gratum
1935 2061 1991 2093 at-

209 2111 311 2143 etiam
330 2111 438 2142 Iuliae
458 2111 575 2152 gentis.
602 2109 652 2143 Cf.
671 2110 791 2143 tamen
809 2110 915 2143 etiam
930 2111 1073 2143 Sueton.

208 2160 283 2194 Tib.
311 2160 349 2194 3:
379 2161 437 2193 Eae
457 2161 519 2193 hac
541 2161 641 2201 stirpe
666 2160 820 2203 (patricia
844 2162 948 2202 gente
972 2160 1076 2194 Clau-

209 2211 277 2253 dia)
302 2211 448 2244 Tiberius
476 2212 565 2244 Nero
598 2212 645 2253 (et
665 2211 812 2253 Drusus)
835 2221 937 2254 penus
958 2213 1075 2252 trabit,

208 2264 240 2294 et
261 2262 391 2303 quidem
412 2265 613 2303 uti-ianque:
631 2265 813 2303 paternum
830 2272 854 2295 a
868 2263 994 2295 Tiberio
1007 2263 1076 2295 Ne-

207 2320 306 2352 rone,
332 2314 522 2344 maternum
544 2311 586 2344 ab
600 2311 705 2353 Appio
719 2312 876 2352 Pulchro,
901 2313 958 2353 qui
980 2312 1076 2345 ambo

207 2362 305 2404 Appii
335 2362 430 2394 Caeci
459 2363 521 2404 filii
542 2362 688 2404 fuerunt.
723 2363 870 2395 Insertus
890 2365 938 2395 est
958 2366 991 2395 et
1010 2363 1076 2395 Li-

207 2413 376 2445 viorum
395 2412 567 2453 familiae,
593 2413 751 2453 adoptato
772 2414 809 2446 in
830 2422 905 2446 eam
924 2416 1076 2446 materno

209 2471 285 2494 avo.
314 2479 352 2485 —
376 2461 512 2503 quanto]
535 2463 586 2495 De
611 2463 743 2495 omisso
766 2463 1005 2505 comparativo
1029 2463 1071 2495 cf.

211 2512 243 2550 4,
267 2512 328 2544 57:
354 2514 479 2552 quanto
502 2513 577 2552 quis
599 2513 746 2544 audacia
762 2516 956 2554 promptus,
982 2516 1075 2545 tanto

207 2561 317 2603 mayis
346 2562 444 2603 fidus.
479 2562 511 2601 4,
537 2561 596 2594 68;
633 2565 759 2604 quanto
788 2564 944 2603 inopina,
981 2565 1075 2594 tanto

206 2613 352 2644 maiora.
388 2611 420 2652 3,
446 2611 488 2644 46
507 2621 514 2643 :
547 2616 672 2653 quanto
692 2614 838 2654 pecunia
860 2614 942 2646 dites
962 2616 995 2645 et
1014 2622 1075 2645 vo-

209 2661 393 2702 luptatibus
414 2662 599 2703 effluentes,
625 2665 717 2695 tanto
738 2664 848 2704 magis
869 2662 1011 2695 inbelles.
1040 2662 1072 2703 4,

207 2709 270 2743 48:
304 2713 398 2743 tanto
419 2712 579 2752 infensius
601 2713 708 2752 caesi,
737 2715 861 2753 quanto
875 2730 924 2737 --
938 2713 1075 2744 incusa-

209 2759 343 2792 bantur.
369 2760 402 2801 6,
427 2760 480 2794 45.
507 2762 566 2802 ⁴2,
593 2762 644 2794 44.
666 2779 697 2784 -
725 2761 877 2804 fratrem]
901 2763 1072 2800 Drusum;

210 2808 290 2842 vide
307 2809 352 2842 ad
366 2810 399 2849 2,
417 2810 471 2843 74.
488 2827 525 2834 -
538 2812 766 2852 praepositam
781 2811 864 2853 toro]
882 2812 916 2844 in
933 2820 1074 2844 summo

210 2860 290 2891 toro
314 2860 475 2901 positam.
506 2860 559 2893 Ad
576 2870 652 2893 rem
669 2861 712 2894 ci.
732 2861 776 2893 de
792 2862 936 2902 Augusti
952 2861 1074 2894 funere

208 2910 273 2942 Dio
290 2909 346 2948 56,
363 2909 424 2942 34:
448 2908 558 2954 κλίνη
580 2905 629 2954 ἧν
651 2907 694 2943 ie'x
715 2920 757 2944 τε
779 2910 988 2953 ἐλέφαντος
1007 2911 1074 2944 καὶ

209 2958 357 3006 χρυσοῦ
373 2962 609 3005 πεποιημένη
625 2962 691 2994 καὶ
706 2960 928 3008 στρώμασιν
940 2958 1076 3009 ἁλουρ-

208 3012 293 3053 γοῖς
336 3008 558 3057 διαχρύσοις
594 3013 866 3056 κεκοσμημένη
879 3022 886 3029 ·
928 3013 993 3045 καὶ
1034 3012 1075 3045 ἐν

209 3056 306 3107 αὐτῇ
340 3057 386 3093 τὸ
413 3060 486 3103 μὲν
513 3060 627 3105 σῶμα
659 3060 762 3095 κάτω
797 3073 871 3096 που
903 3062 943 3096 ἐν
970 3061 1074 3109 θήκῃ

209 3110 488 3157 συνεκέκρυπτο
501 3120 509 3127 ·
556 3109 668 3145 εἰκών
703 3111 745 3145 δὲ
784 3110 831 3156 δή
865 3122 922 3153 τις
954 3109 1074 3147 αὐτοῦ

208 3161 346 3207 κηρίνη
368 3160 410 3194 ἐν
431 3160 596 3206 ἐπινικίᾳ
618 3161 736 3209 στολῇ
759 3160 991 3204 ἐξεφαίνετο.
1020 3164 1074 3195 Si-

209 3210 328 3244 milem
352 3212 558 3253 posterioris
581 3213 705 3244 aetatis
728 3213 833 3245 ritum
851 3212 1019 3245 describit
1039 3214 1075 3245 in

209 3260 330 3293 Severi
352 3260 475 3294 funere
499 3261 720 3294 Herodianus
740 3262 777 3302 4,
795 3262 827 3294 3.
847 3279 884 3286 —
910 3261 1073 3303 carmina]

211 3318 231 3340 a
258 3309 375 3344 choris
404 3310 545 3353 publice
575 3311 746 3344 canenda.
779 3312 905 3345 Duum.
933 3329 970 3336 -
1005 3311 1073 3353 vel]

210 3357 266 3391 vel
295 3359 431 3394 saltem.
465 3379 503 3386 —
539 3362 662 3395 doloris
694 3361 913 3404 imitamenta]
949 3362 1005 3395 Sic
1028 3362 1073 3395 de

212 3407 345 3442 Claudii
365 3410 490 3445 funere
514 3411 573 3453 43,
597 3411 636 3446 4:
656 3413 805 3453 peractis
825 3412 981 3446 tristitiae
1002 3413 1077 3445 imi-

1126 2120 1195 2154 que
1217 2110 1451 2144 honorificum
1474 2119 1552 2144 esse
1577 2110 1710 2143 debere
1727 2110 1890 2143 omnibus
1913 2111 1988 2143 sine

1124 2161 1193 2194 ulla
1217 2162 1434 2203 exceptione.
1459 2178 1494 2184 —-
1517 2161 1655 2193 modicis
1676 2159 1835 2202 domibus]
1860 2159 1989 2201 quibus

1124 2212 1245 2254 utique
1276 2219 1486 2244 concessum
1515 2211 1560 2244 sit
1585 2209 1692 2243 luctui
1721 2209 1778 2243 vel
1804 2212 1912 2243 nimio
1934 2211 1990 2243 in-

1124 2261 1286 2304 dulgere;
1313 2271 1385 2294 non
1407 2262 1492 2294 item
1513 2262 1575 2301 iis,
1601 2261 1659 2303 qui
1676 2260 1790 2303 probe
1805 2261 1990 2294 meminis-

1124 2315 1204 2346 sent
1231 2322 1270 2346 se
1306 2312 1401 2345 orbis
1430 2313 1606 2344 terrarum
1636 2312 1825 2353 imperium
1846 2311 1990 2353 partici-

1124 2372 1221 2406 pare.
1265 2363 1395 2395 Ennius
1428 2361 1520 2405 apud
1556 2362 1811 2402 Hieronymum
1839 2361 1985 2403 in*Epit.

1123 2414 1325 2456 Nepotiani:
1350 2412 1439 2445 Plebs
1459 2413 1555 2444 hocce
1575 2412 1648 2454 rcyi
1671 2413 1831 2444 antistat:
1860 2413 1896 2445 in
1918 2412 1989 2444 loco

1123 2466 1198 2498 licet
1219 2464 1414 2496 Lacrimare
1429 2462 1536 2504 plebi,
1567 2463 1640 2504 reyi
1661 2462 1791 2494 honeste
1812 2471 1879 2494 non
1901 2462 1986 2495 licet.

1124 2514 1219 2556 Eleg.
1251 2513 1295 2546 de
1325 2514 1439 2546 morte
1469 2513 1574 2546 Drusi
1602 2521 1636 2545 v.
1662 2511 1744 2544 347:
1778 2512 1854 2544 Non
1875 2513 1990 2546 eadem

1123 2565 1307 2606 vulgusque
1340 2564 1452 2595 decent
1480 2565 1512 2595 et
1539 2562 1684 2595 culmina
1711 2571 1837 2595 rerum.
1872 2579 1908 2585 —
1945 2571 1989 2595 ea:

1123 2623 1274 2648 maerore
1306 2612 1447 2654 solacia]
1484 2614 1524 2645 ut
1556 2612 1624 2644 fert
1655 2612 1779 2644 natura
1812 2612 1984 2645 humana:

1123 2665 1288 2706 Ea>pletur
1315 2664 1444 2705 quippe
1474 2663 1624 2695 lacrimis
1648 2664 1860 2704 eam-iterque
1881 2663 1985 2695 dolor.

1125 2714 1222 2747 Ovid.
1248 2714 1349 2747 Trist.
1375 2713 1412 2753 4,
1438 2713 1476 2754 3,
1501 2712 1554 2746 38.
1582 2730 1618 2736 -
1655 2713 1750 2746 divus
1777 2713 1883 2745 Iulius
1905 2711 1985 2753 cet.]

1124 2765 1259 2797 Seneca
1282 2763 1327 2796 de
1351 2762 1596 2796 Consolatione
1618 2762 1664 2795 ed
1686 2763 1852 2795 Marciam
1874 2761 1928 2800 44,
1946 2761 1984 2793 3:

1125 2814 1160 2847 C.
1186 2814 1327 2854 Caesar,
1352 2822 1427 2845 cum
1448 2813 1661 2845 Britanniam
1673 2815 1874 2854 peragraret
1888 2812 1929 2853 (a.
1947 2819 1982 2844 u.

1125 2873 1155 2897 c.
1174 2863 1248 2905 700)
1271 2872 1330 2895 nec
1346 2863 1474 2895 Oceano
1496 2863 1662 2895 continere
1681 2857 1870 2904 felicitatem
1891 2870 1987 2894 suam

1117 2917 1244 2956 posset,
1275 2913 1385 2946 audiit
1405 2913 1574 2946 decessisse
1596 2913 1703 2956 filiam
1721 2913 1858 2955 publica
1879 2922 1987 2945 secwm

1122 2965 1196 3006 fata
1218 2965 1396 2996 ducentem.
1421 2980 1440 2987 -
1462 2981 1481 2987 -
1503 2966 1612 2996 tamen
1634 2964 1725 2996 intra
1747 2965 1880 2996 terliwn
1901 2963 1987 2995 diem

1122 3014 1341 3055 imperatoria
1369 3013 1451 3046 obiit
1477 3015 1593 3046 munia
1615 3017 1645 3046 et
1667 3017 1736 3046 tam
1758 3015 1822 3046 cito
1843 3013 1987 3046 dolorem

1123 3065 1203 3096 vicit
1225 3072 1327 3104 quam
1349 3064 1463 3096 omnia
1483 3063 1617 3096 solebat.
1654 3064 1754 3096 Idem
1775 3062 1859 3095 ibid.
1878 3070 1909 3095 c.
1927 3063 1984 3103 45,

1123 3114 1161 3146 2:
1187 3114 1294 3146 Divus
1313 3113 1480 3155 Auyustus
1501 3114 1633 3146 amissis
1653 3113 1780 3153 liberis,
1803 3111 1983 3153 nepotibus,

1122 3163 1287 3196 exhausta
1308 3163 1489 3196 Caesarum
1510 3163 1610 3196 turba
1632 3163 1804 3203 adoptione
1825 3163 1987 3196 desertam

1123 3213 1256 3245 domum
1285 3213 1390 3254 fulsit.
1439 3213 1526 3246 Tulit
1557 3217 1666 3246 tamen
1696 3213 1843 3254 fortiter,
1884 3221 1986 3254 quam

1123 3263 1219 3295 cuim
1237 3264 1309 3295 iam
1328 3272 1383 3296 res
1404 3263 1567 3305 agebatur
1587 3263 1745 3302 cuiusque
1764 3264 1914 3296 mamime
1931 3263 1985 3295 in-

1122 3315 1247 3345 tererat
1267 3313 1307 3345 de
1328 3313 1380 3346 dis
1404 3314 1566 3345 neminem
1589 3313 1694 3352 queri.
1727 3312 1870 3345 Sueton.
1894 3312 1982 3354 Aug.

1124 3362 1182 3395 65:
1213 3362 1392 3404 Aliquanto
1415 3362 1599 3404 patientius
1627 3361 1823 3404 (Augustus)
1846 3367 1985 3396 mortem

1123 3421 1226 3454 quam
1247 3414 1406 3446 demet-a
1427 3421 1563 3445 suorum
1585 3411 1672 3444 tulit.
1693 3430 1729 3436 —
1755 3412 1982 3456 abstrmerint]
