2254 3770
218 287 300 330 ⁴88
705 291 750 333 Ρ.
783 289 1034 334 CORNELII
1063 290 1232 334 TACITI
1263 288 1532 334 ANNALIUM

216 393 303 438 fuit.
343 409 423 440 nec
452 402 594 440 tamen
625 403 844 454 repertum
873 395 954 439 nisi
983 401 1028 438 ut
1058 395 1220 453 effigies
1249 395 1508 454 principum,
1542 409 1638 439 aras
1668 395 1814 446 deum,
1848 395 2004 454 templa

217 476 260 514 et
299 485 425 515 arcus
461 471 630 529 aliaque
669 471 791 515 solita
832 478 1075 522 censerent,
1117 472 1197 514 nisi
1235 470 1354 529 quod
1383 471 1435 514 M.
1467 470 1635 515 Silanus
1665 485 1719 515 ex
1747 470 2004 514 contumelia

218 546 463 591 consulatus
493 546 699 590 honorem
729 547 995 605 principibus
1023 547 1172 605 petivit
1190 546 1382 604 dixitque
1411 560 1490 604 pro
1512 546 1719 591 sententia
1748 553 1795 590 ut
1822 546 2004 604 publicis

217 622 446 679 privatisve
484 623 754 666 monimentis
794 622 847 666 ad
887 622 1139 666 memoriam
1177 629 1419 680 temporum
1453 635 1538 665 non
1573 622 1796 666 consulum
1833 622 2003 666 nomina

185 698 631 755 5praescriberentur,
663 697 741 741 sed
772 712 921 741 eorum
951 699 1024 756 qui
1055 697 1323 741 tribuniciam
1352 703 1607 755 potestatem
1628 705 1837 755 gererent.
1881 704 1924 741 at
1952 699 2003 750 Q.

217 773 416 816 Haterius
446 787 543 817 cum
574 774 667 817 eius
697 773 781 816 diei
813 780 986 817 senatus
1016 773 1208 817 consulta
1244 773 1386 816 aureis
1423 772 1571 817 litteris
1607 772 1778 831 figenda
1813 773 1854 816 in
1885 773 2004 817 curia

218 848 473 899 censuisset,
513 848 751 892 deridiculo
785 849 861 892 fuit
895 863 1028 893 senex
1057 849 1329 892 foedissimae
1361 848 1614 893 adulationis
1646 855 1806 893 tantum
1835 849 2004 893 infamia

216 937 389 967 usurus.

331 999 412 1055 (58)
444 1000 557 1042 Inter
585 1012 698 1056 quae
728 999 948 1057 provincia
978 999 1112 1044 Africa
1145 999 1265 1043 Iunio
1293 999 1444 1043 Blaeso
1474 1006 1700 1058 prorogata
1723 1000 1898 1044 Servius
1918 1001 2005 1044 Ma-

168 1073 461 1130 ioluginensis‚
494 1073 649 1118 flamen
679 1075 828 1124 Dialis,
862 1082 907 1118 ut
936 1076 1078 1118 Asiam
1108 1083 1223 1119 sorte
1254 1075 1431 1119 haberet
1459 1074 1698 1133 postulavit,
1730 1075 1884 1119 frustra
1912 1075 2007 1120 vul-

217 1155 358 1206 gatum
390 1149 584 1193 dictitans
616 1164 701 1193 non
730 1150 861 1194 licere
891 1150 1082 1194 Dialibus
1113 1150 1260 1208 egredi
1291 1150 1426 1200 Italia,
1464 1164 1607 1209 neque
1645 1150 1749 1194 aliut
1782 1152 1848 1195 ius
1879 1165 2003 1195 suum

218 1239 346 1283 quam
377 1225 630 1268 Martialium
660 1225 1029 1284 Quirinaliumque
1059 1225 1297 1269 flaminum:
1336 1240 1484 1284 porro,
1517 1226 1552 1269 si
1584 1226 1624 1269 hi
1655 1226 1878 1270 duxissent
1905 1241 2006 1285 pro-

217 1300 391 1351 vincias,
423 1314 501 1344 cur
530 1300 721 1344 Dialibus
752 1301 794 1343 id
825 1301 1032 1344 vetitum?
1062 1301 1175 1344 nulla
1207 1302 1261 1346 de
1293 1315 1345 1345 eo
1376 1301 1521 1359 populi
1549 1302 1664 1352 scita,
1697 1315 1781 1345 non
1812 1301 1854 1345 in
1883 1301 2004 1346 libris

217 1376 572 1420 caerimoniarum
605 1376 797 1433 reperiri.
839 1390 969 1434 saepe
1005 1376 1228 1434 pontifices
1259 1377 1395 1420 Dialia
1426 1391 1548 1420 sacra
1578 1378 1751 1425 fecisse.
1784 1377 1819 1420 si
1850 1376 2005 1421 flamen

167 1460 203 1489 ⁴5
218 1450 448 1494 valitudine
471 1457 543 1494 aut
571 1465 750 1494 munere
780 1452 953 1509 publico
984 1451 1275 1510 impediretur.
1321 1453 1513 1510 quinque
1534 1459 1576 1496 et
1596 1452 1864 1510 septuaginta
1885 1453 2006 1497 annis

216 1534 313 1584 post
343 1526 525 1570 Cornelii
557 1526 742 1570 Merulae
773 1526 951 1571 caedem
988 1528 1201 1571 neminem
1239 1527 1476 1572 suffectum.
1514 1542 1654 1586 neque
1690 1534 1834 1572 tamen
1863 1543 2008 1573 cessa-

281 1650 314 1681 2.
341 1651 499 1681 cesserant
521 1649 553 1681 M
578 1648 754 1690 (censerent
777 1648 909 1690 margo)
938 1667 973 1672 —-
1000 1649 1032 1684 3.
1056 1650 1163 1682 sentia
1185 1651 1218 1683 M
1242 1667 1277 1673 -
1305 1650 1337 1683 4.
1359 1650 1567 1691 privatisqm
1590 1651 1757 1683 Muretus.
1778 1668 1815 1674 —
1840 1651 1872 1683 5.
1899 1650 2008 1683 tribu-

215 1706 334 1738 nitiam
351 1706 382 1738 M
409 1723 444 1728 —
471 1708 506 1737 at
530 1706 568 1745 Q.
594 1705 748 1746 Lipsius:
772 1705 878 1747 Atque
899 1706 932 1737 M
958 1723 994 1728 —
1020 1706 1051 1738 7.
1075 1706 1259 1747 foedissime
1281 1715 1335 1748 pr.
1355 1707 1387 1740 M
1408 1725 1441 1730 -
1469 1707 1500 1739 9.
1525 1708 1645 1747 interq3
1664 1707 1846 1748 prouincia
1861 1707 1894 1740 M
1912 1707 2009 1749 (quae

216 1761 359 1802 margo).
375 1779 410 1784 -—
435 1761 661 1802 maliyinensis
684 1770 737 1803 pr.
756 1762 787 1794 M
814 1780 851 1785 —
879 1762 931 1793 Μ.
956 1763 1010 1793 ius
1031 1771 1128 1794 suum
1151 1762 1357 1795 Rhenanus:
1391 1761 1539 1798 iusllsum
1561 1763 1593 1796 M
1626 1780 1661 1785 -
1695 1763 1748 1795 ⁴2.
1772 1763 1832 1795 sibi
1855 1763 1889 1796 Μ
1913 1763 1954 1805 (si
1974 1764 2008 1797 hi

218 1819 350 1858 margo)
378 1836 414 1840 —
441 1818 494 1850 43.
520 1818 699 1850 curdiabus
720 1819 753 1851 M
778 1819 811 1860 (li
836 1819 870 1850 in
893 1818 1062 1860 margine)
1087 1837 1122 1842 —
1153 1818 1206 1852 44.
1231 1820 1406 1861 repperiri.
1431 1829 1503 1861 sepe
1525 1820 1558 1853 M
1585 1837 1620 1843 —
1641 1820 1810 1862 pontificis
1830 1828 1885 1862 pr.
1910 1821 1944 1854 Μ
1970 1838 2005 1844 -

217 1874 270 1907 45.
296 1875 441 1914 quinque
463 1875 665 1907 Lachmann
690 1875 746 1917 (ad
770 1876 892 1908 Gaium
916 1884 951 1917 p.
979 1875 1050 1917 69):
1076 1876 1141 1908 duo
1164 1877 1207 1910 M.

214 1974 377 2016 principis
402 1983 465 2014 per
495 1978 701 2015 quaestorem
731 1975 800 2007 eius
822 1977 941 2008 audita
962 1980 1020 2009 est.
1050 1994 1083 1999 -

212 2025 355 2067 publicis
373 2024 567 2066 privatisve]
594 2025 688 2057 «sive
712 2025 852 2067 publica
877 2030 997 2059 essent
1013 2027 1086 2059 sive

217 2078 386 2119 privata.»
414 2093 450 2098 -
478 2077 516 2116 Q.
541 2076 708 2118 Haterius]
735 2077 785 2109 Cf.
811 2076 847 2115 4,
874 2078 927 2109 64.
952 2095 987 2100 —
1015 2082 1088 2110 tan-

217 2131 286 2160 tum
316 2126 460 2167 infamia
488 2127 625 2167 usurus]
659 2126 866 2160 adulationis
897 2127 990 2160 nullo
1020 2127 1086 2161 alio

217 2177 333 2211 fructu
367 2185 495 2209 usurus
526 2177 593 2209 nisi
623 2177 780 2217 infamia,
819 2179 913 2210 tanto
937 2179 1085 2221 turpius,

218 2227 314 2270 quod
348 2236 456 2260 senex
487 2228 578 2267 erat,
616 2237 733 2269 neque
763 2229 957 2270 quidquam
986 2231 1088 2271 sequi

216 2277 405 2310 videbatur
427 2277 603 2311 adulando
627 2279 769 2319 praeter
788 2279 900 2319 ipsam
917 2278 1087 2311 adulatio-

218 2336 302 2361 nem
331 2327 479 2368 eiusque
509 2327 665 2360 studium
698 2330 732 2360 et
756 2329 1085 2362 consuetudinem.»

218 2380 326 2411 Dono.
796 2386 801 2389 ·

262 2427 315 2459 58.
340 2427 434 2459 Iunio
449 2427 576 2468 Blaeso]
602 2428 652 2460 Cf.
672 2438 702 2460 c.
722 2429 775 2461 35.
795 2448 837 2453 -
852 2432 939 2462 sorte
957 2429 1088 2462 haberet

213 2477 409 2518 postulavit]
440 2478 515 2509 Non
540 2477 688 2510 difficilis
712 2479 768 2510 hic
793 2479 925 2519 nodus⁷
958 2480 987 2511 si
1010 2489 1088 2512 me-

219 2528 381 2566 mineris,
408 2536 498 2568 quae
523 2528 566 2560 ad
592 2538 622 2560 c.
649 2529 690 2560 32
715 2531 928 2563 monuimus.
953 2531 1033 2563 Asia
1054 2532 1090 2562 et

218 2578 332 2611 Africa
367 2578 401 2609 in
437 2580 570 2610 sortem
604 2579 852 2619 mittebantur,
890 2582 925 2612 et
955 2581 999 2613 de
1024 2580 1088 2613 illis

219 2626 457 2660 sortiebantur
483 2628 553 2659 duo
583 2628 817 2661 consularium
848 2631 1086 2673 vetustissimi.

220 2678 289 2710 Sed
306 2678 419 2710 Africa
443 2679 527 2710 tunc
549 2680 720 2720 temporis
744 2681 819 2712 sine
843 2682 938 2713 sorte
964 2690 1090 2723 proro-

221 2727 371 2769 gabatur
393 2728 491 2759 lunio
514 2727 648 2761 Blaeso.
676 2730 764 2770 Ergo
789 2731 823 2761 et
847 2730 931 2762 citra
955 2732 1087 2763 sortem

219 2778 460 2810 vetustissimo
484 2777 719 2811 consularium
752 2779 905 2811 cedebat
927 2781 1018 2812 Asia.
1055 2781 1088 2812 Is

221 2828 296 2860 erat
320 2829 394 2860 Ser.
421 2826 602 2860 Cornelius
625 2830 703 2869 (Cn.
728 2830 749 2861 f.
769 2831 830 2862 Cn.
850 2831 897 2870 n.)
922 2830 1088 2863 Lentulus

221 2877 468 2918 Maluginensis
505 2877 626 2910 consul
665 2879 834 2912 suffectus
864 2889 894 2911 a.
929 2880 992 2912 763
1026 2880 1085 2920 (cf.

221 2927 328 2961 fastos
351 2926 562 2969 Capitolinos
586 2930 621 2960 et
643 2929 752 2961 Inscr.
778 2931 865 2961 Latt.
892 2939 925 2961 n.
945 2929 1029 2962 6442
1054 2931 1087 2961 et

221 2977 339 3018 72⁴2);
376 2986 490 3018 eoque
530 2978 730 3019 postulabat
770 2981 806 3010 ut
838 2979 936 3011 Asiae
968 2982 1089 3011 sortem

222 3028 382 3061 haberet.
417 3029 466 3060 lta
497 3029 590 3060 enim
614 3029 798 3069 scripsisse
822 3030 980 3061 Tacitum
1004 3030 1089 3061 mihi

221 3087 285 3120 pro
310 3077 490 3120 explorato
514 3079 579 3110 est.
623 3077 778 3119 Intelligo
803 3079 920 3110 Asiam
945 3079 1089 3120 provin-

223 3128 326 3160 ciam.
353 3130 378 3161 Ι.
404 3129 438 3160 F.
461 3130 609 3161 Gnosov.
636 3128 687 3160 Cf.
707 3137 738 3160 c.
758 3129 817 3159 7⁴:
843 3137 915 3160 sors
935 3129 1033 3161 Asiae
1054 3129 1089 3160 in

223 3186 315 3217 eum,
341 3180 398 3220 qui
420 3178 647 3211 consularium
669 3178 891 3219 Maluginensi
912 3180 1090 3218 promimus

224 3231 315 3266 erat,
340 3229 484 3260 conlata.
503 3245 539 3251 -
558 3227 710 3260 Dialibus
733 3228 844 3268 eyredi
863 3229 973 3270 Italia]
999 3229 1088 3261 adeo

225 3287 295 3309 non
321 3279 458 3319 egredi,
490 3280 528 3310 ut
551 3287 617 3311 nec
640 3277 730 3310 urbe
753 3276 880 3309 abesse
904 3279 944 3310 iis
969 3277 1089 3311 liceret

224 3336 293 3359 una
324 3330 446 3367 nocte,
479 3329 574 3370 quod
604 3327 680 3370 lege
710 3328 743 3360 in
768 3326 902 3360 Camilli
933 3329 1087 3361 oratione

224 3377 320 3419 apud
351 3379 484 3411 Livium
508 3380 539 3418 5,
565 3380 624 3412 52:
657 3378 800 3411 Flamini
820 3378 932 3417 Diali,
964 3379 1086 3420 inquit,

224 3430 349 3460 noctem
378 3437 482 3461 unam
502 3438 638 3462 manere
660 3432 760 3462 extra
780 3427 894 3462 urbem
915 3428 1008 3470 nefas
1030 3432 1087 3461 est.

1137 1979 1223 2010 Llrs.
1251 1978 1301 2010 Cf.
1328 1987 1360 2010 c.
1385 1979 1439 2010 Ἡ.
1469 1995 1503 2000 -
1528 1977 1739 2010 Martialium
1763 1977 2008 2017 Quirinalium-

1137 2036 1201 2069 que
1221 2027 1407 2070 flaminum]
1431 2028 1535 2069 Atqui
1558 2036 1603 2059 ne
1627 2027 1680 2059 his
1698 2027 1842 2068 quidem
1859 2028 2009 2069 antiqui-

1137 2079 1193 2110 tus
1218 2077 1339 2118 egredi
1362 2076 1457 2109 ltalia
1480 2085 1704 2110 concessum.
1730 2075 1891 2110 Valerius
1912 2078 2002 2110 Max.

1138 2128 1169 2168 4,
1195 2129 1227 2167 4,
1250 2128 1288 2160 2:
1314 2128 1463 2166 Metellus
1482 2137 1561 2160 vero
1580 2128 1732 2169 pontifex
1754 2128 1924 2160 maximus
1946 2129 2006 2160 Po-

1136 2178 1291 2210 stumium
1315 2178 1479 2210 consulem
1501 2178 1703 2218 eundemque
1723 2178 1894 2220 flaminem
1913 2178 2009 2211 Mar-

1137 2228 1265 2269 tialem,
1297 2229 1341 2260 ad
1372 2228 1490 2260 bellum
1519 2229 1699 2270 gerendum
1719 2229 1870 2269 Africam
1888 2231 2007 2269 peten-

1138 2281 1218 2318 tem,
1255 2287 1296 2310 ne
1329 2287 1352 2310 a
1380 2278 1485 2310 sacris
1515 2279 1709 2318 discederet,
1745 2277 1853 2310 multa
1880 2278 2007 2310 indicta

1137 2328 1253 2360 urbem
1267 2328 1379 2370 egredi
1387 2337 1510 2368 passus
1523 2337 1591 2359 non
1607 2331 1663 2368 est,
1687 2328 1905 2369 reliqionique
1920 2336 2009 2360 sum-

1137 2387 1228 2411 mum
1257 2379 1432 2419 imperium
1462 2378 1566 2410 cessit.
1604 2378 1655 2410 Cf.
1681 2380 1717 2410 et
1739 2379 1899 2420 Epitomu
1924 2378 2007 2410 Livii

1140 2429 1191 2460 49.
1228 2428 1270 2460 Et
1300 2428 1344 2460 de
1377 2427 1542 2467 Quirinali
1572 2428 1688 2460 Livius
1719 2428 1772 2467 37,
1797 2429 1857 2461 5⁴:
1893 2429 2008 2460 Prius-

1137 2487 1239 2518 quam
1262 2479 1297 2510 in
1315 2478 1508 2518 provincias
1519 2481 1694 2518 praetores
1708 2478 1813 2517 irent,
1838 2482 2006 2511 certamen

1138 2530 1224 2560 inter
1247 2530 1281 2561 P.
1307 2529 1488 2568 Licinium,
1511 2528 1700 2570 pontificem
1721 2529 1921 2568 maximum,
1944 2529 2009 2569 suit

1139 2582 1169 2610 el
1186 2580 1224 2618 Q.
1243 2578 1382 2610 Fabium
1400 2579 1578 2617 Pictorem,
1602 2578 1772 2620 flaminem
1788 2578 2005 2618 Quirinalm,

1139 2629 1236 2669 quale
1266 2631 1403 2668 patrum
1432 2629 1594 2660 memoria
1616 2629 1705 2660 inter
1727 2629 1763 2660 L.
1788 2628 1955 2661 Metellum
1976 2631 2007 2661 et

1137 2680 1339 2711 Postu-mium
1360 2678 1512 2710 Albinum
1533 2678 1655 2718 fuerat.
1682 2678 1804 2719 Reliyio
1818 2678 1863 2710 ad
1882 2681 2007 2718 postre-

1138 2738 1229 2760 mum
1251 2729 1346 2767 vicit,
1372 2731 1409 2759 ut
1431 2729 1516 2760 dicto
1532 2728 1670 2760 audiens
1683 2731 1762 2760 esset
1781 2728 1905 2769 flamen
1925 2736 2007 2768 pon-

1138 2780 1228 2821 tifici.
1264 2778 1396 2812 Eadem
1429 2779 1642 2813 caerimonia
1667 2778 1870 2820 pontificem
1893 2779 2007 2810 maxi-

1139 2837 1236 2860 mum
1265 2829 1421 2860 tenuisse
1453 2827 1593 2860 videtur
1616 2836 1658 2860 ex
1687 2828 1828 2859 Liviana
1852 2828 2005 2869 epitome

1138 2879 1199 2910 59:
1231 2878 1395 2910 Adversus
1423 2886 1497 2910 eum
1521 2877 1778 2918 (Aristonicum)
1802 2878 1836 2909 P.
1862 2877 2008 2910 Licinius

1138 2929 1277 2961 Crassus
1299 2928 1427 2967 consul,
1455 2937 1531 2960 cum
1552 2928 1638 2960 idem
1663 2928 1816 2968 pontifeae
1836 2928 2008 2960 maximus

1137 2982 1227 3019 esset,
1246 2979 1333 3019 quod
1351 2987 1534 3018 numquam
1550 2982 1650 3010 antea
1664 2979 1790 3018 factum
1805 2982 1891 3017 erat,
1908 2982 2008 3011 extra

1136 3029 1270 3061 Italiam
1282 3028 1462 3068 profectus,
1485 3028 1610 3068 proelio
1624 3029 1728 3060 victus
1749 3031 1780 3061 et
1794 3029 2008 3070 interemptus

1137 3083 1194 3112 est.
1231 3079 1299 3112 Sed
1330 3079 1420 3111 scire
1449 3077 1548 3119 licet,
1580 3079 1757 3119 quaedam
1782 3088 1823 3111 ex
1847 3080 1901 3112 his
1924 3088 2006 3112 cum

1139 3138 1227 3162 aevo
1251 3130 1420 3162 mutasse.
1446 3130 1532 3161 laps.
1560 3129 1609 3161 Cf.
1634 3130 1705 3161 Cic.
1724 3127 1809 3162 Phil.
1829 3130 1882 3169 44,
1909 3129 2004 3170 548ε

1139 3180 1275 3212 Crassus
1289 3178 1414 3218 consul,
1436 3179 1587 3219 pontifex
1605 3180 1786 3219 maximus,
1810 3179 1928 3211 Flacco
1942 3178 2007 3210 col-

1139 3230 1247 3271 leqae,
1278 3229 1409 3271 flamini
1437 3229 1609 3269 Martiali,
1640 3229 1780 3261 multam
1802 3229 1904 3269 dixit,
1933 3229 1962 3260 si
1984 3238 2007 3261 a

1138 3281 1244 3312 sacris
1264 3279 1482 3320 discessisset,
1517 3288 1619 3320 quam
1641 3280 1781 3312 multam
1803 3278 1945 3320 populus
1967 3280 2002 3312 R.

1138 3331 1281 3369 remisit,
1297 3331 1445 3372 pontifici
1460 3333 1571 3362 tamen
1584 3330 1753 3372 [laminam
1762 3338 1886 3370 parere
1898 3330 2004 3362 iussit.

1139 3399 1182 3404 —
1205 3380 1393 3422 duxissent]
1429 3379 1503 3412 scil.
1530 3382 1637 3412 sorte.
1666 3397 1701 3403 —-
1737 3379 1880 3420 quinquo
1902 3383 1932 3412 et
1953 3389 2004 3413 se-

1136 3429 1333 3472 ptuayinta]
1357 3428 1488 3463 Merula
1512 3439 1544 3462 a.
1569 3437 1604 3462 u.
1623 3428 1686 3462 667
1709 3428 1755 3461 ad
1777 3437 1876 3462 aram
1899 3430 2002 3471 Iovis,
