2254 3770
731 293 887 336 LIBER
915 293 946 335 I.
978 291 1078 350 Cap.
1108 291 1175 335 3⁴.
1205 290 1274 335 32.
1301 289 1370 334 33.
1400 291 1468 334 34.

1941 287 1988 331 3⁴

216 415 303 459 qua
331 399 412 444 alia
441 413 647 458 praesens
677 413 783 443 usus
813 398 1038 450 indixerat,
1070 399 1150 456 ipsi
1180 398 1485 456 partiebantur.
1526 397 1568 442 id
1598 396 1802 440 militares
1832 396 1998 440 animos

217 475 340 520 altius
363 475 699 520 coniectantibus
727 475 1009 533 praecipuum
1027 474 1231 518 indicium
1250 474 1390 532 magni
1412 481 1540 532 atque
1559 471 1822 531 inplacabilis
1842 477 1994 522 motus,

217 550 334 609 quod
368 565 511 608 neque
550 550 716 595 disiecti
763 563 845 594 nec
882 563 1120 607 paucorum
1162 549 1380 601 instinctu,
1422 555 1488 593 set
1520 548 1681 607 pariter
1710 546 1995 596 ardescerent,

216 626 374 684 pariter
403 625 591 677 silerent,
624 632 737 669 tanta
767 624 1022 682 aequalitate
1052 631 1095 668 et
1123 624 1357 668 constantia
1386 630 1433 667 ut
1452 624 1541 681 regi
1562 623 1776 667 crederes.
1823 621 1904 679 (33)
1936 621 1999 664 in-

216 708 334 745 terea
364 701 618 745 Germanico
653 714 732 758 per
770 699 946 750 Gallias,
987 706 1034 743 ut
1069 699 1271 751 diximus,
1311 713 1465 744 census
1501 698 1723 756 accipienti
1759 697 2032 742 excessisses

216 778 451 835 Augustum
472 776 672 820 adfertur.
712 782 885 834 neptem
905 775 999 819 eius
1019 775 1292 833 Agrippinam
1321 774 1364 817 in
1393 774 1661 818 matrimonio
1691 773 1925 831 pluresque
1947 786 2001 816 ex

216 865 269 896 ea
296 851 456 896 liberos
487 851 691 902 habebat,
733 851 826 909 ipse
856 852 997 894 Druso
1035 849 1163 894 fratre
1194 850 1348 894 Tiberii
1379 850 1564 907 genitus,
1605 851 1818 907 Augustae
1849 861 1997 905 nepos,

216 927 294 971 sed
323 927 474 971 anxius
504 926 681 971 occultis
711 926 752 968 in
783 940 830 970 se
860 925 999 983 patrui
1025 926 1234 983 aviaeque
1252 925 1381 975 odiis,
1413 939 1598 983 quorum
1617 938 1774 968 causae
1796 923 1997 973 acriores,

216 1002 318 1060 quia
353 1002 538 1060 iniquae.
589 1002 750 1060 quippe
779 1001 906 1044 Drusi
944 1014 1098 1058 magna
1127 1001 1241 1059 apud
1279 1000 1488 1058 populum
1515 1001 1752 1044 Romanum
1779 999 1996 1047 memoria,

217 1077 577 1135 credebaturque,
619 1077 654 1120 si
693 1090 839 1120 rerum
877 1077 1035 1134 potitus
1073 1076 1198 1127 foret,
1239 1076 1478 1120 libertatem
1506 1075 1770 1128 redditurus;
1811 1075 1926 1119 unde
1957 1075 1999 1117 in
2014 1089 2050 1119 ιο

220 1152 518 1197 Germanicum
547 1152 666 1197 favor
694 1158 737 1196 et
767 1165 868 1209 spes
906 1151 1071 1195 eadem.
1108 1165 1207 1195 nam
1227 1151 1368 1195 iuveni
1390 1151 1512 1196 civile
1533 1151 1769 1208 ingenium,
1798 1150 1907 1193 mira
1927 1163 2001 1194 co-

218 1228 342 1271 mitas
370 1235 412 1272 et
441 1228 611 1272 diversa
641 1228 695 1271 ab
716 1227 872 1271 Tiberii
893 1240 1091 1271 sermone
1112 1227 1230 1271 vultu
1251 1226 1555 1285 adrogantibus
1577 1233 1619 1270 et
1638 1225 1847 1270 obscuris.
1878 1239 2002 1270 acce-

219 1303 377 1347 debant
400 1302 632 1347 muliebres
653 1302 931 1353 offensiones,
964 1301 1263 1346 novercalibus
1283 1302 1426 1346 Liviae
1448 1303 1491 1345 in
1510 1301 1784 1360 Agrippinam
1808 1300 2000 1352 stimulis,

219 1385 348 1436 atque
367 1379 461 1436 ipsa
480 1379 707 1436 Agrippina
727 1377 854 1436 paulo
877 1378 1144 1429 commotior,
1177 1378 1257 1421 nisi
1279 1377 1397 1436 quod
1420 1377 1610 1422 castitate
1636 1383 1678 1421 et
1696 1377 1834 1421 mariti
1856 1390 2002 1420 amore

218 1454 413 1512 quamvis
452 1453 704 1497 indomitum
738 1453 927 1497 animum
962 1453 1004 1496 in
1041 1452 1202 1496 bonum
1231 1453 1435 1497 vertebat.
1495 1452 1577 1509 (34)
1608 1452 1684 1496 sed
1723 1452 2002 1496 Germanicus
2017 1464 2054 1495 ⁴5

220 1536 380 1587 quanto
411 1543 604 1573 summae
635 1528 727 1587 spei
765 1529 958 1586 propior,
995 1535 1110 1572 tanto
1149 1528 1384 1586 impensius
1419 1541 1499 1586 pro
1529 1527 1697 1572 Tiberio
1727 1527 1824 1581 niti;
1868 1541 2004 1586 seque

223 1611 266 1649 et
304 1604 522 1662 proximos
562 1611 605 1648 et
640 1604 868 1662 Belgarum
905 1603 1094 1648 civitates
1133 1604 1175 1647 in
1205 1603 1337 1647 verba
1367 1603 1460 1647 eius
1491 1603 1631 1661 adigit.
1675 1602 1830 1648 dehinc
1859 1602 2003 1647 audito

218 1679 433 1737 legionum
472 1679 649 1723 tumultu
691 1679 844 1738 raptim
883 1679 1099 1737 profectus
1130 1679 1278 1723 obvias
1308 1685 1426 1723 extra
1457 1685 1596 1723 castra
1623 1678 1788 1730 habuit,
1827 1679 2004 1723 deiectis

219 1755 262 1797 in
282 1761 440 1799 terram
460 1755 594 1799 oculis
615 1754 730 1799 velut
757 1755 1027 1813 paenitentia.
1068 1761 1297 1812 postquam
1316 1753 1474 1798 vallum
1503 1755 1609 1806 iniit,
1642 1754 1804 1800 dissoni
1824 1761 2003 1813 questus

219 1829 355 1873 audiri
385 1843 581 1888 coepere.
632 1837 674 1874 et
703 1830 879 1888 quidam
908 1844 1066 1888 prensa
1093 1844 1220 1873 manu
1253 1830 1347 1874 eius
1385 1844 1465 1888 per
1500 1830 1689 1888 speciem
1728 1830 2054 1875 exosculandi20

263 1944 294 1977 3.
319 1953 378 1977 nec
401 1945 557 1978 Grotius:
581 1945 631 1978 nil
651 1946 685 1979 M
708 1945 743 1977 in
766 1944 881 1978 littera
903 1946 916 1977 l
938 1945 1120 1978 correctus
1144 1944 1264 1988 (neque
1287 1946 1322 1978 et
1347 1946 1402 1978 Vel
1423 1944 1562 1988 margo)
1581 1963 1617 1968 —
1639 1946 1692 1979 ⁴0.
1710 1945 1916 1978 credebatur.
1942 1946 2006 1986 Qui

218 2002 253 2035 M
277 2000 550 2043 (credebaturque
572 2001 710 2043 margo)
744 2020 780 2025 —
811 2003 926 2043 potius
953 2002 987 2036 M
1019 2019 1055 2024 —
1090 2002 1142 2034 ⁴2.
1167 2001 1210 2034 ab
1241 2001 1359 2035 Tiberii
1384 2001 1658 2035 Weissenborn:
1698 2002 1852 2035 adtiberii
1881 2000 1959 2043 (litt.
1985 2002 2006 2034 d

218 2058 351 2100 puncto
374 2057 507 2099 notata)
524 2058 569 2091 M.
595 2057 647 2091 Cf.
665 2058 697 2098 6.
717 2059 775 2090 ti:
801 2057 843 2090 ab
860 2051 951 2090 Tullo
975 2059 1010 2090 et
1033 2057 1074 2090 ab
1099 2058 1291 2098 Tarquinio.
1320 2075 1356 2081 -
1382 2057 1539 2091 accebant
1557 2059 1590 2092 M
1614 2057 1665 2100 (in
1689 2058 1846 2100 margine
1870 2056 2005 2099 syllaba

219 2114 258 2146 de
280 2112 400 2146 addita
423 2113 492 2156 est)
520 2131 556 2137 —
590 2114 643 2147 46.
662 2115 825 2160 Ρνῳνᾶον
846 2114 879 2147 Μ
909 2112 1037 2156 (littera
1060 2123 1080 2146 r
1101 2115 1232 2156 puncto
1256 2113 1391 2156 notata)
1418 2131 1454 2137 —
1486 2122 1583 2156 seque
1610 2117 1641 2147 et
1667 2115 1840 2155 proximos
1869 2114 2002 2147 Haase:

218 2159 333 2223 seque]
353 2182 524 2224 (sequanos
532 2181 664 2224 margo)
675 2183 909 2223 proximosM3
927 2182 1109 2224 Sequanos,
1120 2183 1301 2223 promimus
1307 2181 1521 2225 Nipperdey.
1538 2182 1588 2216 Cf.
1600 2182 1633 2224 3,
1644 2182 1742 2216 44.—
1752 2183 1807 2216 20.
1816 2183 1950 2223 spetiem
1958 2182 2003 2216 M.

223 2280 440 2323 (Caligulam)
455 2282 592 2315 meridie
607 2283 764 2324 adqredi,
783 2282 914 2323 primas
927 2282 987 2315 sibi
1001 2291 1090 2323 par-

221 2335 267 2364 tes
291 2332 421 2364 Cassius
444 2332 591 2365 Chaerea
619 2332 769 2365 tribunus
790 2332 934 2365 cohortis
954 2336 1091 2374 praeto-

220 2382 294 2414 riae
312 2382 517 2422 depoposcit:
541 2389 636 2424 quem
659 2382 763 2415 Gaius
783 2383 943 2415 seniorem
964 2383 1033 2415 iam
1055 2385 1092 2415 ut

221 2431 351 2464 mollem
380 2434 411 2464 et
438 2432 661 2472 effeminatum
681 2432 838 2465 denotare
859 2433 949 2465 omni
968 2432 1092 2473 probro

222 2484 407 2515 consuerat.
434 2482 486 2514 Cf.
503 2482 567 2514 Dio
583 2482 637 2522 59,
663 2482 717 2515 29.
737 2499 772 2506 —
797 2482 931 2525 disiecti]
954 2484 1090 2516 temere

223 2532 357 2575 sparsi,
382 2532 421 2564 ut
443 2531 475 2571 3,
501 2531 532 2564 2.
558 2530 591 2571 4,
616 2531 670 2565 46.

267 2581 320 2614 33.
353 2589 466 2614 census
488 2581 674 2624 accipienti]
705 2590 834 2615 census
864 2582 1013 2623 accipere
1036 2581 1091 2614 di-

224 2632 324 2671 citur,
350 2631 516 2672 quoniam
537 2639 642 2664 suum
657 2640 749 2665 unus
767 2632 933 2673 quisque-
942 2640 1090 2665 censum

223 2682 299 2723 ipse
317 2680 560 2723 profitebatur.
578 2697 614 2704 —
633 2685 759 2722 neptem
775 2682 844 2714 eius
858 2681 1090 2724 Aqrippinam]

224 2732 329 2763 Pater
351 2731 427 2762 eius
449 2731 600 2772 Agrippa
624 2732 718 2771 erat,
744 2733 858 2764 mater
878 2731 981 2772 Iulia,
1011 2733 1090 2763 nata

225 2778 422 2820 Scribonia,
447 2780 565 2821 priore
581 2781 727 2822 Augusti
743 2782 902 2823 coniuge.
922 2798 958 2804 —
985 2781 1093 2813 acrio-

223 2837 294 2868 res,
319 2829 401 2870 quia
423 2829 569 2871 iniquae]
594 2830 674 2862 Seu.
701 2830 745 2863 de
769 2831 824 2863 Ira
847 2831 879 2872 3,
903 2831 964 2864 29:
991 2831 1095 2871 perti-

226 2878 376 2912 naciores
397 2887 457 2910 nos
477 2879 559 2919 facit
579 2879 738 2921 iniquitas
758 2880 844 2913 irae.
873 2898 908 2903 ——
937 2880 1094 2913 credeba-

224 2931 344 2968 turque
358 2944 408 2952 --
422 2928 604 2961 libertatem
618 2929 818 2972 redditurus]
840 2929 939 2962 Idem
962 2929 1094 2972 signifi-

226 2979 327 3011 catur
341 2977 374 3017 2,
392 2978 445 3010 82.
470 2977 568 3011 Adde
586 2979 728 3012 Sueton.
746 2979 821 3012 Tib.
839 2980 893 3013 50.
913 2979 1033 3012 Claud.
1051 2980 1065 3012 4
1083 2988 1090 3011 :

226 3036 285 3060 nec
308 3027 527 3060 dissimulasse
548 3037 709 3069 umquam
726 3029 902 3070 (Drusum)
915 3030 1094 3070 pristinum

226 3085 260 3110 se
274 3076 489 3117 reipublicae
502 3080 626 3110 statum
640 3079 837 3119 quandoque
851 3079 1093 3117 restituturum,

227 3126 255 3158 si
273 3129 392 3167 posset.
429 3126 516 3158 Huic
539 3127 680 3168 incepto
695 3136 781 3160 sane
798 3126 964 3169 applicari
980 3128 1096 3169 potest

229 3175 282 3215 id,
306 3175 401 3216 quod
417 3175 462 3208 de
479 3176 522 3209 Μ.
541 3175 647 3208 Bruto
664 3176 747 3209 dicit
762 3178 897 3209 Seneca
914 3176 957 3209 de
973 3176 1093 3210 Benef.

228 3225 262 3265 2,
279 3225 341 3258 20:
365 3225 448 3258 Mihi
469 3225 505 3257 in
526 3225 589 3257 hac
610 3234 648 3258 re
668 3226 797 3258 videtur
817 3226 1019 3258 vehementer
1040 3235 1096 3258 er-

229 3282 338 3315 rasse,
363 3275 421 3314 qui
442 3274 488 3307 ibi
501 3275 647 3316 speravit
661 3274 843 3308 libertatem
855 3275 1018 3316 futuram,
1041 3275 1098 3308 ubi

232 3326 302 3356 tam
322 3332 482 3366 maynnm
499 3325 689 3365 praemium
711 3328 784 3357 erat
806 3327 836 3357 et
860 3325 1046 3366 imperandi
1068 3328 1099 3357 et

232 3374 411 3414 serviendi,
436 3377 496 3406 aut
511 3374 711 3407 eaeisumavit
726 3375 890 3407 civitatem
904 3375 938 3407 in
951 3375 1098 3416 priorem

233 3421 378 3462 tonnam
395 3431 490 3464 posse
508 3425 662 3458 revocari
683 3424 811 3458 amissis
826 3424 979 3466 pristinis
991 3424 1098 3457 mori-

1140 2282 1197 2315 bus
1225 2282 1438 2324 futuramque
1467 2282 1513 2314 ibi
1541 2282 1776 2323 aequalitatem
1799 2282 1905 2314 civilis
1924 2281 2009 2314 iuris

1140 2336 1170 2365 et
1193 2336 1341 2365 staturas
1355 2342 1413 2365 suo
1429 2332 1499 2364 loco
1514 2332 1616 2374 leges,
1640 2332 1697 2364 ubi
1710 2332 1838 2364 viderat
1854 2335 1900 2365 tot
1913 2331 2009 2364 milia

1139 2382 1308 2415 hominum
1332 2382 1538 2424 pugnantia,
1573 2390 1640 2414 non
1670 2391 1715 2414 an
1743 2382 1920 2422 servirent,
1953 2381 2010 2414 sed

1139 2432 1219 2465 atri.
1256 2433 1390 2472 Quanta
1417 2440 1496 2465 vero
1523 2431 1617 2464 illum
1644 2434 1704 2464 aut
1730 2440 1844 2464 rerum
1864 2434 2010 2464 naturae

1141 2485 1201 2514 aut
1228 2482 1320 2514 urbis
1344 2490 1424 2515 suae
1446 2482 1549 2514 tenuit
1570 2481 1706 2522 oblivio,
1738 2481 1795 2522 qui
1815 2490 1883 2514 uno
1903 2481 2010 2513 inter—

1140 2535 1246 2573 empto
1282 2532 1472 2573 defuturum
1508 2531 1647 2564 credidit
1675 2531 1799 2572 alium,
1839 2531 1896 2572 qui
1923 2531 2010 2563 idem

1139 2582 1251 2614 vellet!
1271 2599 1307 2605 -
1327 2581 1432 2622 paulo
1451 2581 1654 2621 commotior]
1678 2581 1794 2614 acrior
1808 2582 1844 2613 et
1858 2579 1902 2613 ad
1918 2580 2008 2612 iram

1140 2632 1352 2674 promptior,
1385 2633 1491 2672 atque
1522 2631 1603 2664 ideo
1630 2630 1908 2673 reprehensione
1938 2638 2008 2662 non

1142 2690 1286 2719 carens;
1304 2683 1549 2714 verumtamen
1565 2681 1724 2714 castitate
1741 2682 1810 2713 cet.
1837 2680 1888 2713 Ci'.
1907 2681 1959 2721 Η,
1974 2680 2005 2712 4ε

1140 2734 1301 2763 commoto
1327 2732 1490 2763 maiorem
1518 2731 1554 2762 in
1575 2730 1709 2763 modum
1733 2730 1881 2763 Claudio.
1909 2747 1945 2754 -
1973 2729 2010 2761 in

1141 2781 1261 2813 bonum
1293 2780 1449 2823 vertebat]
1482 2780 1633 2813 ferociae
1666 2788 1793 2822 parum
1826 2778 2008 2812 muliebris

1141 2831 1265 2863 vitium
1281 2830 1478 2864 redimebat
1496 2830 1545 2872 (ut
1561 2829 1627 2863 sibi
1643 2830 1915 2869 condonaretur,
1937 2828 2010 2861 effi-

1143 2880 1291 2922 ciebat);
1316 2881 1433 2921 itaque
1458 2879 1502 2912 ab
1525 2878 1690 2913 omuibus
1705 2881 1849 2922 propter
1863 2880 2009 2911 virtutes

1142 2931 1226 2963 tunc
1250 2929 1443 2962 admodum
1465 2937 1564 2962 raras
1581 2928 1824 2962 extollebatur.
1851 2927 2009 2962 Laudem

1144 2980 1263 3012 autem
1286 2980 1416 3020 augent
1436 2987 1493 3011 vv.
1509 2979 1626 3012 mariti
1646 2987 1777 3018 amore;
1803 2987 1885 3011 nam
1909 2979 2010 3011 easti-

1144 3030 1198 3062 tas
1223 3028 1334 3070 (fides)
1366 3029 1471 3062 etiam
1499 3029 1575 3063 sine
1605 3029 1726 3062 intimo
1749 3028 1863 3061 mariti
1886 3036 2007 3061 amore

1144 3079 1279 3111 servari
1301 3079 1428 3121 potest.

1189 3175 1243 3210 34.
1263 3186 1328 3218 pro
1353 3176 1478 3210 Tiberio
1499 3176 1571 3219 niti]
1597 3176 1647 3210 Cf.
1673 3177 1759 3210 Hist.
1782 3177 1813 3216 ’1,
1831 3177 1893 3209 55:
1917 3176 2008 3210 nullo

1145 3226 1329 3269 legatorum
1351 3227 1598 3260 tribunorumve
1616 3235 1680 3267 pro
1697 3225 1803 3259 Galba
1823 3227 1956 3259 nitente.
1968 3245 2004 3251 —

1145 3285 1241 3318 seque
1272 3280 1303 3309 et
1323 3276 1514 3319 proximos]
1549 3276 1682 3309 Dicitur
1715 3275 1944 3310 Germanicus
1966 3278 2005 3309 se

1144 3334 1315 3369 suamque
1344 3326 1527 3359 cohortem
1561 3327 1596 3358 in
1629 3323 1739 3357 verba
1769 3325 1896 3372 Tiberii
1919 3325 2006 3358 ade—

1145 3376 1256 3417 gisse,
1296 3384 1341 3409 ne
1376 3375 1460 3417 quid
1494 3383 1537 3407 ex
1573 3382 1653 3407 sese
1691 3372 1775 3406 Galli
1808 3376 2004 3418 sperarent.

1146 3425 1255 3459 flatu.
1282 3440 1318 3450 -—
1349 3424 1386 3458 in
1408 3423 1510 3458 verba
1537 3423 1606 3457 eius
1626 3422 1743 3466 adiait]
1767 3423 1818 3458 Cf.
1843 3432 1874 3458 c.
1899 3424 1939 3457 7:
1970 3425 2006 3457 in
