2254 3770
1504 237 1519 270 'o

352 342 435 388 486
548 345 593 389 P.
624 343 875 390 CORNELII
904 343 1075 389 TACITI
1103 344 1373 389 ANNALIUM
1401 344 1556 390 LIBER
1583 345 1685 391 XIV.
1717 346 1818 405 Cap.
1848 346 1916 391 65.

352 451 649 495 morabimus?
688 451 951 510 quicumque
990 465 1116 496 casus
1154 457 1396 510 temporum
1424 451 1593 496 illorum
1622 452 1746 497 nobis
1775 452 1843 498 vel
1873 452 1966 498 aliis
1995 460 2144 499 aucto-

351 527 471 571 ribus
506 533 702 578 noscent‚
747 533 1082 585 praesumptum,
1109 526 1312 578 habeant,
1358 527 1559 585 quotiens
1595 527 1715 586 sugas
1754 535 1797 573 et
1836 530 1991 573 caedes
2021 529 2146 575 iussit

351 603 574 661 princeps,
604 603 760 646 totiens
780 610 921 660 grates
943 602 1037 647 deis
1056 610 1191 655 actas,
1224 616 1425 661 quaeque
1447 617 1592 647 rerum
1613 604 1900 648 secundarum
1920 604 2032 657 olim,
2054 611 2145 650 tum

351 678 549 736 publicae
580 677 714 722 cladis
744 678 924 736 insignia
954 678 1098 723 fuisse.
1141 692 1283 737 neque
1313 686 1454 723 tamen
1485 678 1722 732 silebimus,
1756 681 1791 724 si
1822 680 1941 739 quod
1971 686 2146 726 senatus

319 753 593 798 sconsultum
623 753 866 797 adulatione
896 768 1054 798 novum
1084 760 1157 798 aut
1186 755 1388 813 patientia
1417 761 1682 812 postremum
1713 755 1799 799 fuit.

467 829 548 886 (65)
581 828 743 873 Eodem
773 842 884 873 anno
916 829 1166 873 libertorum
1195 830 1443 888 potissimos
1463 844 1631 874 veneno
1661 831 1928 876 interfecisse
1958 831 2148 876 creditus

352 911 437 957 est,
470 904 772 964 Doryphorum
803 905 927 963 quasi
958 905 1232 950 adversatum
1261 905 1420 963 nuptiis
1451 907 1702 964 Poppaeae,
1744 906 1998 958 Pallantem,
2029 907 2147 966 quod

351 981 586 1024 inmensam
617 980 845 1038 pecuniam
875 980 1000 1039 longa
1030 988 1203 1025 senecta
1235 981 1456 1025 detineret.
1496 983 1710 1026 Romanus
1740 982 1919 1026 secretis
1950 982 2148 1027 crimina-

351 1056 538 1100 tionibus
568 1056 838 1100 incusaverat
859 1057 1068 1100 Senecam
1088 1063 1134 1100 ut
1157 1057 1201 1101 C.
1223 1057 1389 1100 Pisonis
1411 1057 1600 1110 socium;
1632 1058 1710 1101 sed
1732 1057 1913 1102 validius
1935 1072 1961 1101 a
1981 1059 2148 1122 Seneca

301 1141 338 1170 ⁴⁰
352 1131 507 1176 eodem
537 1131 714 1175 crimine
743 1130 969 1190 perculsus
999 1138 1076 1175 est.
1120 1132 1235 1175 unde
1269 1133 1407 1176 Pisoni
1439 1133 1583 1185 timor,
1629 1138 1673 1176 et
1702 1139 1795 1177 orta
1824 1133 2073 1178 insidiarum
2102 1133 2146 1178 in

349 1209 564 1252 Neronem
591 1221 745 1265 magna
773 1206 910 1251 moles
939 1214 982 1251 et
1011 1207 1278 1266 inprospera.

349 1341 565 1374 morabimus.
590 1337 755 1383 quicuque
777 1341 828 1378 M;
855 1341 995 1374 decreta.
1022 1343 1110 1383 quod
1134 1341 1232 1383 (quae
1254 1341 1290 1382 G)
1315 1342 1361 1374 ad
1382 1350 1458 1375 eum
1478 1342 1579 1385 finem
1599 1344 1875 1384 memoravimus,
1900 1345 1940 1376 ut
1959 1333 2155 1385 quicunque

349 1397 574 1432 Puteolanus.
604 1415 639 1421 —
672 1398 705 1430 2.
729 1402 861 1430 noscent
882 1397 1112 1432 Puteolanus:
1147 1401 1279 1432 nossent
1303 1399 1336 1432 M
1369 1415 1403 1422 -
1438 1397 1470 1432 4.
1492 1398 1622 1439 publice
1644 1399 1678 1433 M
1703 1417 1740 1423 —
1774 1399 1807 1433 6.
1832 1392 2027 1433 adulationi?
2050 1400 2082 1434 M
2106 1417 2144 1424 —

349 1455 381 1488 7.
407 1452 606 1495 aduersam,
638 1453 774 1487 litterae
798 1458 811 1487 t
833 1456 1073 1497 superscripto
1097 1454 1143 1488 ab
1168 1455 1296 1489 eadem
1320 1464 1429 1489 manu
1452 1455 1666 1498 compendio
1690 1455 1849 1497 syllabae
1871 1465 1931 1498 ur,
1956 1457 1996 1489 ut
2017 1457 2062 1490 sit
2083 1457 2149 1490 ad-

349 1514 581 1548 uersaturum,
607 1511 641 1544 M
665 1512 878 1553 (postremae
903 1510 1062 1552 syllabae
1087 1521 1266 1554 superscr.
1291 1511 1336 1544 ab
1360 1520 1435 1545 rec.
1461 1520 1509 1544 m.
1533 1512 1603 1552 ros)
1631 1530 1666 1535 —
1693 1513 1724 1546 9.
1750 1512 1791 1546 G.
1816 1513 1850 1546 M
1874 1529 1911 1537 —
1946 1514 2072 1546 socium
2093 1513 2145 1547 M:

350 1568 496 1600 amicum
524 1567 740 1610 Nipperdey.
769 1585 804 1591 -
839 1569 892 1601 Μ.
916 1577 1037 1601 nerone
1067 1570 1099 1603 M
1132 1586 1168 1592 —
1202 1571 1233 1601 et
1254 1569 1309 1602 M:
1341 1569 1398 1601 sed
1420 1567 1488 1601 alii.
1523 1587 1559 1592 —
1597 1569 1740 1603 Cornelii
1764 1569 1867 1603 Taciti
1889 1569 1986 1603 Liber
2007 1573 2148 1611 quartus

349 1624 492 1657 decimus
513 1624 661 1665 explicit.
684 1615 789 1666 Ιησῖᾖ.
813 1624 897 1658 liber
918 1626 1053 1666 quintus
1075 1625 1218 1658 decimus
1239 1625 1285 1658 M.

1455 1736 1471 1745 υ
1521 1735 1529 1747 ι
1582 1735 1598 1744 e
1649 1734 1660 1746 ³

350 1737 481 1772 diserte
503 1739 813 1770 commemorare?
845 1738 935 1777 Quin
960 1738 1070 1770 immo
1095 1746 1160 1780 per
1182 1746 1221 1770 se
1272 1735 1394 1784 φόρῳ,
1420 1748 1471 1782 τῳ
1488 1747 1536 1770 τα
1552 1748 1621 1781 της
1637 1737 1760 1785 αρχῆς
1780 1736 1901 1773 αὑτοῦ
1917 1737 2050 1780 βιβλία
2068 1737 2147 1774 διέ-

350 1797 430 1821 eam
455 1796 685 1830 praesumere
707 1789 872 1830 poterunt
894 1787 1057 1826 lectores,
1084 1789 1222 1821 etiamsi
1272 1798 1381 1821 ποντι
1395 1789 1465 1831 (qui
1482 1790 1511 1822 ei
1527 1798 1545 1821 a
1561 1787 1687 1822 libellis
1702 1787 2049 1833 erat),7tsvt²7'xovta
2061 1785 2146 1834 ἅμα

349 1848 420 1872 non
444 1847 788 1871 commemoravero.
825 1840 913 1872 Nam
937 1848 1032 1880 quem
1055 1840 1099 1872 ad
1123 1841 1222 1881 finem
1270 1840 1336 1872 καὶ
1352 1838 1554 1880 διακοσίας
1565 1838 1755 1886 μυριάδας
1768 1841 1915 1879 (centies
1928 1842 2143 1883 sestertium)

349 1889 432 1923 nihil
451 1889 543 1922 aliud
561 1889 734 1930 significat
754 1890 819 1922 nisi
835 1891 1012 1930 quamdiu,
1038 1899 1219 1931 quousque,
1270 1888 1434 1933 δοθῆναι
1457 1889 1644 1923 ἐκέλευσε.
1667 1908 1702 1913 -
1729 1891 1931 1931 Pallantem,
1955 1892 2044 1931 quod
2059 1891 2142 1934 εει]

348 1942 387 1973 ut
411 1949 441 1972 c.
468 1940 509 1972 5⁷2
535 1941 570 1972 et
593 1940 665 1972 Cic.
693 1939 790 1973 Catil.
818 1941 849 1978 4,
874 1941 911 1972 l:
939 1949 1035 1981 quem
1058 1942 1103 1973 ad
1123 1943 1222 1982 finem
1270 1936 1333 1973 Dio
1357 1941 1415 1979 62.
1437 1940 1495 1973 44:
1523 1937 1591 1973 τὸν
1613 1938 1654 1973 δὲ
1671 1938 1876 1973 Πάλλαντα
1898 1939 2143 1985 διεχρήσατο,

349 1999 417 2023 sese
439 1991 604 2031 effrenata
626 1990 764 2022 iactabit
784 1991 958 2023 audacia?
983 1991 1023 2023 Et
1039 1993 1094 2023 est
1109 2000 1148 2024 ea
1167 1992 1220 2023 in·-
1270 1984 1330 2024 ὅτι
1349 1991 1415 2023 καὶ
1432 1989 1597 2024 πλοῦτον
1614 1988 1734 2025 πολὺν
1750 1991 1943 2035 ἐκέκτητο,
1961 1989 2061 2025 ὥστε
2077 1992 2144 2025 καὶ

350 2040 560 2081 dignationis
585 2040 695 2072 forma
721 2049 763 2073 ac
786 2042 925 2082 species
949 2042 1056 2073 Taciti
1081 2042 1220 2082 ingenio
1269 2040 1309 2082 ἐς
1331 2042 1471 2087 μυρίας
1492 2039 1684 2085 μυριάδας
1711 2043 1847 2083 (quater
1872 2042 1984 2076 milies
2006 2044 2143 2076 sester-

351 2091 696 2125 convenientissima.
727 2092 766 2124 In
790 2091 969 2125 Puteolani
987 2091 1137 2125 lectione
1155 2101 1221 2125 nec
1270 2092 1368 2130 tium)
1399 2087 1519 2125 αἰτὸν
1542 2088 1795 2138 ἀριθμεῖσθαι
1817 2090 1896 2125 κτλ.
1929 2093 1981 2126 Cf.
2007 2093 2060 2132 ⁴2,
2085 2092 2140 2126 53.

350 2143 394 2175 ad
418 2150 491 2174 eum
511 2142 610 2183 finem
635 2142 756 2175 Latine
781 2142 908 2175 dicitur
930 2152 994 2185 pro
1017 2152 1054 2176 eo
1070 2144 1218 2184 consilio,
1273 2160 1308 2165 —
1327 2141 1504 2184 Romanus]
1530 2142 1592 2174 Hic
1615 2151 1777 2184 quoque,
1803 2144 1963 2176 ceterum
1988 2143 2142 2184 ignotus,

351 2202 417 2227 nec
440 2192 528 2225 infra
551 2202 610 2225 nec
633 2196 744 2226 tamen
765 2194 933 2226 silebimus
955 2195 1039 2227 satis
1056 2194 1217 2237 quadrat.
1270 2201 1289 2225 e
1313 2191 1447 2225 libertis
1473 2192 1580 2226 fuisse
1599 2194 1755 2231 videtur,
1782 2201 1864 2226 cum
1887 2201 1909 2225 a
1932 2193 2142 2236 Doryphoro

350 2245 458 2277 Doen.
473 2261 507 2266 —
523 2243 633 2286 fuyas]
648 2243 761 2283 exilia,
777 2243 915 2288 φυγάς.
933 2245 983 2277 Cf.
1000 2245 1031 2284 3,
1046 2245 1107 2278 24:
1126 2245 1222 2277 adul-

295 2296 297 2298 '
350 2296 438 2327 teros
465 2303 582 2326 earum
602 2298 708 2327 morte
731 2299 790 2327 aul
810 2295 894 2337 fuya
914 2296 1058 2336 punivit.
1094 2295 1219 2328 Cicero

350 2346 385 2378 in
409 2345 571 2378 Pisonem
597 2344 693 2386 533:
718 2345 799 2378 mihi
823 2347 857 2378 in
878 2349 971 2379 lanto
994 2347 1069 2379 odio
1085 2347 1223 2388 quaevis

348 2396 434 2437 fuya
456 2404 558 2435 quam
581 2395 652 2428 ulla
669 2397 848 2436 provincia
869 2401 951 2429 esset
972 2399 1130 2438 optatior.
1244 2396 1249 2428 i

395 2446 448 2478 65.
473 2446 668 2478 libertorum
681 2447 881 2489 potissimos]
899 2448 1041 2480 Sueten.
1060 2449 1140 2480 Ner.
1160 2448 1218 2480 35:
1269 2442 1338 2474 lum
1366 2443 1538 2483 Asinium,
1576 2444 1715 2476 avidum
1743 2447 1775 2476 0¹2
1803 2445 1977 2477 minffl‘ssm·
2014 2443 2052 2484 6,
2077 2442 2139 2476 37²

350 2495 498 2529 Libertos
513 2496 630 2528 divites
645 2499 677 2528 et
691 2505 791 2535 senes,
816 2497 895 2530 olim
911 2499 1116 2539 adoptionis,
1141 2507 1222 2530 mon:
1269 2493 1369 2524 inilia
1384 2496 1522 2526 0⁰nal¹⁴8
1537 2494 1682 2526 secunda
1695 2502 1799 2535 ”⁰11⁰ss
1814 2494 1988 2526 diffuma-
2015 2493 2069 2533 η»
2083 2493 2139 2526 52³

352 2546 587 2578 dominationis
607 2554 689 2579 suae
709 2547 859 2588 fautores
876 2551 976 2588 alque
990 2551 1144 2587 rectores,
1161 2556 1221 2580 ve·
1269 2542 1397 2584 factum
1427 2547 1560 2577 senatus
1592 2544 1776 2577 consultum
1809 2547 1913 2576 atro-v
1933 2546 1965 2576 ol
1991 2543 2139 2576 mm.

351 2596 1222 2639 nenopartimcibis‚parlimpotionibusinditointer·
1271 2594 1356 2627 HiSt·
1382 2594 1414 2635 3²
1439 2595 1501 2628 20³
1526 2596 1678 2636 SP⁰0¹⁸⁰⁸3³
1699 2598 1729 2628 ⁰²
1750 2595 1859 2627 θ”Ὑῧῑῑδ
1879 2593 2076 2627 ”ommibu-

352 2646 448 2688 cepit.
458 2664 489 2670 —
503 2647 748 2690 Doryphorum]
758 2648 809 2681 De
821 2648 890 2681 hoc
902 2648 966 2682 Dio
980 2649 1015 2682 64
1026 2674 1034 2689 ,
1043 2650 1081 2682 5:
1099 2647 1222 2697 Δορυ-
1244 2676 1249 2687 .

1270 2244 1305 2275 et
1328 2241 1481 2275 Pallante
1507 2242 1599 2275 nulla
1624 2252 1663 2275 re
1687 2243 1933 2284 distinguatur.
1963 2261 1997 2267 —
2025 2243 2060 2276 C.
2084 2243 2143 2276 Pi·-

1268 2291 1367 2333 sonis]
1393 2291 1444 2324 Ct.
1471 2293 1524 2330 ⁴5,
1551 2292 1592 2325 48
1617 2301 1696 2334 sqq.
1726 2311 1762 2316 —
1788 2292 1875 2335 orta]
1901 2302 1944 2326 ex
1968 2291 2032 2326 illis
2055 2292 2142 2335 ipsis

1270 2342 1573 2376 criminationibus
1608 2345 1644 2375 et
1673 2344 1816 2385 proprio
1847 2352 1890 2376 ex
1927 2344 2066 2376 timore.
2102 2359 2139 2366 —

1268 2402 1395 2434 mayna
1416 2394 1517 2426 moles
1539 2397 1569 2426 et
1591 2393 1805 2435 inprospera]
1832 2394 1882 2426 Cf.
1910 2394 1942 2433 ⁴,
1968 2394 2028 2427 ⁴3:
2058 2393 2143 2427 Gal-
