2254 3770
268 257 353 304 264

518 261 565 305 Ρ.
597 260 848 306 CORNELII
876 259 1047 304 TACITI
1075 258 1344 305 ANNALIUM
1372 259 1471 303 LIB.
1500 259 1546 304 V.
1577 258 1678 318 Cap.
1707 257 1748 302 4.
1777 259 1818 303 5.

269 366 511 412 Germanici
549 367 723 412 exitium
761 367 1045 426 paenitentiae
1075 381 1161 410 esse
1193 365 1298 410 seni.
1344 365 1469 410 simul
1505 365 1691 424 populus
1721 364 1884 423 effigies
1913 364 2062 424 Agrip-

268 442 395 500 pinae
426 457 477 487 ac
505 443 687 488 Neronis
718 456 874 501 gerens
901 435 1174 487 circumsistit
1195 441 1356 486 curiam
1377 441 1613 500 faustisque
1643 442 1685 486 in
1705 442 1935 486 Caesarem
1954 441 2063 484 omi-

269 517 395 562 nibus
425 518 553 562 falsas
583 518 742 562 litteras
764 525 806 562 et
835 518 1028 577 principe
1058 518 1188 562 invito
1209 517 1384 562 exitium
1404 517 1549 561 domui
1571 517 1664 562 eius
1677 517 1846 562 intendi
1866 515 2062 562 clamitat.

269 591 326 636 ita
355 593 457 636 nihil
487 594 606 638 triste
635 593 706 637 illo
738 593 808 638 die
838 600 1064 652 patratum.
1096 593 1342 638 ferebantur
1367 593 1495 637 etiam
1525 593 1606 638 sub
1635 593 1878 637 nominibus
1909 606 2065 638 consu-

236 668 419 713 slarium
439 668 563 714 fictae
593 670 636 712 in
658 670 862 714 Seianum
883 670 1130 716 sententiae.
1165 669 1465 714 exercentibus
1495 669 1714 728 plerisque
1738 683 1817 728 per
1836 668 2062 720 occultum,

267 750 396 803 atque
418 758 471 789 eo
501 746 740 803 procacius,
772 745 989 790 libidinem
1022 745 1302 803 ingeniorum.
1341 744 1458 789 unde
1488 744 1545 788 illi
1575 745 1639 789 ira
1658 744 1882 789 violentior
1912 751 1955 789 et
1973 758 2065 789 ma-

267 821 397 865 teries
427 820 701 865 criminandi:
743 828 935 880 spretum
964 821 1159 865 dolorem
1193 821 1398 879 principis
1429 819 1483 864 ab
1514 825 1684 871 senatu,
1720 819 1957 864 descivisse
1986 833 2066 878 po-

267 896 437 950 pulum3
469 897 608 941 audiri
637 898 723 942 iam
753 904 795 942 et
823 897 907 956 legi
940 911 1072 941 novas
1103 897 1336 948 contiones,
1368 910 1478 940 nova
1507 902 1676 954 patrum
1706 894 1919 948 consulta3
1959 895 2063 954 quid

265 973 478 1031 reliquum
508 973 589 1017 nisi
621 979 666 1017 ut
695 979 900 1032 caperent
923 973 1082 1017 ferrum
1103 979 1156 1025 et,
1189 987 1374 1031 quorum
1403 972 1611 1030 imagines
1641 986 1721 1030 pro
1741 970 1906 1015 vexillis
1926 971 2062 1016 secuti

216 1058 252 1089 ⁴0
264 1049 413 1100 forent,
445 1049 581 1093 duces
610 1049 982 1108 imperatoresque
1013 1049 1282 1106 deligerent?
1332 1049 1384 1105 (5)
1418 1048 1544 1106 igitur
1574 1048 1735 1092 Caesar
1763 1046 1956 1106 repetitis
1985 1046 2064 1091 ad·-

264 1138 438 1169 versum
469 1131 670 1183 nepotem
691 1131 733 1170 et
761 1140 917 1168 nurum
948 1125 1118 1183 probris
1149 1124 1444 1183 increpitaque
1474 1138 1553 1182 per
1573 1123 1759 1167 edictum
1783 1122 1923 1182 plebe,
1955 1137 2064 1182 que-

265 1207 356 1244 stus
387 1206 490 1259 aput
518 1207 662 1259 patres
691 1201 810 1260 quod
839 1201 989 1245 fraude
1020 1201 1146 1244 unius
1177 1201 1387 1245 senatoris
1418 1199 1691 1258 imperatoria
1719 1200 1920 1243 maiestas
1941 1198 2062 1244 elusa

263 1276 437 1335 publice
456 1277 575 1329 foret,
607 1277 773 1335 integra
804 1283 943 1321 tamen
976 1277 1057 1320 sibi
1079 1283 1232 1321 cuncta
1261 1275 1502 1334 postulavit.
1540 1289 1621 1319 nec
1652 1274 1759 1318 ultra
1780 1274 2063 1319 deliberatum

264 1366 352 1410 quo
382 1352 524 1396 minus
554 1367 640 1397 non
671 1353 848 1412 quidem
878 1359 1068 1396 extrema
1098 1352 1383 1396 decernerent
1413 1351 1469 1408 (id
1500 1351 1615 1395 enim
1643 1350 1846 1408 vetitum),
1879 1350 1957 1395 sed
1986 1365 2064 1409 pa-

213 1436 249 1467 ⁴5
264 1435 379 1473 ratos
410 1428 467 1473 ad
496 1428 703 1473 ultionem
733 1429 773 1472 vi
803 1429 1015 1487 principis
1040 1428 1239 1487 impediri
1269 1433 1537 1472 testarentur.
1589 1428 1614 1452 *
1646 1428 1670 1452 ³¹⁶
1703 1427 1727 1451 *

314 1555 361 1596 Ἰ.
388 1562 591 1605 Germanici]
615 1563 732 1595 domus
755 1563 946 1596 Germanici
969 1561 1192 1605 Nipperdey;
1220 1562 1412 1595 Germanici
1435 1562 1550 1594 domus
1572 1559 1739 1594 Halmius.
1762 1578 1797 1584 ——
1822 1560 1855 1593 2.
1880 1560 2062 1602 faustisque

261 1619 423 1653 Ursinus:
454 1619 609 1661 festisque
631 1619 665 1653 M
691 1637 726 1643 -
758 1618 910 1652 omnibus
931 1620 964 1653 M
990 1618 1162 1661 (ominibus
1186 1618 1319 1660 margo)
1348 1636 1383 1642 -
1410 1618 1442 1651 6.
1462 1617 1636 1660 procacius
1658 1618 1691 1651 M
1718 1634 1754 1640 -
1780 1616 1812 1650 7.
1838 1616 2005 1649 crimandi
2026 1617 2060 1651 M

264 1693 301 1699 -
327 1676 382 1709 Η.
406 1678 541 1722 questus
562 1676 607 1709 M.

260 1809 340 1836 sus:
380 1799 506 1835 «facile
535 1801 631 1842 fore,
666 1802 706 1834 ut
737 1800 926 1843 aliquando
957 1802 1138 1844 paeniteat

260 1861 387 1886 senem
410 1852 578 1885 saevitiae
601 1853 637 1884 in
662 1852 860 1885 Germanici
884 1853 1071 1894 coniugem
1087 1855 1137 1884 at-

261 1912 331 1944 que
354 1901 493 1944 prolem
517 1902 729 1935 exercitae.»
759 1920 793 1926 --
824 1902 959 1944 faustis]
992 1902 1046 1934 Ad
1070 1902 1135 1934 de-

260 1952 477 1987 fendendam
502 1952 635 1986 codicis
659 1951 849 1985 lectionem
871 1953 960 1994 festis
984 1953 1136 1985 afferunt

259 2005 349 2037 Anu.
388 2003 447 2043 42,
485 2003 546 2035 69:
582 2004 672 2036 Nero
709 2003 886 2045 (princeps
923 2002 1133 2044 declaratus)

258 2055 350 2096 festis
387 2053 521 2086 vocibus
554 2056 710 2094 exceptus
743 2057 799 2086 est.
848 2053 993 2086 Addunt
1027 2054 1135 2086 etiam

260 2105 348 2138 Hist.
366 2101 399 2144 ὃ,
418 2105 457 2137 5;
483 2103 580 2137 Liber
601 2104 698 2145 festos
721 2104 888 2144 laetosque
906 2105 992 2136 ritus
1011 2105 1133 2145 posuit.

261 2154 359 2188 ovid.
386 2155 467 2188 Met.
493 2154 525 2194 3,
548 2154 632 2187 528:
657 2154 754 2186 Liber
777 2154 868 2187 adest
889 2155 1044 2196 festisque
1065 2155 1136 2196 fre-

260 2209 354 2238 munt
376 2204 559 2237 ululatibus
582 2204 669 2246 a9ri.
707 2203 793 2237 Plin.
821 2205 907 2246 Epp.
935 2205 967 2243 2,
995 2205 1051 2238 47:
1086 2207 1136 2237 te-

260 2260 350 2290 ctum
372 2256 506 2288 licentia
527 2255 804 2288 saturnaliorum
826 2255 915 2296 festis
938 2255 1137 2287 clamoribus

256 2309 427 2348 personat.
464 2305 571 2338 Vides
594 2314 680 2338 vero
705 2306 871 2347 quattuor
894 2305 948 2338 his
972 2304 1058 2338 locis
1081 2306 1136 2346 agi

262 2357 306 2390 de
331 2356 431 2389 laetis
448 2355 711 2395 occasionibus,
740 2364 827 2394 non,
853 2356 891 2388 ut
906 2355 983 2395 hic,
1010 2355 1054 2388 de
1073 2356 1136 2388 tri—

262 2407 435 2446 stissima,
461 2405 522 2438 ubi
545 2406 631 2438 irata
657 2405 758 2447 plebs
783 2405 937 2438 abstinet
953 2405 1097 2447 quidem
1115 2415 1133 2438 a

261 2457 429 2500 principis
454 2456 716 2496 exsecratione,
747 2456 857 2488 immo
882 2455 993 2488 fausta
1019 2457 1134 2488 omnia

260 2509 329 2551 ipsi
352 2508 583 2549 apprecatur,
610 2515 680 2548 quo
704 2505 893 2548 proclivior
915 2506 976 2538 fiat
991 2506 1034 2538 ad
1053 2515 1135 2548 par-

263 2558 418 2592 cendum
438 2556 703 2597 innocentibus,
730 2557 795 2589 sed
811 2556 944 2589 facinus
961 2557 995 2588 in
1010 2557 1135 2598 Agrip-

262 2611 384 2653 pinam
418 2609 667 2649 Neronemque
704 2607 936 2640 commissum
973 2608 1132 2648 eiusque,

263 2668 373 2702 quem
396 2657 626 2700 opinabatur,
653 2658 836 2690 auctorem
863 2658 1049 2698 (Seianum)
1076 2657 1136 2689 de-

263 2711 424 2744 testatur.
458 2707 509 2740 Cf.
536 2708 566 2747 l,
593 2707 652 2740 35:
690 2708 809 2748 faustis
838 2707 873 2740 in
901 2708 1135 2740 Germanicum

263 2759 435 2793 ominibus.
460 2775 504 2781 -—-
532 2757 734 2799 ferebantur]
769 2758 949 2799 tamquam
974 2767 1015 2789 ex
1042 2758 1135 2789 Actis

265 2811 408 2844 senatus
437 2809 625 2849 excerptae
656 2808 691 2840 in
714 2806 837 2849 vulgus
864 2807 1133 2849 spargebantur,

268 2869 357 2904 quas
390 2859 567 2893 sententias
595 2866 677 2891 mox
701 2860 804 2891 vocat
832 2867 939 2891 novas
959 2859 1135 2897 contiones,

1186 1799 1309 1843 quales
1332 1800 1462 1833 veteris
1485 1800 1537 1833 rei
1561 1798 1724 1842 publicae
1748 1799 1971 1842 temporibus
1994 1801 2059 1834 ha-

1185 1851 1264 1884 beri
1287 1850 1450 1883 solebant
1473 1850 1517 1883 ad
1541 1850 1734 1884 seditiones
1757 1850 1998 1884 concitandas.

1229 1902 1260 1934 5.
1286 1910 1345 1933 nec
1374 1901 1466 1933 ultra
1490 1900 1705 1933 deliberatum
1729 1901 1811 1941 cet.]
1846 1910 1940 1934 «nec
1968 1900 2058 1934 ultra

1184 1952 1220 1984 in
1245 1952 1370 1984 senatu
1395 1950 1557 1983 diversae
1575 1952 1656 1983 sunt
1672 1950 1828 1993 prolatae
1845 1952 2056 1992 sententiae,

1184 2010 1310 2034 verum
1346 2002 1461 2033 cuncti
1492 2000 1571 2033 ilico
1596 2002 1630 2033 in
1655 2009 1697 2033 eo
1722 2003 1986 2041 convenerunt,
2019 2004 2058 2034 ut

1186 2062 1254 2085 non
1279 2052 1423 2093 quidem
1448 2051 1610 2084 ultimum
1637 2051 1850 2094 supplicium
1875 2054 1907 2085 in
1931 2053 2058 2095 Agrip-

1185 2104 1305 2145 pinam
1340 2104 1375 2135 et
1409 2104 1587 2135 Neronem
1622 2103 1881 2140 decernerent,
1918 2102 1984 2135 sed
2018 2111 2058 2136 se

1186 2154 1328 2195 paratos
1352 2153 1396 2185 ad
1422 2152 1592 2186 ultionem
1615 2153 1804 2195 principis,
1836 2154 1974 2185 tantum
1997 2161 2058 2186 se-

1185 2213 1270 2236 vero
1301 2204 1377 2236 eius
1405 2204 1503 2237 iussu
1527 2204 1571 2236 ab
1596 2203 1661 2237 illis
1686 2203 1966 2236 condemnandis
1989 2204 2059 2237 im-

1185 2254 1298 2296 pediri
1328 2255 1577 2287 testarentur.»
1605 2272 1641 2277 —
1676 2254 1895 2297 testarentur]
1927 2253 2057 2288 Malum

1185 2306 1297 2344 tuum,
1321 2303 1480 2345 Corneli,
1498 2304 1627 2337 sat-um!
1654 2306 1730 2337 Non
1746 2305 1895 2347 paginae
1911 2303 2056 2346 aliquot.

1186 2354 1250 2387 sed
1265 2353 1353 2387 libri
1377 2354 1433 2387 hic
1459 2355 1659 2397 perierunt,
1695 2355 1825 2396 quibus
1857 2356 1954 2396 gesta
1981 2354 2057 2388 sere

1186 2406 1325 2437 triennii
1349 2404 1639 2444 continebantur,
1670 2405 1714 2437 de
1738 2406 1948 2448 Agrippinae
1971 2404 2056 2438 libe-

1185 2451 1336 2496 rumque
1355 2456 1429 2488 eius
1446 2455 1552 2495 exitu,
1572 2455 1616 2488 de
1634 2456 1750 2488 Seiani
1762 2464 1826 2498 spe
1840 2457 2055 2497 conatuque,

1186 2505 1230 2538 de
1255 2505 1416 2538 eiusdem
1442 2514 1524 2538 cum
1548 2506 1686 2546 agmine
1710 2506 1908 2539 amicorum
1924 2508 2055 2548 strage,

1186 2557 1230 2589 de
1255 2556 1369 2588 Liviae
1401 2556 1539 2597 flagitiis
1563 2558 1598 2588 et
1621 2558 1754 2588 morte:
1792 2556 1837 2588 ad
1860 2564 2054 2597 summum,

1185 2607 1251 2639 ssos
1282 2607 1383 2647 quasi
1414 2607 1579 2639 historiae
1614 2609 1706 2639 tuae.
1742 2606 1840 2639 Adeo
1864 2605 1968 2640 bonis
1991 2605 2057 2640 illis

1185 2656 1344 2698 patribus
1366 2665 1450 2689 cura
1467 2657 1648 2699 otiumque
1667 2656 1730 2689 fuit
1745 2655 1951 2689 describere
1969 2657 2057 2689 Oro-

1185 2708 1256 2739 sios
1289 2708 1324 2739 et
1351 2707 1521 2748 Vopiscus
1552 2708 1587 2739 et
1617 2706 1819 2739 huiusmodi
1850 2705 2056 2748 quisquilias

1184 2765 1270 2798 prae
1295 2758 1355 2789 tuo
1379 2765 1478 2788 auro.
1506 2757 1591 2788 Lips.
1619 2755 1669 2789 Cf.
1693 2756 1843 2788 Dionem
1860 2757 1913 2795 58,
1933 2757 2053 2789 3-46.

1186 2807 1391 2839 Suetonium
1414 2806 1488 2839 Tib.
1515 2806 1669 2839 53-55.
1695 2805 1747 2838 64.
1774 2806 1827 2838 65.
1865 2807 2056 2849 Iosephum

1186 2857 1302 2898 Antiq.
1327 2856 1402 2889 Iud.
1431 2857 1483 2897 ⁴8,
1509 2857 1541 2896 7,
1567 2857 1598 2889 6.
1630 2855 1747 2889 Schol.
1772 2857 1894 2889 Iuven.
1922 2858 1974 2897 ⁴0,
1999 2856 2054 2890 63.
