2254 3770
300 246 355 290 tt

777 253 823 296 Ρ.
856 249 1107 295 CORNELII
1135 249 1307 294 TACITI
1336 248 1606 294 ANNALIUM

299 368 398 414 pam
419 356 460 400 in
481 356 616 402 decus
635 363 816 402 vertere.
852 369 1052 401 exarsere
1074 355 1241 407 animis,
1273 368 1447 413 unoque
1468 355 1629 413 impetu
1649 361 1899 414 perruptum
1919 355 2087 401 hostem

299 430 499 487 redigunt
518 432 560 476 in
580 439 728 491 aperta
748 431 1033 490 caeduntque.
1065 430 1190 475 simul
1221 430 1345 488 primi
1376 429 1557 487 agminis
1589 430 1738 488 copiae
1760 444 1938 476 evasere
1959 431 2087 476 silvas

300 512 527 565 castraque
549 508 880 552 communivere.
920 507 1112 565 quietum
1132 505 1231 549 inde
1252 506 1350 558 iter3
1380 504 1608 563 fidensque
1637 506 1882 550 recentibus
1903 520 1955 551 ac
1972 506 2089 565 prio-

300 595 394 625 rum
424 581 580 626 oblitus
610 582 732 627 miles
761 582 803 626 in
834 582 1023 626 hibernis
1053 581 1229 625 locatur.

1291 581 1372 637 (52)
1404 580 1592 624 nuntiata
1614 594 1666 625 ea
1686 581 1899 625 Tiberium
1930 581 2089 626 laetitia

266 663 492 715 Scuraque
522 657 744 702 adfecere:
777 657 992 716 gaudebat
1021 660 1273 715 o'ppressam
1304 655 1572 707 seditionem,
1605 655 1682 700 sed
1711 656 1829 715 quod
1858 654 2090 716 largiendis

298 731 494 789 pecuniis
523 739 565 776 et
593 732 798 776 missione
828 732 1020 777 festinata
1050 731 1238 775 favorem
1268 730 1447 774 militum
1475 731 1778 789 quaesivisset,
1810 731 1963 777 bellica
1982 746 2091 791 quo-

300 820 386 864 que
416 807 656 851 Germanici
693 807 847 866 gloria,
886 807 1132 864 angebatur.

1192 805 1351 850 rettulit
1385 813 1528 850 tamen
1559 806 1613 850 ad
1649 814 1842 850 senatum
1873 807 1927 852 de
1958 807 2090 852 rebus

299 881 429 939 gestis
469 882 686 941 multaque
730 883 785 926 de
822 883 977 926 virtute
1015 882 1108 926 eius
1146 882 1420 930 memoravit.
1465 882 1599 938 magis
1635 882 1677 924 in
1719 882 1910 940 speciem
1946 882 2091 927 verbis

301 956 505 1001 adornata
535 972 665 1017 quam
702 965 748 1002 ut
785 958 954 1016 penitus
994 958 1151 1002 sentire

1194 956 1454 1000 crederetur.
1514 957 1790 1015 paucioribus
1821 958 2007 1002 Drusum
2048 964 2092 1002 et

250 1042 287 1073 ao
301 1031 430 1076 finem
459 1032 615 1093 Illyrici
647 1039 786 1078 motus
816 1032 1019 1083 laudavit,
1063 1032 1140 1076 sed
1171 1032 1371 1076 intentior
1401 1038 1444 1076 et
1477 1032 1563 1076 fida
1593 1032 1798 1077 oratione.
1849 1039 2088 1092 cunctaque

302 1122 414 1166 quae
445 1108 723 1153 Germanicus
755 1108 990 1153 indulserat
1019 1108 1204 1152 servavit
1235 1107 1361 1151 etiam
1393 1114 1495 1166 aput
1524 1108 1792 1153 Pannonicos
1821 1109 2047 1153 exercitus.

415 1183 496 1240 (53)
526 1184 688 1228 Eodem
719 1198 829 1228 anno
860 1183 966 1227 Iulia
995 1197 1246 1241 supremum
1276 1183 1390 1227 diem
1422 1183 1546 1235 obiit,
1577 1183 1633 1227 ob
1663 1183 1969 1242 impudicitiam
1989 1183 2089 1228 olim
2157 1222 2159 1225 .

302 1271 327 1302 a
356 1265 476 1316 patre
508 1261 696 1317 Augusto
735 1259 989 1303 Pandateria
1018 1258 1173 1310 insula,

300 1333 386 1377 lum
423 1333 575 1378 fretum
613 1334 828 1386 accolunt,
872 1334 1031 1379 clausa.

1215 1272 1313 1302 mox
1342 1258 1502 1317 oppido
1533 1259 1808 1317 Reginorum,
1851 1259 1927 1318 qui
1968 1259 2092 1304 Sicu-

1090 1334 1227 1378 fuerat
1260 1334 1303 1377 in
1342 1334 1611 1378 matrimonio
1646 1334 1802 1378 Tiberii
1841 1333 2092 1379 florentibus

250 1417 287 1447 ¹¹5
302 1409 406 1454 Gaio
437 1415 478 1453 et
507 1410 638 1454 Lucio
667 1409 924 1454 Caesaribus
955 1415 1263 1468 spreveratque
1293 1415 1339 1452 ut
1368 1409 1591 1468 imparem;
1626 1423 1708 1454 nec
1732 1409 1814 1453 alia
1843 1415 1929 1453 tam
1948 1410 2092 1454 intima

301 1484 468 1529 Tiberio
489 1498 620 1529 causa
641 1498 718 1530 cur
738 1484 933 1530 Rhodum
955 1484 1221 1529 abscederet.
1263 1485 1492 1543 imperium
1522 1484 1703 1543 adeptus
1725 1491 1956 1537 extorrem,
1988 1485 2093 1530 infa-

299 1574 412 1604 mem
443 1567 485 1604 et
513 1567 610 1618 post
638 1561 905 1604 intersectum
935 1562 1183 1604 Postumum
1204 1560 1434 1618 Agrippam
1464 1561 1601 1604 omnis
1632 1560 1724 1618 spei
1749 1574 1930 1618 egenam
1949 1561 2093 1620 inopia

344 1701 376 1734 2.
395 1701 518 1742 primis
538 1701 572 1734 M
595 1700 708 1741 (primi
729 1699 864 1741 margo)
893 1718 926 1724 -—
954 1700 987 1733 8.
1010 1701 1187 1741 inspectam
1210 1708 1301 1733 corr.
1327 1708 1371 1732 ex
1392 1701 1574 1741 inspectum
1596 1700 1629 1733 M
1654 1698 1705 1741 (in
1726 1701 1865 1741 speciem
1889 1700 2027 1743 margo)
2053 1719 2088 1725 -

302 1758 354 1791 ⁴3.
379 1758 572 1799 reginorum
594 1758 644 1790 M:
670 1757 892 1799 Rhe-finarum
913 1756 1118 1791 Beroaldus.
1146 1758 1196 1791 Cf.
1215 1759 1343 1791 Inscrr.
1363 1758 1450 1790 Latt.
1476 1767 1510 1790 n.
1536 1756 1633 1790 3308.
1659 1757 1759 1790 5488.
1785 1756 1937 1798 Titulus,
1961 1758 1997 1791 in
2021 1766 2092 1800 quo

300 1813 463 1856 leguntur
495 1814 698 1847 RHEGINEI
733 1816 778 1855 (n.
810 1814 902 1855 450),
939 1815 1081 1857 spurius
1116 1816 1180 1848 est.

1221 1834 1257 1839 —
1296 1816 1348 1848 45.
1384 1816 1584 1855 imperarem
1618 1815 1652 1848 M
1689 1813 1856 1856 (inparem
1888 1814 2026 1857 margo)
2053 1833 2090 1840 -

302 1872 356 1904 46.
380 1871 511 1906 causM
534 1871 651 1912 (causa
673 1871 805 1914 margo)
834 1890 870 1896 —
895 1872 947 1904 47.
966 1875 1043 1913 post
1064 1881 1169 1905 unum
1191 1873 1224 1906 M
1248 1872 1468 1914 (posthumum
1492 1870 1638 1913 margo).

874 1921 893 1939 h

301 1990 430 2024 fiducia
461 1989 571 2023 fretus
595 1989 872 2022 obliviscebatur
894 1989 970 2022 dira
990 1989 1172 2023 seditionis

302 2040 481 2084 (supplicia
499 2039 577 2081 illa).
603 2041 723 2074 Wonr.

345 2092 399 2123 52.
426 2090 646 2132 quaesivisset]
679 2098 750 2122 non
782 2091 836 2123 est
867 2090 963 2122 idem
994 2089 1089 2131 quod
1113 2099 1173 2122 ac—

302 2141 498 2183 quisivisset,
529 2140 595 2173 sed
626 2149 669 2173 ex
692 2149 843 2182 persona
868 2139 996 2173 Tiberii
1020 2140 1170 2179 dictum;

303 2191 504 2225 ambitionis
522 2190 656 2224 scilicet
672 2192 920 2224 Germanicum
936 2190 1171 2231 insimulabat,

302 2252 372 2286 qua
389 2243 587 2284 ,instigatus
610 2240 759 2274 militum
783 2242 940 2274 favorem
964 2241 1030 2274 sibi
1054 2242 1174 2274 conci-

302 2293 387 2326 liare
410 2293 614 2326 studuisset.
641 2292 692 2325 Cf.
718 2293 782 2325 Dio
800 2293 854 2332 57,
873 2293 911 2325 6:
939 2291 1112 2339 Τιβέριος
1133 2290 1174 2325 δὲ

303 2341 464 2392 ἐπῄνεσε
485 2343 558 2387 μὲν
580 2339 699 2376 αὐτὸν
722 2342 784 2376 ἐπὶ
802 2340 946 2387 τούτῳ,
970 2344 1034 2376 καὶ
1053 2340 1174 2376 πολλὰ

303 2395 368 2428 καὶ
384 2394 644 2440 κεχαρισμένα
663 2393 729 2426 καὶ
745 2393 876 2437 ἐκείνῳ
892 2393 958 2425 καὶ
974 2392 1021 2439 τῇ
1034 2389 1174 2440 Ἀγριπ-

304 2447 393 2492 πίνῃ
417 2443 640 2485 ἐπέστειλεν,
666 2439 712 2477 οὗ
740 2445 873 2487 μέντοι
896 2444 962 2477 καὶ
984 2442 1090 2487 ἥσθη
1116 2439 1175 2485 οἷς

302 2493 481 2543 ῗέπραξεν,
529 2491 627 2527 ἀλλὰ
663 2494 729 2527 καὶ
768 2493 828 2527 ἐπὶ
872 2494 1003 2528 πλεῖον
1041 2491 1174 2534 αὐτόν,

305 2543 357 2588 ὥς
394 2545 459 2578 καὶ
503 2542 551 2577 τὰ
590 2542 858 2591 στρατεύματα
895 2540 1173 2590 ἀνηρτημένον,

185 2583 187 2585 ’
237 2629 242 2632 ,
303 2593 458 2630 ἔδεισεν.
486 2613 521 2618 -
547 2595 720 2637 intentior]
752 2595 814 2627 mit
834 2596 927 2628 mehr
951 2596 1097 2628 Wc'trme.
1137 2594 1176 2626 Id

305 2648 381 2681 fieri
413 2647 552 2689 poterat
588 2645 689 2678 brevi
723 2646 904 2685 oratione,
943 2654 1022 2678 rem
1059 2645 1176 2678 minus

306 2699 470 2731 accurate
498 2695 713 2738 explicante;
747 2704 859 2738 pauca
889 2694 1043 2738 loquitur
1070 2703 1176 2729 verus

306 2748 465 2782 affectus.
489 2747 608 2780 Wour.

349 2799 403 2832 53.
427 2797 526 2839 Iulia]
551 2797 632 2829 nata
657 2806 688 2829 a.
707 2797 771 2828 7⁴5
795 2797 957 2838 pervenit
979 2796 1023 2829 ad
1043 2806 1176 2830 annum

307 2848 430 2882 aetatis
454 2848 521 2880 LII.
551 2865 586 2870 —
620 2846 658 2879 ob
681 2846 923 2886 impudicitiam
947 2846 1029 2888 cet]
1063 2846 1116 2879 Cf.
1142 2846 1175 2887 3,

306 2898 368 2932 24:
397 2899 435 2930 Ut
456 2897 570 2929 valida
593 2897 668 2928 divo
690 2896 836 2938 Augusto
859 2896 894 2928 in
916 2905 988 2929 rem
1007 2896 1178 2937 publicam

306 2949 462 2990 fortuna,
494 2947 545 2978 ita
568 2946 655 2978 domi
678 2946 874 2986 inprospera
895 2945 959 2987 fuit
982 2945 1020 2978 ob
1043 2946 1179 2987 inpudi—

307 2998 420 3031 citiam
437 2996 527 3038 filiae
543 3004 584 3027 ac
598 2996 720 3036 neptis,
746 3004 831 3035 quas
845 2995 926 3027 urba
942 2996 1064 3036 depulit
1079 2996 1178 3028 adul-

308 3052 457 3087 terosque
471 3055 588 3079 earum
601 3049 707 3078 morte
722 3049 782 3078 aut
796 3046 879 3087 fuya
892 3046 1033 3086 punivit.
1055 3045 1176 3080 Vellei.

308 3098 347 3138 2,
374 3097 454 3130 ⁴00:
489 3096 597 3136 Iulia,
624 3104 687 3136 per
716 3096 828 3128 omnia
856 3096 941 3127 tanti
965 3097 1118 3136 parentis
1139 3105 1180 3128 ac

308 3148 374 3180 viri
396 3148 584 3187 immemor,
608 3145 690 3178 nihil
712 3146 800 3185 quod
820 3145 931 3186 facere
945 3149 1005 3178 aut
1015 3147 1090 3187 pati
1104 3149 1179 3179 tur-

305 3199 394 3239 piter
406 3200 511 3238 posset
525 3197 668 3239 femina,
692 3196 852 3236 luxuria,
878 3195 1010 3229 libidine
1025 3197 1180 3237 infectum

310 3248 465 3288 reliquit„
481 3266 500 3272 -
510 3265 529 3271 -
544 3248 630 3280 Iulia
652 3247 800 3289 releqata
816 3247 851 3278 in
866 3246 1010 3278 insulam
1025 3248 1180 3287 patriae-

311 3307 372 3338 que
395 3301 425 3330 et
441 3301 620 3338 parentum
634 3297 793 3330 subducta
808 3297 928 3337 oculis,
954 3305 1055 3337 quam
1071 3300 1180 3330 tamen

310 3347 469 3379 comitata
505 3351 614 3380 mater
646 3347 821 3380 Scribonia
859 3346 1052 3379 voluntaria
1087 3347 1180 3379 exilii

308 3397 495 3440 permansit
521 3406 639 3431 comcs.
675 3398 809 3431 Seneca
837 3395 883 3431 de
913 3396 1033 3430 Benef.
1059 3397 1091 3439 6,
1116 3396 1176 3431 32:

1222 1991 1328 2024 Divus
1341 1990 1507 2033 Augustus
1525 1990 1632 2032 filiam
1653 1989 1747 2022 ultra
1768 1990 1995 2031 impudicitiae
2015 2000 2094 2024 ma·

1223 2041 1375 2073 ledictum
1397 2040 1600 2081 impudicam
1621 2040 1782 2081 releqavit
1803 2043 1832 2072 et
1845 2040 1978 2082 napitia
1995 2042 2094 2081 prin-

1222 2091 1341 2131 cipalis
1370 2091 1485 2122 domus
1514 2090 1550 2121 in
1575 2089 1746 2130 publicum
1773 2090 1900 2122 emisit:
1936 2091 2095 2124 admissos

1222 2141 1388 2183 gregatim
1410 2141 1597 2181 adulteros,
1621 2143 1833 2181 pererratam
1851 2142 2023 2174 nocturnis
2036 2150 2095 2174 co-

1222 2191 1471 2224 messationibus
1492 2191 1678 2230 civitatem,
1707 2190 1819 2231 forum
1839 2191 1948 2231 ipsum
1971 2200 2013 2223 ac
2034 2200 2093 2224 ro-

1223 2245 1313 2281 stra,
1355 2250 1399 2273 ex
1433 2240 1550 2282 quibus
1582 2243 1681 2280 pater
1714 2240 1831 2281 leqemr
1850 2240 1890 2272 de
1922 2240 2094 2274 adulteriis

1223 2291 1363 2331 tulerat,
1387 2290 1476 2332 filiae
1498 2290 1533 2321 in
1555 2289 1673 2330 stupra
1692 2289 1867 2330 placuisse,
1890 2290 2095 2323 cotidianum

1224 2343 1268 2374 ad
1282 2343 1456 2381 Marsyam
1477 2349 1689 2381 concursum,
1717 2349 1793 2373 cum
1816 2349 1860 2373 ex
1882 2341 2037 2374 adultera
2058 2342 2093 2374 in

1224 2391 1476 2432 quaestuariam
1508 2399 1606 2422 versa
1639 2391 1692 2422 ius
1724 2391 1830 2422 omnis
1857 2390 2008 2423 licentiae
2035 2392 2094 2424 sub

1223 2441 1335 2483 ignoto
1359 2440 1508 2472 adultero
1527 2443 1663 2480 peteret.
1695 2438 1779 2472 Plin.
1805 2441 1845 2473 N.
1873 2441 1912 2472 H.
1937 2441 1991 2481 2⁴,
2017 2440 2036 2482 S
2059 2440 2092 2473 9.

1225 2493 1368 2524 Sueton.
1387 2491 1505 2523 Octav.
1524 2491 1577 2523 65.
1602 2491 1667 2523 Dio
1683 2490 1737 2530 55,
1761 2491 1814 2523 40.
1833 2490 1884 2523 ⁴3.
1907 2509 1941 2514 —-
1960 2491 2095 2523 Panda-

1226 2543 1310 2574 teria
1331 2541 1452 2583 insula]
1483 2540 1529 2573 ad
1553 2541 1780 2582 Campaniam
1804 2541 1869 2574 sita
1893 2542 1970 2582 (Dio
1993 2540 2016 2574 l.
2041 2540 2092 2583 l.),

1226 2593 1261 2624 in
1284 2592 1362 2624 sinu
1385 2589 1588 2625 Puteolano.
1614 2589 1698 2623 Plin.
1722 2592 1763 2623 N.
1783 2591 1823 2623 H.
1849 2591 1886 2631 3,
1913 2591 2002 2632 582.
2027 2591 2096 2623 Ho-

1227 2641 1283 2673 die
1307 2641 1341 2674 S.
1359 2641 1484 2674 Maria.
1521 2641 1559 2672 In
1583 2640 1734 2672 eandem
1758 2642 1881 2682 postea
1904 2642 1986 2673 sunt
2007 2639 2096 2674 rele-

1227 2693 1326 2731 gatae
1349 2690 1538 2732 Agrippina
1559 2689 1686 2722 Tiberii
1710 2698 1819 2722 nurus
1844 2691 1997 2730 (Sueten.
2017 2690 2092 2723 Tib.

1226 2741 1293 2782 53.)
1325 2742 1360 2773 et
1382 2742 1523 2773 Octavia
1549 2741 1647 2781 (Anu.
1674 2740 1734 2780 ⁴4,
1760 2741 1825 2781 63).
1855 2759 1890 2764 -
1919 2741 2094 2784 imparem]

1227 2792 1368 2824 sueton.
1388 2791 1464 2824 Tib.
1482 2792 1513 2823 7.
1540 2791 1603 2823 Dio
1628 2790 1682 2831 54,
1704 2791 1758 2823 3⁴.
1782 2791 1871 2822 nicht
1893 2791 2094 2833 ebenbu‘rtiq.

1228 2840 1294 2874 Sal.
1312 2842 1385 2882 lug.
1405 2842 1439 2873 Μ
1458 2850 1465 2871 t
1492 2841 1653 2882 Iugurtha
1673 2844 1824 2873 materno
1846 2849 1963 2882 genere
1985 2842 2098 2883 impar

1227 2893 1311 2923 erat.
1338 2890 1429 2923 «LiV.
1456 2890 1487 2930 6,
1505 2890 1558 2923 34.
1585 2890 1629 2923 de
1653 2890 1758 2923 Fabia
1782 2891 1917 2923 minore
1934 2891 2096 2924 Ambusti

1228 2940 1315 2982 filia,
1347 2941 1456 2982 nupta
1486 2940 1562 2972 viro
1591 2940 1748 2983 plebeio,
1784 2941 1872 2981 quod
1891 2941 2006 2973 iuncta
2028 2942 2095 2973 im-

1225 2991 1305 3033 pari
1327 2994 1415 3024 esset.
1442 2991 1521 3023 Tac.
1541 2991 1626 3024 Hist.
1645 2992 1682 3031 2,
1700 2992 1761 3024 50:
1786 2994 1975 3023 maternum
1993 3000 2097 3034 genus

1227 3042 1349 3082 impar.
1375 3041 1573 3082 Lipsianam
1595 3042 1766 3083 argutiam
1792 3040 1942 3083 (taurum
1962 3050 2029 3073 non
2051 3041 2096 3073 ad

1227 3093 1310 3125 illud
1337 3091 1465 3134 iuyum)
1497 3091 1580 3124 nulli
1610 3093 1848 3125 Romanorum
1878 3092 1913 3124 in
1936 3093 2095 3125 mentem

1228 3144 1368 3177 venisse
1393 3142 1639 3176 crediderim.»
1655 3143 1774 3176 Wonr.
1794 3159 1830 3165 —
1856 3142 2096 3184 longinquitate

1229 3195 1333 3237 emilii]
1364 3194 1571 3227 diuturnitas
1599 3191 1687 3226 exilii
1712 3192 1807 3234 (XIV.
1833 3191 2016 3231 annorum)
2040 3191 2095 3224 fa-

1231 3245 1363 3284 ciebat,
1395 3246 1434 3277 ut
1463 3244 1625 3277 homines
1655 3244 1725 3276 iam
1755 3251 1868 3285 paene
1898 3241 1993 3274 obliti
2017 3243 2093 3276 eius

1230 3296 1346 3328 minus
1371 3303 1451 3327 eam
1475 3296 1510 3327 et
1525 3303 1615 3336 quae
1639 3294 1672 3326 ei
1694 3292 1897 3326 acciderent
1914 3293 2089 3326 curarent.

1230 3347 1310 3379 Ena.
1338 3345 1417 3386 (Sed
1441 3344 1804 3386 nequelonyinquitas
1822 3350 1938 3383 neque
1961 3341 2094 3383 lonqin-

1229 3405 1312 3438 quus
1341 3404 1512 3440 umquam
1542 3395 1587 3429 de
1610 3396 1770 3438 tempore
1793 3391 1885 3425 dicta
1907 3391 2003 3436 apud
2025 3392 2093 3425 Ta-
