2254 3770
272 287 354 333 458
747 293 792 337 P.
825 292 1075 338 CORNELII
1103 292 1274 338 TACITI
1302 292 1570 339 ANNALIUM

271 397 571 456 concessitque
592 398 631 442 ei
651 405 829 456 paterna
848 398 971 451 bona,
1003 399 1104 444 satis
1123 399 1284 451 firmus,
1316 405 1364 443 ut
1391 413 1524 458 saepe
1554 401 1798 453 memoravi,
1830 400 2059 445 adversum

270 474 498 530 pecuniam
534 480 576 518 et
612 480 699 518 tum
740 473 907 532 pudore
944 474 1166 520 absolutae
1202 474 1429 519 Plancinae
1464 474 1724 533 placabilior.
1765 482 1895 535 atque
1930 476 2057 528 idem,

270 562 368 593 cum
388 549 580 594 Valerius
605 548 855 594 Messalinus
886 549 1055 608 signum
1084 564 1262 595 aureum
1291 550 1334 594 in
1363 550 1473 595 aede
1503 551 1646 595 Martis
1675 551 1843 605 Ultoris,
1876 552 2061 597 Caecina

270 625 457 669 Severus
487 639 606 669 aram
635 624 806 669 ultionis
836 626 1103 670 statuendam
1130 626 1410 677 censuissent,
1442 625 1669 684 prohibuit,
1701 627 1758 672 ob
1778 635 1976 673 externas
2006 641 2060 673 ea

237 701 470 745 svictorias
509 702 669 746 sacrari
705 701 919 753 dictitans,
957 701 1194 746 domestica
1222 700 1332 746 mala
1361 702 1527 746 tristitia
1556 703 1803 761 operienda.
1835 703 2060 748 addiderat

270 777 522 821 Messalinus
560 777 730 821 Tiberio
763 784 806 821 et
834 778 1048 835 Augustae
1079 783 1122 821 et
1150 778 1355 821 Antoniae
1386 783 1430 821 et
1453 778 1711 838 Agrippinae
1741 781 1970 839 Drusoque
2001 779 2058 824 ob

269 853 498 898 vindictam
529 852 768 897 Germanici
804 859 945 910 grates
980 851 1169 910 agendas
1200 853 1489 911 omiseratque
1516 853 1680 899 Claudii
1710 855 1984 900 mentionem.
2017 862 2060 900 et

269 929 541 973 Messalinum
561 928 737 987 quidem
754 929 797 972 L.
813 930 1029 986 Asprenas
1050 935 1201 972 senatu
1222 941 1367 972 coram
1385 937 1687 987 percunctatus
1708 937 1773 976 est
1792 945 1846 975 an
1866 931 2058 990 prudens

268 1005 565 1062 praeterisset3
597 1018 649 1049 ac
679 1011 767 1048 tum
786 1004 961 1048 demum
989 1018 1146 1048 nomen
1168 1003 1333 1049 Claudii
1364 1003 1627 1063 adscriptum
1647 1013 1723 1051 est.
1755 1006 1871 1061 mihi,
1898 1013 2058 1066 quanto

218 1091 256 1121 ιο
268 1080 392 1138 plura
421 1080 655 1125 recentium
686 1094 764 1124 seu
793 1086 988 1124 veterum
1018 1079 1209 1132 revolvo,
1247 1085 1362 1124 tanto
1390 1081 1525 1139 magis
1557 1081 1741 1126 ludibria
1770 1096 1916 1127 rerum
1944 1097 2060 1127 mor·
2098 1073 2115 1079 ’

266 1156 412 1201 talium
434 1156 598 1201 cunctis
624 1155 667 1199 in
693 1155 872 1214 negotiis
894 1155 1188 1200 obversantur.
1210 1155 1370 1214 quippe
1391 1155 1502 1201 fama
1522 1171 1600 1215 spe
1620 1158 1896 1203 veneratione
1915 1158 2058 1217 potius

267 1245 417 1276 omnes
447 1231 768 1276 destinabantur
804 1231 985 1289 imperio
1014 1245 1145 1290 quam
1174 1245 1305 1289 quem
1338 1231 1525 1275 futurum
1555 1232 1792 1291 principem
1818 1233 1987 1278 fortuna
2014 1234 2066 1278 in

267 1308 435 1353 occulto
464 1307 648 1352 tenebat.
681 1307 713 1364 (4
724 1307 762 1364 9)
793 1307 944 1365 paucis
968 1313 1067 1364 post
1087 1306 1240 1351 diebus
1261 1307 1421 1351 Caesar
1441 1313 1590 1352 auctor
1611 1309 1778 1352 senatui
1798 1308 1874 1353 fuit
1893 1309 2057 1355 Vitellio

267 1389 397 1442 atque
428 1383 608 1428 Veranio
639 1390 681 1428 et
717 1383 905 1427 Servaeo
944 1381 1186 1427 sacerdotia
1221 1381 1450 1427 tribuendi.
1490 1382 1681 1428 Fulcinio
1719 1383 1968 1443 suffragium
2002 1385 2058 1429 ad

216 1468 254 1498 ⁴5
267 1459 454 1504 honores
489 1458 702 1517 pollicitus
739 1459 903 1502 monuit
940 1472 995 1502 ne
1030 1457 1271 1503 facundiam
1306 1457 1509 1503 violentia
1543 1459 1858 1518 praecipitaret.
1895 1460 1933 1504 is
1961 1460 2058 1505 finis

265 1535 342 1580 fuit
371 1534 616 1581 ulciscenda
646 1534 888 1579 Germanici
916 1539 1072 1586 morte,
1111 1548 1198 1579 non
1226 1535 1355 1579 modo
1385 1541 1489 1593 aput
1517 1533 1611 1579 illos
1641 1534 1835 1581 homines
1865 1536 1939 1595 qui
1969 1543 2057 1581 tum

332 1689 363 1721 4.
388 1689 474 1722 Voc.
495 1691 642 1730 paterna
662 1687 718 1721 bis
741 1687 860 1730 posuit
881 1688 934 1728 M,
959 1686 1024 1721 sed
1048 1685 1201 1720 alterum
1224 1688 1364 1730 septem
1386 1688 1526 1730 punctis
1549 1689 1720 1722 notatum.
1748 1706 1784 1713 -
1809 1689 1842 1722 2.
1867 1689 1946 1722 dun
1966 1689 2001 1724 M
2018 1706 2056 1713 -—

266 1744 439 1778 blancinae
461 1753 513 1787 pr.
539 1746 573 1779 M
599 1763 635 1769 —-
669 1744 702 1778 4.
727 1744 862 1777 ultionis
884 1743 1063 1777 Halmius:
1096 1744 1215 1777 ultioni
1237 1744 1290 1783 M;
1323 1744 1446 1776 Ultioni
1474 1744 1629 1787 Ruperti.
1654 1762 1698 1769 —
1726 1745 1759 1778 5.
1784 1745 1944 1778 victorias
1963 1745 2059 1779 Rhe—

266 1810 402 1835 nanus:
426 1802 573 1835 uicto'ria
594 1803 628 1836 M
647 1819 682 1826 —
709 1802 740 1835 8.
766 1810 928 1843 aspernas
949 1802 984 1835 M
1000 1818 1038 1825 —
1065 1801 1098 1834 9.
1122 1803 1248 1844 quanto
1271 1803 1395 1841 quanto
1413 1800 1517 1843 plura
1532 1801 1566 1835 M
1583 1818 1621 1825 —
1646 1801 1660 1835 4
1668 1802 1700 1835 2.
1725 1798 1844 1836 ονΐιεΜ
1860 1819 1896 1825 -
1922 1801 1975 1836 44.
1992 1811 2059 1836 uae

264 1858 366 1892 ranio
388 1859 422 1894 M
440 1878 477 1883 —
502 1859 556 1892 46.
579 1859 646 1902 fuit
666 1859 703 1892 in
724 1859 912 1893 ulciscenda
934 1856 1104 1892 Halmius.
2003 1860 2006 1862 ’

265 2001 310 2025 em
331 1992 420 2024 omni
434 1991 713 2024 monimentorum
727 1991 889 2023 memoria
904 1989 1033 2023 evulsus
1049 1989 1128 2032 (Cic.

265 2041 412 2084 Philipp.
439 2041 492 2082 43,
518 2041 537 2082 S
560 2041 634 2082 26),
666 2040 731 2074 sed
757 2042 882 2083 postea
905 2041 981 2073 eius
1004 2049 1136 2072 nomen

265 2093 468 2125 restitutum
493 2091 632 2124 videtur
664 2092 771 2132 atque
795 2091 960 2132 superest
980 2090 1017 2123 in
1039 2090 1136 2123 fastis

266 2141 468 2184 Capitolinis
492 2140 737 2174 consularibus
761 2149 792 2173 a.
817 2141 891 2173 706.
914 2139 989 2173 Ι746.
1014 2141 1137 2172 trium-

265 2190 430 2235 phalibus
446 2200 478 2224 a.
490 2191 604 2224 7⁴3.-
624 2194 662 2224 ut
676 2200 772 2232 saepe
785 2190 979 2232 memoravi]
995 2189 1133 2230 veluti,

265 2243 318 2275 75.
331 2242 427 2283 2,48.
446 2260 480 2267 -
497 2242 648 2275 Valerius
657 2241 865 2283 Messalinus]
881 2239 1004 2273 consul
1015 2249 1046 2272 a.
1057 2241 1132 2273 754.

265 2292 305 2325 In
319 2293 434 2325 indice
450 2293 571 2325 Dionis
589 2291 612 2324 l.
630 2293 671 2324 55
686 2292 834 2324 vocatur
848 2291 897 2323 M.
916 2287 1133 2336 Οὐαλέριος,

264 2342 314 2376 Μ.
340 2340 441 2384 υἱός,
465 2340 671 2383 Μεσσαλᾶς
695 2337 722 2385 ἢ
744 2339 994 2382 Μεσσαλῖνος.
1022 2340 1074 2373 Cf.
1101 2341 1132 2381 4,

265 2393 298 2426 8.
323 2394 355 2433 3,
381 2393 434 2426 34.
462 2410 499 2416 —
534 2392 676 2435 signum]
711 2392 830 2427 Martis
861 2390 984 2426 Ultoris
1010 2390 1132 2433 ipsius,

265 2442 311 2476 de
343 2444 444 2476 cuius
474 2442 606 2486 templo
630 2443 673 2476 cf.
698 2443 735 2482 2,
761 2442 813 2476 64.
843 2459 879 2466 —
909 2441 1052 2475 Caecina
1074 2440 1134 2472 Se-

263 2495 375 2538 verus]
401 2495 451 2528 Cf.
478 2496 509 2535 4,
535 2495 589 2528 34.
617 2512 653 2518 -
687 2502 788 2526 aram
808 2492 943 2525 ultionis
963 2491 1018 2533 st.]
1052 2491 1135 2524 Erat

265 2554 326 2579 ara
348 2545 533 2579 statuenda
557 2543 603 2577 ob
625 2542 795 2576 ultionem
810 2542 1022 2585 perfectam
1048 2549 1082 2573 v.
1100 2541 1132 2582 4,

265 2598 325 2633 44:
364 2606 430 2630 ara
451 2596 647 2637 adoptionis.
682 2594 720 2635 4,
745 2593 806 2627 74:
843 2602 910 2626 ara
930 2592 1132 2632 clementiae,

265 2658 332 2682 ara
353 2648 532 2681 amicitiae.
558 2646 701 2678 Sueton.
728 2643 835 2685 Calig.
855 2645 893 2677 8:
920 2643 1014 2675 addit
1034 2643 1134 2674 etiam

259 2709 326 2741 pro
348 2700 545 2741 argumento
567 2705 648 2729 aras
668 2695 715 2728 ibi
738 2695 862 2727 ostendi
883 2694 1061 2734 inscriptas
1078 2691 1133 2725 OB

263 2748 517 2784 AGRIPPINAE
531 2746 811 2780 PVERPERIVM.
830 2745 938 2778 HALu.
959 2742 1131 2778 Ultionem

265 2800 372 2833 deam
405 2798 589 2838 Romanis,
627 2795 756 2838 quibus
788 2794 964 2827 vindictae
999 2801 1132 2826 numen

264 2851 357 2885 Mars
379 2848 474 2884 Ultor
496 2849 589 2889 erat,
615 2846 748 2879 addere
770 2844 923 2878 voluisse
943 2843 1132 2877 Caecinam

264 2908 391 2944 parum
414 2896 582 2932 credibile
606 2898 670 2930 est.
694 2912 732 2919 --
756 2895 933 2928 domestica
954 2894 1049 2926 mala
1068 2892 1133 2925 tri-

264 2951 359 2984 stitia
386 2947 575 2991 operienda]
610 2946 763 2987 scilicet,
799 2954 844 2978 ne
879 2953 963 2978 cum
992 2944 1132 2985 signum

266 3009 399 3043 araque
421 2998 651 3038 statueretur,
675 2996 777 3029 novis
792 2994 885 3037 vulgi
907 2992 1132 3028 sermonibus

265 3051 311 3084 de
345 3051 471 3084 Pisone
506 3049 613 3082 etiam
650 3045 809 3079 Tiberius
842 3044 1055 3077 differretur.
1093 3060 1129 3068 -

264 3102 302 3134 L.
325 3098 506 3142 Asprenas]
537 3097 588 3132 Cf.
614 3097 646 3137 4,
671 3096 724 3129 53.
756 3112 792 3118 —
823 3095 978 3136 futurum
1001 3093 1134 3135 princi-

263 3150 348 3192 pem]
379 3150 460 3192 post
482 3145 674 3189 Caligulam
702 3144 926 3178 interfectum
948 3142 1132 3178 stolidissi-

266 3209 366 3233 mum
387 3199 570 3233 hominem
592 3194 787 3230 Claudium.

311 3301 364 3333 49.
389 3297 533 3340 senatui]
565 3298 600 3330 in
627 3294 823 3330 tribuendis
846 3293 1053 3327 sacerdotiis
1075 3294 1132 3326 iti-

267 3349 369 3390 dem,
400 3351 441 3382 ut
461 3349 498 3382 in
520 3345 782 3390 magistratibus
805 3343 850 3377 ad
872 3344 1030 3386 speciem
1052 3352 1133 3376 cre—

268 3399 381 3439 andis,
406 3399 476 3431 iam
498 3397 687 3431 substituto
708 3393 829 3440 populi
850 3393 1011 3427 comitiis.
1044 3393 1131 3426 Hinc

266 3449 305 3483 in
334 3449 444 3482 Fastis
473 3445 751 3482 sacerdotalibus
779 3443 876 3490 apud
899 3442 1133 3487 Borghesium

1185 1987 1356 2031 (Memorio
1385 1989 1457 2023 dell'
1487 1990 1642 2022 Instituto
1671 1990 1705 2022 di
1735 1990 1886 2031 Corresp.
1911 1989 2054 2024 aroheol.

1184 2040 1277 2072 Fasc.
1301 2041 1358 2073 ΙΙΙ.
1383 2049 1418 2082 p.
1444 2040 1534 2081 255.)
1564 2039 1770 2073 sacerdotes
1801 2039 1968 2073 dicuntur
1999 2040 2061 2074 EX

1184 2090 1220 2122 S.
1246 2090 1281 2123 C.
1307 2090 1515 2124 COOPTATI.
1550 2090 1615 2123 Dio
1639 2090 1700 2130 53,
1727 2090 1768 2123 47
1791 2090 1836 2123 de
1859 2091 2059 2134 Imperato-

1184 2139 1302 2174 ribus:
1332 2136 1378 2173 ἐκ
1399 2150 1440 2173 τε
1462 2137 1531 2172 τοῦ
1554 2138 1595 2173 ἐν
1619 2136 1763 2181 πάσαις
1784 2143 1866 2182 ταῖς
1894 2140 1927 2174 is
1952 2139 2056 2175 ωσύ-

1185 2200 1268 2231 ναις
1291 2187 1475 2237 ῖερῶσθαι
1495 2190 1561 2222 καὶ
1577 2190 1735 2237 προσέτι
1749 2191 1814 2223 καὶ
1828 2194 1910 2232 τοῖς
1924 2190 2056 2234 αλλοις

1184 2236 1253 2281 τὰς
1287 2239 1439 2282 πλείους
1469 2250 1582 2281 σφων
1613 2238 1759 2274 διδόναι
1785 2236 2012 2300 ἀρχιέρεών
2014 2242 2056 2276 τέ

1183 2299 1270 2323 τινα
1292 2287 1437 2332 αὐτῶν,
1461 2286 1535 2323 κᾶν
1557 2288 1645 2331 δύο,
1669 2287 1745 2324 κάν
1765 2293 1866 2338 τρεῖς
1888 2287 1971 2335 ἅμα
1985 2287 2056 2339 ἅρ-

1184 2352 1318 2383 χωσιν,
1342 2338 1451 2384 εἶναι,
1469 2340 1620 2375 πάντων
1636 2337 1747 2375 αὐτοὶ
1764 2342 1831 2375 καὶ
1845 2340 1921 2376 τῶν
1937 2339 2057 2378 ὁσίων

1183 2392 1250 2425 καὶ
1291 2390 1367 2425 τῶν
1409 2390 1520 2439 ἱερῶν
1552 2390 2057 2439 κυριεύουσιν.1«“οι·ωιι1ειιιι

1185 2443 1337 2475 servavit
1368 2442 1445 2475 Act.
1471 2443 1525 2475 Fr.
1551 2445 1633 2475 Arv.
1659 2442 1742 2476 Tab.
1767 2443 1848 2475 XII:
1880 2443 1928 2476 TI.
1953 2443 2058 2477 Cur-

1182 2500 1258 2526 mvs
1281 2492 1408 2526 CAESAR
1429 2492 1600 2526 Arsvsrrs
1623 2493 1837 2526 Genmmcrs
1859 2493 1894 2526 P.
1918 2493 1954 2526 P.
1973 2493 2057 2526 Fiu-

1183 2551 1298 2577 rnmrs
1326 2542 1510 2576 Anumnvs
1545 2550 1701 2576 conusens
1728 2551 1801 2576 sns
1830 2550 1978 2577 sarran
1995 2567 2002 2576 .
2018 2566 2028 2576 .
2043 2567 2054 2577 .

1182 2593 1222 2626 IN
1254 2601 1359 2626 noent
1391 2593 1430 2626 L.
1462 2593 1599 2626 Ομηιιι
1626 2594 1674 2626 Μ.
1706 2593 1744 2626 F.
1769 2593 1866 2627 Fnut
1897 2593 2056 2627 Furium

1182 2642 1340 2676 Annum!
1354 2650 1524 2676 confflem
1541 2650 1634 2676 voms
1650 2650 1777 2675 ivomivo
1793 2667 1802 2675 .
1819 2667 1828 2675 .
1845 2667 1853 2676 .
1870 2641 1959 2675 Vide
1975 2651 2056 2676 om-

1183 2693 1265 2726 nino
1288 2693 1523 2734 Borghesium
1546 2692 1591 2725 de
1615 2693 1669 2725 his
1693 2691 1921 2725 sacerdotum
1942 2694 2054 2726 nomi-

1181 2742 1380 2775 nationibus
1408 2741 1430 2775 l.
1456 2741 1479 2775 l.
1505 2741 1710 2775 doctissime
1734 2742 1985 2784 disputantem.
2014 2758 2052 2765 -

1180 2793 1414 2834 saffrayiwn-
1431 2808 1449 2816 -
1464 2791 1646 2833 pollicitus]
1682 2791 1732 2824 Cf.
1760 2793 1790 2832 4,
1816 2791 1870 2825 84.
1899 2809 1935 2815 —-
1965 2791 2055 2824 ulci—

1180 2842 1300 2875 scenda
1319 2841 1436 2883 morte]
1461 2841 1570 2883 Magis
1585 2840 1727 2874 solitum
1743 2840 1835 2874 roret
1848 2841 2055 2875 ulciscendae

1181 2891 1298 2932 morti,
1333 2893 1373 2923 ut
1403 2891 1458 2923 est
1485 2890 1582 2933 apud
1604 2890 1740 2923 Livium
1762 2891 1800 2930 2,
1827 2890 1886 2923 30:
1922 2891 1952 2923 is
1977 2890 2054 2933 finis

1176 2940 1447 2984 populationibus
1471 2941 1555 2982 fuit,
1591 2948 1634 2974 ac
1663 2941 1805 2983 saepius
1837 2940 1932 2983 apud
1962 2948 2053 2974 eun—

1182 2992 1277 3026 dem.
1303 3009 1339 3015 —
1364 2991 1477 3034 etiam]
1502 2991 1634 3025 omisso
1656 2992 1728 3032 sed,
1752 2993 1792 3024 ut
1813 2991 1885 3024 Liv.
1907 2991 1961 3031 28,
1987 2990 2049 3024 39:

1179 3052 1248 3076 non
1268 3042 1365 3075 modo
1387 3040 1500 3082 nobis,
1532 3050 1574 3075 no
1594 3042 1740 3083 posteris
1769 3040 1901 3083 quidem
1921 3042 1989 3074 cet.
2017 3042 2052 3074 et

1182 3094 1233 3127 sic
1255 3101 1363 3135 saepe
1387 3091 1483 3134 apud
1505 3092 1681 3133 Tacitum,
1711 3090 1808 3124 velut
1830 3090 1870 3132 4,
1894 3090 1953 3124 35:
1983 3099 2052 3124 non

1181 3144 1277 3177 modo
1299 3142 1451 3184 liberta-e,
1475 3143 1576 3176 otiam
1596 3142 1697 3175 libido
1718 3142 1894 3183 munita.
1923 3141 1976 3182 ⁴6,
1994 3141 2048 3174 29.

1183 3194 1270 3227 Hist.
1296 3194 1327 3234 4,
1351 3192 1394 3226 29
1418 3193 1454 3225 et
1476 3192 1529 3226 83.
1554 3193 1592 3233 2,
1618 3192 1660 3225 27
1684 3193 1721 3225 et
1735 3192 1789 3225 76.
1813 3191 1851 3231 3,
1876 3190 1908 3223 3.
1931 3190 2047 3232 Agric.

1182 3243 1236 3278 37.
1264 3239 1504 3283 Ἀντιθέσεως
1530 3240 1664 3275 scilicet
1685 3242 1756 3275 vim
1779 3241 1831 3275 sic
1854 3240 1961 3273 etiam
1984 3248 2050 3273 au-

1182 3293 1257 3335 geri
1289 3292 1468 3326 interdum
1496 3292 1565 3325 hac
1593 3290 1705 3334 ellipsi
1726 3291 1760 3324 ei
1780 3289 1981 3324 videbatur.
2008 3308 2046 3315 —

1183 3343 1301 3376 audita
1319 3351 1384 3384 pro
1406 3341 1582 3384 conpertis]
1608 3341 1680 3375 Cic.
1705 3340 1751 3374 ad
1773 3340 1868 3373 Fam.
1893 3341 1926 3379 ὅ,
1947 3341 1981 3382 5,
2005 3341 2045 3374 2:

1182 3393 1308 3428 Contra
1328 3393 1430 3427 otiam
1449 3401 1517 3426 esse
1537 3391 1666 3433 aliquid
1679 3390 1739 3424 abs
1754 3393 1786 3424 te
1802 3389 1990 3432 profectum
2003 3398 2049 3424 ιω

1180 3443 1294 3478 multis
1323 3442 1463 3484 audivi5
1495 3449 1576 3476 nam
1605 3440 1858 3483 comperisse
1895 3448 1949 3476 mo
1978 3448 2048 3475 m
