2254 3770
283 239 366 286 432

765 244 811 286 P.
843 242 1095 287 CORNELII
1124 242 1295 294 TACITI
1324 243 1594 289 ANNALIUM

267 346 530 410 laetantur.»
579 349 660 406 (78)
692 348 808 392 haud
837 362 991 407 magna
1019 349 1132 394 mole
1162 350 1281 402 Piso,
1312 357 1537 408 promptus
1566 349 1802 402 ferocibus,
1834 350 1877 393 in
1907 356 2082 394 senten-

281 423 385 467 tiam
413 424 610 478 trahitur;
641 425 874 483 missisque
904 425 958 469 ad
980 425 1195 470 Tiberium
1215 426 1408 484 epistulis
1438 426 1604 470 incusat
1624 425 1924 471 Germanicum
1952 425 2081 469 luxus

282 507 326 544 et
361 501 610 559 superbiae3
656 516 793 560 seque
828 501 1020 560 pulsum,
1067 509 1113 546 ut
1151 502 1273 546 locus
1312 502 1443 546 rebus
1478 502 1602 546 novis
1636 501 1878 559 patefieret,
1928 514 2078 546 curam

281 577 495 622 exercitus
525 577 680 639 eadem
707 577 795 622 fide
824 592 911 637 qua
939 578 1124 623 tenuerit
1144 577 1411 636 repetivisse.
1450 576 1576 621 simul
1596 577 1828 622 Domitium
1846 577 2081 636 inpositum

250 660 270 691 ὅ
282 652 443 696 triremi
462 654 594 698 vitare
614 653 784 698 litorum
804 668 924 698 oram
942 661 1203 713 praeterque
1224 653 1386 698 insulas
1405 653 1491 698 lato
1510 653 1619 697 mari
1640 666 1826 711 pergere
1846 653 1890 696 in
1910 653 2081 697 Suriam

280 727 413 772 iubet.
472 736 779 774 concurrentes
820 729 1068 774 desertores
1114 744 1193 788 per
1235 728 1477 787 manipulos
1521 729 1743 787 conponit,
1793 735 1930 774 armat
1971 727 2080 773 lixas

280 803 558 863 traiectisque
587 805 632 848 in
661 805 949 858 continentem
978 805 1160 850 navibus
1191 805 1392 850 vexillum
1421 805 1607 849 tironum
1631 804 1676 848 in
1696 805 1867 850 Suriam
1887 804 2081 849 euntium

280 879 511 938 intercipit,
543 880 704 938 regulis
734 880 912 926 Cilicum
941 887 987 925 ut
1015 895 1064 925 se
1095 881 1261 925 auxiliis
1290 882 1486 926 iuvarent
1515 882 1681 934 scribit,
1714 880 1829 927 haud
1848 881 2003 939 ignavo
2024 879 2080 924 ad

279 954 515 1000 ministeria
533 956 635 1001 belli
654 957 810 1001 iuvene
829 957 1003 1009 Pisone,
1037 971 1302 1016 quamquam
1321 957 1646 1016 suscipiendum
1662 957 1825 1002 bellum
1843 956 2079 1001 abnuisset.

229 1040 268 1072 4ο
281 1031 362 1088 (79)
392 1032 521 1090 igitur
549 1046 670 1077 oram
698 1033 859 1092 Lyciae
880 1047 932 1078 ac
951 1032 1229 1092 Pamphyliae
1254 1032 1572 1091 praelegenteS,
1605 1033 1744 1078 obviis
1763 1032 1944 1078 navibus
1965 1044 2080 1090 quae

276 1107 555 1165 Agrippinam
574 1108 799 1161 vehebant,
821 1109 1037 1168 utrimque
1057 1108 1210 1153 infensi
1231 1123 1350 1154 arma
1369 1110 1509 1167 primo
1532 1109 1785 1167 expediere;
1811 1107 1912 1153 dein
1931 1114 2080 1152 mutua

276 1180 502 1227 formidine
531 1197 618 1227 non
647 1182 757 1228 ultra
785 1184 972 1242 iurgium
999 1198 1256 1242 processum
1286 1192 1371 1237 est,
1410 1185 1666 1244 Marsusque
1697 1185 1843 1230 Vibius
1871 1183 2080 1228 nuntiavit

276 1256 420 1301 Pisoni
449 1259 626 1303 Romam
656 1259 712 1303 ad
742 1259 970 1305 dicendam
998 1274 1173 1305 causam
1202 1261 1379 1305 veniret.
1418 1260 1489 1306 ille
1509 1260 1691 1305 eludens
1711 1259 1936 1319 respondit
1955 1258 2079 1304 adfu-

275 1338 435 1387 turum,
467 1334 541 1379 ubi
570 1341 761 1393 praetor,
794 1336 868 1394 qui
898 1336 954 1381 de
985 1337 1204 1382 veneficiis
1224 1342 1471 1395 quaereret,
1504 1350 1581 1381 reo
1600 1343 1731 1395 atque
1751 1334 2076 1382 accusatoribus

225 1419 264 1450 ⁴5
276 1408 393 1455 diem
420 1410 693 1468 prodixisset.

358 1486 533 1531 Interim
570 1487 781 1531 Domitius
817 1487 1082 1540 Laodiciam,
1123 1488 1278 1533 urbem
1307 1488 1472 1548 Syriae,
1505 1487 1732 1547 adpulsus,
1770 1502 1869 1532 cum
1897 1486 2080 1532 hiberna

274 1568 421 1607 sextae
453 1562 634 1620 legionis
662 1569 851 1621 peteret,
884 1563 1003 1622 quod
1033 1578 1130 1608 eam
1158 1564 1344 1609 maxime
1373 1564 1496 1608 novis
1518 1563 1708 1608 consiliis
1728 1563 1932 1608 idoneam
1951 1562 2080 1607 reba-

274 1646 360 1691 tur,
407 1653 433 1683 a
461 1639 647 1684 Pacuvio
677 1638 817 1698 legato
847 1640 1135 1698 praevenitur.
1181 1641 1226 1685 id
1255 1640 1428 1685 Sentius
1457 1640 1601 1684 Pisoni
1636 1653 1717 1698 per
1744 1638 1907 1684 litteras
1937 1637 2077 1697 aperit

273 1720 509 1773 monetque
531 1729 587 1759 ne
618 1722 757 1759 castra
778 1715 1125 1774 corruptoribus,
1158 1730 1214 1761 ne
1232 1716 1500 1775 provinciam
1519 1715 1634 1760 bello
1654 1721 1844 1774 temptet.
1875 1715 2078 1774 quosque

223 1799 261 1831 20
274 1790 515 1850 Germanici
552 1805 768 1836 memores
805 1798 878 1836 aut
913 1791 1097 1837 inimicis
1143 1792 1236 1837 eius
1280 1792 1489 1837 adversos
1533 1798 1809 1850 cognoverat,
1856 1789 2076 1843 contrahit,

315 1945 348 1979 5.
373 1945 452 1988 lato]
477 1945 546 1978 alto
568 1945 717 1988 Lipsius.
744 1961 781 1968 -
807 1945 842 1978 8.
865 1946 991 1987 ignauo
1014 1946 1047 1979 M
1071 1945 1208 1987 (ignauo
1231 1945 1366 1987 margo)
1399 1963 1435 1970 —
1462 1945 1494 1979 9.
1518 1946 1712 1979 minesteria
1733 1953 1788 1988 pr.
1813 1945 1848 1979 M
1873 1961 1911 1968 —
1936 1944 1992 1978 42.
2020 1944 2080 1978 Vs·-

270 1999 344 2035 bius
366 2001 572 2035 Rhenanus:
599 2000 745 2034 vibimus
765 2001 800 2035 M
808 2010 816 2040 ;
845 2001 981 2035 Vibinus
1002 2001 1207 2036 Beroaldus.
1236 2019 1273 2026 —
1297 1999 1448 2035 m'itiauit
1469 2001 1505 2036 M
1530 2019 1567 2026 —
1593 2002 1646 2035 45.
1665 2001 1876 2043 prodi-visset
1896 2001 1948 2036 M:
1969 2008 2076 2043 prae-

269 2058 410 2091 dixisset
431 2056 637 2092 Beroaldus.
666 2075 703 2081 —
729 2057 784 2090 46.
810 2058 948 2099 apulsus
970 2056 1055 2101 (sic)
1079 2059 1113 2093 M
1139 2076 1176 2083 —
1206 2059 1259 2092 47.
1284 2058 1428 2101 leytones
1448 2067 1504 2101 pr.
1529 2058 1575 2092 M.

312 2191 368 2224 78.
403 2190 484 2233 lato]
515 2190 654 2224 Censeo
683 2187 825 2223 tolerari
851 2190 922 2223 hoc
948 2198 1055 2232 posse
1082 2191 1142 2231 ita,
1196 2191 1236 2223 N.
1261 2190 1303 2223 H.
1329 2190 1362 2231 5,
1384 2190 1439 2223 20.
1459 2189 1490 2233 (ἓ
1507 2189 1575 2231 79.)
1599 2189 1703 2222 chx.
1725 2206 1762 2213 —
1785 2191 1904 2222 sextae
1924 2187 2074 2231 teutonis]

268 2242 308 2275 ut
341 2240 532 2282 significet,
570 2240 652 2273 «ubi
686 2250 730 2274 ex
763 2239 885 2274 insulis
919 2250 991 2274 non
1023 2242 1145 2283 posset

269 2292 427 2334 conspici
456 2300 573 2333 neque
603 2291 648 2324 ab
680 2290 802 2324 incolis
826 2291 944 2323 Sentio
969 2300 1145 2333 praenun-

267 2342 345 2374 tiari
369 2342 444 2374 eius
467 2342 667 2374 reversim:
694 2350 912 2383 quamquam
931 2340 1041 2374 facilis
1057 2350 1142 2373 sane

267 2393 324 2424 est
346 2391 452 2433 Lipsii
468 2391 674 2424 coniectura
689 2392 770 2424 alto.
791 2409 827 2414 —
852 2391 978 2433 requlis
993 2391 1143 2432 Cilicum]

266 2441 440 2475 Videntur
455 2441 497 2482 ii,
519 2442 580 2483 qui
595 2442 676 2484 post
690 2441 920 2484 Philopatoris
936 2441 1030 2483 regis
1045 2449 1146 2474 mor-

268 2493 341 2525 tem
365 2493 407 2534 (c.
432 2491 486 2534 42)
511 2491 646 2534 aliquas
664 2491 804 2525 Ciliciae
827 2493 947 2534 partes
970 2491 1038 2525 sibi
1056 2492 1144 2526 sub-

266 2542 436 2575 iecerant.

311 2593 366 2625 79.
390 2591 534 2633 eludens]
560 2592 610 2625 Cf.
638 2601 670 2625 c.
695 2592 748 2626 52.
768 2609 804 2615 -
830 2592 887 2625 ubi
904 2595 1045 2633 praetor
1059 2591 1142 2633 cet.]

267 2643 309 2676 ld
338 2642 394 2676 vel
423 2651 621 2685 numquam
650 2642 707 2675 vel
735 2645 816 2685 post
845 2642 974 2676 multas
998 2643 1144 2676 demum

269 2700 388 2727 moras
409 2694 635 2736 interpositas
654 2693 788 2727 lactum
809 2694 851 2726 iri
867 2693 1036 2736 sperabat
1050 2695 1142 2727 Piso.

268 2747 383 2788 Atque
413 2754 453 2778 re
483 2754 569 2778 vera
595 2754 668 2778 non
690 2744 737 2777 ad
758 2746 977 2787 praetorem,
1010 2744 1076 2778 sed
1099 2745 1145 2777 ad

269 2794 434 2829 consules
464 2797 500 2828 et
528 2796 693 2828 senatum
722 2803 782 2828 res
809 2794 926 2828 delata
949 2796 1005 2828 est
1026 2795 1084 2837 (cs.
1109 2795 1142 2836 3,

269 2846 340 2887 40);
376 2846 414 2878 et
442 2844 603 2878 Tiberius
633 2845 668 2877 id
698 2845 898 2878 Germanico
929 2854 1028 2886 super
1060 2846 1146 2887 loyes

264 2894 452 2937 praestitit,
476 2895 565 2935 quod
586 2896 622 2928 in
644 2895 744 2927 curia
761 2896 875 2935 potius
889 2904 992 2936 quam
1005 2895 1042 2928 in
1055 2895 1143 2937 fore,

268 2949 351 2988 aput
372 2949 525 2980 senatwm
540 2954 642 2986 quam
664 2949 747 2986 aput
763 2946 888 2979 iudices
903 2947 942 2979 de
956 2950 1062 2979 morte
1076 2947 1147 2979 eius

269 2996 513 3039 anquirebatur
537 2996 580 3037 (3,
599 2995 664 3036 ⁴2).
686 3013 722 3019 —
743 2995 960 3038 prodiaeisset]
984 2996 1144 3029 Verbum

269 3047 338 3080 hoc
366 3045 562 3088 legitimum
586 3047 640 3078 est
668 3045 703 3077 in
726 3054 766 3078 re
790 3045 954 3078 iudiciali.
993 3046 1044 3080 Cf.
1068 3047 1141 3080 le.

268 3098 301 3138 2,
319 3097 373 3130 64.
392 3096 449 3129 ed.
462 3094 668 3129 Alschefski.
705 3094 873 3137 Exempla
897 3097 1019 3128 contra
1043 3096 1144 3129 verbi

266 3147 475 3189 praedicere,
506 3154 597 3187 quae
622 3144 774 3177 afferunt
797 3154 841 3178 ex
863 3147 953 3179 Ann.
979 3147 1016 3187 2,
1043 3146 1084 3179 46
1108 3147 1144 3179 et

270 3198 324 3239 ⁴3,
342 3198 396 3231 36.
422 3197 566 3229 sueton.
584 3193 706 3228 Claud.
729 3194 761 3234 8,
788 3195 906 3227 omnia
928 3195 1037 3237 petita
1061 3197 1145 3229 sunt

270 3257 314 3280 ex
329 3256 367 3280 re
385 3245 535 3279 militari.
548 3262 585 3269 -
601 3244 805 3285 Laodiciam]
823 3243 945 3278 Plures
962 3244 1026 3285 (XI)
1044 3245 1143 3278 fuere

269 3296 472 3337 Laodiciae;
497 3295 563 3329 sed
585 3295 643 3328 hic
659 3293 877 3336 intelligitur,
905 3294 1047 3335 quaein
1063 3303 1144 3336 pro-

268 3348 443 3381 montorio
477 3346 663 3380 aedificata
699 3354 771 3378 non
802 3343 906 3386 longe
935 3343 980 3377 ab
1005 3345 1142 3378 Orontis

269 3399 359 3433 ostio
382 3399 418 3433 et
439 3397 520 3434 luco
541 3396 766 3442 Daphnensi,
792 3403 885 3439 quae
905 3394 1012 3432 libera
1033 3394 1142 3430 Plinio

1195 2241 1373 2273 Ferratae.
1405 2240 1456 2273 Cf.
1482 2241 1613 2273 Inscrr.
1638 2240 1727 2273 Latt.
1753 2249 1788 2272 n.
1814 2239 1913 2273 5598.
1941 2257 1978 2263 —
2008 2240 2078 2272 Pa-

1195 2291 1291 2323 cuvio
1313 2290 1434 2332 leqato]
1459 2291 1594 2323 Seneca
1619 2290 1728 2332 Epist.
1747 2290 1808 2331 42,
1833 2289 1872 2322 8:
1897 2290 2076 2331 Pac-wius,

1195 2342 1253 2381 qui
1281 2341 1419 2381 Syriam
1447 2349 1512 2374 usu
1540 2349 1638 2373 suwm
1658 2341 1752 2382 fecit,
1770 2357 1821 2364 --
1835 2340 1927 2373 nullo
1949 2349 2018 2373 mm
2041 2348 2077 2374 se

1195 2392 1247 2424 die
1269 2392 1402 2424 extulit.
1419 2408 1455 2415 —
1474 2392 1740 2433 magnitudinem
1754 2390 1978 2434 imperatoris]
1996 2390 2078 2424 Ple-

1195 2442 1296 2483 rique
1314 2441 1507 2483 explicant:
1528 2442 1773 2474 «maiestatem
1785 2442 1967 2484 principis,
1982 2449 2077 2484 quae

1195 2500 1262 2533 per
1284 2491 1527 2531 arbitrarium,
1554 2492 1664 2524 immo
1688 2491 1920 2524 temerarium
1939 2491 2076 2524 Pisonis

1195 2540 1378 2583 inceptum
1401 2540 1677 2583 periclitaretur,
1702 2542 1871 2582 tantoque
1888 2541 2000 2582 magis
2016 2541 2078 2582 igi-

1195 2591 1253 2622 tur
1286 2589 1535 2623 obsistendum
1577 2599 1656 2623 esse
1695 2591 1832 2624 Pisonis
1866 2589 2075 2623 audaciae.»

1197 2640 1326 2673 Contra
1342 2640 1605 2674 Freinshemius
1622 2642 1658 2673 et
1669 2639 1883 2673 Doederlein
1898 2639 2077 2681 accipiunt

1197 2690 1240 2722 de
1266 2691 1497 2732 Germanico,
1523 2691 1676 2723 maxime
1699 2691 1848 2732 propter
1869 2697 1901 2722 c.
1927 2689 1989 2730 72,
2012 2688 2077 2722 uhi

1194 2739 1390 2782 magnitudo
1414 2740 1614 2773 Germanici
1636 2739 1760 2772 itidem
1775 2738 2014 2781 praedicatur,
2039 2738 2076 2771 et

1196 2790 1234 2831 3,
1260 2791 1302 2823 42
1325 2799 1368 2823 ac
1392 2790 1453 2831 44,
1488 2790 1550 2823 ubi
1580 2798 1667 2823 sane
1693 2789 1907 2831 imperatoris
1928 2785 2074 2822 nomine

1197 2842 1427 2874 Germanicus
1443 2840 1656 2882 intelligitur,
1674 2849 1746 2873 non
1758 2839 1934 2873 Tiberius.
1957 2841 2074 2881 Atque

1195 2891 1265 2924 hoc
1298 2891 1462 2934 praefero
1497 2899 1582 2925 cum
1615 2893 1762 2934 propter
1792 2889 1906 2923 verba
1927 2897 2075 2931 quosque

1196 2943 1388 2976 Germanici
1409 2951 1586 2983 memores,
1611 2943 1688 2975 tum
1709 2942 1857 2985 propter
1878 2949 1913 2974 v.
1937 2940 2074 2982 mayn&—

1195 2994 1353 3027 tudinem.
1390 2993 1425 3026 Si
1459 2993 1504 3026 de
1534 2992 1675 3026 Tiberio
1712 2990 1855 3034 intelligi
1888 2987 2071 3032 voluisset,

1196 3043 1317 3085 quidni
1352 3043 1499 3077 dixisset
1531 3044 1740 3076 maiestatem
1765 3041 1960 3083 principis?
1997 3041 2074 3074 Hoc

1195 3095 1299 3136 igitur
1314 3094 1399 3127 dicit
1414 3094 1574 3127 Sentius:
1595 3093 1774 3135 «dignitati
1786 3093 1976 3134 virtutique
1989 3093 2074 3125 Ger-
2102 3094 2111 3101 ‘

1194 3145 1325 3178 manici
1340 3144 1483 3185 deberi,
1508 3147 1547 3177 ut
1563 3144 1595 3177 ei
1612 3143 1773 3186 quamvis
1789 3144 1930 3176 mortuo
1945 3141 2071 3176 fideles

1195 3195 1387 3236 devotique
1417 3195 1587 3228 maneant
1614 3192 1777 3227 milites.»
1804 3209 1841 3216 —
1868 3201 1940 3226 rom
1956 3192 2072 3234 publi-

1194 3254 1270 3278 cam
1291 3246 1397 3278 armis
1413 3245 1493 3287 pets]
1519 3246 1686 3278 conatum
1699 3268 1707 3284 ,
1732 3251 1803 3285 quo
1826 3242 1906 3276 Piso
1923 3251 1969 3276 ne
1986 3251 2070 3277 con-

1193 3294 1285 3328 sulto
1309 3295 1454 3337 quidem
1476 3295 1637 3338 principe
1660 3294 1696 3326 in
1714 3293 1933 3336 provinciam
1949 3292 2069 3326 denuo

1194 3354 1276 3378 sese
1299 3345 1481 3378 intrudere
1505 3343 1608 3385 velit,
1638 3352 1710 3376 non
1732 3341 1828 3376 aliud
1855 3350 1936 3376 esse
1959 3350 2069 3385 quam

1192 3394 1328 3430 bellum
1350 3394 1451 3430 civile
1473 3401 1632 3430 movere.
1656 3393 1754 3429 Haec
1768 3393 1875 3436 igitur
1887 3394 1970 3437 post
1983 3393 2069 3434 Gerr
