2254 3770
291 257 347 302 22

768 260 813 303 P.
844 235 1093 303 coRNELn
1123 257 1293 302 TAcm
1322 255 1590 301 ANNALIUM

295 366 554 425 acceperint,
587 380 699 426 quae
719 372 816 425 post
835 365 1026 410 sedecim
1046 378 1180 409 annos
1200 363 1426 422 penatibus
1447 362 1537 406 suis
1562 361 1814 413 reddantur,
1845 360 1942 419 plus
1961 359 2076 419 peri-

295 440 492 486 culorum
509 442 758 500 suscipere?
779 454 863 484 non
885 440 1115 485 obtrectari
1137 453 1162 482 a
1182 453 1230 483 se
1250 438 1438 482 urbanas
1458 437 1680 481 excubias:
1703 435 1783 480 sibi
1805 442 1947 480 tamen
1976 441 2079 493 aput

294 516 490 560 horridas
530 524 677 575 gentes
707 531 731 560 e
762 515 1050 560 contuberniis
1088 514 1253 558 hostem
1289 513 1435 571 aspici.
1496 512 1577 568 (48)
1609 511 1884 570 adstrepebat
1911 510 2076 568 vulgus,

295 591 476 636 diversis
514 591 812 641 incitamentis,
853 590 896 634 hi
926 590 1156 635 verberum
1191 595 1333 639 notas,
1378 588 1434 630 illi
1465 587 1682 635 canitiem,
1724 586 1894 644 plurimi
1925 585 2078 630 detrita

263 667 480 724 5tegmina
510 674 552 712 et
584 667 746 711 nudum
776 680 934 725 corpus
964 664 1282 724 exprobrantes.
1341 669 1559 721 postremo
1591 675 1643 705 eo
1674 661 1828 706 furoris
1850 674 2008 705 venere
2035 666 2082 704 ut

293 749 388 787 tres¹
418 742 609 800 legiones
648 743 831 787 miscere
873 741 915 785 in
952 755 1082 784 unam
1111 738 1373 797 agitaverint.
1433 736 1601 795 depulsi
1633 735 1935 788 aemulatione,
1980 735 2082 794 quia

294 831 400 862 suae
430 817 614 876 quisque
643 817 798 875 legioni
829 813 931 861 eum
958 815 1163 859 honorem
1195 813 1479 873 quaerebant,
1513 812 1596 856 alio
1624 817 1814 862 vertunt,
1847 819 1976 870 atque
1994 824 2081 855 una

293 899 381 937 tres
412 892 576 951 aquilas
615 898 656 936 et
685 892 807 949 signa
841 891 1076 936 cohortium
1107 890 1260 935 locant.
1320 888 1444 932 simul
1476 894 1713 945 congerunt
1742 887 1974 944 caespites,
2007 900 2082 930 ex-

294 975 462 1012 struunt
487 967 686 1019 tribunal,
719 981 806 1025 quo
827 967 962 1024 magis
983 966 1214 1024 conspicua
1235 964 1363 1009 sedes
1383 964 1502 1007 foret.
1552 962 1883 1021 properantibus
1903 960 2082 1006 Blaesus

245 1043 486 1094 ioadvenit,
530 1041 866 1101 increpabatque
906 1055 957 1086 ac
997 1041 1208 1086 retinebat
1252 1040 1461 1097 singulos,
1508 1037 1727 1082 clamitans
1775 1051 1902 1081 «mea
1939 1037 2082 1095 potius

296 1119 429 1164 caede
459 1118 634 1162 imbuite
664 1131 833 1161 manus:
874 1116 1034 1160 leviore
1064 1115 1222 1174 flagitio
1251 1115 1437 1173 legatum
1466 1113 1728 1158 interficietis
1759 1127 1890 1171 quam
1919 1112 1972 1157 ab
2002 1113 2084 1156 im-

294 1201 495 1254 peratore
526 1194 796 1238 desciscitis.-
835 1199 907 1236 aut
937 1191 1160 1236 incolumis
1190 1191 1320 1235 fidem
1348 1189 1566 1248 legionum
1594 1188 1809 1238 retinebo,
1850 1195 1922 1232 aut
1959 1188 2084 1246 iugu-

295 1270 405 1314 latus
434 1270 737 1328 paenitentiam
766 1267 1059 1312 adcelerabo.»

1123 1266 1202 1323 (49)
1237 1265 1521 1324 aggerebatur
1556 1263 1686 1307 nihilo
1716 1263 1857 1307 minus
1887 1277 2081 1322 caespes,

295 1346 467 1404 iamque
487 1346 649 1403 pectori
672 1344 765 1388 eius
793 1357 932 1401 usque
963 1342 1233 1392 adcreverat‚
1266 1354 1363 1385 cum
1393 1339 1564 1384 tandem
1590 1338 1831 1397 pervicacia
1850 1338 1949 1382 victi
1970 1338 2086 1383 ince-

247 1438 283 1467 45
296 1427 415 1480 ptum
435 1421 632 1464 omisere.
690 1419 869 1463 Blaesus
898 1417 1028 1461 multa
1059 1416 1228 1461 dicendi
1260 1422 1350 1460 arte
1379 1429 1464 1458 non
1490 1429 1570 1473 per
1597 1414 1852 1459 seditionem
1871 1421 1912 1458 et
1938 1413 2085 1458 turbas

298 1495 510 1540 desideria
528 1494 707 1538 militum
724 1494 778 1538 ad
796 1494 1024 1538 Caesarem
1044 1491 1222 1536 ferenda
1243 1491 1317 1543 ait,
1336 1504 1479 1549 neque
1493 1497 1662 1534 veteres
1679 1489 1733 1534 ab
1757 1489 2086 1548 imperatoribus

297 1571 450 1630 priscis
491 1584 632 1628 neque
671 1570 787 1627 ipsos
826 1583 851 1612 a
881 1569 980 1612 divo
1010 1569 1198 1625 Augusto
1236 1573 1322 1610 tam
1357 1580 1467 1610 nova
1505 1566 1728 1623 petivisse,
1777 1573 1818 1608 et
1853 1579 2004 1623 parum
2043 1564 2086 1607 in

300 1654 490 1704 tempore
522 1645 771 1703 incipientes
801 1643 1004 1702 principis
1035 1656 1161 1687 curas
1186 1641 1367 1686 onerari.
1419 1642 1454 1684 si
1483 1647 1625 1684 tamen
1654 1639 1877 1685 tenderent
1906 1641 1947 1683 in
1978 1653 2086 1699 pace

298 1728 504 1780 temptare
528 1735 639 1779 quae
662 1735 714 1764 ne
738 1719 923 1764 civilium
944 1718 1120 1777 quidem
1149 1717 1359 1762 bellorum
1389 1716 1573 1760 victores
1603 1716 1978 1774 expostulaverint,
2011 1729 2088 1760 cur

248 1814 286 1844 20
301 1803 446 1841 contra
476 1810 639 1839 morem
670 1795 890 1853 obsequii,
924 1801 1069 1839 contra
1098 1794 1160 1837 fas
1188 1791 1439 1850 disciplinae
1459 1792 1544 1836 vim
1564 1791 1849 1835 meditentur?
1880 1791 2088 1836 decerne-

301 1878 394 1916 rent
422 1871 604 1928 legatos,
637 1884 772 1929 seque
800 1883 942 1914 coram
972 1869 1172 1912 mandata
1193 1868 1354 1912 darent.
1404 1867 1718 1918 adclamavere,
1751 1873 1799 1910 ut
1816 1866 1927 1910 filius
1948 1866 2087 1911 Blaesi

343 1987 373 2019 i.
400 1985 526 2026 accepit
548 1986 581 2018 M
606 1984 801 2026 (acceperint
822 1982 975 2025 margo);
1002 1983 1187 2024 acciperent
1210 1984 1378 2016 Faernus.
1407 2000 1443 2006 -
1469 1981 1681 2023 operantibus
1704 1982 1729 2014 Ι.
1748 1982 1802 2013 Fr.
1821 1982 2028 2014 Gronovius.
2048 1999 2084 2010 ,-

299 2037 352 2069 ⁴2.
377 2036 546 2068 incolomis
568 2043 745 2077 superscr.
764 2043 788 2066 u
802 2034 836 2067 M
854 2052 889 2056 —
915 2034 1091 2075 &caelatur
1106 2034 1137 2066 Μ
1158 2052 1193 2057 -
1220 2033 1274 2066 43.
1301 2033 1531 2075 ayqerabatur
1552 2030 1713 2064 Walther
1737 2030 1831 2073 (coll.
1851 2040 1883 2065 c.
1900 2031 1936 2063 6⁴
1959 2033 1994 2064 et
2009 2032 2086 2074 63):

298 2085 520 2127 aggerebatur
542 2085 592 2123 M3
628 2084 691 2117 sed
728 2083 872 2116 offendit
909 2082 1111 2116 assimilatio
1142 2091 1220 2125 ‘¹99-
1253 2083 1346 2115 inter
1373 2082 1483 2115 verba
1511 2082 1704 2114 adcelerabo
1730 2082 1766 2114 et
1791 2082 1998 2115 adcreverat.
2036 2082 2087 2115 Cf.

299 2144 329 2168 c.
349 2135 402 2167 35.
429 2136 461 2174 2,
483 2136 536 2168 57.
563 2134 595 2174 3,
614 2135 666 2166 62.
689 2153 723 2158 -
750 2134 803 2167 44.
825 2135 952 2175 pectori
974 2135 1044 2167 eius
1065 2143 1169 2176 usque
1191 2133 1476 2174 Bezzenberger:
1499 2133 1626 2173 pectori
1642 2134 1774 2172 eiusque
1789 2133 1822 2165 M
1839 2132 1976 2172 (pectori
1989 2141 2091 2174 usque

301 2185 434 2226 margo)
461 2202 496 2207 —
519 2185 709 2225 peruicatia
724 2185 757 2218 M
775 2202 809 2207 —
835 2185 924 2216 victa
947 2184 1224 2226 Bezzenbergeri
1247 2185 1449 2217 coniectura
1474 2183 1518 2216 ab
1542 2184 1619 2225 ipso
1639 2184 1707 2215 iam
1725 2183 1875 2222 reiecta,
1900 2181 1945 2215 ab
1962 2183 2088 2216 Haasio

299 2236 455 2277 recepta.
479 2253 513 2257 —
541 2235 592 2268 46.
618 2235 993 2276 desideria·-ferenda·
1010 2244 1062 2276 pr.
1081 2236 1130 2274 M?
1157 2235 1297 2276 utrique
1322 2236 1443 2267 autem
1459 2243 1499 2273 a,
1523 2233 1659 2266 litterae
1682 2242 1706 2265 a
1728 2232 1947 2275 aliquatenus
1970 2231 2087 2272 simili,

300 2284 366 2317 alio
390 2286 587 2317 atramento
612 2285 848 2327 superductae
874 2286 955 2317 sunt
977 2284 1144 2326 lineolae,
1169 2287 1208 2318 ut
1232 2285 1288 2318 del
1312 2286 1413 2318 Furia
1437 2284 1561 2326 legerit
1583 2280 1964 2324 desiderias-ferenda.

301 2384 510 2418 invidiosam
539 2385 734 2417 orationem
765 2393 844 2418 esse
876 2383 1060 2418 nebulonis
1083 2387 1170 2418 Per-

303 2436 418 2469 cennii
442 2434 486 2467 de
504 2434 643 2467 duobus
660 2435 830 2473 denariis,
858 2437 892 2467 et
908 2435 1088 2476 augendae
1105 2435 1169 2468 rei.

303 2487 389 2519 Lirs.
417 2503 452 2508 -
480 2485 674 2527 acceperint]
712 2485 756 2517 ad
788 2485 820 2518 id
855 2487 996 2527 tempus
1019 2487 1172 2519 retertur

305 2536 346 2577 (a.
372 2545 405 2568 u.
431 2535 523 2576 727),
560 2544 629 2577 quo
653 2535 783 2568 factum
808 2535 892 2568 illud
915 2538 1059 2569 senatus
1084 2545 1172 2569 con-

304 2585 452 2625 sultum,
479 2585 577 2618 cuius
602 2586 817 2618 mentionem
843 2585 924 2618 facit
946 2586 1027 2624 Dio,
1061 2586 1170 2619 multo

303 2636 407 2677 igitur
436 2634 562 2667 melius
591 2635 785 2676 perfectum
811 2644 916 2676 quam
941 2634 1089 2669 aliorum
1113 2645 1172 2668 ac-

305 2686 459 2725 ciperem.
488 2701 523 2708 —
547 2688 621 2725 post
643 2685 780 2717 sedecim
803 2685 917 2727 annos]
943 2686 1006 2717 Dio
1030 2687 1083 2725 55,
1109 2686 1167 2718 23:

305 2734 513 2778 ἐψηφίσθη
546 2735 587 2775 (a.
615 2734 688 2774 758)
724 2737 804 2775 τοῖς
834 2733 905 2776 μὲν
936 2733 978 2767 ἐκ
1008 2733 1075 2767 τοῦ
1107 2733 1172 2767 δο-

305 2782 517 2832 ρυφορικοῦ
532 2783 837 2825 πεντακισχιλίας
849 2782 1023 2830 δραχμάς
1038 2786 1171 2824 (vicena

305 2835 399 2868 milia
432 2836 649 2874 nummum),
686 2831 836 2867 ἐπειδὰν
868 2834 1068 2868 ἑκκαίδεκα
1089 2832 1170 2879 ἔτη,

306 2888 388 2926 τοῖς
410 2883 450 2917 δὲ
471 2884 612 2930 ἑτέροις
627 2883 837 2930 τρισχιλίας
855 2885 1029 2924 (duodena
1043 2895 1089 2919 m.
1106 2888 1170 2927 n.),

306 2933 458 2970 ἐπειδὰν
482 2933 605 2969 εἴκοσι
629 2932 952 2981 στρατεύσωνται,
981 2934 1168 2969 δίδοσθαι.

309 3003 344 3010 -
365 2986 513 3019 urbanas
534 2985 700 3027 excubias]
726 2985 938 3019 vocabulum
962 2987 995 3019 in
1019 2987 1170 3020 hominis

307 3036 463 3069 seditiosi
495 3044 557 3068 ore
589 3035 673 3068 satis
704 3035 931 3068 invidiosum:
970 3037 1104 3069 «omnis
1136 3038 1172 3069 et

307 3085 437 3119 laboris
461 3086 496 3118 et
518 3084 664 3127 periculi
687 3085 899 3117 immunes.»

352 3137 404 3169 ⁴8.
428 3136 600 3169 verberum
621 3137 717 3167 nolas
731 3152 748 3158 -
761 3152 778 3158 -
794 3134 1042 3177 exprobrantes]
1068 3135 1118 3168 Cf.
1138 3145 1169 3169 c.

308 3187 366 3219 35:
399 3186 567 3218 cicatrices
587 3194 631 3218 ex
651 3184 859 3224 vulneribus,
884 3184 1057 3217 verberum
1079 3189 1174 3218 notas

308 3236 523 3277 exprobrant.
550 3253 587 3260 —
612 3244 649 3268 eo
669 3235 808 3276 furoris]
840 3234 977 3267 Etenim
1010 3235 1076 3267 hoc
1105 3237 1174 3268 Ro-

309 3286 421 3319 manis
444 3285 580 3327 legibus
596 3286 834 3326 institutisque
850 3284 1013 3317 omnihus
1030 3293 1173 3326 prorsus

309 3336 540 3378 repugnabat.
568 3353 605 3359 -
634 3344 709 3369 eum
731 3334 896 3377 honorem]
920 3336 958 3367 ut
982 3333 1106 3376 legioni
1132 3344 1174 3367 ex

310 3385 422 3419 tribus
446 3385 650 3419 miscendae
679 3393 765 3419 suae
795 3383 941 3426 legionis
965 3392 1097 3417 nomen
1120 3384 1175 3417 in-

1222 2385 1383 2424 deretur,
1409 2385 1447 2417 ut
1469 2393 1555 2417 suae
1571 2383 1717 2425 legionis
1732 2383 1946 2416 retineretur
1961 2381 2088 2424 aquila,

1220 2437 1260 2468 ut
1283 2444 1302 2468 e
1326 2443 1388 2467 sua
1413 2433 1548 2475 legione
1573 2434 1643 2466 dux
1667 2434 1867 2472 crearetur,
1894 2433 1930 2465 et
1951 2431 2089 2465 similia.

1225 2503 1260 2509 —-
1285 2486 1382 2527 signa
1403 2484 1596 2527 cohortium]
1632 2484 1689 2517 hic
1721 2485 1756 2516 et
1786 2484 1871 2516 nist.
1899 2484 1930 2522 ⁴,
1963 2481 2023 2522 44,
2053 2483 2093 2515 ut

1222 2535 1310 2567 infra
1338 2544 1369 2568 c.
1395 2534 1448 2567 34.
1475 2535 1720 2566 memorantur
1744 2533 1869 2566 vexilla
1897 2532 2089 2566 cohortium.

1222 2586 1277 2617 Sic
1312 2584 1510 2617 SIGNIFER
1547 2583 1752 2617 COHORTIS
1788 2585 1843 2616 est
1874 2584 2000 2615 [nscrr.
2033 2582 2090 2615 Or.

1221 2644 1256 2668 n.
1289 2634 1391 2672 3483;
1428 2636 1464 2667 at
1499 2643 1582 2666 vero
1618 2634 1723 2667 etiam
1760 2633 1959 2666 SIGNIFER
1992 2633 2044 2665 IN
2073 2632 2094 2665 7

1221 2684 1411 2727 (centuria)
1436 2693 1492 2726 ap.
1519 2685 1614 2717 Grut.
1636 2684 1731 2723 ⁴409,
1759 2683 1811 2716 ⁴0.
1839 2700 1873 2706 —
1913 2686 2095 2724 conyerimt

1220 2735 1385 2776 caespites]
1403 2735 1448 2767 ad
1465 2734 1718 2767 exstruendum
1734 2732 1905 2770 tribunal;
1924 2734 2090 2766 nimirum

1222 2786 1418 2818 evidentiae
1435 2793 1540 2817 causa
1559 2783 1711 2817 eandem
1736 2784 1916 2816 actionem
1939 2783 1973 2815 in
1991 2782 2092 2822 duas,

1223 2832 1261 2868 ut
1277 2837 1322 2868 ita
1341 2836 1470 2873 dicam,
1496 2834 1640 2866 diducit.
1674 2835 1787 2875 Prope
1805 2831 1956 2865 tribunal
1973 2833 2093 2864 autem

1222 2885 1359 2926 aquilae
1385 2886 1420 2917 et
1442 2885 1538 2926 signa
1555 2882 1774 2916 locabantur.
1798 2900 1831 2905 —
1858 2881 1956 2923 sedes]
1979 2880 2091 2919 locus,

1223 2944 1293 2977 quo
1319 2934 1603 2968 conveniendum
1628 2933 1724 2966 esset
1746 2931 1914 2965 militibus
1937 2931 1982 2963 ad
2005 2939 2093 2963 con-

1221 2986 1335 3017 tiones
1373 2983 1557 3017 habendas
1595 2985 1700 3024 atque
1739 2981 1783 3014 ad
1819 2979 2086 3014 deliberandum

1220 3036 1312 3067 inter
1334 3043 1393 3075 se,
1419 3034 1480 3067 ubi
1503 3042 1592 3076 opus
1616 3035 1721 3066 esset.

1266 3086 1318 3117 49.
1344 3085 1423 3126 cius]
1441 3084 1565 3118 Blaesi.
1586 3082 1750 3116 «Blaesus
1766 3082 1922 3124 caespite
1934 3089 1973 3114 se
1986 3079 2090 3113 obrui

1221 3144 1391 3178 passurus
1415 3135 1548 3177 potius,
1586 3142 1694 3175 quam
1723 3133 1762 3165 ut
1793 3131 1902 3164 fldem
1932 3133 2089 3171 exueret,

1223 3194 1265 3218 eo
1289 3186 1365 3227 ipso
1389 3184 1466 3217 loco
1491 3184 1663 3223 constitit,
1688 3182 1748 3215 ubi
1775 3188 1923 3223 caespes
1945 3188 2094 3221 aggera-

1222 3235 1338 3267 hatur.
1385 3236 1449 3274 Qui
1481 3242 1562 3267 cum
1594 3234 1663 3266 iam
1688 3231 1823 3275 pectori
1845 3231 1997 3263 mortem
2022 3230 2091 3262 im-

1223 3286 1417 3317 minentem
1447 3294 1516 3317 non
1539 3283 1698 3326 paventis
1720 3289 1834 3323 usque
1859 3280 2087 3319 accrevisset,

1223 3335 1419 3377 pervicacia
1445 3334 1582 3375 (Blaesi)
1607 3333 1732 3374 insigni
1747 3331 1829 3364 victi
1853 3328 1980 3363 milites
2006 3329 2090 3370 (Liv.

1224 3385 1257 3426 7,
1283 3384 1342 3417 ⁴8:
1380 3384 1487 3417 victae
1506 3382 1759 3426 perseverantia
1787 3379 1958 3414 consutum
1980 3378 2087 3421 plebis
