2254 3770
804 302 850 345 P.
881 301 1130 347 CORNELII
1159 303 1329 348 TACITI
1357 304 1624 351 ANNALIUM

443 407 524 464 (20)
570 408 738 453 Nerone
778 414 977 467 quartum
1007 409 1204 454 Cornelio
1238 410 1372 455 Cosso
1401 415 1518 456 cons.
1547 411 1868 471 quinquennale
1906 414 2117 460 ludicrum

330 482 488 527 Romae
518 483 750 527 institutum
780 490 845 528 est
873 483 927 528 ad
956 498 1119 530 morem
1141 486 1290 530 Graeci
1311 488 1571 539 certaminis,
1602 489 1868 541 variafama,
1901 496 1946 533 ut
1966 496 2118 535 cuncta

329 556 463 602 ferme
493 572 616 603 nova.
646 559 807 618 quippe
837 566 958 603 erant
986 561 1060 619 qui
1087 561 1159 605 Cn.
1182 575 1357 620 quoque
1388 563 1641 621 Pompeium
1669 564 1909 608 incusatum
1929 578 1955 609 a
1974 565 2119 610 senio-

330 632 449 677 ribus
479 633 655 687 serrent,
688 635 803 694 quod
834 649 1080 680 mansuram
1110 636 1261 680 theatri
1292 636 1441 682 sedem
1469 638 1696 696 posuisset.
1728 653 1827 684 nam
1846 646 1970 684 antea
2000 640 2119 685 subi-

297 709 447 754 stariis
478 709 682 768 gradibus
712 717 754 754 et
783 724 938 755 scaena
969 712 1011 754 in
1040 718 1210 770 tempus
1241 718 1400 757 structa
1429 713 1553 757 ludos
1585 714 1654 758 edi
1684 715 1855 768 solitos;
1885 714 1953 760 vel
1982 715 2019 760 si
2045 729 2119 760 ve-

329 786 507 830 tustiora
538 792 728 844 repetas,
763 793 944 831 stantem
973 787 1180 846 populum
1201 788 1487 846 spectavisse,
1519 803 1589 842 ne,
1620 790 1655 833 si
1677 789 1921 835 consideret
1941 790 2117 844 theatro,

330 861 424 906 dies
443 868 555 906 totos
577 862 745 920 ignavia
766 863 1043 907 continuaret.
1065 863 1407 921 spectaculorum
1423 863 1599 922 quidem
1615 865 1842 923 antiquitas
1864 873 2117 919 servaretur,

330 937 529 995 quotiens
567 944 790 996 praetores
828 938 1026 990 ederent,
1065 938 1180 983 nulla
1216 939 1415 997 cuiquam
1446 940 1602 984 civium
1631 940 1886 985 necessitate
1916 941 2120 986 certandi.

331 1015 522 1058 ceterum
565 1013 746 1057 abolitos
791 1014 995 1072 paulatim
1038 1015 1199 1072 patrios
1244 1028 1386 1058 mores
1429 1014 1633 1077 funditus!
1660 1016 1792 1060 everti
1829 1030 1908 1074 per
1943 1017 2120 1062 accitam

279 1099 316 1130 ιο
330 1088 564 1141 lasciviam,
596 1095 659 1141 ut,
693 1089 811 1147 quod
840 1103 1024 1148 usquam
1054 1090 1270 1148 corrumpi
1301 1097 1343 1134 et
1373 1104 1650 1149 corrumpere
1679 1098 1827 1149 queat,
1860 1093 1902 1135 in
1926 1092 2035 1137 urbe
2053 1092 2119 1137 vi-

331 1171 464 1217 satur,
497 1165 818 1223 degeneretque
849 1164 1000 1209 studiis
1031 1165 1216 1209 externis
1247 1165 1462 1218 iuventus,
1495 1167 1716 1224 gymnasia
1737 1173 1780 1211 et
1799 1167 1883 1211 otia
1905 1174 1948 1212 et
1971 1174 2120 1226 turpes

330 1254 500 1284 amores
531 1240 789 1292 exercendo,
831 1240 1024 1299 principe
1054 1247 1096 1285 et
1125 1247 1276 1285 senatu
1306 1242 1573 1294 auctoribus,
1613 1242 1685 1301 qui
1717 1256 1802 1286 non
1830 1242 1960 1287 modo
1989 1242 2121 1288 licen-

329 1316 431 1360 tiam
459 1316 572 1360 vitiis
601 1316 894 1374 permiserint,
936 1316 1015 1360 sed
1044 1317 1131 1361 vim
1159 1316 1407 1369 adhibeant,
1449 1324 1495 1361 ut
1534 1331 1738 1375 proceres
1768 1318 1943 1362 Romani
1973 1319 2120 1377 specie
2188 1356 2189 1360 ,

331 1392 570 1436 orationum
600 1398 642 1436 et
672 1392 906 1436 carminum
927 1405 1084 1437 scaena
1109 1392 1363 1450 polluantur.
1395 1392 1500 1451 quid
1521 1407 1752 1452 superesse
1771 1394 1852 1438 nisi
1873 1400 1920 1438 ut
1939 1399 2121 1453 corpora

280 1479 316 1510 ⁴5
330 1481 505 1527 quoque
534 1467 698 1512 nudent
726 1473 770 1512 et
797 1474 968 1512 caestus
999 1467 1224 1513 adsumant
1253 1482 1415 1527 easque
1445 1483 1610 1527 pugnas
1639 1483 1718 1528 pro
1747 1469 1894 1514 militia
1918 1476 1963 1514 et
1989 1469 2120 1514 armis

329 297 412 345 452

398 1585 428 1617 4.
455 1586 577 1626 quarto
601 1583 634 1617 M
667 1601 703 1607 -
733 1583 767 1616 2.
798 1583 947 1616 institam
969 1584 1003 1618 M
1034 1601 1070 1607 ——
1101 1583 1133 1617 3.
1166 1584 1228 1617 Gn.
1254 1584 1289 1618 M
1315 1603 1350 1608 -
1384 1584 1416 1617 6.
1440 1593 1482 1618 ne
1503 1584 1838 1618 si--continuaret.
1862 1577 2122 1627 spectaculorum

331 1640 411 1674 cod.
429 1637 629 1682 Agricolae:
655 1640 683 1672 si
698 1656 717 1663 —
732 1657 751 1663 -
766 1640 985 1672 continuaret.
1011 1649 1052 1672 ne
1074 1641 1337 1681 spectaculorum
1352 1641 1385 1674 M
1405 1659 1436 1665 —
1466 1641 1498 1674 8.
1512 1644 1684 1682 praetores
1699 1642 1829 1674 ederent
1850 1641 2002 1684 Lipsius:
2022 1649 2122 1683 prae-

330 1701 382 1730 tor
404 1697 527 1730 sederet
550 1697 600 1733 Μ;
622 1699 761 1737 praetor
783 1696 892 1729 ederet
913 1696 1078 1730 Ritterus.
1108 1714 1140 1721 —
1168 1697 1200 1729 9.
1225 1700 1371 1743 ceterum
1395 1698 1429 1730 M
1454 1715 1487 1721 —
1518 1698 1570 1730 ⁴2.
1589 1706 1704 1730 amore
1725 1697 1759 1730 M
1785 1715 1821 1721 -
1841 1698 2010 1739 principes
2030 1697 2064 1731 M
2082 1714 2120 1721 -

329 1753 382 1787 43.
407 1757 445 1786 ut
467 1751 661 1786 Acidalius:
687 1760 758 1786 om.
783 1752 818 1786 M
843 1770 879 1775 —-
906 1752 960 1786 44.
984 1761 1082 1786 scena
1105 1754 1138 1786 M
1163 1771 1198 1776 —
1226 1754 1300 1794 quis
1322 1754 1356 1787 M
1382 1771 1417 1776 —
1443 1753 1498 1796 ut]
1521 1754 1560 1786 In
1582 1762 1760 1796 superser.
1785 1756 1822 1786 ut
1843 1754 1888 1787 M.

373 1848 427 1881 20.
445 1847 596 1881 Cornelio
611 1846 718 1890 Cosso]
737 1846 891 1880 Cornelii
907 1847 1025 1887 Cossi,
1049 1846 1201 1881 consulis

330 1907 363 1931 a.
387 1907 423 1932 u.
449 1898 513 1931 778
538 1896 581 1939 (4,
607 1897 672 1937 34),
698 1896 781 1930 filio.
809 1915 845 1921 —
877 1898 1121 1938 quinquennale
1147 1898 1201 1930 lu—

331 1948 472 1991 dicrum]
499 1948 684 1982 Suetonius
699 1949 781 1981 Ner.
801 1949 859 1980 42:
884 1948 1029 1981 instituit
1050 1952 1080 1981 et
1102 1950 1202 1989 quin-

328 2000 490 2041 quennale
500 2003 666 2032 certamen
672 1999 806 2040 primus
818 2001 966 2032 omnium
978 2001 1098 2032 Romae
1109 2008 1203 2032 more

329 2052 458 2085 Graeco
473 2050 610 2091 triplam,
627 2050 801 2090 musicum,
821 2050 1023 2092 qymnicum,
1041 2053 1199 2091 equestre,

328 2102 416 2142 quod
439 2100 618 2142 appellavit
637 2100 797 2132 Neronia.
822 2097 1015 2146 Νερώνεια
1030 2100 1202 2133 vocantur

328 2152 435 2184 etiam
455 2159 475 2183 a
495 2151 605 2183 Dione
618 2149 673 2191 64,
687 2150 722 2182 24
747 2150 914 2191 (instituta
931 2147 1026 2197 ὑπὲρ
1043 2148 1112 2193 τῆς
1128 2160 1200 2182 σω-

327 2203 461 2250 τηρίας
471 2199 541 2244 τῆς
552 2210 593 2234 τε
602 2198 790 2243 διαμονῆς
802 2200 871 2234 τοῦ
884 2197 1198 2248 κράτουςαῦτοῦ),

326 2253 496 2285 Neroneus
510 2260 600 2294 aqon
610 2251 706 2284 Suet.
721 2251 804 2284 Ner.
815 2251 853 2284 24
865 2276 873 2291 ,
890 2253 1078 2285 Neroneum
1090 2255 1201 2284 certa-

325 2311 400 2335 men
412 2303 505 2335 Suet.
521 2300 634 2334 Vitell.
648 2300 680 2334 4.
699 2301 761 2334 Est
774 2302 843 2334 hoc
858 2302 987 2344 ipsum,
1000 2302 1097 2344 quod
1106 2302 1202 2334 Taci-

327 2354 383 2386 tus
397 2353 450 2392 46,
461 2352 481 2385 4
497 2352 634 2384 lustrale
646 2354 812 2384 certamen
827 2351 990 2394 appellat.
1010 2351 1109 2391 Quod
1126 2350 1200 2384 lon-

327 2412 371 2444 go
392 2401 575 2435 intervallo
592 2403 672 2444 post
686 2402 826 2434 reduxit
842 2404 877 2435 et
892 2402 1044 2435 firmavit
1059 2401 1201 2434 Gordia-

327 2462 394 2487 nus
410 2454 537 2495 iunior,
555 2453 600 2486 de
618 2461 688 2494 quo
696 2452 814 2486 Aurel.
831 2453 950 2486 Victor
967 2462 999 2486 c.
1013 2453 1074 2485 27:
1100 2461 1202 2493 eoque

328 2512 417 2536 anno
439 2503 536 2536 lustri
558 2503 759 2543 certamine,
785 2504 872 2544 quod
886 2503 975 2535 Nero
991 2503 1130 2535 Romam
1150 2503 1202 2535 in-

326 2557 485 2595 vexerat,
511 2557 610 2586 aucta
631 2555 830 2595 firmatoque
854 2553 891 2586 in
905 2554 1023 2586 Persas
1034 2553 1203 2595 profectus

326 2607 385 2637 est.
421 2604 472 2636 Ita
505 2604 636 2637 Romae
665 2603 819 2636 imitatus
843 2604 897 2636 est
920 2604 1013 2636 Nero
1037 2601 1200 2644 exempla

327 2653 491 2687 ludorum
516 2652 832 2695 quinquennalium
856 2654 1080 2686 Actiacorum
1103 2654 1200 2695 (Sue-

326 2705 399 2737 ton.
425 2705 512 2745 Aug.
539 2703 611 2744 98),
640 2704 844 2737 certaminis
869 2703 1140 2746 quinquennalis
1164 2704 1200 2736 in

327 2754 471 2796 Augusti
494 2754 668 2786 honorem
689 2753 733 2786 ab
751 2754 892 2787 Herode
911 2755 1059 2796 (loseph.
1079 2755 1133 2795 45,
1151 2755 1196 2795 8),

328 2802 596 2851 πεντετηρικοῦ
631 2802 734 2850 ἱεροῦ
779 2800 929 2848 ἀγῶνος
963 2803 1120 2837 eundem
1154 2803 1199 2836 ad

326 2854 438 2888 finem
466 2862 487 2886 a
516 2852 753 2896 Neapolitanis
784 2854 973 2888 constituti.
1011 2853 1155 2896 (Strabo
1178 2855 1199 2887 ὅ

327 2913 362 2947 p.
386 2904 476 2946 246.)
507 2905 595 2937 Sunt
625 2907 661 2937 et
688 2905 826 2937 nummi
854 2905 1043 2938 Neroniani
1071 2906 1122 2938 sic
1145 2905 1201 2937 in-

327 2954 467 2996 scripti:
499 2953 720 2987 CERTAMen.
749 2955 893 2996 QVINQ.
920 2954 1078 2988 ROMAE.
1105 2954 1200 2988 0οη-

326 3004 487 3038 stitutum.
514 3002 655 3046 (Eckhel
676 3005 718 3036 D.
737 3005 777 3037 N.
796 3005 858 3044 VI,
875 3013 910 3047 p.
928 3004 1004 3038 264.
1022 3005 1199 3038 Akerman

327 3054 359 3095 I,
384 3063 420 3097 p.
447 3054 535 3096 ⁴05.)
562 3072 598 3078 —
632 3054 752 3095 quippe
781 3057 878 3086 erant
899 3055 957 3095 qui
979 3055 1061 3097 cet.]
1091 3054 1200 3088 Taciti

326 3105 438 3147 ipsius
453 3103 622 3137 iudicium
639 3102 684 3136 de
708 3104 850 3136 sacris
874 3103 928 3137 his
947 3104 1199 3138 certaminibus

328 3155 489 3195 musicis,
514 3153 662 3197 poeticis
674 3179 682 3194 ,
707 3152 893 3186 rhetoricis
917 3154 953 3186 et
969 3163 989 3187 a
1006 3151 1146 3188 Nerone
1164 3156 1200 3188 et

327 3212 348 3237 a
363 3204 564 3238 Domitiano
588 3212 632 3236 ex
649 3201 864 3236 Graecorum
888 3203 1080 3237 imitatione
1104 3205 1200 3237 insti-

327 3255 430 3295 tutis,
466 3253 533 3288 sed
561 3263 581 3286 a
610 3253 736 3296 priscis
772 3253 1011 3287 Romanorum
1040 3253 1199 3287 moribus

327 3311 473 3346 prorsus
495 3301 771 3336 abhorrentibus
783 3326 792 3342 ,
817 3301 873 3334 hic
888 3304 1003 3344 promi
1019 3304 1124 3345 atque
1141 3312 1200 3337 eo-

327 3353 480 3387 rundem
509 3353 644 3386 severis
675 3351 886 3385 adversariis
917 3351 1023 3385 tribui
1051 3353 1199 3387 manife-

327 3404 423 3436 stum
453 3404 517 3436 est.
560 3403 690 3436 Contra
720 3410 811 3445 quae
841 3405 1070 3444 opponuntur
1099 3413 1130 3437 c.
1155 3404 1192 3437 2⁴

328 3451 532 3486 hominibus
559 3450 751 3486 levioribus
775 3453 811 3485 et
833 3450 879 3484 ad
901 3452 1050 3486 Neronis
1072 3452 1199 3487 volun-

1251 1849 1340 1882 tates
1363 1847 1641 1881 accommodatis
1666 1848 1889 1881 conveniunt.
1927 1845 2000 1887 (Cf.
2026 1846 2122 1880 Mor-‘-
2177 1864 2179 1867 ·

1251 1897 1328 1931 celli
1351 1899 1432 1931 Sull’
1457 1907 1564 1941 ayone
1584 1899 1763 1940 capitolino
1786 1899 1912 1931 dissert.
1930 1896 2044 1939 pubbl.
2062 1897 2121 1930 dal

1250 1949 1329 1982 dott.
1354 1949 1474 1982 Labus.
1492 1950 1619 1982 Milano
1637 1953 1732 1982 4816.
1736 1948 1750 1991 )
1769 1966 1805 1972 —
1825 1949 1912 1990 quod
1926 1965 1975 1973 --
1984 1948 2119 1990 posuis-

1250 2000 1312 2042 set]
1349 2001 1564 2043 Perpetuum
1597 2008 1683 2032 sane
1718 2000 1894 2032 theatrum
1928 1998 2117 2041 Pompeius

1251 2050 1409 2083 condidit
1431 2050 1566 2092 primus
1582 2059 1614 2083 a.
1628 2059 1663 2084 u.
1681 2049 1756 2083 699.
1782 2049 1845 2091 (Cf.
1863 2049 1896 2089 3,
1914 2049 1982 2089 23.)
2005 2049 2118 2082 Antea

1250 2101 1419 2134 subitaria
1443 2102 1545 2133 erant
1567 2101 1602 2133 et
1625 2108 1816 2133 censorum
1839 2099 1937 2132 iussu
1958 2097 2119 2142 plerum-

1251 2159 1320 2192 que
1350 2150 1509 2183 disiecta.
1535 2149 1676 2183 Tertull.
1703 2149 1747 2183 de
1778 2151 1889 2192 spect.
1916 2149 1978 2181 ⁴0:
2015 2150 2121 2189 Saepe
2155 2169 2158 2171 Δ

1250 2209 1397 2233 censores
1418 2201 1627 2233 renascentia
1649 2200 1780 2233 theatra
1795 2198 2021 2239 destruebant,
2044 2204 2120 2231 mo·-

1249 2251 1341 2284 ribus
1368 2251 1582 2291 consulentes,
1619 2259 1761 2292 quorum
1790 2249 1913 2282 scilicet
1929 2249 2119 2290 por-iculum

1250 2302 1364 2344 inqens
1397 2302 1436 2335 de
1468 2302 1607 2334 lascivia
1634 2300 1866 2342 providebant.
1888 2317 1908 2323 -
1921 2317 1941 2324 -
1955 2316 1976 2324 -
2000 2299 2119 2340 Itaque

1250 2353 1420 2393 Pompeius
1434 2353 1578 2394 Maqnus
1599 2352 1667 2384 solo
1683 2351 1811 2384 theatro
1825 2359 1885 2383 suo
1899 2349 2022 2390 minor,
2038 2357 2116 2382 cuns

1250 2403 1344 2435 illam
1365 2411 1477 2435 arcem
1499 2402 1646 2435 omnium
1664 2401 1908 2443 turpitudinum
1925 2400 2121 2439 centannis·-

1251 2456 1317 2493 set,
1341 2453 1466 2486 veritus
1489 2453 1688 2494 quandoque
1707 2452 1887 2484 memoriae
1907 2458 1988 2483 mae
2008 2457 2121 2484 censo·

1250 2504 1339 2536 riam
1361 2504 1697 2543 animadversionem,
1723 2503 1857 2536 ‘Veneris
1874 2502 1988 2535 aedem
2001 2509 2121 2542 mpor-

1246 2554 1368 2595 posuit.
1394 2554 1465 2586 Liv.
1491 2554 1580 2596 Epit.
1603 2553 1660 2587 48:
1689 2552 1772 2586 Cum
1793 2553 1939 2586 locatum
1959 2560 1985 2584 a
2003 2558 2120 2584 censo·

1250 2604 1343 2637 ribus
1371 2603 1528 2646 (Messala
1549 2607 1580 2636 et
1602 2603 1715 2637 Cassio
1741 2602 1812 2636 val.
1838 2603 1929 2637 Max.
1953 2602 1994 2642 2,
2019 2601 2061 2643 4,
2084 2599 2118 2642 ἰ)

1251 2655 1415 2688 theatrum
1429 2658 1668 2695 exstrueretur,
1696 2655 1730 2687 P.
1749 2652 1898 2687 Cornelio
1912 2651 2040 2684 Nasica
2052 2658 2122 2683 au-

1250 2704 1340 2738 ctore'
1370 2709 1542 2746 tamquam
1567 2705 1682 2737 inutile
1710 2707 1741 2737 et
1762 2703 1953 2736 nociturum
1976 2700 2120 2743 publicis

1250 2754 1397 2787 moribus
1425 2764 1469 2788 ex
1496 2758 1630 2788 senatu-s
1657 2754 1803 2787 consulto
1831 2753 2032 2786 destructum
2059 2753 2119 2792 est,

1244 2805 1453 2847 populusque
1473 2805 1684 2846 aliquamdiu
1705 2807 1740 2837 st
1749 2813 1771 2837 a
1778 2813 1801 2836 n
1808 2812 1825 2836 s
1842 2803 1936 2835 ludos
1947 2801 2119 2843 spectavit.
2184 2839 2186 2841 ,

1252 2855 1303 2888 Cf.
1313 2854 1433 2888 Vellei.
1450 2856 1546 2895 4,45.
1566 2855 1714 2897 Appian.
1730 2855 1767 2887 Β.
1784 2854 1822 2887 C.
1838 2854 1870 2893 4,
1884 2851 1937 2886 28.
1956 2850 2122 2893 Augusti*-

1251 2913 1317 2937 nus
1341 2905 1379 2938 C.
1404 2905 1446 2937 D.
1473 2905 1504 2946 4,
1522 2904 1583 2938 34ε
1607 2905 1681 2946 Ipse
1701 2907 1809 2937 vester
1829 2902 1981 2944 pontisera
2001 2900 2120 2934 maxi-

1249 2964 1323 2987 mus
1346 2955 1490 2995 Nasica,
1522 2964 1545 2987 a
1573 2958 1692 2988 senatu
1715 2954 1872 2996 temporis
1892 2952 1984 2986 illius
2004 2951 2122 2985 oleum

1249 3005 1318 3038 sine
1349 3005 1422 3038 ulla
1453 3007 1691 3039 sententiarum
1713 3004 1936 3046 discrepantia
1956 3003 2013 3035 eir
2033 3001 2121 3043 opti-

1249 3063 1340 3096 mus,
1365 3064 1503 3089 caveam
1525 3056 1644 3088 theatri
1667 3059 1818 3089 senatum
1839 3057 2029 3087 construere
2046 3060 2121 3085 mo-
2180 3090 2182 3092 v

1248 3105 1378 3138 lientem
1399 3105 1441 3138 ab
1462 3106 1527 3138 hac
1541 3106 1751 3147 dispositione
1772 3108 1804 3138 et
1824 3103 2006 3146 cupiditate
2026 3109 2120 3135 eom-

1242 3155 1389 3196 pescuit,
1412 3156 1645 3196 persuasitque
1667 3155 1817 3188 oratione
1835 3153 2054 3198 gravissima,
2077 3159 2120 3185 ns

1250 3205 1416 3239 Graecam
1437 3206 1614 3239 luoeuriam
1633 3205 1784 3238 virilibus
1810 3204 1947 3246 patrias
1970 3201 2120 3235 mou-ibus
2154 3192 2163 3199 ’
2183 3231 2187 3237 ,

1242 3257 1441 3295 paterentur
1454 3255 1608 3297 obrepere
1619 3273 1638 3279 -
1650 3272 1669 3280 ·-
1677 3264 1689 3287 .·
1712 3257 1905 3294 tantumque
1918 3251 2119 3286 auctoritato
2182 3288 2188 3293 ,
2207 3254 2210 3256 ’

1247 3304 1372 3345 valuit,
1397 3308 1434 3338 ut
1456 3305 1526 3338 eius
1547 3304 1656 3338 verbis
1677 3306 1840 3337 commota
1858 3301 2028 3336 senatoria
2035 3307 2118 3343 pro-
2180 3343 2186 3350 ‚

1247 3355 1395 3388 videntia
1417 3356 1518 3388 etiam
1539 3354 1762 3395 subsellia,
1793 3352 1911 3396 quibus
1932 3352 1978 3385 ad
1997 3351 2117 3385 norant

1248 3405 1409 3447 conqestis
1429 3405 1465 3438 in
1485 3405 1641 3438 ludorum
1653 3403 1837 3445 spectaculo
1851 3402 1922 3435 iam
1934 3402 1986 3435 uti
1997 3401 2118 3438 cim

1248 3457 1418 3496 coeperat,
1442 3454 1592 3496 domme
1605 3452 1793 3495 prohiberet
1806 3452 1944 3495 apponi.
1969 3451 2119 3488 Fam
2175 3446 2180 3450 ”
