<?xml version="1.0" encoding="UTF-8"?>
<!DOCTYPE html PUBLIC "-//W3C//DTD XHTML 1.0 Transitional//EN"
    "http://www.w3.org/TR/xhtml1/DTD/xhtml1-transitional.dtd">
<html xmlns="http://www.w3.org/1999/xhtml" xml:lang="en" lang="en">
 <head>
  <title>
</title>
<meta http-equiv="Content-Type" content="text/html;charset=utf-8" />
  <meta name='ocr-system' content='tesseract 3.04.00' />
  <meta name='ocr-capabilities' content='ocr_page ocr_carea ocr_par ocr_line ocrx_word'/>
</head>
<body>
  <div class='ocr_page' id='page_1' title='image "./pcorneliitacitio01taciuoft_0472.png"; bbox 0 0 2254 3770; ppageno 0'>
   <div class='ocr_carea' id='block_1_1' title="bbox 275 305 2125 1301">
    <p class='ocr_par' dir='ltr' id='par_1_1' title="bbox 275 305 2125 1301">
     <span class='ocr_line' id='line_1_1' title="bbox 323 305 1628 353; baseline 0.003 -4"><span class='ocrx_word' id='word_1_1' title='bbox 323 306 406 350; x_wconf 72' lang='lat' dir='ltr'><strong>tat</strong></span> <span class='ocrx_word' id='word_1_2' title='bbox 801 309 846 351; x_wconf 94' lang='grc' dir='ltr'><strong>Ρ.</strong></span> <span class='ocrx_word' id='word_1_3' title='bbox 879 307 1129 351; x_wconf 82' lang='lat' dir='ltr'>CORNELII</span> <span class='ocrx_word' id='word_1_4' title='bbox 1160 307 1332 352; x_wconf 81' lang='lat' dir='ltr'><strong>TACITI</strong></span> <span class='ocrx_word' id='word_1_5' title='bbox 1360 305 1628 353; x_wconf 73' lang='lat' dir='ltr'><strong>ANNALIUM</strong></span> 
     </span>
     <span class='ocr_line' id='line_1_2' title="bbox 324 412 2119 472; baseline 0.001 -16"><span class='ocrx_word' id='word_1_6' title='bbox 324 413 466 471; x_wconf 86' lang='lat' dir='ltr'><strong>aquis,</strong></span> <span class='ocrx_word' id='word_1_7' title='bbox 499 420 759 458; x_wconf 87' lang='lat' dir='ltr'><strong>concretum.</strong></span> <span class='ocrx_word' id='word_1_8' title='bbox 791 413 869 457; x_wconf 89' lang='lat' dir='ltr'><strong>sed</strong></span> <span class='ocrx_word' id='word_1_9' title='bbox 900 412 1060 458; x_wconf 90' lang='lat' dir='ltr'><strong>bellum</strong></span> <span class='ocrx_word' id='word_1_10' title='bbox 1088 412 1400 465; x_wconf 82' lang='lat' dir='ltr'><strong>Hermunduris</strong></span> <span class='ocrx_word' id='word_1_11' title='bbox 1426 427 1698 472; x_wconf 80' lang='lat' dir='ltr'><strong>prosperum,</strong></span> <span class='ocrx_word' id='word_1_12' title='bbox 1720 414 1879 459; x_wconf 84' lang='lat' dir='ltr'><strong>Chattis</strong></span> <span class='ocrx_word' id='word_1_13' title='bbox 1900 412 2119 458; x_wconf 75' lang='lat' dir='ltr'><strong>exitiosius</strong></span> 
     </span>
     <span class='ocr_line' id='line_1_3' title="bbox 323 488 2118 548; baseline 0.001 -17"><span class='ocrx_word' id='word_1_14' title='bbox 323 488 418 540; x_wconf 81' lang='lat' dir='ltr'><strong>fuit,</strong></span> <span class='ocrx_word' id='word_1_15' title='bbox 450 489 552 548; x_wconf 89' lang='lat' dir='ltr'><strong>quia</strong></span> <span class='ocrx_word' id='word_1_16' title='bbox 580 489 765 533; x_wconf 88' lang='lat' dir='ltr'><strong>victores</strong></span> <span class='ocrx_word' id='word_1_17' title='bbox 795 489 1011 533; x_wconf 90' lang='lat' dir='ltr'><strong>diversam</strong></span> <span class='ocrx_word' id='word_1_18' title='bbox 1032 489 1170 533; x_wconf 80' lang='lat' dir='ltr'><strong>aciem</strong></span> <span class='ocrx_word' id='word_1_19' title='bbox 1190 489 1309 532; x_wconf 90' lang='lat' dir='ltr'><strong>Marti</strong></span> <span class='ocrx_word' id='word_1_20' title='bbox 1331 503 1382 533; x_wconf 91' lang='lat' dir='ltr'><strong>ac</strong></span> <span class='ocrx_word' id='word_1_21' title='bbox 1403 489 1614 534; x_wconf 85' lang='lat' dir='ltr'><strong>Mercurio</strong></span> <span class='ocrx_word' id='word_1_22' title='bbox 1636 503 1876 540; x_wconf 83' lang='lat' dir='ltr'><strong>sacravere,</strong></span> <span class='ocrx_word' id='word_1_23' title='bbox 1909 503 1997 547; x_wconf 91' lang='lat' dir='ltr'><strong>quo</strong></span> <span class='ocrx_word' id='word_1_24' title='bbox 2018 494 2118 534; x_wconf 83' lang='lat' dir='ltr'><strong>voto</strong></span> 
     </span>
     <span class='ocr_line' id='line_1_4' title="bbox 293 563 2121 623; baseline 0 -16"><span class='ocrx_word' id='word_1_25' title='bbox 293 566 305 578; x_wconf 84' lang='lat'><strong><em>‘</em></strong></span> <span class='ocrx_word' id='word_1_26' title='bbox 323 563 444 622; x_wconf 89' lang='lat' dir='ltr'><strong>equi,</strong></span> <span class='ocrx_word' id='word_1_27' title='bbox 490 564 587 616; x_wconf 88' lang='lat' dir='ltr'><strong>viri,</strong></span> <span class='ocrx_word' id='word_1_28' title='bbox 630 571 783 609; x_wconf 86' lang='lat' dir='ltr'><strong>cuncta</strong></span> <span class='ocrx_word' id='word_1_29' title='bbox 821 564 932 608; x_wconf 88' lang='lat' dir='ltr'><strong>victa</strong></span> <span class='ocrx_word' id='word_1_30' title='bbox 963 564 1174 609; x_wconf 83' lang='lat' dir='ltr'><strong>occidioni</strong></span> <span class='ocrx_word' id='word_1_31' title='bbox 1205 564 1371 608; x_wconf 90' lang='lat' dir='ltr'><strong>dantur.</strong></span> <span class='ocrx_word' id='word_1_32' title='bbox 1418 570 1461 608; x_wconf 89' lang='lat' dir='ltr'><strong>et</strong></span> <span class='ocrx_word' id='word_1_33' title='bbox 1491 565 1631 609; x_wconf 89' lang='lat' dir='ltr'><strong>minae</strong></span> <span class='ocrx_word' id='word_1_34' title='bbox 1661 565 1838 623; x_wconf 88' lang='lat' dir='ltr'><strong>quidem</strong></span> <span class='ocrx_word' id='word_1_35' title='bbox 1870 563 2048 609; x_wconf 81' lang='lat' dir='ltr'><strong>hostiles</strong></span> <span class='ocrx_word' id='word_1_36' title='bbox 2077 563 2121 608; x_wconf 89' lang='lat' dir='ltr'><strong>in</strong></span> 
     </span>
     <span class='ocr_line' id='line_1_5' title="bbox 322 638 2120 698; baseline 0.002 -16"><span class='ocrx_word' id='word_1_37' title='bbox 322 639 441 697; x_wconf 90' lang='lat' dir='ltr'><strong>ipsos</strong></span> <span class='ocrx_word' id='word_1_38' title='bbox 470 640 704 683; x_wconf 74' lang='lat' dir='ltr'><strong>vertebam.</strong></span> <span class='ocrx_word' id='word_1_39' title='bbox 750 639 829 683; x_wconf 89' lang='lat' dir='ltr'><strong>sed</strong></span> <span class='ocrx_word' id='word_1_40' title='bbox 859 639 1006 684; x_wconf 91' lang='lat' dir='ltr'><strong>civitas</strong></span> <span class='ocrx_word' id='word_1_41' title='bbox 1037 640 1243 685; x_wconf 87' lang='lat' dir='ltr'><strong>Ubiorum</strong></span> <span class='ocrx_word' id='word_1_42' title='bbox 1273 638 1391 684; x_wconf 85' lang='lat' dir='ltr'><strong>socia</strong></span> <span class='ocrx_word' id='word_1_43' title='bbox 1420 639 1544 683; x_wconf 87' lang='lat' dir='ltr'><strong>nobis</strong></span> <span class='ocrx_word' id='word_1_44' title='bbox 1575 639 1687 684; x_wconf 86' lang='lat' dir='ltr'><strong>malo</strong></span> <span class='ocrx_word' id='word_1_45' title='bbox 1717 640 1936 698; x_wconf 88' lang='lat' dir='ltr'><strong>inproviso</strong></span> <span class='ocrx_word' id='word_1_46' title='bbox 1966 638 2120 685; x_wconf 81' lang='lat' dir='ltr'><strong>afflicta</strong></span> 
     </span>
     <span class='ocr_line' id='line_1_6' title="bbox 291 714 2123 773; baseline 0 -15"><span class='ocrx_word' id='word_1_47' title='bbox 291 721 400 759; x_wconf 70' lang='lat' dir='ltr'><strong>nest.</strong></span> <span class='ocrx_word' id='word_1_48' title='bbox 438 728 537 758; x_wconf 91' lang='lat' dir='ltr'><strong>nam</strong></span> <span class='ocrx_word' id='word_1_49' title='bbox 567 715 686 773; x_wconf 87' lang='lat' dir='ltr'><strong>ignes</strong></span> <span class='ocrx_word' id='word_1_50' title='bbox 718 721 831 758; x_wconf 91' lang='lat' dir='ltr'><strong>terra</strong></span> <span class='ocrx_word' id='word_1_51' title='bbox 861 714 963 758; x_wconf 85' lang='lat' dir='ltr'><strong>editi</strong></span> <span class='ocrx_word' id='word_1_52' title='bbox 983 714 1104 758; x_wconf 87' lang='lat' dir='ltr'><strong>villas</strong></span> <span class='ocrx_word' id='word_1_53' title='bbox 1137 729 1240 758; x_wconf 89' lang='lat' dir='ltr'><strong>arva</strong></span> <span class='ocrx_word' id='word_1_54' title='bbox 1262 715 1378 759; x_wconf 89' lang='lat' dir='ltr'><strong>vicos</strong></span> <span class='ocrx_word' id='word_1_55' title='bbox 1404 715 1566 772; x_wconf 90' lang='lat' dir='ltr'><strong>passim</strong></span> <span class='ocrx_word' id='word_1_56' title='bbox 1587 715 1893 773; x_wconf 83' lang='lat' dir='ltr'><strong>corripiebant,</strong></span> <span class='ocrx_word' id='word_1_57' title='bbox 1926 714 2123 759; x_wconf 56' lang='lat' dir='ltr'><strong>fereban»</strong></span> 
     </span>
     <span class='ocr_line' id='line_1_7' title="bbox 322 790 2120 848; baseline 0.001 -15"><span class='ocrx_word' id='word_1_58' title='bbox 322 796 477 848; x_wconf 89' lang='lat' dir='ltr'><strong>turque</strong></span> <span class='ocrx_word' id='word_1_59' title='bbox 508 790 550 832; x_wconf 93' lang='lat' dir='ltr'><strong>in</strong></span> <span class='ocrx_word' id='word_1_60' title='bbox 581 791 676 847; x_wconf 86' lang='lat' dir='ltr'><strong>ipsa</strong></span> <span class='ocrx_word' id='word_1_61' title='bbox 704 790 902 835; x_wconf 88' lang='lat' dir='ltr'><strong>conditae</strong></span> <span class='ocrx_word' id='word_1_62' title='bbox 935 804 1072 848; x_wconf 88' lang='lat' dir='ltr'><strong>nuper</strong></span> <span class='ocrx_word' id='word_1_63' title='bbox 1093 790 1287 835; x_wconf 88' lang='lat' dir='ltr'><strong>coloniae</strong></span> <span class='ocrx_word' id='word_1_64' title='bbox 1318 790 1499 835; x_wconf 90' lang='lat' dir='ltr'><strong>moenia.</strong></span> <span class='ocrx_word' id='word_1_65' title='bbox 1531 804 1673 848; x_wconf 86' lang='lat' dir='ltr'><strong>neque</strong></span> <span class='ocrx_word' id='word_1_66' title='bbox 1695 791 1882 848; x_wconf 81' lang='lat' dir='ltr'><strong>extingui</strong></span> <span class='ocrx_word' id='word_1_67' title='bbox 1913 795 2120 848; x_wconf 78' lang='lat' dir='ltr'><strong>poterant,</strong></span> 
     </span>
     <span class='ocr_line' id='line_1_8' title="bbox 322 865 2119 924; baseline 0.001 -16"><span class='ocrx_word' id='word_1_68' title='bbox 322 879 407 909; x_wconf 93' lang='lat' dir='ltr'><strong>non</strong></span> <span class='ocrx_word' id='word_1_69' title='bbox 451 866 487 909; x_wconf 91' lang='lat' dir='ltr'><strong>si</strong></span> <span class='ocrx_word' id='word_1_70' title='bbox 530 865 690 910; x_wconf 83' lang='lat' dir='ltr'><strong>imbres</strong></span> <span class='ocrx_word' id='word_1_71' title='bbox 728 866 952 918; x_wconf 80' lang='lat' dir='ltr'><strong>caderent,</strong></span> <span class='ocrx_word' id='word_1_72' title='bbox 999 874 1084 910; x_wconf 89' lang='lat' dir='ltr'><strong>non</strong></span> <span class='ocrx_word' id='word_1_73' title='bbox 1121 865 1366 910; x_wconf 86' lang='lat' dir='ltr'><strong>fluvialibus</strong></span> <span class='ocrx_word' id='word_1_74' title='bbox 1406 866 1532 924; x_wconf 88' lang='lat' dir='ltr'><strong>aquis</strong></span> <span class='ocrx_word' id='word_1_75' title='bbox 1571 872 1643 910; x_wconf 88' lang='lat' dir='ltr'><strong>aut</strong></span> <span class='ocrx_word' id='word_1_76' title='bbox 1681 880 1768 924; x_wconf 89' lang='lat' dir='ltr'><strong>quo</strong></span> <span class='ocrx_word' id='word_1_77' title='bbox 1805 865 1889 909; x_wconf 88' lang='lat' dir='ltr'><strong>alio</strong></span> <span class='ocrx_word' id='word_1_78' title='bbox 1918 865 2119 917; x_wconf 81' lang='lat' dir='ltr'><strong>humore,</strong></span> 
     </span>
     <span class='ocr_line' id='line_1_9' title="bbox 322 940 2121 999; baseline 0.001 -15"><span class='ocrx_word' id='word_1_79' title='bbox 322 940 462 985; x_wconf 92' lang='lat' dir='ltr'><strong>donec</strong></span> <span class='ocrx_word' id='word_1_80' title='bbox 483 941 628 999; x_wconf 89' lang='lat' dir='ltr'><strong>inopia</strong></span> <span class='ocrx_word' id='word_1_81' title='bbox 648 941 940 985; x_wconf 87' lang='lat' dir='ltr'><strong>remediorum</strong></span> <span class='ocrx_word' id='word_1_82' title='bbox 961 948 1003 985; x_wconf 91' lang='lat' dir='ltr'><strong>et</strong></span> <span class='ocrx_word' id='word_1_83' title='bbox 1022 942 1086 985; x_wconf 89' lang='lat' dir='ltr'><strong>ira</strong></span> <span class='ocrx_word' id='word_1_84' title='bbox 1107 941 1240 986; x_wconf 90' lang='lat' dir='ltr'><strong>cladis</strong></span> <span class='ocrx_word' id='word_1_85' title='bbox 1258 947 1451 998; x_wconf 82' lang='lat' dir='ltr'><strong>agrestes</strong></span> <span class='ocrx_word' id='word_1_86' title='bbox 1470 941 1646 999; x_wconf 87' lang='lat' dir='ltr'><strong>quidam</strong></span> <span class='ocrx_word' id='word_1_87' title='bbox 1661 942 1830 986; x_wconf 90' lang='lat' dir='ltr'><strong>eminus</strong></span> <span class='ocrx_word' id='word_1_88' title='bbox 1846 954 1951 985; x_wconf 86' lang='lat' dir='ltr'><strong>saxa</strong></span> <span class='ocrx_word' id='word_1_89' title='bbox 1966 941 2121 992; x_wconf 80' lang='lat' dir='ltr'><strong>iacere,</strong></span> 
     </span>
     <span class='ocr_line' id='line_1_10' title="bbox 323 1015 2118 1075; baseline 0 -15"><span class='ocrx_word' id='word_1_90' title='bbox 323 1017 423 1060; x_wconf 91' lang='lat' dir='ltr'><strong>dein</strong></span> <span class='ocrx_word' id='word_1_91' title='bbox 453 1016 754 1060; x_wconf 88' lang='lat' dir='ltr'><strong>resistentibus</strong></span> <span class='ocrx_word' id='word_1_92' title='bbox 784 1016 965 1061; x_wconf 85' lang='lat' dir='ltr'><strong>flammis</strong></span> <span class='ocrx_word' id='word_1_93' title='bbox 996 1017 1173 1074; x_wconf 88' lang='lat' dir='ltr'><strong>propius</strong></span> <span class='ocrx_word' id='word_1_94' title='bbox 1204 1017 1421 1075; x_wconf 81' lang='lat' dir='ltr'><strong>suggressi</strong></span> <span class='ocrx_word' id='word_1_95' title='bbox 1452 1016 1537 1060; x_wconf 90' lang='lat' dir='ltr'><strong>ictu</strong></span> <span class='ocrx_word' id='word_1_96' title='bbox 1566 1016 1740 1060; x_wconf 86' lang='lat' dir='ltr'><strong>fustium</strong></span> <span class='ocrx_word' id='word_1_97' title='bbox 1761 1016 1943 1075; x_wconf 89' lang='lat' dir='ltr'><strong>aliisque</strong></span> <span class='ocrx_word' id='word_1_98' title='bbox 1964 1015 2118 1061; x_wconf 86' lang='lat' dir='ltr'><strong>verbe·-</strong></span> 
     </span>
     <span class='ocr_line' id='line_1_11' title="bbox 275 1079 2121 1150; baseline -0.002 -12"><span class='ocrx_word' id='word_1_99' title='bbox 275 1108 312 1138; x_wconf 74' lang='grc' dir='ltr'>ω</span> <span class='ocrx_word' id='word_1_100' title='bbox 323 1092 443 1136; x_wconf 91' lang='lat' dir='ltr'><strong>ribus</strong></span> <span class='ocrx_word' id='word_1_101' title='bbox 482 1099 529 1135; x_wconf 90' lang='lat' dir='ltr'><strong>ut</strong></span> <span class='ocrx_word' id='word_1_102' title='bbox 564 1092 677 1136; x_wconf 84' lang='lat' dir='ltr'><strong>feras</strong></span> <span class='ocrx_word' id='word_1_103' title='bbox 708 1079 1018 1137; x_wconf 81' lang='lat' dir='ltr'><strong>absterrebant.</strong></span> <span class='ocrx_word' id='word_1_104' title='bbox 1059 1099 1277 1150; x_wconf 89' lang='lat' dir='ltr'><strong>postremo</strong></span> <span class='ocrx_word' id='word_1_105' title='bbox 1307 1091 1494 1149; x_wconf 87' lang='lat' dir='ltr'><strong>tegmina</strong></span> <span class='ocrx_word' id='word_1_106' title='bbox 1524 1092 1693 1150; x_wconf 86' lang='lat' dir='ltr'><strong>corpori</strong></span> <span class='ocrx_word' id='word_1_107' title='bbox 1725 1092 1904 1150; x_wconf 86' lang='lat' dir='ltr'><strong>derepta</strong></span> <span class='ocrx_word' id='word_1_108' title='bbox 1934 1091 2121 1142; x_wconf 75' lang='lat' dir='ltr'><strong>iniciunt,</strong></span> 
     </span>
     <span class='ocr_line' id='line_1_12' title="bbox 323 1167 2022 1226; baseline -0.001 -15"><span class='ocrx_word' id='word_1_109' title='bbox 323 1173 482 1226; x_wconf 87' lang='lat' dir='ltr'><strong>quanto</strong></span> <span class='ocrx_word' id='word_1_110' title='bbox 513 1168 648 1226; x_wconf 84' lang='lat' dir='ltr'><strong>magis</strong></span> <span class='ocrx_word' id='word_1_111' title='bbox 679 1170 858 1225; x_wconf 82' lang='lat' dir='ltr'><strong>profana</strong></span> <span class='ocrx_word' id='word_1_112' title='bbox 887 1173 930 1211; x_wconf 89' lang='lat' dir='ltr'><strong>et</strong></span> <span class='ocrx_word' id='word_1_113' title='bbox 960 1182 1041 1211; x_wconf 90' lang='lat' dir='ltr'><strong>usu</strong></span> <span class='ocrx_word' id='word_1_114' title='bbox 1070 1167 1252 1225; x_wconf 89' lang='lat' dir='ltr'><strong>polluta,</strong></span> <span class='ocrx_word' id='word_1_115' title='bbox 1285 1174 1401 1210; x_wconf 87' lang='lat' dir='ltr'><strong>tanto</strong></span> <span class='ocrx_word' id='word_1_116' title='bbox 1432 1167 1566 1225; x_wconf 82' lang='lat' dir='ltr'><strong>magis</strong></span> <span class='ocrx_word' id='word_1_117' title='bbox 1596 1181 1860 1225; x_wconf 86' lang='lat' dir='ltr'><strong>oppressura</strong></span> <span class='ocrx_word' id='word_1_118' title='bbox 1888 1167 2022 1225; x_wconf 81' lang='lat' dir='ltr'><strong>ignes.</strong></span> 
     </span>
     <span class='ocr_line' id='line_1_13' title="bbox 438 1242 2125 1301; baseline 0 -15"><span class='ocrx_word' id='word_1_119' title='bbox 438 1243 519 1301; x_wconf 80' lang='lat'>(58)</span> <span class='ocrx_word' id='word_1_120' title='bbox 553 1242 714 1287; x_wconf 89' lang='lat' dir='ltr'><strong>Eodem</strong></span> <span class='ocrx_word' id='word_1_121' title='bbox 746 1257 857 1287; x_wconf 90' lang='lat' dir='ltr'><strong>anno</strong></span> <span class='ocrx_word' id='word_1_122' title='bbox 888 1243 1155 1287; x_wconf 86' lang='lat' dir='ltr'><strong>Ruminalem</strong></span> <span class='ocrx_word' id='word_1_123' title='bbox 1186 1242 1387 1287; x_wconf 84' lang='lat' dir='ltr'><strong>arborem</strong></span> <span class='ocrx_word' id='word_1_124' title='bbox 1418 1243 1460 1285; x_wconf 92' lang='lat' dir='ltr'><strong>in</strong></span> <span class='ocrx_word' id='word_1_125' title='bbox 1487 1243 1682 1294; x_wconf 86' lang='lat' dir='ltr'><strong>comitio,</strong></span> <span class='ocrx_word' id='word_1_126' title='bbox 1713 1256 1827 1299; x_wconf 84' lang='lat' dir='ltr'><strong>quae</strong></span> <span class='ocrx_word' id='word_1_127' title='bbox 1858 1242 2125 1299; x_wconf 84' lang='lat' dir='ltr'><strong>octingentos</strong></span> 
     </span>
    </p>
   </div>
   <div class='ocr_carea' id='block_1_2' title="bbox 324 1317 2125 1377">
    <p class='ocr_par' dir='ltr' id='par_1_2' title="bbox 324 1317 2125 1377">
     <span class='ocr_line' id='line_1_14' title="bbox 324 1317 2125 1377; baseline -0.002 -13"><span class='ocrx_word' id='word_1_128' title='bbox 324 1325 367 1364; x_wconf 89' lang='lat' dir='ltr'><strong>et</strong></span> <span class='ocrx_word' id='word_1_129' title='bbox 395 1319 565 1377; x_wconf 88' lang='lat' dir='ltr'><strong>triginta</strong></span> <span class='ocrx_word' id='word_1_130' title='bbox 593 1324 691 1363; x_wconf 88' lang='lat' dir='ltr'><strong>ante</strong></span> <span class='ocrx_word' id='word_1_131' title='bbox 722 1332 857 1362; x_wconf 87' lang='lat' dir='ltr'><strong>annos</strong></span> <span class='ocrx_word' id='word_1_132' title='bbox 888 1318 1008 1363; x_wconf 89' lang='lat' dir='ltr'><strong>Remi</strong></span> <span class='ocrx_word' id='word_1_133' title='bbox 1030 1318 1286 1376; x_wconf 89' lang='lat' dir='ltr'><strong>Romulique</strong></span> <span class='ocrx_word' id='word_1_134' title='bbox 1317 1318 1533 1362; x_wconf 80' lang='lat' dir='ltr'><strong>infantiam</strong></span> <span class='ocrx_word' id='word_1_135' title='bbox 1562 1325 1744 1370; x_wconf 85' lang='lat' dir='ltr'><strong>texerat,</strong></span> <span class='ocrx_word' id='word_1_136' title='bbox 1776 1317 1956 1363; x_wconf 89' lang='lat' dir='ltr'><strong>mortuis</strong></span> <span class='ocrx_word' id='word_1_137' title='bbox 1983 1331 2125 1361; x_wconf 87' lang='lat' dir='ltr'><strong>rama-</strong></span> 
     </span>
    </p>
   </div>
   <div class='ocr_carea' id='block_1_3' title="bbox 321 1458 2126 1805">
    <p class='ocr_par' dir='ltr' id='par_1_3' title="bbox 321 1458 2126 1805">
     <span class='ocr_line' id='line_1_15' title="bbox 391 1458 2125 1520; baseline -0.002 -8"><span class='ocrx_word' id='word_1_138' title='bbox 391 1480 422 1512; x_wconf 87' lang='grc'><strong>4.</strong></span> <span class='ocrx_word' id='word_1_139' title='bbox 447 1480 638 1512; x_wconf 85' lang='lat' dir='ltr'><strong>concretum</strong></span> <span class='ocrx_word' id='word_1_140' title='bbox 659 1477 814 1520; x_wconf 87' lang='lat' dir='ltr'><strong>Lipsius:</strong></span> <span class='ocrx_word' id='word_1_141' title='bbox 849 1481 1003 1511; x_wconf 84' lang='lat' dir='ltr'><strong>concreta</strong></span> <span class='ocrx_word' id='word_1_142' title='bbox 1027 1478 1059 1511; x_wconf 87' lang='lat' dir='ltr'>M</span> <span class='ocrx_word' id='word_1_143' title='bbox 1086 1492 1122 1502; x_wconf 84' lang='lat'><strong>—-</strong></span> <span class='ocrx_word' id='word_1_144' title='bbox 1155 1477 1275 1510; x_wconf 74' lang='lat' dir='ltr'><strong>catinis</strong></span> <span class='ocrx_word' id='word_1_145' title='bbox 1296 1477 1330 1511; x_wconf 85' lang='lat' dir='ltr'>M</span> <span class='ocrx_word' id='word_1_146' title='bbox 1357 1494 1392 1500; x_wconf 90' lang='lat'><strong>—-</strong></span> <span class='ocrx_word' id='word_1_147' title='bbox 1424 1458 1528 1510; x_wconf 62' lang='lat' dir='ltr'><strong>ervitio</strong></span> <span class='ocrx_word' id='word_1_148' title='bbox 1550 1477 1618 1508; x_wconf 78' lang='lat' dir='ltr'><strong>sius</strong></span> <span class='ocrx_word' id='word_1_149' title='bbox 1649 1476 1783 1518; x_wconf 78' lang='lat' dir='ltr'><strong>(divise)</strong></span> <span class='ocrx_word' id='word_1_150' title='bbox 1808 1477 1859 1510; x_wconf 77' lang='lat' dir='ltr'><strong>M:</strong></span> <span class='ocrx_word' id='word_1_151' title='bbox 1895 1476 2000 1510; x_wconf 74' lang='lat' dir='ltr'><strong>omitia</strong></span> <span class='ocrx_word' id='word_1_152' title='bbox 2023 1476 2052 1509; x_wconf 88' lang='lat' dir='ltr'>G</span> <span class='ocrx_word' id='word_1_153' title='bbox 2081 1492 2125 1503; x_wconf 58' lang='grc' dir='ltr'><strong>-ο</strong></span> 
     </span>
     <span class='ocr_line' id='line_1_16' title="bbox 323 1532 2122 1602; baseline -0.003 -32"><span class='ocrx_word' id='word_1_154' title='bbox 323 1537 355 1571; x_wconf 90' lang='grc'><strong>3.</strong></span> <span class='ocrx_word' id='word_1_155' title='bbox 380 1536 493 1569; x_wconf 78' lang='lat' dir='ltr'><strong>hostile</strong></span> <span class='ocrx_word' id='word_1_156' title='bbox 512 1544 569 1579; x_wconf 86' lang='lat' dir='ltr'><strong>pr.</strong></span> <span class='ocrx_word' id='word_1_157' title='bbox 587 1536 620 1602; x_wconf 88' lang='grc' dir='ltr'><strong>Μ</strong></span> <span class='ocrx_word' id='word_1_158' title='bbox 639 1553 675 1559; x_wconf 92' lang='grc'><strong>-</strong></span> <span class='ocrx_word' id='word_1_159' title='bbox 702 1535 733 1568; x_wconf 89' lang='lat'><strong>4.</strong></span> <span class='ocrx_word' id='word_1_160' title='bbox 756 1534 912 1568; x_wconf 80' lang='lat' dir='ltr'><strong>Ubiorum</strong></span> <span class='ocrx_word' id='word_1_161' title='bbox 928 1535 1113 1568; x_wconf 88' lang='lat' dir='ltr'><strong>Heinsius:</strong></span> <span class='ocrx_word' id='word_1_162' title='bbox 1135 1535 1293 1567; x_wconf 86' lang='lat' dir='ltr'><strong>uibonum</strong></span> <span class='ocrx_word' id='word_1_163' title='bbox 1316 1535 1349 1567; x_wconf 91' lang='lat' dir='ltr'>M</span> <span class='ocrx_word' id='word_1_164' title='bbox 1375 1552 1410 1556; x_wconf 98' lang='lat'><strong>—</strong></span> <span class='ocrx_word' id='word_1_165' title='bbox 1437 1534 1468 1566; x_wconf 88' lang='grc'><strong>6.</strong></span> <span class='ocrx_word' id='word_1_166' title='bbox 1494 1535 1606 1567; x_wconf 86' lang='lat' dir='ltr'><strong>menia</strong></span> <span class='ocrx_word' id='word_1_167' title='bbox 1628 1534 1662 1568; x_wconf 90' lang='lat' dir='ltr'>M</span> <span class='ocrx_word' id='word_1_168' title='bbox 1688 1552 1722 1557; x_wconf 88' lang='lat'><em>-</em></span> <span class='ocrx_word' id='word_1_169' title='bbox 1749 1534 1781 1566; x_wconf 95' lang='lat'><strong>7.</strong></span> <span class='ocrx_word' id='word_1_170' title='bbox 1806 1542 1874 1566; x_wconf 85' lang='lat' dir='ltr'><strong>non</strong></span> <span class='ocrx_word' id='word_1_171' title='bbox 1895 1534 1930 1575; x_wconf 76' lang='lat' dir='ltr'><strong>tt.</strong></span> <span class='ocrx_word' id='word_1_172' title='bbox 1948 1532 2122 1566; x_wconf 88' lang='lat' dir='ltr'><strong>Pichena·</strong></span> 
     </span>
     <span class='ocr_line' id='line_1_17' title="bbox 321 1582 2126 1635; baseline -0.003 -9"><span class='ocrx_word' id='word_1_173' title='bbox 321 1602 389 1626; x_wconf 87' lang='lat' dir='ltr'><strong>non</strong></span> <span class='ocrx_word' id='word_1_174' title='bbox 411 1593 439 1625; x_wconf 90' lang='lat' dir='ltr'><strong>si</strong></span> <span class='ocrx_word' id='word_1_175' title='bbox 460 1593 495 1635; x_wconf 76' lang='lat' dir='ltr'><strong>tl.</strong></span> <span class='ocrx_word' id='word_1_176' title='bbox 522 1593 555 1626; x_wconf 89' lang='lat' dir='ltr'>M</span> <span class='ocrx_word' id='word_1_177' title='bbox 580 1609 615 1614; x_wconf 91' lang='lat'><strong>—-</strong></span> <span class='ocrx_word' id='word_1_178' title='bbox 643 1591 675 1625; x_wconf 91' lang='lat'><strong>8.</strong></span> <span class='ocrx_word' id='word_1_179' title='bbox 700 1591 924 1624; x_wconf 70' lang='lat' dir='ltr'><strong>remediorum</strong></span> <span class='ocrx_word' id='word_1_180' title='bbox 947 1591 1117 1624; x_wconf 88' lang='lat' dir='ltr'><strong>Ritterus:</strong></span> <span class='ocrx_word' id='word_1_181' title='bbox 1142 1586 1287 1624; x_wconf 86' lang='lat' dir='ltr'><strong>remedio</strong></span> <span class='ocrx_word' id='word_1_182' title='bbox 1310 1584 1358 1630; x_wconf 89' lang='lat' dir='ltr'><strong>M;</strong></span> <span class='ocrx_word' id='word_1_183' title='bbox 1384 1589 1522 1623; x_wconf 75' lang='lat' dir='ltr'><strong>remedii</strong></span> <span class='ocrx_word' id='word_1_184' title='bbox 1543 1589 1611 1623; x_wconf 87' lang='lat' dir='ltr'><strong>alii.</strong></span> <span class='ocrx_word' id='word_1_185' title='bbox 1640 1607 1676 1613; x_wconf 88' lang='lat'><em>-</em></span> <span class='ocrx_word' id='word_1_186' title='bbox 1702 1590 1845 1631; x_wconf 63' lang='lat' dir='ltr'><strong>agrestis</strong></span> <span class='ocrx_word' id='word_1_187' title='bbox 1866 1585 1900 1623; x_wconf 81' lang='lat' dir='ltr'>M</span> <span class='ocrx_word' id='word_1_188' title='bbox 1927 1600 1965 1613; x_wconf 74' lang='lat'><strong>-·-</strong></span> <span class='ocrx_word' id='word_1_189' title='bbox 1990 1582 2023 1621; x_wconf 80' lang='lat'><strong>9.</strong></span> <span class='ocrx_word' id='word_1_190' title='bbox 2044 1585 2126 1621; x_wconf 65' lang='lat' dir='ltr'><strong>resi·-</strong></span> 
     </span>
     <span class='ocr_line' id='line_1_18' title="bbox 322 1642 2121 1688; baseline -0.003 -6"><span class='ocrx_word' id='word_1_191' title='bbox 322 1643 478 1682; x_wconf 77' lang='lat' dir='ltr'><strong>s&#39;tentibas</strong></span> <span class='ocrx_word' id='word_1_192' title='bbox 500 1645 552 1682; x_wconf 84' lang='lat' dir='ltr'><strong>M:</strong></span> <span class='ocrx_word' id='word_1_193' title='bbox 577 1647 794 1680; x_wconf 62' lang='lat' dir='ltr'><strong>residentibus</strong></span> <span class='ocrx_word' id='word_1_194' title='bbox 817 1646 885 1680; x_wconf 84' lang='lat' dir='ltr'><strong>alii.</strong></span> <span class='ocrx_word' id='word_1_195' title='bbox 902 1665 938 1670; x_wconf 96' lang='lat'>—</span> <span class='ocrx_word' id='word_1_196' title='bbox 963 1647 1127 1688; x_wconf 68' lang='lat' dir='ltr'><strong>proprius</strong></span> <span class='ocrx_word' id='word_1_197' title='bbox 1150 1643 1235 1680; x_wconf 78' lang='grc' dir='ltr'><strong>Μ-</strong></span> <span class='ocrx_word' id='word_1_198' title='bbox 1263 1644 1316 1679; x_wconf 88' lang='grc'><strong>40.</strong></span> <span class='ocrx_word' id='word_1_199' title='bbox 1343 1647 1475 1687; x_wconf 80' lang='lat' dir='ltr'><strong>direpta</strong></span> <span class='ocrx_word' id='word_1_200' title='bbox 1498 1645 1530 1679; x_wconf 86' lang='lat' dir='ltr'>M</span> <span class='ocrx_word' id='word_1_201' title='bbox 1548 1662 1584 1669; x_wconf 92' lang='lat'>-</span> <span class='ocrx_word' id='word_1_202' title='bbox 1612 1645 1666 1678; x_wconf 89' lang='grc'><strong>44.</strong></span> <span class='ocrx_word' id='word_1_203' title='bbox 1684 1645 1795 1688; x_wconf 71' lang='lat' dir='ltr'><strong>mayis</strong></span> <span class='ocrx_word' id='word_1_204' title='bbox 1811 1646 1892 1688; x_wconf 88' lang='lat' dir='ltr'><strong>post</strong></span> <span class='ocrx_word' id='word_1_205' title='bbox 1908 1648 2038 1686; x_wconf 74' lang='lat' dir='ltr'><strong>quanta</strong></span> <span class='ocrx_word' id='word_1_206' title='bbox 2051 1642 2121 1677; x_wconf 72' lang='lat' dir='ltr'><strong>del.</strong></span> 
     </span>
     <span class='ocr_line' id='line_1_19' title="bbox 322 1701 2118 1747; baseline -0.002 -9"><span class='ocrx_word' id='word_1_207' title='bbox 322 1703 498 1739; x_wconf 80' lang='lat' dir='ltr'><strong>Acidalius</strong></span> <span class='ocrx_word' id='word_1_208' title='bbox 508 1702 566 1747; x_wconf 74' lang='lat' dir='ltr'><strong>{ex</strong></span> <span class='ocrx_word' id='word_1_209' title='bbox 588 1702 725 1746; x_wconf 80' lang='lat' dir='ltr'><strong>vulgari</strong></span> <span class='ocrx_word' id='word_1_210' title='bbox 748 1703 857 1737; x_wconf 82' lang='lat' dir='ltr'><strong>Taciti</strong></span> <span class='ocrx_word' id='word_1_211' title='bbox 880 1712 959 1737; x_wconf 91' lang='lat' dir='ltr'><strong>usu.</strong></span> <span class='ocrx_word' id='word_1_212' title='bbox 983 1721 1019 1728; x_wconf 93' lang='lat'>—</span> <span class='ocrx_word' id='word_1_213' title='bbox 1045 1704 1099 1737; x_wconf 74' lang='lat'><strong>⁴2.</strong></span> <span class='ocrx_word' id='word_1_214' title='bbox 1125 1703 1326 1745; x_wconf 52' lang='lat' dir='ltr'><strong>octingentos</strong></span> <span class='ocrx_word' id='word_1_215' title='bbox 1346 1702 1429 1736; x_wconf 72' lang='lat' dir='ltr'><strong>cod.</strong></span> <span class='ocrx_word' id='word_1_216' title='bbox 1447 1702 1637 1736; x_wconf 82' lang='lat' dir='ltr'><strong>Vaticanus</strong></span> <span class='ocrx_word' id='word_1_217' title='bbox 1661 1702 1764 1745; x_wconf 72' lang='lat'><strong>⁴958:</strong></span> <span class='ocrx_word' id='word_1_218' title='bbox 1789 1701 2009 1744; x_wconf 63' lang='lat' dir='ltr'><strong>septingentos</strong></span> <span class='ocrx_word' id='word_1_219' title='bbox 2030 1701 2065 1735; x_wconf 70' lang='grc' dir='ltr'><strong>Μ</strong></span> <span class='ocrx_word' id='word_1_220' title='bbox 2082 1717 2118 1727; x_wconf 79' lang='lat'><strong>--</strong></span> 
     </span>
     <span class='ocr_line' id='line_1_20' title="bbox 324 1761 1044 1805; baseline -0.003 -9"><span class='ocrx_word' id='word_1_221' title='bbox 324 1763 377 1796; x_wconf 92' lang='grc'><strong>43.</strong></span> <span class='ocrx_word' id='word_1_222' title='bbox 403 1763 545 1805; x_wconf 64' lang='lat' dir='ltr'><strong>triginta</strong></span> <span class='ocrx_word' id='word_1_223' title='bbox 567 1762 721 1804; x_wconf 87' lang='lat' dir='ltr'><strong>Lipsius:</strong></span> <span class='ocrx_word' id='word_1_224' title='bbox 749 1762 977 1804; x_wconf 65' lang='lat' dir='ltr'><strong>quadraginta</strong></span> <span class='ocrx_word' id='word_1_225' title='bbox 999 1761 1044 1796; x_wconf 91' lang='lat' dir='ltr'><strong>M.</strong></span> 
     </span>
    </p>
   </div>
   <div class='ocr_carea' id='block_1_4' title="bbox 322 1898 1205 3494">
    <p class='ocr_par' dir='ltr' id='par_1_4' title="bbox 322 1898 1205 3494">
     <span class='ocr_line' id='line_1_21' title="bbox 322 1898 1203 1943; baseline -0.003 -9"><span class='ocrx_word' id='word_1_226' title='bbox 322 1900 465 1943; x_wconf 77' lang='lat' dir='ltr'><strong>struem]</strong></span> <span class='ocrx_word' id='word_1_227' title='bbox 488 1899 620 1934; x_wconf 81' lang='lat' dir='ltr'><strong>Plinius</strong></span> <span class='ocrx_word' id='word_1_228' title='bbox 643 1900 684 1933; x_wconf 91' lang='lat' dir='ltr'><strong>N.</strong></span> <span class='ocrx_word' id='word_1_229' title='bbox 703 1900 744 1932; x_wconf 88' lang='lat' dir='ltr'><strong>H.</strong></span> <span class='ocrx_word' id='word_1_230' title='bbox 762 1899 800 1932; x_wconf 89' lang='grc'><strong>34</strong></span> <span class='ocrx_word' id='word_1_231' title='bbox 828 1898 847 1940; x_wconf 71' lang='grc' dir='ltr'><strong>ἓ</strong></span> <span class='ocrx_word' id='word_1_232' title='bbox 871 1899 933 1934; x_wconf 74' lang='lat'><strong>82:</strong></span> <span class='ocrx_word' id='word_1_233' title='bbox 959 1898 1092 1933; x_wconf 79' lang='lat' dir='ltr'><strong>Galliae</strong></span> <span class='ocrx_word' id='word_1_234' title='bbox 1116 1899 1203 1932; x_wconf 87' lang='lat' dir='ltr'><strong>Ger-</strong></span> 
     </span>
     <span class='ocr_line' id='line_1_22' title="bbox 323 1949 1202 1992; baseline -0.002 -8"><span class='ocrx_word' id='word_1_235' title='bbox 323 1952 522 1992; x_wconf 80' lang='lat' dir='ltr'><strong>maniaeque</strong></span> <span class='ocrx_word' id='word_1_236' title='bbox 556 1950 748 1983; x_wconf 78' lang='lat' dir='ltr'><strong>ardentibus</strong></span> <span class='ocrx_word' id='word_1_237' title='bbox 780 1949 880 1992; x_wconf 71' lang='lat' dir='ltr'><strong>liquis</strong></span> <span class='ocrx_word' id='word_1_238' title='bbox 912 1957 1040 1991; x_wconf 85' lang='lat' dir='ltr'><strong>aquam</strong></span> <span class='ocrx_word' id='word_1_239' title='bbox 1076 1949 1202 1982; x_wconf 81' lang='lat' dir='ltr'><strong>salsam</strong></span> 
     </span>
     <span class='ocr_line' id='line_1_23' title="bbox 323 1999 1202 2044; baseline -0.003 -9"><span class='ocrx_word' id='word_1_240' title='bbox 323 2002 515 2044; x_wconf 82' lang='lat' dir='ltr'><strong>infundunt.</strong></span> <span class='ocrx_word' id='word_1_241' title='bbox 553 2001 664 2033; x_wconf 90' lang='lat' dir='ltr'><strong>Varro</strong></span> <span class='ocrx_word' id='word_1_242' title='bbox 695 2001 734 2033; x_wconf 90' lang='lat' dir='ltr'><strong>R.</strong></span> <span class='ocrx_word' id='word_1_243' title='bbox 761 2001 799 2033; x_wconf 88' lang='lat' dir='ltr'><strong>R.</strong></span> <span class='ocrx_word' id='word_1_244' title='bbox 828 2000 859 2040; x_wconf 88' lang='grc'><strong>4,</strong></span> <span class='ocrx_word' id='word_1_245' title='bbox 885 1999 917 2040; x_wconf 92' lang='grc'><strong>7,</strong></span> <span class='ocrx_word' id='word_1_246' title='bbox 943 2000 982 2033; x_wconf 90' lang='lat'><strong>8:</strong></span> <span class='ocrx_word' id='word_1_247' title='bbox 1018 2000 1057 2032; x_wconf 90' lang='lat' dir='ltr'><strong>In</strong></span> <span class='ocrx_word' id='word_1_248' title='bbox 1089 1999 1202 2032; x_wconf 87' lang='lat' dir='ltr'><strong>Gallia</strong></span> 
     </span>
     <span class='ocr_line' id='line_1_24' title="bbox 327 2051 1202 2094; baseline -0.003 -9"><span class='ocrx_word' id='word_1_249' title='bbox 327 2052 550 2094; x_wconf 77' lang='lat' dir='ltr'><strong>Transalpina</strong></span> <span class='ocrx_word' id='word_1_250' title='bbox 571 2052 659 2083; x_wconf 83' lang='lat' dir='ltr'><strong>intus</strong></span> <span class='ocrx_word' id='word_1_251' title='bbox 675 2051 720 2083; x_wconf 85' lang='lat' dir='ltr'><strong>ad</strong></span> <span class='ocrx_word' id='word_1_252' title='bbox 735 2051 901 2091; x_wconf 79' lang='lat' dir='ltr'><strong>Rhenum,</strong></span> <span class='ocrx_word' id='word_1_253' title='bbox 926 2059 1002 2083; x_wconf 87' lang='lat' dir='ltr'><strong>cum</strong></span> <span class='ocrx_word' id='word_1_254' title='bbox 1017 2051 1202 2083; x_wconf 71' lang='lat' dir='ltr'><strong>exercitum</strong></span> 
     </span>
     <span class='ocr_line' id='line_1_25' title="bbox 326 2100 1201 2143; baseline -0.003 -8"><span class='ocrx_word' id='word_1_255' title='bbox 326 2102 496 2143; x_wconf 84' lang='lat' dir='ltr'><strong>ducerem,</strong></span> <span class='ocrx_word' id='word_1_256' title='bbox 522 2101 650 2142; x_wconf 80' lang='lat' dir='ltr'><strong>aliquot</strong></span> <span class='ocrx_word' id='word_1_257' title='bbox 670 2101 823 2143; x_wconf 64' lang='lat' dir='ltr'><strong>regiones</strong></span> <span class='ocrx_word' id='word_1_258' title='bbox 845 2101 983 2140; x_wconf 78' lang='lat' dir='ltr'><strong>accessi,</strong></span> <span class='ocrx_word' id='word_1_259' title='bbox 1008 2100 1064 2132; x_wconf 91' lang='lat' dir='ltr'><strong>ubi</strong></span> <span class='ocrx_word' id='word_1_260' title='bbox 1079 2118 1097 2124; x_wconf 95' lang='lat'><em>—</em></span> <span class='ocrx_word' id='word_1_261' title='bbox 1111 2118 1128 2124; x_wconf 94' lang='lat'>-</span> <span class='ocrx_word' id='word_1_262' title='bbox 1143 2109 1201 2132; x_wconf 90' lang='lat' dir='ltr'><strong>sa-</strong></span> 
     </span>
     <span class='ocr_line' id='line_1_26' title="bbox 326 2151 1200 2194; baseline -0.005 -8"><span class='ocrx_word' id='word_1_263' title='bbox 326 2152 389 2186; x_wconf 85' lang='lat' dir='ltr'><strong>lem</strong></span> <span class='ocrx_word' id='word_1_264' title='bbox 422 2162 481 2185; x_wconf 86' lang='lat' dir='ltr'><strong>nee</strong></span> <span class='ocrx_word' id='word_1_265' title='bbox 514 2152 683 2194; x_wconf 84' lang='lat' dir='ltr'><strong>fossicium</strong></span> <span class='ocrx_word' id='word_1_266' title='bbox 714 2160 773 2184; x_wconf 84' lang='lat' dir='ltr'><strong>nec</strong></span> <span class='ocrx_word' id='word_1_267' title='bbox 798 2151 1009 2184; x_wconf 83' lang='lat' dir='ltr'><strong>maritimum</strong></span> <span class='ocrx_word' id='word_1_268' title='bbox 1031 2151 1200 2191; x_wconf 82' lang='lat' dir='ltr'><strong>haberent,</strong></span> 
     </span>
     <span class='ocr_line' id='line_1_27' title="bbox 325 2198 1204 2245; baseline -0.003 -9"><span class='ocrx_word' id='word_1_269' title='bbox 325 2202 381 2236; x_wconf 78' lang='lat' dir='ltr'><strong>‘sed</strong></span> <span class='ocrx_word' id='word_1_270' title='bbox 403 2211 447 2236; x_wconf 75' lang='lat' dir='ltr'><strong>ex</strong></span> <span class='ocrx_word' id='word_1_271' title='bbox 470 2202 668 2245; x_wconf 81' lang='lat' dir='ltr'><strong>quibusdam</strong></span> <span class='ocrx_word' id='word_1_272' title='bbox 690 2201 790 2243; x_wconf 72' lang='lat' dir='ltr'><strong>liynis</strong></span> <span class='ocrx_word' id='word_1_273' title='bbox 811 2201 986 2234; x_wconf 87' lang='lat' dir='ltr'><strong>combustis</strong></span> <span class='ocrx_word' id='word_1_274' title='bbox 1006 2198 1204 2234; x_wconf 82' lang='lat' dir='ltr'><strong>carbonibus</strong></span> 
     </span>
     <span class='ocr_line' id='line_1_28' title="bbox 325 2252 1204 2295; baseline -0.002 -9"><span class='ocrx_word' id='word_1_275' title='bbox 325 2254 422 2286; x_wconf 88' lang='lat' dir='ltr'><strong>salsis</strong></span> <span class='ocrx_word' id='word_1_276' title='bbox 431 2262 498 2295; x_wconf 82' lang='lat' dir='ltr'><strong>pro</strong></span> <span class='ocrx_word' id='word_1_277' title='bbox 513 2262 551 2286; x_wconf 88' lang='lat' dir='ltr'><strong>eo</strong></span> <span class='ocrx_word' id='word_1_278' title='bbox 564 2253 751 2285; x_wconf 75' lang='lat' dir='ltr'><strong>uterentur.</strong></span> <span class='ocrx_word' id='word_1_279' title='bbox 774 2268 809 2274; x_wconf 95' lang='lat'><strong>—</strong></span> <span class='ocrx_word' id='word_1_280' title='bbox 832 2252 1006 2284; x_wconf 73' lang='lat' dir='ltr'><strong>exitiosius</strong></span> <span class='ocrx_word' id='word_1_281' title='bbox 1018 2252 1094 2293; x_wconf 76' lang='lat' dir='ltr'><strong>fuit,</strong></span> <span class='ocrx_word' id='word_1_282' title='bbox 1117 2253 1204 2292; x_wconf 52' lang='lat' dir='ltr'><strong>‘quia</strong></span> 
     </span>
     <span class='ocr_line' id='line_1_29' title="bbox 327 2302 1200 2346; baseline -0.003 -9"><span class='ocrx_word' id='word_1_283' title='bbox 327 2303 409 2346; x_wconf 65' lang='lat' dir='ltr'><strong>cet]</strong></span> <span class='ocrx_word' id='word_1_284' title='bbox 434 2303 470 2336; x_wconf 93' lang='lat' dir='ltr'><strong>id</strong></span> <span class='ocrx_word' id='word_1_285' title='bbox 487 2304 557 2344; x_wconf 89' lang='lat' dir='ltr'><strong>est,</strong></span> <span class='ocrx_word' id='word_1_286' title='bbox 585 2311 661 2342; x_wconf 83' lang='lat' dir='ltr'><strong>«eo,</strong></span> <span class='ocrx_word' id='word_1_287' title='bbox 681 2303 777 2334; x_wconf 89' lang='lat' dir='ltr'><strong>tanto</strong></span> <span class='ocrx_word' id='word_1_288' title='bbox 795 2302 974 2335; x_wconf 85' lang='lat' dir='ltr'><strong>exitiosius</strong></span> <span class='ocrx_word' id='word_1_289' title='bbox 992 2302 1065 2342; x_wconf 79' lang='lat' dir='ltr'><strong>fuit,</strong></span> <span class='ocrx_word' id='word_1_290' title='bbox 1085 2302 1200 2343; x_wconf 77' lang='lat' dir='ltr'><strong>quod»</strong></span> 
     </span>
     <span class='ocr_line' id='line_1_30' title="bbox 327 2352 1202 2395; baseline -0.001 -8"><span class='ocrx_word' id='word_1_291' title='bbox 327 2355 395 2388; x_wconf 89' lang='lat' dir='ltr'><strong>cet.</strong></span> <span class='ocrx_word' id='word_1_292' title='bbox 425 2371 460 2378; x_wconf 89' lang='lat'><strong>—</strong></span> <span class='ocrx_word' id='word_1_293' title='bbox 486 2353 638 2395; x_wconf 60' lang='lat' dir='ltr'><strong>victores]</strong></span> <span class='ocrx_word' id='word_1_294' title='bbox 662 2353 684 2385; x_wconf 90' lang='lat' dir='ltr'><strong>i.</strong></span> <span class='ocrx_word' id='word_1_295' title='bbox 703 2361 736 2384; x_wconf 91' lang='lat' dir='ltr'><strong>e.</strong></span> <span class='ocrx_word' id='word_1_296' title='bbox 759 2353 820 2394; x_wconf 90' lang='lat' dir='ltr'><strong>qui</strong></span> <span class='ocrx_word' id='word_1_297' title='bbox 843 2352 996 2385; x_wconf 83' lang='lat' dir='ltr'><strong>victores</strong></span> <span class='ocrx_word' id='word_1_298' title='bbox 1019 2352 1125 2385; x_wconf 86' lang='lat' dir='ltr'><strong>futuri</strong></span> <span class='ocrx_word' id='word_1_299' title='bbox 1149 2361 1202 2386; x_wconf 87' lang='lat' dir='ltr'><strong>es·</strong></span> 
     </span>
     <span class='ocr_line' id='line_1_31' title="bbox 327 2403 1204 2443; baseline -0.002 -6"><span class='ocrx_word' id='word_1_300' title='bbox 327 2406 418 2438; x_wconf 86' lang='lat' dir='ltr'><strong>sent.</strong></span> <span class='ocrx_word' id='word_1_301' title='bbox 446 2403 498 2437; x_wconf 78' lang='lat' dir='ltr'><strong>Cf.</strong></span> <span class='ocrx_word' id='word_1_302' title='bbox 517 2404 548 2443; x_wconf 87' lang='lat'><strong>3,</strong></span> <span class='ocrx_word' id='word_1_303' title='bbox 567 2403 627 2436; x_wconf 77' lang='lat'><strong>45:</strong></span> <span class='ocrx_word' id='word_1_304' title='bbox 654 2411 756 2443; x_wconf 79' lang='lat' dir='ltr'><strong>quam</strong></span> <span class='ocrx_word' id='word_1_305' title='bbox 779 2403 901 2435; x_wconf 79' lang='lat' dir='ltr'><strong>decora</strong></span> <span class='ocrx_word' id='word_1_306' title='bbox 914 2403 1093 2435; x_wconf 84' lang='lat' dir='ltr'><strong>victoribus</strong></span> <span class='ocrx_word' id='word_1_307' title='bbox 1106 2403 1204 2436; x_wconf 84' lang='lat' dir='ltr'><strong>liber-</strong></span> 
     </span>
     <span class='ocr_line' id='line_1_32' title="bbox 327 2453 1199 2495; baseline -0.002 -7"><span class='ocrx_word' id='word_1_308' title='bbox 327 2458 391 2495; x_wconf 76' lang='lat' dir='ltr'><strong>tas,</strong></span> <span class='ocrx_word' id='word_1_309' title='bbox 417 2457 543 2495; x_wconf 76' lang='lat' dir='ltr'><strong>quanto</strong></span> <span class='ocrx_word' id='word_1_310' title='bbox 557 2454 791 2486; x_wconf 78' lang='lat' dir='ltr'><strong>intolerantior</strong></span> <span class='ocrx_word' id='word_1_311' title='bbox 805 2453 944 2485; x_wconf 81' lang='lat' dir='ltr'><strong>servitus</strong></span> <span class='ocrx_word' id='word_1_312' title='bbox 958 2454 1081 2486; x_wconf 80' lang='lat' dir='ltr'><strong>iterum</strong></span> <span class='ocrx_word' id='word_1_313' title='bbox 1092 2454 1199 2486; x_wconf 86' lang='lat' dir='ltr'><strong>victis.</strong></span> 
     </span>
     <span class='ocr_line' id='line_1_33' title="bbox 325 2503 1202 2544; baseline -0.001 -7"><span class='ocrx_word' id='word_1_314' title='bbox 325 2506 370 2537; x_wconf 65' lang='lat'><strong>⁴2</strong></span> <span class='ocrx_word' id='word_1_315' title='bbox 382 2530 390 2544; x_wconf 91' lang='lat'><em>,</em></span> <span class='ocrx_word' id='word_1_316' title='bbox 415 2505 478 2537; x_wconf 72' lang='lat'><strong>20:</strong></span> <span class='ocrx_word' id='word_1_317' title='bbox 509 2505 676 2537; x_wconf 89' lang='lat' dir='ltr'><strong>modicam</strong></span> <span class='ocrx_word' id='word_1_318' title='bbox 696 2503 876 2536; x_wconf 74' lang='lat' dir='ltr'><strong>victoribus</strong></span> <span class='ocrx_word' id='word_1_319' title='bbox 897 2503 1030 2536; x_wconf 86' lang='lat' dir='ltr'><strong>laudem</strong></span> <span class='ocrx_word' id='word_1_320' title='bbox 1050 2513 1092 2536; x_wconf 88' lang='lat' dir='ltr'><strong>ac</strong></span> <span class='ocrx_word' id='word_1_321' title='bbox 1114 2504 1202 2537; x_wconf 88' lang='lat' dir='ltr'><strong>mul—</strong></span> 
     </span>
     <span class='ocr_line' id='line_1_34' title="bbox 327 2554 1202 2596; baseline 0 -9"><span class='ocrx_word' id='word_1_322' title='bbox 327 2558 399 2589; x_wconf 78' lang='lat' dir='ltr'><strong>tum</strong></span> <span class='ocrx_word' id='word_1_323' title='bbox 416 2554 589 2596; x_wconf 79' lang='lat' dir='ltr'><strong>infamiae,</strong></span> <span class='ocrx_word' id='word_1_324' title='bbox 606 2555 635 2586; x_wconf 89' lang='lat' dir='ltr'><strong>si</strong></span> <span class='ocrx_word' id='word_1_325' title='bbox 647 2554 859 2595; x_wconf 77' lang='lat' dir='ltr'><strong>pellerentur.</strong></span> <span class='ocrx_word' id='word_1_326' title='bbox 880 2570 913 2578; x_wconf 89' lang='lat'><em>-</em></span> <span class='ocrx_word' id='word_1_327' title='bbox 931 2555 1038 2588; x_wconf 82' lang='lat' dir='ltr'><strong>Marti</strong></span> <span class='ocrx_word' id='word_1_328' title='bbox 1053 2563 1095 2586; x_wconf 89' lang='lat' dir='ltr'><strong>ac</strong></span> <span class='ocrx_word' id='word_1_329' title='bbox 1108 2555 1202 2587; x_wconf 81' lang='lat' dir='ltr'><strong>Mer-</strong></span> 
     </span>
     <span class='ocr_line' id='line_1_35' title="bbox 326 2603 1201 2646; baseline -0.002 -8"><span class='ocrx_word' id='word_1_330' title='bbox 326 2604 432 2646; x_wconf 85' lang='lat' dir='ltr'><strong>curio]</strong></span> <span class='ocrx_word' id='word_1_331' title='bbox 464 2603 517 2637; x_wconf 81' lang='lat' dir='ltr'><strong>Cf.</strong></span> <span class='ocrx_word' id='word_1_332' title='bbox 544 2605 662 2637; x_wconf 89' lang='lat' dir='ltr'><strong>Germ.</strong></span> <span class='ocrx_word' id='word_1_333' title='bbox 689 2605 721 2637; x_wconf 79' lang='lat'><strong>9.</strong></span> <span class='ocrx_word' id='word_1_334' title='bbox 759 2604 861 2637; x_wconf 84' lang='lat' dir='ltr'><strong>Caes.</strong></span> <span class='ocrx_word' id='word_1_335' title='bbox 890 2604 929 2636; x_wconf 75' lang='lat' dir='ltr'><strong>B.</strong></span> <span class='ocrx_word' id='word_1_336' title='bbox 955 2605 994 2636; x_wconf 87' lang='lat' dir='ltr'><strong>G.</strong></span> <span class='ocrx_word' id='word_1_337' title='bbox 1021 2604 1053 2644; x_wconf 85' lang='lat'><strong>6,</strong></span> <span class='ocrx_word' id='word_1_338' title='bbox 1079 2604 1119 2636; x_wconf 97' lang='grc'><strong>47</strong></span> <span class='ocrx_word' id='word_1_339' title='bbox 1145 2603 1201 2646; x_wconf 89' lang='lat' dir='ltr'><strong>(de</strong></span> 
     </span>
     <span class='ocr_line' id='line_1_36' title="bbox 328 2654 1203 2695; baseline -0.002 -7"><span class='ocrx_word' id='word_1_340' title='bbox 328 2654 467 2694; x_wconf 86' lang='lat' dir='ltr'><strong>Gallis):</strong></span> <span class='ocrx_word' id='word_1_341' title='bbox 501 2654 586 2686; x_wconf 85' lang='lat' dir='ltr'><strong>Huic</strong></span> <span class='ocrx_word' id='word_1_342' title='bbox 615 2654 757 2695; x_wconf 84' lang='lat' dir='ltr'><strong>(Marti),</strong></span> <span class='ocrx_word' id='word_1_343' title='bbox 787 2662 863 2686; x_wconf 88' lang='lat' dir='ltr'><strong>cum</strong></span> <span class='ocrx_word' id='word_1_344' title='bbox 889 2654 1016 2694; x_wconf 78' lang='lat' dir='ltr'><strong>proelio</strong></span> <span class='ocrx_word' id='word_1_345' title='bbox 1043 2654 1203 2686; x_wconf 84' lang='lat' dir='ltr'><strong>dimicare</strong></span> 
     </span>
     <span class='ocr_line' id='line_1_37' title="bbox 328 2703 1203 2745; baseline -0.002 -7"><span class='ocrx_word' id='word_1_346' title='bbox 328 2705 586 2744; x_wconf 82' lang='lat' dir='ltr'><strong>constituerunt,</strong></span> <span class='ocrx_word' id='word_1_347' title='bbox 602 2712 655 2743; x_wconf 90' lang='lat' dir='ltr'><strong>ea,</strong></span> <span class='ocrx_word' id='word_1_348' title='bbox 681 2712 768 2745; x_wconf 84' lang='lat' dir='ltr'><strong>quae</strong></span> <span class='ocrx_word' id='word_1_349' title='bbox 782 2703 863 2736; x_wconf 84' lang='lat' dir='ltr'><strong>bello</strong></span> <span class='ocrx_word' id='word_1_350' title='bbox 879 2704 1036 2744; x_wconf 71' lang='lat' dir='ltr'><strong>ceperint,</strong></span> <span class='ocrx_word' id='word_1_351' title='bbox 1056 2704 1203 2744; x_wconf 79' lang='lat' dir='ltr'><strong>plerum-</strong></span> 
     </span>
     <span class='ocr_line' id='line_1_38' title="bbox 329 2754 1204 2796; baseline -0.002 -8"><span class='ocrx_word' id='word_1_352' title='bbox 329 2763 393 2796; x_wconf 72' lang='lat' dir='ltr'><strong>que</strong></span> <span class='ocrx_word' id='word_1_353' title='bbox 422 2755 579 2787; x_wconf 82' lang='lat' dir='ltr'><strong>devovent</strong></span> <span class='ocrx_word' id='word_1_354' title='bbox 587 2762 599 2792; x_wconf 92' lang='lat'><strong>‚·</strong></span> <span class='ocrx_word' id='word_1_355' title='bbox 634 2762 710 2786; x_wconf 88' lang='lat' dir='ltr'><strong>cum</strong></span> <span class='ocrx_word' id='word_1_356' title='bbox 739 2756 1000 2794; x_wconf 67' lang='lat' dir='ltr'><strong>superaverant,</strong></span> <span class='ocrx_word' id='word_1_357' title='bbox 1039 2754 1204 2786; x_wconf 84' lang='lat' dir='ltr'><strong>animalia</strong></span> 
     </span>
     <span class='ocr_line' id='line_1_39' title="bbox 328 2803 1204 2846; baseline -0.002 -8"><span class='ocrx_word' id='word_1_358' title='bbox 328 2808 430 2846; x_wconf 82' lang='lat' dir='ltr'><strong>capta</strong></span> <span class='ocrx_word' id='word_1_359' title='bbox 451 2803 644 2843; x_wconf 86' lang='lat' dir='ltr'><strong>immolant,</strong></span> <span class='ocrx_word' id='word_1_360' title='bbox 669 2803 816 2843; x_wconf 83' lang='lat' dir='ltr'><strong>reliquas</strong></span> <span class='ocrx_word' id='word_1_361' title='bbox 837 2812 892 2836; x_wconf 87' lang='lat' dir='ltr'><strong>res</strong></span> <span class='ocrx_word' id='word_1_362' title='bbox 911 2803 949 2836; x_wconf 82' lang='lat' dir='ltr'><strong>in</strong></span> <span class='ocrx_word' id='word_1_363' title='bbox 970 2812 1074 2836; x_wconf 75' lang='lat' dir='ltr'><strong>unum</strong></span> <span class='ocrx_word' id='word_1_364' title='bbox 1096 2804 1204 2836; x_wconf 90' lang='lat' dir='ltr'><strong>locum</strong></span> 
     </span>
     <span class='ocr_line' id='line_1_40' title="bbox 328 2854 1202 2897; baseline -0.003 -8"><span class='ocrx_word' id='word_1_365' title='bbox 328 2855 513 2897; x_wconf 81' lang='lat' dir='ltr'><strong>conserunt.</strong></span> <span class='ocrx_word' id='word_1_366' title='bbox 530 2871 566 2877; x_wconf 87' lang='lat'>-</span> <span class='ocrx_word' id='word_1_367' title='bbox 584 2857 705 2886; x_wconf 83' lang='lat' dir='ltr'><strong>cuncta</strong></span> <span class='ocrx_word' id='word_1_368' title='bbox 719 2854 820 2895; x_wconf 87' lang='lat' dir='ltr'><strong>victa]</strong></span> <span class='ocrx_word' id='word_1_369' title='bbox 843 2855 987 2893; x_wconf 89' lang='lat' dir='ltr'><strong>cuncta,</strong></span> <span class='ocrx_word' id='word_1_370' title='bbox 1013 2862 1105 2895; x_wconf 89' lang='lat' dir='ltr'><strong>quae</strong></span> <span class='ocrx_word' id='word_1_371' title='bbox 1121 2854 1202 2887; x_wconf 90' lang='lat' dir='ltr'><strong>victi</strong></span> 
     </span>
     <span class='ocr_line' id='line_1_41' title="bbox 329 2903 1203 2948; baseline -0.003 -9"><span class='ocrx_word' id='word_1_372' title='bbox 329 2904 576 2948; x_wconf 77' lang='lat' dir='ltr'><strong>possederant.</strong></span> <span class='ocrx_word' id='word_1_373' title='bbox 595 2921 630 2926; x_wconf 88' lang='lat'>—</span> <span class='ocrx_word' id='word_1_374' title='bbox 649 2903 787 2945; x_wconf 75' lang='lat' dir='ltr'><strong>hostiles]</strong></span> <span class='ocrx_word' id='word_1_375' title='bbox 810 2904 831 2936; x_wconf 88' lang='lat' dir='ltr'><strong>i.</strong></span> <span class='ocrx_word' id='word_1_376' title='bbox 851 2913 882 2936; x_wconf 88' lang='lat' dir='ltr'><strong>e.</strong></span> <span class='ocrx_word' id='word_1_377' title='bbox 903 2905 1123 2944; x_wconf 85' lang='lat' dir='ltr'><strong>Chattorum,</strong></span> <span class='ocrx_word' id='word_1_378' title='bbox 1142 2905 1203 2946; x_wconf 90' lang='lat' dir='ltr'><strong>qui</strong></span> 
     </span>
     <span class='ocr_line' id='line_1_42' title="bbox 330 2955 1203 2990; baseline -0.002 0"><span class='ocrx_word' id='word_1_379' title='bbox 330 2959 366 2990; x_wconf 87' lang='lat' dir='ltr'><strong>et</strong></span> <span class='ocrx_word' id='word_1_380' title='bbox 396 2956 635 2990; x_wconf 79' lang='lat' dir='ltr'><strong>Romanorum</strong></span> <span class='ocrx_word' id='word_1_381' title='bbox 659 2956 696 2987; x_wconf 88' lang='lat' dir='ltr'><strong>et</strong></span> <span class='ocrx_word' id='word_1_382' title='bbox 727 2955 1058 2988; x_wconf 83' lang='lat' dir='ltr'><strong>Hermundurorum</strong></span> <span class='ocrx_word' id='word_1_383' title='bbox 1081 2955 1203 2988; x_wconf 85' lang='lat' dir='ltr'><strong>hostes</strong></span> 
     </span>
     <span class='ocr_line' id='line_1_43' title="bbox 330 3006 1204 3048; baseline -0.003 -8"><span class='ocrx_word' id='word_1_384' title='bbox 330 3009 443 3040; x_wconf 83' lang='lat' dir='ltr'><strong>erant.</strong></span> <span class='ocrx_word' id='word_1_385' title='bbox 478 3006 612 3039; x_wconf 85' lang='lat' dir='ltr'><strong>Contra</strong></span> <span class='ocrx_word' id='word_1_386' title='bbox 639 3006 951 3038; x_wconf 81' lang='lat' dir='ltr'><strong>Hermundurorum</strong></span> <span class='ocrx_word' id='word_1_387' title='bbox 984 3006 1103 3039; x_wconf 81' lang='lat' dir='ltr'><strong>civitas</strong></span> <span class='ocrx_word' id='word_1_388' title='bbox 1133 3006 1204 3048; x_wconf 67' lang='lat' dir='ltr'><strong>fida</strong></span> 
     </span>
     <span class='ocr_line' id='line_1_44' title="bbox 330 3055 1204 3098; baseline -0.003 -7"><span class='ocrx_word' id='word_1_389' title='bbox 330 3057 489 3091; x_wconf 80' lang='lat' dir='ltr'><strong>Romanis</strong></span> <span class='ocrx_word' id='word_1_390' title='bbox 498 3058 618 3090; x_wconf 88' lang='lat' dir='ltr'><strong>Germ.</strong></span> <span class='ocrx_word' id='word_1_391' title='bbox 634 3055 729 3088; x_wconf 78' lang='grc'><strong>44.-</strong></span> <span class='ocrx_word' id='word_1_392' title='bbox 750 3055 916 3098; x_wconf 87' lang='lat' dir='ltr'><strong>Ubiorum]</strong></span> <span class='ocrx_word' id='word_1_393' title='bbox 932 3056 1029 3088; x_wconf 83' lang='lat' dir='ltr'><strong>Hanc</strong></span> <span class='ocrx_word' id='word_1_394' title='bbox 1042 3056 1082 3088; x_wconf 91' lang='lat' dir='ltr'><strong>N.</strong></span> <span class='ocrx_word' id='word_1_395' title='bbox 1100 3056 1204 3088; x_wconf 89' lang='lat' dir='ltr'><strong>Hein-</strong></span> 
     </span>
     <span class='ocr_line' id='line_1_45' title="bbox 330 3105 1204 3146; baseline -0.003 -5"><span class='ocrx_word' id='word_1_396' title='bbox 330 3109 372 3142; x_wconf 88' lang='lat' dir='ltr'><strong>sii</strong></span> <span class='ocrx_word' id='word_1_397' title='bbox 396 3107 639 3141; x_wconf 81' lang='lat' dir='ltr'><strong>coniecturam</strong></span> <span class='ocrx_word' id='word_1_398' title='bbox 663 3105 803 3146; x_wconf 84' lang='lat' dir='ltr'><strong>egregie</strong></span> <span class='ocrx_word' id='word_1_399' title='bbox 827 3105 1052 3138; x_wconf 86' lang='lat' dir='ltr'><strong>vindicavere</strong></span> <span class='ocrx_word' id='word_1_400' title='bbox 1073 3105 1204 3138; x_wconf 85' lang='lat' dir='ltr'><strong>duum·</strong></span> 
     </span>
     <span class='ocr_line' id='line_1_46' title="bbox 330 3153 1203 3195; baseline -0.003 -5"><span class='ocrx_word' id='word_1_401' title='bbox 330 3157 395 3190; x_wconf 87' lang='lat' dir='ltr'><strong>viri</strong></span> <span class='ocrx_word' id='word_1_402' title='bbox 411 3164 532 3189; x_wconf 90' lang='lat' dir='ltr'><strong>rerum</strong></span> <span class='ocrx_word' id='word_1_403' title='bbox 548 3153 759 3188; x_wconf 82' lang='lat' dir='ltr'><strong>naturalium</strong></span> <span class='ocrx_word' id='word_1_404' title='bbox 776 3154 992 3195; x_wconf 73' lang='lat' dir='ltr'><strong>peritissimi,</strong></span> <span class='ocrx_word' id='word_1_405' title='bbox 1010 3157 1048 3189; x_wconf 87' lang='grc' dir='ltr'><strong>Ε.</strong></span> <span class='ocrx_word' id='word_1_406' title='bbox 1061 3156 1100 3188; x_wconf 90' lang='lat' dir='ltr'><strong>G.</strong></span> <span class='ocrx_word' id='word_1_407' title='bbox 1111 3156 1203 3188; x_wconf 86' lang='lat' dir='ltr'><strong>Nees</strong></span> 
     </span>
     <span class='ocr_line' id='line_1_47' title="bbox 331 3204 1204 3246; baseline -0.002 -7"><span class='ocrx_word' id='word_1_408' title='bbox 331 3206 376 3239; x_wconf 86' lang='lat' dir='ltr'><strong>ab</strong></span> <span class='ocrx_word' id='word_1_409' title='bbox 401 3205 587 3239; x_wconf 89' lang='lat' dir='ltr'><strong>Esenbeck</strong></span> <span class='ocrx_word' id='word_1_410' title='bbox 608 3205 646 3238; x_wconf 84' lang='lat' dir='ltr'><strong>et</strong></span> <span class='ocrx_word' id='word_1_411' title='bbox 667 3205 692 3236; x_wconf 90' lang='lat'><strong>1.</strong></span> <span class='ocrx_word' id='word_1_412' title='bbox 719 3204 951 3244; x_wconf 86' lang='lat' dir='ltr'><strong>Noeggerath.</strong></span> <span class='ocrx_word' id='word_1_413' title='bbox 981 3204 1068 3237; x_wconf 89' lang='lat' dir='ltr'><strong>Vide</strong></span> <span class='ocrx_word' id='word_1_414' title='bbox 1088 3206 1204 3246; x_wconf 86' lang='lat' dir='ltr'><strong>Noeg-</strong></span> 
     </span>
     <span class='ocr_line' id='line_1_48' title="bbox 332 3252 1205 3298; baseline -0.001 -10"><span class='ocrx_word' id='word_1_415' title='bbox 332 3255 480 3298; x_wconf 79' lang='lat' dir='ltr'><strong>gerathii</strong></span> <span class='ocrx_word' id='word_1_416' title='bbox 510 3254 641 3288; x_wconf 88' lang='lat' dir='ltr'><strong>librum</strong></span> <span class='ocrx_word' id='word_1_417' title='bbox 664 3253 724 3295; x_wconf 92' lang='lat' dir='ltr'><strong>qui</strong></span> <span class='ocrx_word' id='word_1_418' title='bbox 755 3252 958 3286; x_wconf 87' lang='lat' dir='ltr'><strong>inscribitur</strong></span> <span class='ocrx_word' id='word_1_419' title='bbox 981 3254 1044 3285; x_wconf 82' lang='lat' dir='ltr'><strong>das</strong></span> <span class='ocrx_word' id='word_1_420' title='bbox 1066 3254 1205 3295; x_wconf 76' lang='lat' dir='ltr'><strong>Gebirye</strong></span> 
     </span>
     <span class='ocr_line' id='line_1_49' title="bbox 331 3301 1201 3344; baseline -0.002 -6"><span class='ocrx_word' id='word_1_421' title='bbox 331 3307 366 3338; x_wconf 85' lang='lat' dir='ltr'><strong>in</strong></span> <span class='ocrx_word' id='word_1_422' title='bbox 380 3302 806 3344; x_wconf 78' lang='lat' dir='ltr'><strong>Rheinland-Westpnalen,</strong></span> <span class='ocrx_word' id='word_1_423' title='bbox 831 3301 906 3334; x_wconf 88' lang='lat' dir='ltr'><strong>Vol.</strong></span> <span class='ocrx_word' id='word_1_424' title='bbox 925 3303 969 3334; x_wconf 87' lang='lat'><strong>111</strong></span> <span class='ocrx_word' id='word_1_425' title='bbox 987 3312 1021 3344; x_wconf 88' lang='lat' dir='ltr'><strong>p.</strong></span> <span class='ocrx_word' id='word_1_426' title='bbox 1039 3303 1201 3343; x_wconf 66' lang='lat' dir='ltr'><strong>sii—4⁴2,</strong></span> 
     </span>
     <span class='ocr_line' id='line_1_50' title="bbox 332 3352 1203 3393; baseline -0.002 -5"><span class='ocrx_word' id='word_1_427' title='bbox 332 3355 393 3387; x_wconf 91' lang='lat' dir='ltr'><strong>ubi</strong></span> <span class='ocrx_word' id='word_1_428' title='bbox 410 3355 662 3387; x_wconf 86' lang='lat' dir='ltr'><strong>commentatio</strong></span> <span class='ocrx_word' id='word_1_429' title='bbox 679 3353 783 3386; x_wconf 87' lang='lat' dir='ltr'><strong>docte</strong></span> <span class='ocrx_word' id='word_1_430' title='bbox 800 3352 997 3393; x_wconf 84' lang='lat' dir='ltr'><strong>conscripta</strong></span> <span class='ocrx_word' id='word_1_431' title='bbox 1020 3352 1088 3385; x_wconf 87' lang='lat' dir='ltr'><strong>hoc</strong></span> <span class='ocrx_word' id='word_1_432' title='bbox 1104 3352 1203 3386; x_wconf 82' lang='lat' dir='ltr'><strong>titulo</strong></span> 
     </span>
     <span class='ocr_line' id='line_1_51' title="bbox 333 3401 1202 3437; baseline -0.001 -1"><span class='ocrx_word' id='word_1_433' title='bbox 333 3404 410 3437; x_wconf 85' lang='lat' dir='ltr'><strong>Gibt</strong></span> <span class='ocrx_word' id='word_1_434' title='bbox 427 3405 558 3436; x_wconf 81' lang='lat' dir='ltr'><strong>Tacitus</strong></span> <span class='ocrx_word' id='word_1_435' title='bbox 578 3404 673 3436; x_wconf 74' lang='lat' dir='ltr'><strong>einen</strong></span> <span class='ocrx_word' id='word_1_436' title='bbox 687 3402 898 3435; x_wconf 72' lang='lat' dir='ltr'><strong>historischen</strong></span> <span class='ocrx_word' id='word_1_437' title='bbox 909 3401 1035 3434; x_wconf 81' lang='lat' dir='ltr'><strong>Beweis</strong></span> <span class='ocrx_word' id='word_1_438' title='bbox 1048 3411 1112 3434; x_wconf 85' lang='lat' dir='ltr'><strong>von</strong></span> <span class='ocrx_word' id='word_1_439' title='bbox 1127 3403 1202 3435; x_wconf 81' lang='lat' dir='ltr'><strong>vul-</strong></span> 
     </span>
     <span class='ocr_line' id='line_1_52' title="bbox 331 3450 1200 3494; baseline -0.001 -8"><span class='ocrx_word' id='word_1_440' title='bbox 331 3453 508 3487; x_wconf 67' lang='lat' dir='ltr'><strong>leanixchen</strong></span> <span class='ocrx_word' id='word_1_441' title='bbox 518 3453 726 3494; x_wconf 58' lang='lat' dir='ltr'><strong>Emmtionen</strong></span> <span class='ocrx_word' id='word_1_442' title='bbox 740 3460 798 3485; x_wconf 77' lang='lat' dir='ltr'><strong>am</strong></span> <span class='ocrx_word' id='word_1_443' title='bbox 811 3451 1025 3485; x_wconf 71' lang='lat' dir='ltr'><strong>moder-mein</strong></span> <span class='ocrx_word' id='word_1_444' title='bbox 1034 3450 1051 3482; x_wconf 70' lang='lat' dir='ltr'><em>P</em></span> <span class='ocrx_word' id='word_1_445' title='bbox 1066 3452 1200 3485; x_wconf 74' lang='lat' dir='ltr'><strong>Rirrn.</strong></span> 
     </span>
    </p>
   </div>
   <div class='ocr_carea' id='block_1_5' title="bbox 1247 1895 2165 3489">
    <p class='ocr_par' dir='ltr' id='par_1_5' title="bbox 1251 1895 2126 2697">
     <span class='ocr_line' id='line_1_53' title="bbox 1255 1895 2122 1940; baseline -0.004 -8"><span class='ocrx_word' id='word_1_446' title='bbox 1255 1899 1414 1932; x_wconf 77' lang='lat' dir='ltr'><strong>Vibonum</strong></span> <span class='ocrx_word' id='word_1_447' title='bbox 1443 1907 1576 1932; x_wconf 89' lang='lat' dir='ltr'><strong>nomen</strong></span> <span class='ocrx_word' id='word_1_448' title='bbox 1607 1898 1814 1940; x_wconf 79' lang='lat' dir='ltr'><strong>suspectum</strong></span> <span class='ocrx_word' id='word_1_449' title='bbox 1837 1905 1907 1931; x_wconf 86' lang='lat' dir='ltr'><strong>uon</strong></span> <span class='ocrx_word' id='word_1_450' title='bbox 1931 1898 2005 1930; x_wconf 77' lang='lat' dir='ltr'><strong>tam</strong></span> <span class='ocrx_word' id='word_1_451' title='bbox 2027 1895 2122 1937; x_wconf 84' lang='lat' dir='ltr'><strong>ideo,</strong></span> 
     </span>
     <span class='ocr_line' id='line_1_54' title="bbox 1252 1947 2123 1991; baseline -0.002 -9"><span class='ocrx_word' id='word_1_452' title='bbox 1252 1949 1348 1991; x_wconf 93' lang='lat' dir='ltr'><strong>quod</strong></span> <span class='ocrx_word' id='word_1_453' title='bbox 1373 1957 1549 1990; x_wconf 88' lang='lat' dir='ltr'><strong>nusquam</strong></span> <span class='ocrx_word' id='word_1_454' title='bbox 1569 1947 1652 1981; x_wconf 87' lang='lat' dir='ltr'><strong>alibi</strong></span> <span class='ocrx_word' id='word_1_455' title='bbox 1675 1948 1812 1990; x_wconf 89' lang='lat' dir='ltr'><strong>legitur,</strong></span> <span class='ocrx_word' id='word_1_456' title='bbox 1831 1956 1939 1990; x_wconf 76' lang='lat' dir='ltr'><strong>quam</strong></span> <span class='ocrx_word' id='word_1_457' title='bbox 1955 1949 2123 1990; x_wconf 84' lang='lat' dir='ltr'><strong>propter-</strong></span> 
     </span>
     <span class='ocr_line' id='line_1_55' title="bbox 1253 1998 2124 2041; baseline -0.003 -8"><span class='ocrx_word' id='word_1_458' title='bbox 1253 2009 1311 2040; x_wconf 87' lang='lat' dir='ltr'><strong>ea,</strong></span> <span class='ocrx_word' id='word_1_459' title='bbox 1338 1999 1434 2041; x_wconf 91' lang='lat' dir='ltr'><strong>quod</strong></span> <span class='ocrx_word' id='word_1_460' title='bbox 1458 1998 1614 2032; x_wconf 87' lang='lat' dir='ltr'><strong>coloniae</strong></span> <span class='ocrx_word' id='word_1_461' title='bbox 1638 2007 1721 2032; x_wconf 80' lang='lat' dir='ltr'><strong>mox</strong></span> <span class='ocrx_word' id='word_1_462' title='bbox 1747 1999 1967 2031; x_wconf 89' lang='lat' dir='ltr'><strong>memoratae</strong></span> <span class='ocrx_word' id='word_1_463' title='bbox 1991 2006 2124 2032; x_wconf 81' lang='lat' dir='ltr'><strong>nomen</strong></span> 
     </span>
     <span class='ocr_line' id='line_1_56' title="bbox 1251 2040 2126 2090; baseline -0.002 -8"><span class='ocrx_word' id='word_1_464' title='bbox 1251 2051 1377 2083; x_wconf 82' lang='lat' dir='ltr'><strong>reticet</strong></span> <span class='ocrx_word' id='word_1_465' title='bbox 1406 2049 1563 2090; x_wconf 86' lang='lat' dir='ltr'><strong>Tacitus,</strong></span> <span class='ocrx_word' id='word_1_466' title='bbox 1601 2058 1671 2082; x_wconf 92' lang='lat' dir='ltr'><strong>non</strong></span> <span class='ocrx_word' id='word_1_467' title='bbox 1698 2044 1820 2082; x_wconf 87' lang='lat' dir='ltr'><strong>hercle</strong></span> <span class='ocrx_word' id='word_1_468' title='bbox 1848 2042 2022 2089; x_wconf 81' lang='lat' dir='ltr'><strong>facturus,</strong></span> <span class='ocrx_word' id='word_1_469' title='bbox 2058 2040 2126 2081; x_wconf 82' lang='lat' dir='ltr'><strong>nisi</strong></span> 
     </span>
     <span class='ocr_line' id='line_1_57' title="bbox 1252 2073 2124 2140; baseline 0 -8"><span class='ocrx_word' id='word_1_470' title='bbox 1252 2099 1434 2133; x_wconf 88' lang='lat' dir='ltr'><strong>celebrem</strong></span> <span class='ocrx_word' id='word_1_471' title='bbox 1470 2100 1506 2132; x_wconf 90' lang='lat' dir='ltr'><strong>et</strong></span> <span class='ocrx_word' id='word_1_472' title='bbox 1539 2098 1705 2132; x_wconf 88' lang='lat' dir='ltr'><strong>omnibus</strong></span> <span class='ocrx_word' id='word_1_473' title='bbox 1737 2099 1914 2140; x_wconf 87' lang='lat' dir='ltr'><strong>cognitam</strong></span> <span class='ocrx_word' id='word_1_474' title='bbox 1945 2073 2124 2132; x_wconf 74' lang='lat' dir='ltr'><strong>eiviiatem</strong></span> 
     </span>
     <span class='ocr_line' id='line_1_58' title="bbox 1252 2148 2124 2189; baseline -0.002 -6"><span class='ocrx_word' id='word_1_475' title='bbox 1252 2152 1355 2184; x_wconf 92' lang='lat' dir='ltr'><strong>antea</strong></span> <span class='ocrx_word' id='word_1_476' title='bbox 1389 2150 1624 2189; x_wconf 84' lang='lat' dir='ltr'><strong>nominasset,</strong></span> <span class='ocrx_word' id='word_1_477' title='bbox 1662 2151 1762 2182; x_wconf 82' lang='lat' dir='ltr'><strong>cuius</strong></span> <span class='ocrx_word' id='word_1_478' title='bbox 1797 2157 1840 2182; x_wconf 83' lang='lat' dir='ltr'><strong>ex</strong></span> <span class='ocrx_word' id='word_1_479' title='bbox 1869 2149 2047 2182; x_wconf 83' lang='lat' dir='ltr'><strong>vicinitate</strong></span> <span class='ocrx_word' id='word_1_480' title='bbox 2079 2148 2124 2181; x_wconf 87' lang='lat' dir='ltr'><strong>de</strong></span> 
     </span>
     <span class='ocr_line' id='line_1_59' title="bbox 1252 2196 2126 2235; baseline -0.005 0"><span class='ocrx_word' id='word_1_481' title='bbox 1252 2202 1394 2235; x_wconf 79' lang='lat' dir='ltr'><strong>nomine</strong></span> <span class='ocrx_word' id='word_1_482' title='bbox 1419 2196 1579 2234; x_wconf 87' lang='lat' dir='ltr'><strong>coloniae</strong></span> <span class='ocrx_word' id='word_1_483' title='bbox 1604 2199 1712 2233; x_wconf 86' lang='lat' dir='ltr'><strong>facilis</strong></span> <span class='ocrx_word' id='word_1_484' title='bbox 1735 2208 1778 2232; x_wconf 88' lang='lat' dir='ltr'><strong>ac</strong></span> <span class='ocrx_word' id='word_1_485' title='bbox 1802 2199 1896 2232; x_wconf 87' lang='lat' dir='ltr'><strong>certa</strong></span> <span class='ocrx_word' id='word_1_486' title='bbox 1922 2199 2025 2232; x_wconf 87' lang='lat' dir='ltr'><strong>fieret</strong></span> <span class='ocrx_word' id='word_1_487' title='bbox 2042 2206 2126 2232; x_wconf 84' lang='lat' dir='ltr'><strong>con·-</strong></span> 
     </span>
     <span class='ocr_line' id='line_1_60' title="bbox 1251 2248 2124 2285; baseline -0.005 0"><span class='ocrx_word' id='word_1_488' title='bbox 1251 2253 1398 2285; x_wconf 86' lang='lat' dir='ltr'><strong>iectura.</strong></span> <span class='ocrx_word' id='word_1_489' title='bbox 1437 2251 1521 2284; x_wconf 84' lang='lat' dir='ltr'><strong>Erat</strong></span> <span class='ocrx_word' id='word_1_490' title='bbox 1559 2252 1680 2283; x_wconf 79' lang='lat' dir='ltr'><strong>autem</strong></span> <span class='ocrx_word' id='word_1_491' title='bbox 1715 2249 1850 2283; x_wconf 84' lang='lat' dir='ltr'><strong>colonia</strong></span> <span class='ocrx_word' id='word_1_492' title='bbox 1886 2249 1980 2282; x_wconf 79' lang='lat' dir='ltr'><strong>haud</strong></span> <span class='ocrx_word' id='word_1_493' title='bbox 2014 2248 2124 2282; x_wconf 70' lang='lat' dir='ltr'><strong>dubie</strong></span> 
     </span>
     <span class='ocr_line' id='line_1_61' title="bbox 1253 2299 2124 2345; baseline -0.005 -10"><span class='ocrx_word' id='word_1_494' title='bbox 1253 2302 1534 2345; x_wconf 83' lang='lat' dir='ltr'><strong>Agrippinensis,</strong></span> <span class='ocrx_word' id='word_1_495' title='bbox 1561 2302 1605 2333; x_wconf 90' lang='lat' dir='ltr'><strong>de</strong></span> <span class='ocrx_word' id='word_1_496' title='bbox 1623 2309 1692 2342; x_wconf 90' lang='lat' dir='ltr'><strong>qua</strong></span> <span class='ocrx_word' id='word_1_497' title='bbox 1710 2301 1762 2340; x_wconf 73' lang='lat'><strong>42,</strong></span> <span class='ocrx_word' id='word_1_498' title='bbox 1782 2301 1835 2332; x_wconf 75' lang='lat'><strong>27.</strong></span> <span class='ocrx_word' id='word_1_499' title='bbox 1854 2301 1962 2332; x_wconf 75' lang='lat' dir='ltr'><strong>Dosn.</strong></span> <span class='ocrx_word' id='word_1_500' title='bbox 1979 2317 2015 2323; x_wconf 92' lang='lat'><strong>—</strong></span> <span class='ocrx_word' id='word_1_501' title='bbox 2033 2299 2124 2341; x_wconf 60' lang='lat' dir='ltr'><strong>iones</strong></span> 
     </span>
     <span class='ocr_line' id='line_1_62' title="bbox 1251 2349 2126 2394; baseline -0.005 -8"><span class='ocrx_word' id='word_1_502' title='bbox 1251 2357 1345 2386; x_wconf 88' lang='lat' dir='ltr'><strong>terra</strong></span> <span class='ocrx_word' id='word_1_503' title='bbox 1364 2352 1455 2394; x_wconf 79' lang='lat' dir='ltr'><strong>editi]</strong></span> <span class='ocrx_word' id='word_1_504' title='bbox 1481 2359 1570 2393; x_wconf 88' lang='lat' dir='ltr'><strong>quos</strong></span> <span class='ocrx_word' id='word_1_505' title='bbox 1595 2350 1796 2383; x_wconf 90' lang='lat' dir='ltr'><strong>incendium</strong></span> <span class='ocrx_word' id='word_1_506' title='bbox 1822 2351 2004 2383; x_wconf 71' lang='lat' dir='ltr'><strong>terrenum</strong></span> <span class='ocrx_word' id='word_1_507' title='bbox 2019 2349 2126 2392; x_wconf 60' lang='grc' dir='ltr'><strong>(ΕΜδ</strong></span> 
     </span>
     <span class='ocr_line' id='line_1_63' title="bbox 1252 2399 2125 2443; baseline -0.005 -7"><span class='ocrx_word' id='word_1_508' title='bbox 1252 2403 1372 2443; x_wconf 74' lang='lat' dir='ltr'><strong>brand,</strong></span> <span class='ocrx_word' id='word_1_509' title='bbox 1391 2401 1608 2442; x_wconf 86' lang='lat' dir='ltr'><strong>Moorbrand)</strong></span> <span class='ocrx_word' id='word_1_510' title='bbox 1633 2400 1739 2433; x_wconf 78' lang='lat' dir='ltr'><strong>fuisse</strong></span> <span class='ocrx_word' id='word_1_511' title='bbox 1762 2399 1922 2442; x_wconf 74' lang='lat' dir='ltr'><strong>plerique</strong></span> <span class='ocrx_word' id='word_1_512' title='bbox 1937 2399 2125 2442; x_wconf 79' lang='lat' dir='ltr'><strong>suspicen—</strong></span> 
     </span>
     <span class='ocr_line' id='line_1_64' title="bbox 1253 2451 2126 2488; baseline -0.006 0"><span class='ocrx_word' id='word_1_513' title='bbox 1253 2458 1320 2488; x_wconf 88' lang='lat' dir='ltr'><strong>tur.</strong></span> <span class='ocrx_word' id='word_1_514' title='bbox 1348 2452 1554 2487; x_wconf 80' lang='lat' dir='ltr'><strong>Huiusmodi</strong></span> <span class='ocrx_word' id='word_1_515' title='bbox 1579 2451 1740 2484; x_wconf 87' lang='lat' dir='ltr'><strong>inoendia</strong></span> <span class='ocrx_word' id='word_1_516' title='bbox 1765 2451 1946 2484; x_wconf 75' lang='lat' dir='ltr'><strong>interdum</strong></span> <span class='ocrx_word' id='word_1_517' title='bbox 1963 2451 2126 2484; x_wconf 84' lang='lat' dir='ltr'><strong>oriuntur</strong></span> 
     </span>
     <span class='ocr_line' id='line_1_65' title="bbox 1251 2500 2124 2539; baseline -0.006 0"><span class='ocrx_word' id='word_1_518' title='bbox 1251 2507 1287 2539; x_wconf 91' lang='lat' dir='ltr'><strong>in</strong></span> <span class='ocrx_word' id='word_1_519' title='bbox 1320 2504 1408 2537; x_wconf 84' lang='lat' dir='ltr'><strong>locis</strong></span> <span class='ocrx_word' id='word_1_520' title='bbox 1437 2502 1499 2535; x_wconf 87' lang='lat' dir='ltr'><strong>ubi</strong></span> <span class='ocrx_word' id='word_1_521' title='bbox 1531 2504 1585 2536; x_wconf 79' lang='lat' dir='ltr'><strong>est</strong></span> <span class='ocrx_word' id='word_1_522' title='bbox 1616 2502 1724 2535; x_wconf 70' lang='lat' dir='ltr'><strong>carbo</strong></span> <span class='ocrx_word' id='word_1_523' title='bbox 1759 2501 1886 2535; x_wconf 76' lang='lat' dir='ltr'><strong>fossilis</strong></span> <span class='ocrx_word' id='word_1_524' title='bbox 1910 2502 1971 2534; x_wconf 87' lang='lat' dir='ltr'><strong>aut</strong></span> <span class='ocrx_word' id='word_1_525' title='bbox 1991 2500 2124 2534; x_wconf 81' lang='lat' dir='ltr'><strong>humus</strong></span> 
     </span>
     <span class='ocr_line' id='line_1_66' title="bbox 1252 2550 2125 2594; baseline -0.006 -6"><span class='ocrx_word' id='word_1_526' title='bbox 1252 2554 1344 2588; x_wconf 73' lang='lat' dir='ltr'><strong>turia</strong></span> <span class='ocrx_word' id='word_1_527' title='bbox 1361 2552 1444 2587; x_wconf 88' lang='lat' dir='ltr'><strong>solis</strong></span> <span class='ocrx_word' id='word_1_528' title='bbox 1460 2552 1567 2586; x_wconf 86' lang='lat' dir='ltr'><strong>radiis</strong></span> <span class='ocrx_word' id='word_1_529' title='bbox 1582 2552 1726 2586; x_wconf 75' lang='lat' dir='ltr'><strong>siccate.</strong></span> <span class='ocrx_word' id='word_1_530' title='bbox 1745 2569 1782 2575; x_wconf 90' lang='lat'>—</span> <span class='ocrx_word' id='word_1_531' title='bbox 1800 2550 2034 2594; x_wconf 75' lang='lat' dir='ltr'><strong>resistentibus]</strong></span> <span class='ocrx_word' id='word_1_532' title='bbox 2050 2550 2125 2593; x_wconf 74' lang='lat' dir='ltr'><strong>pri·</strong></span> 
     </span>
     <span class='ocr_line' id='line_1_67' title="bbox 1252 2599 2122 2646; baseline -0.005 -8"><span class='ocrx_word' id='word_1_533' title='bbox 1252 2613 1311 2638; x_wconf 87' lang='lat' dir='ltr'><strong>ma</strong></span> <span class='ocrx_word' id='word_1_534' title='bbox 1337 2603 1591 2646; x_wconf 83' lang='lat' dir='ltr'><strong>significatione</strong></span> <span class='ocrx_word' id='word_1_535' title='bbox 1624 2601 1896 2642; x_wconf 72' lang='lat' dir='ltr'><strong>«manentibus,</strong></span> <span class='ocrx_word' id='word_1_536' title='bbox 1932 2609 2004 2635; x_wconf 88' lang='lat' dir='ltr'><strong>non</strong></span> <span class='ocrx_word' id='word_1_537' title='bbox 2033 2599 2122 2634; x_wconf 76' lang='lat' dir='ltr'><strong>ultre</strong></span> 
     </span>
     <span class='ocr_line' id='line_1_68' title="bbox 1251 2653 1596 2697; baseline -0.009 -10"><span class='ocrx_word' id='word_1_538' title='bbox 1251 2653 1596 2697; x_wconf 76' lang='lat' dir='ltr'><strong>progredientibus».</strong></span> 
     </span>
    </p>

    <p class='ocr_par' dir='ltr' id='par_1_6' title="bbox 1247 2700 2165 3489">
     <span class='ocr_line' id='line_1_69' title="bbox 1306 2700 2123 2744; baseline -0.005 -6"><span class='ocrx_word' id='word_1_539' title='bbox 1306 2705 1361 2738; x_wconf 74' lang='lat'><strong>58.</strong></span> <span class='ocrx_word' id='word_1_540' title='bbox 1395 2703 1603 2736; x_wconf 78' lang='lat' dir='ltr'><strong>Ruminalem</strong></span> <span class='ocrx_word' id='word_1_541' title='bbox 1636 2702 1808 2742; x_wconf 76' lang='lat' dir='ltr'><strong>arborem]</strong></span> <span class='ocrx_word' id='word_1_542' title='bbox 1842 2702 1966 2734; x_wconf 83' lang='lat' dir='ltr'><strong>Festus</strong></span> <span class='ocrx_word' id='word_1_543' title='bbox 1999 2709 2035 2744; x_wconf 82' lang='lat' dir='ltr'><strong>p.</strong></span> <span class='ocrx_word' id='word_1_544' title='bbox 2059 2700 2123 2734; x_wconf 77' lang='lat'><strong>270</strong></span> 
     </span>
     <span class='ocr_line' id='line_1_70' title="bbox 1253 2750 2124 2794; baseline -0.006 -6"><span class='ocrx_word' id='word_1_545' title='bbox 1253 2753 1383 2788; x_wconf 83' lang='lat' dir='ltr'><strong>Muell.:</strong></span> <span class='ocrx_word' id='word_1_546' title='bbox 1398 2753 1605 2787; x_wconf 80' lang='lat' dir='ltr'><strong>Ruminalem</strong></span> <span class='ocrx_word' id='word_1_547' title='bbox 1617 2753 1718 2794; x_wconf 80' lang='lat' dir='ltr'><strong>ticum</strong></span> <span class='ocrx_word' id='word_1_548' title='bbox 1733 2751 1939 2792; x_wconf 79' lang='lat' dir='ltr'><strong>appellatam</strong></span> <span class='ocrx_word' id='word_1_549' title='bbox 1953 2751 2003 2784; x_wconf 86' lang='lat' dir='ltr'><strong>ait</strong></span> <span class='ocrx_word' id='word_1_550' title='bbox 2017 2750 2124 2784; x_wconf 73' lang='lat' dir='ltr'><strong>Varro</strong></span> 
     </span>
     <span class='ocr_line' id='line_1_71' title="bbox 1247 2800 2124 2846; baseline -0.002 -9"><span class='ocrx_word' id='word_1_551' title='bbox 1247 2813 1353 2846; x_wconf 81' lang='lat' dir='ltr'><strong>prope</strong></span> <span class='ocrx_word' id='word_1_552' title='bbox 1377 2804 1515 2837; x_wconf 85' lang='lat' dir='ltr'><strong>Curiam</strong></span> <span class='ocrx_word' id='word_1_553' title='bbox 1536 2802 1596 2835; x_wconf 84' lang='lat' dir='ltr'><strong>sub</strong></span> <span class='ocrx_word' id='word_1_554' title='bbox 1617 2801 1797 2841; x_wconf 81' lang='lat' dir='ltr'><strong>Veteribus,</strong></span> <span class='ocrx_word' id='word_1_555' title='bbox 1822 2802 1911 2842; x_wconf 80' lang='lat' dir='ltr'><strong>quod</strong></span> <span class='ocrx_word' id='word_1_556' title='bbox 1932 2800 1992 2834; x_wconf 85' lang='lat' dir='ltr'><strong>sub</strong></span> <span class='ocrx_word' id='word_1_557' title='bbox 2006 2809 2047 2834; x_wconf 84' lang='lat' dir='ltr'><strong>ea</strong></span> <span class='ocrx_word' id='word_1_558' title='bbox 2062 2809 2124 2835; x_wconf 67' lang='lat' dir='ltr'><strong>ar*-</strong></span> 
     </span>
     <span class='ocr_line' id='line_1_72' title="bbox 1252 2850 2124 2894; baseline -0.003 -7"><span class='ocrx_word' id='word_1_559' title='bbox 1252 2855 1329 2887; x_wconf 81' lang='lat' dir='ltr'><strong>bore</strong></span> <span class='ocrx_word' id='word_1_560' title='bbox 1350 2854 1433 2894; x_wconf 81' lang='lat' dir='ltr'><strong>lupa</strong></span> <span class='ocrx_word' id='word_1_561' title='bbox 1455 2862 1478 2885; x_wconf 91' lang='lat' dir='ltr'><strong>a</strong></span> <span class='ocrx_word' id='word_1_562' title='bbox 1500 2855 1608 2885; x_wconf 87' lang='lat' dir='ltr'><strong>monte</strong></span> <span class='ocrx_word' id='word_1_563' title='bbox 1630 2852 1808 2885; x_wconf 78' lang='lat' dir='ltr'><strong>decurrens</strong></span> <span class='ocrx_word' id='word_1_564' title='bbox 1829 2852 1928 2884; x_wconf 82' lang='lat' dir='ltr'><strong>Remo</strong></span> <span class='ocrx_word' id='word_1_565' title='bbox 1941 2854 1972 2884; x_wconf 86' lang='lat' dir='ltr'><strong>el</strong></span> <span class='ocrx_word' id='word_1_566' title='bbox 1988 2850 2124 2884; x_wconf 78' lang='lat' dir='ltr'><strong>Romulo</strong></span> 
     </span>
     <span class='ocr_line' id='line_1_73' title="bbox 1251 2901 2124 2944; baseline -0.003 -7"><span class='ocrx_word' id='word_1_567' title='bbox 1251 2913 1434 2938; x_wconf 84' lang='lat' dir='ltr'><strong>mammam</strong></span> <span class='ocrx_word' id='word_1_568' title='bbox 1459 2902 1664 2944; x_wconf 81' lang='lat' dir='ltr'><strong>praebuerit.</strong></span> <span class='ocrx_word' id='word_1_569' title='bbox 1697 2903 1848 2934; x_wconf 80' lang='lat' dir='ltr'><strong>Mamma</strong></span> <span class='ocrx_word' id='word_1_570' title='bbox 1877 2904 1990 2934; x_wconf 81' lang='lat' dir='ltr'><strong>autem</strong></span> <span class='ocrx_word' id='word_1_571' title='bbox 2010 2901 2124 2934; x_wconf 78' lang='lat' dir='ltr'><strong>rumis</strong></span> 
     </span>
     <span class='ocr_line' id='line_1_74' title="bbox 1251 2949 2121 2993; baseline -0.006 -5"><span class='ocrx_word' id='word_1_572' title='bbox 1251 2955 1433 2988; x_wconf 87' lang='lat' dir='ltr'><strong>dicebatur.</strong></span> <span class='ocrx_word' id='word_1_573' title='bbox 1460 2954 1573 2992; x_wconf 85' lang='lat' dir='ltr'><strong>Quem</strong></span> <span class='ocrx_word' id='word_1_574' title='bbox 1590 2952 1635 2985; x_wconf 86' lang='lat' dir='ltr'><strong>ad</strong></span> <span class='ocrx_word' id='word_1_575' title='bbox 1650 2951 1769 2985; x_wconf 84' lang='lat' dir='ltr'><strong>locum</strong></span> <span class='ocrx_word' id='word_1_576' title='bbox 1785 2950 1972 2985; x_wconf 88' lang='lat' dir='ltr'><strong>Muellerus</strong></span> <span class='ocrx_word' id='word_1_577' title='bbox 1989 2959 2023 2993; x_wconf 89' lang='lat' dir='ltr'><strong>p.</strong></span> <span class='ocrx_word' id='word_1_578' title='bbox 2038 2949 2121 2984; x_wconf 86' lang='lat'><strong>400:</strong></span> 
     </span>
     <span class='ocr_line' id='line_1_75' title="bbox 1254 3000 2120 3037; baseline -0.001 -3"><span class='ocrx_word' id='word_1_579' title='bbox 1254 3006 1318 3037; x_wconf 74' lang='lat' dir='ltr'><strong>«In</strong></span> <span class='ocrx_word' id='word_1_580' title='bbox 1343 3002 1505 3037; x_wconf 86' lang='lat' dir='ltr'><strong>Germalo</strong></span> <span class='ocrx_word' id='word_1_581' title='bbox 1529 3011 1610 3035; x_wconf 88' lang='lat' dir='ltr'><strong>eam</strong></span> <span class='ocrx_word' id='word_1_582' title='bbox 1634 3001 1740 3035; x_wconf 84' lang='lat' dir='ltr'><strong>fuisse</strong></span> <span class='ocrx_word' id='word_1_583' title='bbox 1766 3001 1872 3034; x_wconf 74' lang='lat' dir='ltr'><strong>tradit</strong></span> <span class='ocrx_word' id='word_1_584' title='bbox 1894 3001 2005 3033; x_wconf 89' lang='lat' dir='ltr'><strong>Varro</strong></span> <span class='ocrx_word' id='word_1_585' title='bbox 2027 3001 2064 3033; x_wconf 83' lang='lat' dir='ltr'><strong>L.</strong></span> <span class='ocrx_word' id='word_1_586' title='bbox 2082 3000 2120 3033; x_wconf 85' lang='lat'><strong>1..</strong></span> 
     </span>
     <span class='ocr_line' id='line_1_76' title="bbox 1252 3050 2120 3095; baseline -0.006 -8"><span class='ocrx_word' id='word_1_587' title='bbox 1252 3055 1272 3086; x_wconf 82' lang='lat'>5</span> <span class='ocrx_word' id='word_1_588' title='bbox 1297 3054 1316 3095; x_wconf 74' lang='lat'><strong>5</strong></span> <span class='ocrx_word' id='word_1_589' title='bbox 1339 3053 1383 3087; x_wconf 77' lang='lat'><strong>54</strong></span> <span class='ocrx_word' id='word_1_590' title='bbox 1407 3052 1634 3093; x_wconf 87' lang='lat' dir='ltr'><strong>eundemque</strong></span> <span class='ocrx_word' id='word_1_591' title='bbox 1656 3051 1776 3084; x_wconf 89' lang='lat' dir='ltr'><strong>locum</strong></span> <span class='ocrx_word' id='word_1_592' title='bbox 1798 3050 1956 3084; x_wconf 85' lang='lat' dir='ltr'><strong>indicant</strong></span> <span class='ocrx_word' id='word_1_593' title='bbox 1973 3050 2120 3090; x_wconf 77' lang='lat' dir='ltr'><strong>Dionys.</strong></span> 
     </span>
     <span class='ocr_line' id='line_1_77' title="bbox 1253 3099 2118 3143; baseline -0.005 -6"><span class='ocrx_word' id='word_1_594' title='bbox 1253 3104 1327 3137; x_wconf 82' lang='lat' dir='ltr'><strong>Hal.</strong></span> <span class='ocrx_word' id='word_1_595' title='bbox 1363 3105 1394 3143; x_wconf 75' lang='grc'><strong>4,</strong></span> <span class='ocrx_word' id='word_1_596' title='bbox 1427 3103 1481 3136; x_wconf 85' lang='grc'><strong>79.</strong></span> <span class='ocrx_word' id='word_1_597' title='bbox 1516 3102 1659 3135; x_wconf 90' lang='lat' dir='ltr'><strong>Servius</strong></span> <span class='ocrx_word' id='word_1_598' title='bbox 1693 3103 1730 3135; x_wconf 90' lang='lat' dir='ltr'><strong>in</strong></span> <span class='ocrx_word' id='word_1_599' title='bbox 1758 3102 1852 3142; x_wconf 79' lang='lat' dir='ltr'><strong>virg.</strong></span> <span class='ocrx_word' id='word_1_600' title='bbox 1881 3102 1970 3135; x_wconf 83' lang='lat' dir='ltr'><strong>Aen.</strong></span> <span class='ocrx_word' id='word_1_601' title='bbox 1995 3100 2034 3138; x_wconf 84' lang='lat'><strong>8.</strong></span> <span class='ocrx_word' id='word_1_602' title='bbox 2064 3099 2118 3132; x_wconf 77' lang='grc'><strong>90.</strong></span> 
     </span>
     <span class='ocr_line' id='line_1_78' title="bbox 1253 3149 2121 3192; baseline -0.006 -5"><span class='ocrx_word' id='word_1_603' title='bbox 1253 3155 1384 3188; x_wconf 89' lang='lat' dir='ltr'><strong>Verum</strong></span> <span class='ocrx_word' id='word_1_604' title='bbox 1415 3154 1538 3186; x_wconf 90' lang='lat' dir='ltr'><strong>Festus</strong></span> <span class='ocrx_word' id='word_1_605' title='bbox 1568 3162 1638 3186; x_wconf 91' lang='lat' dir='ltr'><strong>non</strong></span> <span class='ocrx_word' id='word_1_606' title='bbox 1664 3153 1761 3186; x_wconf 89' lang='lat' dir='ltr'><strong>hunc</strong></span> <span class='ocrx_word' id='word_1_607' title='bbox 1783 3151 1901 3186; x_wconf 81' lang='lat' dir='ltr'><strong>iocum</strong></span> <span class='ocrx_word' id='word_1_608' title='bbox 1923 3149 2121 3192; x_wconf 75' lang='lat' dir='ltr'><strong>significare</strong></span> 
     </span>
     <span class='ocr_line' id='line_1_79' title="bbox 1253 3200 2122 3245; baseline -0.006 -8"><span class='ocrx_word' id='word_1_609' title='bbox 1253 3205 1404 3244; x_wconf 86' lang='lat' dir='ltr'><strong>videtur,</strong></span> <span class='ocrx_word' id='word_1_610' title='bbox 1435 3203 1499 3237; x_wconf 89' lang='lat' dir='ltr'><strong>sed</strong></span> <span class='ocrx_word' id='word_1_611' title='bbox 1530 3212 1632 3243; x_wconf 84' lang='lat' dir='ltr'><strong>eum,</strong></span> <span class='ocrx_word' id='word_1_612' title='bbox 1664 3210 1737 3245; x_wconf 80' lang='lat' dir='ltr'><strong>quo</strong></span> <span class='ocrx_word' id='word_1_613' title='bbox 1760 3211 1802 3236; x_wconf 87' lang='lat' dir='ltr'><strong>ea</strong></span> <span class='ocrx_word' id='word_1_614' title='bbox 1824 3202 1914 3236; x_wconf 82' lang='lat' dir='ltr'><strong>ficus</strong></span> <span class='ocrx_word' id='word_1_615' title='bbox 1934 3200 2032 3234; x_wconf 82' lang='lat' dir='ltr'><strong>Navii</strong></span> <span class='ocrx_word' id='word_1_616' title='bbox 2056 3207 2122 3233; x_wconf 76' lang='lat' dir='ltr'><strong>au·</strong></span> 
     </span>
     <span class='ocr_line' id='line_1_80' title="bbox 1253 3249 2122 3296; baseline -0.006 -9"><span class='ocrx_word' id='word_1_617' title='bbox 1253 3255 1353 3296; x_wconf 79' lang='lat' dir='ltr'><strong>gorio</strong></span> <span class='ocrx_word' id='word_1_618' title='bbox 1377 3253 1543 3287; x_wconf 76' lang='lat' dir='ltr'><strong>translata</strong></span> <span class='ocrx_word' id='word_1_619' title='bbox 1568 3261 1647 3286; x_wconf 86' lang='lat' dir='ltr'><strong>esse</strong></span> <span class='ocrx_word' id='word_1_620' title='bbox 1672 3252 1903 3290; x_wconf 73' lang='lat' dir='ltr'><strong>credebatur.</strong></span> <span class='ocrx_word' id='word_1_621' title='bbox 1928 3251 1964 3283; x_wconf 87' lang='lat' dir='ltr'><strong>in</strong></span> <span class='ocrx_word' id='word_1_622' title='bbox 1987 3249 2063 3282; x_wconf 74' lang='lat' dir='ltr'><strong>toro</strong></span> <span class='ocrx_word' id='word_1_623' title='bbox 2085 3250 2122 3283; x_wconf 85' lang='lat' dir='ltr'><strong>et</strong></span> 
     </span>
     <span class='ocr_line' id='line_1_81' title="bbox 1254 3299 2121 3345; baseline -0.003 -9"><span class='ocrx_word' id='word_1_624' title='bbox 1254 3304 1414 3343; x_wconf 86' lang='lat' dir='ltr'><strong>comitio;</strong></span> <span class='ocrx_word' id='word_1_625' title='bbox 1433 3312 1503 3345; x_wconf 90' lang='lat' dir='ltr'><strong>qua</strong></span> <span class='ocrx_word' id='word_1_626' title='bbox 1519 3302 1564 3336; x_wconf 87' lang='lat' dir='ltr'><strong>de</strong></span> <span class='ocrx_word' id='word_1_627' title='bbox 1581 3312 1620 3335; x_wconf 91' lang='lat' dir='ltr'><strong>re</strong></span> <span class='ocrx_word' id='word_1_628' title='bbox 1638 3304 1750 3336; x_wconf 81' lang='lat' dir='ltr'><strong>exstat</strong></span> <span class='ocrx_word' id='word_1_629' title='bbox 1761 3301 1858 3335; x_wconf 88' lang='lat' dir='ltr'><strong>Plinii</strong></span> <span class='ocrx_word' id='word_1_630' title='bbox 1874 3299 2121 3342; x_wconf 70' lang='lat' dir='ltr'><strong>gravissimu-</strong></span> 
     </span>
     <span class='ocr_line' id='line_1_82' title="bbox 1253 3347 2165 3391; baseline -0.005 -5"><span class='ocrx_word' id='word_1_631' title='bbox 1253 3354 1494 3386; x_wconf 80' lang='lat' dir='ltr'><strong>testimouium</strong></span> <span class='ocrx_word' id='word_1_632' title='bbox 1517 3353 1557 3386; x_wconf 85' lang='lat' dir='ltr'><strong>H.</strong></span> <span class='ocrx_word' id='word_1_633' title='bbox 1583 3353 1623 3386; x_wconf 90' lang='lat' dir='ltr'><strong>N.</strong></span> <span class='ocrx_word' id='word_1_634' title='bbox 1649 3353 1703 3391; x_wconf 78' lang='grc'><strong>45,</strong></span> <span class='ocrx_word' id='word_1_635' title='bbox 1722 3351 1777 3391; x_wconf 75' lang='lat'><strong>20,</strong></span> <span class='ocrx_word' id='word_1_636' title='bbox 1793 3350 1870 3383; x_wconf 80' lang='lat'><strong>77.»</strong></span> <span class='ocrx_word' id='word_1_637' title='bbox 1900 3347 2121 3382; x_wconf 79' lang='lat' dir='ltr'><strong>Vocabulum</strong></span> <span class='ocrx_word' id='word_1_638' title='bbox 2160 3381 2165 3389; x_wconf 79' lang='grc'>,</span> 
     </span>
     <span class='ocr_line' id='line_1_83' title="bbox 1250 3396 2120 3444; baseline -0.008 -8"><span class='ocrx_word' id='word_1_639' title='bbox 1250 3403 1411 3444; x_wconf 75' lang='lat' dir='ltr'><strong>proxime</strong></span> <span class='ocrx_word' id='word_1_640' title='bbox 1434 3402 1576 3435; x_wconf 87' lang='lat' dir='ltr'><strong>ducitur</strong></span> <span class='ocrx_word' id='word_1_641' title='bbox 1591 3410 1611 3434; x_wconf 81' lang='lat' dir='ltr'><strong>a</strong></span> <span class='ocrx_word' id='word_1_642' title='bbox 1627 3401 1771 3435; x_wconf 66' lang='lat' dir='ltr'><strong>Rumina</strong></span> <span class='ocrx_word' id='word_1_643' title='bbox 1784 3398 1872 3437; x_wconf 82' lang='lat' dir='ltr'><strong>dea.</strong></span> <span class='ocrx_word' id='word_1_644' title='bbox 1899 3396 1992 3431; x_wconf 84' lang='lat' dir='ltr'><strong>culta</strong></span> <span class='ocrx_word' id='word_1_645' title='bbox 2008 3405 2120 3441; x_wconf 81' lang='lat' dir='ltr'><strong>prope</strong></span> 
     </span>
     <span class='ocr_line' id='line_1_84' title="bbox 1251 3446 2122 3489; baseline -0.003 -3"><span class='ocrx_word' id='word_1_646' title='bbox 1251 3460 1334 3486; x_wconf 77' lang='lat' dir='ltr'><strong>eam</strong></span> <span class='ocrx_word' id='word_1_647' title='bbox 1356 3452 1476 3485; x_wconf 77' lang='lat' dir='ltr'><strong>ficum.</strong></span> <span class='ocrx_word' id='word_1_648' title='bbox 1502 3451 1612 3484; x_wconf 76' lang='lat' dir='ltr'><strong>Varro</strong></span> <span class='ocrx_word' id='word_1_649' title='bbox 1635 3451 1674 3484; x_wconf 81' lang='lat' dir='ltr'><strong>R.</strong></span> <span class='ocrx_word' id='word_1_650' title='bbox 1699 3450 1738 3483; x_wconf 86' lang='lat' dir='ltr'><strong>R.</strong></span> <span class='ocrx_word' id='word_1_651' title='bbox 1764 3449 1796 3489; x_wconf 73' lang='lat'><strong>2,</strong></span> <span class='ocrx_word' id='word_1_652' title='bbox 1823 3449 1877 3489; x_wconf 86' lang='grc'><strong>44,</strong></span> <span class='ocrx_word' id='word_1_653' title='bbox 1894 3449 1927 3481; x_wconf 74' lang='lat'><strong>5.</strong></span> <span class='ocrx_word' id='word_1_654' title='bbox 1960 3446 2012 3482; x_wconf 82' lang='lat' dir='ltr'><strong>cf.</strong></span> <span class='ocrx_word' id='word_1_655' title='bbox 2038 3447 2122 3484; x_wconf 71' lang='lat' dir='ltr'><strong>me-</strong></span> 
     </span>
    </p>
   </div>
  </div>
 </body>
</html>
