2254 3770
268 256 285 299 ‘l
295 257 353 300 28·

755 259 800 302 Ρ.
832 257 1083 302 CORNELII
1112 257 1282 302 TACITI
1313 257 1579 304 ANNALIUM

266 362 409 408 tiabat.
456 363 618 408 addunt
656 363 852 422 plerique
892 364 1057 408 iussum
1094 364 1312 422 provincia
1343 364 1571 409 decedere.
1615 378 1697 410 nee
1731 365 1829 410 Piso
1865 371 2055 410 moratus

268 439 376 483 ultra
404 440 525 483 navis
556 439 700 491 solvit,
734 439 1125 498 moderabaturque
1157 440 1321 491 cursui,
1353 454 1440 498 quo
1469 440 1648 499 propius
1667 440 1986 500 regrederetur,
2018 441 2055 485 si

266 528 382 558 mors
413 515 651 560 Germanici
683 515 853 558 Suriam
883 515 1134 573 aperuisset.

1182 514 1263 572 (74)
1295 515 1455 560 Caesar
1483 515 1702 574 paulisper
1729 517 1782 561 ad
1813 531 1936 576 spem
1959 530 2056 562 ere-

267 597 378 641 ctus,
419 590 519 635 dein
561 591 674 635 sesso
705 604 909 648 corpore,
950 590 1022 634 ubi
1059 590 1156 634 finis
1187 590 1354 642 aderat,
1396 591 1651 637 adsistentes
1681 593 1841 638 amicos
1872 594 1912 638 in
1943 594 2057 638 bunc

232 665 439 710 amodum
471 665 734 724 adloquitur:
771 666 836 710 «si
869 666 952 710 fato
983 665 1286 718 concederem,
1320 666 1455 710 iustus
1484 666 1586 711 mihi
1607 667 1730 712 dolor
1755 669 1880 713 etiam
1902 669 2056 713 adver-

265 756 339 786 sus
370 741 477 786 deos
507 748 642 794 esset,
675 741 792 800 quod
823 755 893 786 me
922 741 1173 800 parentibus
1203 741 1349 786 liberis
1379 743 1542 800 patriae
1567 743 1677 788 intra
1696 744 1911 789 iuventam
1928 759 2056 803 prae·

264 823 430 861 maturo
475 817 589 861 exitu
634 823 846 875 raperent.
888 831 1002 861 nunc
1045 817 1210 861 scelere
1249 817 1417 861 Pisonis
1453 825 1495 862 et
1531 818 1758 864 Plancinae
1794 820 2056 878 interceptus

264 892 432 936 ultimas
462 906 615 951 preces
645 892 893 950 pectoribus
914 893 1068 936 vestris
1099 892 1316 951 relinquo:
1348 893 1540 937 referatis
1560 895 1668 952 patri
1691 909 1741 939 ac
1762 895 1875 939 fratri
1897 895 2056 954 quibus

265 967 568 1012 acerbitatibus
598 967 873 1019 dilaceratus,
906 967 1064 1026 quibus
1094 967 1260 1012 insidiis
1289 968 1602 1014 circumventus
1622 970 1907 1015 miserrimam
1925 971 2056 1015 vitam

214 1056 249 1086 ιο
264 1043 453 1102 pessima
483 1050 619 1088 morte
650 1044 845 1088 finierim.
891 1044 927 1087 si
959 1057 1068 1102 quos
1094 1057 1195 1101 spes
1216 1057 1358 1095 meae,
1392 1045 1426 1088 si
1448 1059 1558 1103 quos
1579 1046 1846 1104 propinquus
1867 1047 2052 1105 sanguis,

264 1121 391 1163 etiam
421 1134 532 1178 quos
562 1119 721 1163 invidia
753 1133 854 1177 erga
885 1119 1097 1163 viventem
1125 1119 1344 1169 movebat,
1377 1120 1703 1166 inlacrimabunt
1731 1121 2055 1180 quondamflo-

263 1201 427 1239 rentem
457 1202 500 1239 et
527 1201 588 1238 tot
619 1194 828 1239 bellorum
858 1195 1133 1253 superstitem
1162 1194 1357 1239 muliebri
1389 1195 1538 1240 fraude
1569 1196 1793 1241 cecidisse.
1830 1198 1911 1242 erit
1930 1198 2052 1242 vobis
2123 1247 2126 1250 ,

264 1271 383 1315 locus
429 1270 638 1329 querendi
680 1277 784 1328 aput
818 1277 1030 1321 senatum,
1078 1270 1302 1315 invocandi
1343 1270 1474 1328 leges.
1528 1285 1614 1315 non
1652 1271 1735 1316 hoc
1772 1273 2053 1331 praecipuum

264 1347 498 1391 amicorum
528 1360 683 1389 munus
715 1352 797 1397 est,
829 1346 1035 1404 prosequi
1067 1346 1314 1390 defunctum
1343 1347 1496 1404 ignavo
1526 1353 1703 1405 questu,
1736 1347 1812 1392 sed
1844 1361 1956 1406 quae
1976 1362 2053 1392 vo-

211 1435 248 1465 ⁴5
263 1422 389 1467 luerit
418 1422 686 1473 meminisse,
729 1436 843 1480 quae
872 1421 1140 1466 mandaverit
1169 1422 1360 1480 exsequi.
1402 1421 1567 1466 flebunt
1596 1422 1896 1468 Germanicum
1925 1423 2053 1467 etiam

263 1498 419 1556 ignoti:
457 1497 726 1541 vindicabitis
764 1511 864 1549 vos,
904 1498 939 1541 si
977 1511 1046 1542 me
1085 1497 1227 1555 potius
1257 1511 1387 1555 quam
1422 1498 1633 1542 fortunam
1661 1512 1803 1543 meam
1831 1498 2052 1544 fovebatis.

262 1574 474 1618 ostendite
516 1572 677 1631 populo
725 1574 914 1617 Romano
961 1573 1047 1616 divi
1087 1572 1265 1631 Augusti
1307 1579 1479 1631 neptem
1519 1574 1788 1633 eandemque
1826 1575 2052 1633 coniugem

262 1664 421 1703 meam;
452 1655 675 1693 numerate
701 1662 776 1692 sex
795 1647 969 1692 liberos.
1000 1648 1298 1693 misericordia
1317 1662 1415 1693 cum
1436 1650 1735 1695 accusantibus
1760 1650 1858 1703 erit,
1887 1650 2052 1708 fingen-

262 1726 462 1784 tibusque
493 1725 674 1769 scelesta
703 1724 903 1768 mandata
933 1731 1005 1767 aut
1033 1738 1118 1767 non
1150 1723 1327 1768 credent
1356 1724 1549 1769 homines
1579 1732 1651 1769 aut
1680 1740 1765 1770 non
1790 1726 2046 1784 ignoscent.»

209 1812 247 1843 20
261 1803 458 1846 iuravere
505 1800 649 1852 amici,
695 1799 888 1845 dextram
930 1799 1151 1844 morientis
1196 1800 1508 1858 contingentes,
1552 1801 1747 1859 spiritum
1785 1809 1881 1847 ante
1918 1816 2049 1861 quam

303 1975 336 2007 4.
359 1981 419 2006 nec
438 1973 510 2014 ipso
531 1975 685 2005 maratus
706 1973 740 2006 M
766 1989 802 1996 —
827 1972 861 2005 2.
887 1980 952 2012 quo
977 1971 1181 2005 Rhenanus:
1208 1973 1265 2013 qui
1292 1972 1383 2006 M—
1401 1973 1588 2013 promptius
1613 1972 1808 2007 Wurmius.
1838 1991 1874 1998 —
1909 1973 1944 2008 8.
1964 1973 2049 2016 fatri

259 2032 293 2066 M
317 2048 353 2054 -
381 2031 414 2063 9.
438 2029 690 2063 accerbitatibus
711 2030 746 2064 M
767 2047 810 2055 —
840 2030 894 2062 ⁴0.
915 2029 1122 2071 propinquos
1142 2030 1176 2064 M
1201 2047 1238 2054 -
1274 2030 1328 2063 ⁴2.
1351 2030 1544 2071 superstiten
1566 2030 1600 2064 M
1623 2047 1660 2053 —
1690 2030 1743 2063 ⁴3.
1769 2031 1927 2077 quqrendi
1948 2031 1982 2065 M
2007 2048 2044 2056 —-

261 2087 315 2122 44.
339 2090 480 2128 quaestu
501 2087 546 2120 M.

257 2252 500 2292 mandaretque
521 2250 703 2283 domesticis
723 2250 899 2291 ultionem,
924 2250 952 2283 si
970 2250 1050 2291 quid
1071 2250 1133 2283 sibi

258 2304 433 2336 accideret.
453 2320 489 2325 —
514 2301 825 2343 moderabaturque]
850 2310 912 2342 que
933 2301 968 2334 h.
987 2301 1010 2334 l.
1031 2309 1132 2334 eom-

259 2353 365 2387 mode
390 2353 508 2394 capias
531 2353 754 2385 adversative
778 2360 843 2393 pro
865 2352 932 2385 sed.
958 2352 1038 2385 Eun.
1063 2351 1132 2385 Ad-

238 2403 425 2437 .versandi
448 2403 500 2435 vis
524 2412 594 2435 non
619 2404 711 2435 inest
733 2403 766 2434 in
792 2403 1054 2443 coniunctione,
1080 2402 1132 2434 in-

259 2456 315 2489 est
342 2456 378 2487 in
409 2454 485 2495 ipsa
507 2453 607 2486 verbi
638 2454 793 2486 notione.
819 2454 953 2486 Rirren.
981 2470 1018 2476 ——
1047 2461 1132 2493 pro-

255 2505 342 2547 pius]
366 2505 478 2545 magis
502 2513 521 2536 e
545 2505 762 2546 propinquo,
786 2501 935 2547 μᾶλλον
957 2500 1127 2547 ἐγγύθεν.

262 2573 298 2579 -
324 2555 461 2587 Suriam
484 2554 677 2595 aperuisset]
711 2562 781 2586 non
807 2553 864 2586 alii
887 2552 1060 2595 praesidi,
1091 2554 1131 2585 ut

259 2606 405 2648 quidam
427 2605 493 2636 rati
516 2606 614 2643 sunt,
648 2598 731 2636 sed:
766 2605 820 2637 «si
849 2605 964 2637 tutum
987 2603 1130 2636 sibimet

257 2656 324 2698 ipsi
346 2656 381 2687 in
405 2654 542 2695 Syriam
566 2662 771 2695 regressum
794 2654 1062 2687 concessisset.»

301 2706 358 2738 7⁴.
390 2704 593 2746 parentibus]
630 2703 768 2736 Tiberio
805 2704 910 2745 atque
944 2704 1126 2743 Antoniae,

259 2756 365 2788 etiam
387 2755 472 2786 tunc
495 2754 673 2795 superstiti
698 2753 752 2794 (cf.
779 2753 811 2794 3,
829 2753 880 2793 3);
906 2752 950 2785 de
969 2761 1037 2794 qua
1054 2752 1128 2785 sola

258 2805 402 2848 quidem
426 2805 678 2845 interpretatur
699 2804 893 2836 Ernestius.
911 2821 947 2827 -
971 2804 1064 2836 intra
1078 2805 1129 2835 iw-

256 2853 402 2896 ventam]
430 2854 520 2886 haud
546 2853 687 2886 multum
717 2853 858 2895 triginta
888 2862 993 2885 annos
1018 2862 1130 2895 eyres-

257 2915 349 2946 sum,
381 2913 412 2937 c.
438 2904 493 2936 73.
521 2921 558 2927 —-
586 2904 705 2936 scelere
736 2904 861 2936 Pisonis
893 2906 924 2936 et
953 2903 1130 2937 Plancinae

256 2954 465 2998 interceptus]
493 2955 557 2987 Dio
573 2954 627 2993 57,
646 2954 706 2987 48:
731 2950 901 2987 ἀπέθανε
912 2952 954 2987 δὲ
971 2955 1129 2995 (Germa-

258 3006 370 3047 nicus)
393 3003 435 3038 ἐν
455 3000 681 3047 Ἀντιοχείᾳ,
712 2999 788 3036 ὑπό
814 3013 856 3036 τε
882 3002 951 3036 τοῦ
978 3003 1128 3036 Πείσω-

257 3067 324 3098 νος
338 3056 404 3089 καὶ
419 3051 494 3088 ὑπὸ
511 3051 580 3097 τῆς
593 3051 812 3097 Πλαγκίνης
828 3052 1125 3095 ἐπιβουλευθείς.

257 3108 310 3141 Ad
339 3115 467 3140 vocem
495 3105 714 3145 intere-emm,
749 3103 935 3146 abreptus,
967 3104 1127 3139 sublatus

259 3158 303 3191 cf.
329 3157 360 3197 3,
388 3157 448 3189 ⁴2:
473 3164 595 3189 veneno
617 3155 824 3195 interceptus.
852 3172 888 3177 -
910 3155 1015 3197 patri]
1039 3155 1128 3188 ado-

257 3209 352 3250 ptivo
368 3206 521 3240 Tiberio.
541 3224 577 3230 —
600 3203 713 3247 fratri]
735 3205 820 3236 item
836 3204 1012 3246 adoptivo,
1034 3206 1128 3238 Dru-

258 3266 317 3290 so:
355 3256 538 3289 Claudium
571 3253 754 3293 videlieet,
789 3254 910 3295 utpote
943 3254 1127 3287 hominem

257 3305 423 3339 stolidum
446 3307 552 3346 atque
577 3303 703 3337 nullius
725 3302 891 3346 ponderis
914 3303 959 3344 (3,
983 3303 1054 3344 ⁴8),
1080 3303 1126 3336 ad

257 3354 426 3387 ultionem
450 3363 520 3387 non
538 3354 725 3386 memorat.
745 3369 781 3377 —
798 3360 881 3393 quos
901 3352 1032 3384 invidia
1045 3360 1127 3394 crya

256 3405 418 3437 viventem
430 3402 592 3445 movebat]
616 3404 671 3436 est
691 3401 777 3436 illud
791 3401 1019 3435 Horatianum
1035 3402 1074 3435 C.
1091 3402 1123 3443 3,

1180 2250 1236 2289 24.
1261 2251 1320 2283 3⁴:
1355 2250 1516 2283 Virtutem
1536 2250 1732 2283 incolumem
1753 2250 1900 2292 odimus,
1924 2251 2049 2284 Subla-

1180 2303 1251 2333 twm
1272 2309 1317 2334 ea>
1338 2300 1443 2333 oculis
1463 2302 1657 2340 quaerimus
1681 2300 1797 2333 invidi.
1828 2318 1863 2325 —
1888 2301 2049 2334 bellov-mn

1179 2348 1396 2392 superstitem]
1427 2349 1560 2383 Eadem
1585 2351 1845 2384 constructione
1867 2351 1983 2392 Agric.
2007 2351 2045 2384 3:

1175 2401 1297 2441 pauci,
1331 2403 1370 2433 ut
1396 2401 1448 2432 ita
1476 2401 1638 2440 dixerim,
1673 2410 1740 2433 non
1768 2401 1865 2434 modo
1886 2401 2046 2445 aliorum,

1178 2451 1235 2483 sed
1264 2451 1366 2483 etiam
1392 2451 1499 2483 nostri
1519 2452 1720 2491 superstites.
1748 2468 1784 2475 -
1815 2451 1886 2483 divi
1904 2451 2047 2493 Augusti

1179 2499 1315 2542 neptem]
1341 2500 1392 2533 Cf.
1410 2501 1442 2540 4,
1461 2500 1514 2533 33.
1535 2518 1572 2524 -
1590 2510 1651 2534 sea>
1664 2500 1794 2543 liberos]
1811 2502 1899 2534 Sunt
1914 2502 2046 2542 ⁴)Nero

1180 2552 1305 2585 Caesar
1332 2553 1356 2593 ἦ·
1379 2551 1454 2584 784.
1489 2551 1579 2584 Ann.
1615 2551 1653 2593 4,
1685 2552 1739 2585 59.
1775 2552 1830 2585 60.
1865 2553 1905 2591 ὅ,
1941 2552 1973 2585 3.
2008 2551 2042 2586 4.

1179 2601 1210 2643 2)
1235 2602 1367 2634 Drusus
1390 2601 1515 2634 caesar
1535 2604 1559 2643 †
1582 2602 1658 2634 786.
1681 2602 1771 2634 Ann.
1795 2601 1832 2642 4,
1857 2601 1912 2635 60.
1936 2602 1970 2642 6,
1987 2601 2041 2635 23.

1179 2652 1233 2685 24.
1265 2653 1407 2685 Sueton.
1441 2651 1548 2693 Calig.
1578 2652 1610 2684 7.
1636 2652 1669 2684 8.
1715 2652 1745 2694 3)
1778 2652 1882 2685 Gaius
1912 2652 2045 2686 Caesar

1179 2702 1343 2744 Caligula.
1384 2702 1414 2743 4)
1438 2702 1626 2744 Agrippina
1651 2701 1804 2743 Claudii,
1836 2703 1952 2735 mater
1971 2703 2045 2735 Ne-

1178 2753 1285 2786 ronis.
1324 2753 1355 2793 5)
1380 2751 1546 2791 Drusilla,
1572 2753 1626 2784 oui
1649 2752 1804 2794 Caliqula
1825 2753 1946 2794 templa
1962 2761 2045 2785 con-

1177 2804 1286 2836 stituit
1306 2812 1348 2835 ac
1362 2803 1581 2844 pulvinaria,
1613 2803 1694 2835 Sen.
1720 2803 1824 2835 Cous.
1849 2802 1895 2836 ad
1918 2802 2041 2845 Polyb.

1179 2853 1232 2888 36.
1261 2853 1497 2885 consecratae
1521 2852 1695 2885 Pantheae
1719 2860 1850 2885 nomen
1873 2852 2041 2887 decrevit.

1179 2904 1210 2944 6)
1234 2902 1315 2936 Iulia
1348 2901 1481 2944 (Livilla
1509 2903 1651 2935 Sueton.
1681 2901 1788 2943 Calig.
1813 2902 1858 2943 7.)
1890 2912 1922 2936 a.
1947 2912 1982 2937 u.
2008 2912 2040 2937 c.

1178 2953 1242 2988 794
1269 2963 1290 2987 a
1320 2952 1465 2987 Claudio
1496 2954 1622 2996 patruo
1650 2951 1855 2986 Messalinae
1877 2954 2043 2987 instinctu

1177 3006 1362 3047 praetextu
1392 3003 1553 3037 adulterii
1576 3011 1659 3036 cum
1685 3003 1819 3036 Seneca
1843 3005 1877 3037 iu
1900 3004 2041 3037 exilium

1177 3054 1277 3097 pulsa
1299 3063 1342 3087 ac
1364 3052 1470 3096 paulo
1492 3053 1573 3096 post
1587 3053 1714 3086 occisa.
1750 3053 1814 3086 Dio
1830 3053 1883 3094 60,
1900 3053 1933 3087 8.
1957 3055 2043 3086 Sue-

1176 3105 1249 3138 ton.
1283 3103 1403 3138 Claud.
1429 3103 1483 3136 29.
1511 3121 1547 3128 -
1579 3111 1654 3136 cum
1685 3102 1927 3145 accusantibus]
1954 3110 2038 3142 non,

1176 3156 1216 3188 ut
1238 3153 1322 3187 alias
1346 3153 1421 3186 fieri
1444 3152 1593 3192 assolet,
1626 3161 1709 3186 cum
1731 3153 1814 3197 reis.
1842 3170 1878 3177 -
1906 3151 2042 3185 scelesta

1175 3203 1347 3245 mandata]
1370 3202 1498 3236 Tiberii
1521 3211 1563 3235 ac
1586 3203 1714 3235 Liviae.
1747 3201 1798 3236 Cf.
1824 3210 1855 3235 e.
1880 3201 1934 3235 43.

1219 3254 1272 3287 72.
1295 3251 1466 3295 ferociam]
1502 3252 1553 3286 Cf.
1578 3253 1610 3292 4,
1634 3252 1696 3285 33:
1725 3251 1911 3294 Agrippina
1932 3252 2039 3293 paulo

1175 3305 1377 3350 commotiqr.
1413 3303 1446 3345 3,
1471 3304 1509 3336 i:
1532 3303 1679 3336 violenta
1699 3303 1802 3335 luctu.
1836 3301 1869 3342 6,
1893 3303 1952 3335 25:
1978 3311 2038 3336 ao-

1176 3355 1233 3395 qui
1254 3354 1449 3394 impatiens,
1473 3353 1665 3386 dontinandi
1686 3352 1790 3386 aviam
1825 3369 1862 3376 —
1886 3352 2038 3386 ονοὼὸα-

1174 3401 1241 3445 tur]
1266 3402 1311 3435 ab
1335 3402 1458 3437 amicis
1480 3403 1527 3436 ita
1549 3403 1727 3436 secretum
1742 3401 1813 3435 hoc
1828 3409 1910 3434 cum
1925 3410 2037 3435 uxore
