2254 3770
683 309 839 354 LIBER
865 310 957 355 vn-
974 309 1077 368 Cap.
1105 309 1174 353 34.
1203 310 1273 355 35.
1300 310 1369 355 36.
1436 318 1441 327 ¹

1828 307 1914 352 297

133 418 231 462 stris
248 416 419 476 *proelii*
437 430 558 469 more
580 416 736 461 ¹frontis
757 422 800 460 et
827 416 940 474 tergi
958 417 1088 467 vices,
1119 416 1361 475 aliquando,
1391 421 1439 460 ut
1458 422 1655 462 conserta
1680 415 1799 459 acies
1817 427 1914 458 cor-

132 492 310 552 poribus
329 498 373 536 et
389 491 517 550 pulsu
538 505 752 536 armorum
771 491 982 550 pellerent
1000 491 1272 550 pellerentur.
1303 494 1480 550 lamque
1500 498 1544 536 et
1569 490 1717 535 Albani
1746 489 1916 533 Hiberi-

131 581 218 627 que
245 573 462 626 prensare,
493 567 736 618 detrudere,
767 567 994 626 ancipitem
1022 581 1209 626 pugnam
1239 568 1432 612 hostibus
1461 567 1630 618 facere:
1647 579 1758 624 quos
1783 578 1917 622 super

130 647 288 702 equesi,
316 643 667 701 nit->propioribus
691 643 940 687 vulneribus
968 643 1136 701 pedites
1158 642 1448 687 adflictabant.
1486 643 1596 686 inter
1615 655 1728 701 quae
1756 640 1917 684 Phara-

131 732 306 763 smanes.
336 718 623 778 Qrodesque,
647 718 769 762 'dum
799 719 983 763 strenuis
1021 718 1176 762 adsunt
1198 726 1285 766 aut
1319 718 1608 762 dubitantibus
1644 716 1946 765 subveniunt&

129 794 348 852 conspicui
377 807 518 852 eoque
549 794 681 851 gnari,
711 793 898 839 clamore
926 793 1022 838 telis
1052 794 1176 852 equis
1204 801 1473 840 concurrunt.
1503 793 1727 837 instantius
1755 791 1915 835 Phara-v

129 883 322 914 smanes:
350 883 450 913 nam
473 869 627 912 vulnus
647 883 728 926 per
746 869 912 924 galeam
931 869 1087 926 adegit.
1118 883 1198 914 nec
1217 870 1371 913 iterare
1391 869 1531 917 valuit,
1549 867 1780 927 :praelatus
1800 880 1914 925 equo

129 944 179 990 et·
206 945 445 989 fortissimis
482 944 708 989 satellitum
735 945 1058 1003 protegentibus
1081 945 1295 989 saucium.
1338 945 1448 988 fama
1475 950 1618 988 tamen
1648 943 1779 989 occisi
1807 941 1915 986 falso

129 1020 291 1065 credita
308 1020 523 1064 ‘exterruit
555 1019 751 1069 Parthos,
788 1020 1097 1078 victoriamque
1126 1034 1395 1064 concessere.
1441 1021 1522 1076 (36)
1553 1033 1652 1063 mox
1679 1018 1923 1063 Artabanus

129 1102 221 1140 tota-
243 1095 357 1140 mole
386 1095 504 1152 regni
534 1095 668 1138 ultum
698 1096 759 1141 iit.
800 1095 954 1153 peritia
981 1095 1171 1140 locorum
1201 1096 1256 1140 ab
1286 1095 1457 1139 Hiberis
1486 1095 1639 1139 melius
1667 1099 1914 1153 pugnatum.
1927 1103 1967 1134 ⁴0

128 1185 210 1216 nec
239 1171 652 1222 ideoabscedebat,
674 1171 718 1213 ni
737 1171 1233 1229 contractis‘legionibus
1254 1171 1443 1216 Vitellius
1464 1171 1698 1215 eti-subdito
1729 1183 1913 1220 rumore,

128 1254 342 1305 tamquam
370 1247 733 1305 ¹Mesopotamiam
770 1247 1015 1299 invasurus,

1055 1248 1215 1291 metum
1234 1247 1425 1291 »Romani
1464 1246 1563 1290 belli
1599 1246 1783 1290 fecisset.
1827 1248 1914 1288 tum

128 1323 287 1367 omissa
323 1322 521 1366 Armenia
558 1331 819 1381 versaeque.
839 1323 1049 1367 Artabani·r
1074 1337 1163 1372 res,
1203 1323 1415 1367 inliciente
1436 1322 1627 1371 Vitellio,
1663 1321 1917 1365 desererent

126 1411 276 1455 regem
303 1412 478 1441 saevum
510 1399 552 1440 in
580 1411 688 1455 pace
708 1404 751 1441 et
778 1398 982 1442 adversis>
1001 1398 1261 1456 proeliorum
1282 1399 1520 1443 exitiosum.
1551 1398 1677 1456 igitur
1697 1397 1913 1444 Sinnaces,

127 1487 258 1532 quem
298 1480 422 1517 antea
459 1473 669 1516 infensum
707 1474 960 1524 memoravi,
996 1481 1161 1531 patrem
1190 1473 1695 1532 Abdagaesenaliosque
1725 1471 1967 1516 occultosus

128 1548 292 1593 consilii
323 1556 365 1592 et
382 1556 494 1592 tunc
514 1548 940 1592 continuis-cladibus
967 1550 1254 1607 promptiores
1283 1549 1336 1593 ad
1358 1549 1642 1593 defectionem
1670 1548 1820 1603 trahit.=
1839 1547 1916 1590 ad-

129 1623 359 1668 fluentibus
395 1623 596 1681 paulatim
625 1624 698 1682 qui
733 1631 848 1668 metu
878 1625 1013 1681 magis
1043 1639 1174 1682 quam
1207 1624 1701 1669 benivolentiassubiecti
1734 1623 1916 1681 repertis

129 1700 378 1745 auctoribus
407 1699 667 1746 sustulerant
695 1700 895 1743 animum.
934 1714 1016 1745 nec
1044 1701 1129 1743 iam
1156 1700 1272 1744 aliud
1303 1701 1514 1744 Artabano
1543 1700 1757 1759 reliquum
1786 1713 1916 1757 quam

196 1835 227 1869 l.
260 1834 408 1875 conferta
442 1834 633 1880 Ernestius.
671 1833 722 1867 Cf.
748 1804 913 1867 Muetzell
943 1835 979 1866 et
1008 1835 1134 1877 Zumpt
1163 1834 1215 1878 ad
1238 1835 1334 1868 Curt.
1345 1835 1400 1891 3,
1430 1836 1462 1875 5.
1499 1852 1528 1858 --
1571 1835 1643 1866 acie
1673 1833 1847 1866 Heinsius.
1875 1851 1911 1857 —

129 1891 162 1924 4.
188 1891 311 1932 equites
334 1890 459 1923 Haase.
487 1908 524 1914 —
549 1892 699 1939 interque
721 1891 754 1924 M
779 1891 874 1931 (quae
897 1890 1029 1932 margo)
1049 1908 1082 1913 —
1111 1892 1142 1924 7.
1167 1891 1277 1923 ualiut
1299 1891 1332 1931 Μ
1349 1908 1384 1914 -
1411 1889 1442 1923 8.
1467 1891 1596 1923 saucim
1617 1891 1650 1924 M
1676 1908 1711 1913 —
1732 1890 1784 1922 40.
1809 1889 1915 1922 ultum

130 1947 170 1981 iit
190 1947 347 1990 Lipsius·
377 1947 485 1979 ultimi
513 1946 559 1979 id
571 1947 613 1980 M
632 1964 676 1971 -—
711 1947 766 1988 ab]
793 1948 838 1980 ad
866 1955 918 1990 pr.
944 1948 978 1981 Μ
1002 1965 1037 1971 -
1076 1949 1127 1980 Η.
1152 1949 1366 1981 subdidorum
1388 1957 1445 1981 ore
1465 1957 1518 1990 pr.
1545 1949 1596 1986 M:
1631 1948 1837 1980 subditorum
1858 1951 1916 1979 ore

129 2011 221 2037 corr.
245 2004 279 2037 M
305 2021 342 2027 -
367 2003 420 2036 16.
446 2005 573 2038 consilii
594 2004 767 2037 Faernus:
788 2005 921 2037 vcon-silit
942 2005 994 2041 M3
1021 2006 1161 2038 consulit
1183 2005 1346 2038 Pichena.

144 2148 233 2189 135.
248 2157 290 2181 ne
305 2157 458 2190 puqnam
476 2157 511 2189 p.
537 2158 573 2191 s,>
588 2149 741 2192 sinerent]
766 2158 810 2182 ne
834 2149 996 2183 hostibus

128 2199 373 2242 permitterent
393 2201 430 2230 ut
447 2199 584 2232 eminus
602 2201 809 2241 pugnarent.
836 2200 994 2232 Verbum

127 2251 234 2282 sinere
257 2257 338 2281 cum
362 2250 560 2284 accusativo
585 2250 743 2283 iunctum
767 2251 821 2282 est
839 2250 945 2282 etiam
962 2251 994 2289 2,

129 2299 190 2332 55:
218 2307 294 2331 cum
316 2299 475 2332 desidiam
496 2299 532 2330 in
547 2299 682 2339 castris,
707 2300 875 2332 licentiam
889 2300 923 2331 in
939 2309 996 2332 ur-

129 2347 236 2388 bibus,
259 2357 385 2390 vayum
407 2357 448 2380 ac
470 2349 690 2381 lascivientem
710 2356 772 2390 per
791 2358 893 2391 ayros
907 2350 996 2382 mili—

130 2400 194 2430 tem
215 2400 346 2430 sineret.
376 2416 412 2420 —
438 2396 796 2441 distraherec'turmas]
821 2408 889 2431 non
916 2400 997 2431 Sar-

131 2449 324 2487 matarum,
371 2447 433 2480 sed
470 2457 552 2481 suas
585 2450 674 2490 ipse.
722 2448 927 2482 Plutarchus
961 2450 996 2481 in

131 2498 260 2530 Crasso
294 2507 324 2530 c.
350 2498 392 2530 24
424 2498 467 2530 de
498 2499 706 2532 Parthorum
738 2500 914 2541 pugnandi
939 2509 997 2531 ra-

131 2549 242 2581 tione:
275 2543 420 2592 ἀνῆγον
443 2545 567 2582 ὀπίσω
590 2549 655 2581 xa)
679 2548 911 2582 σκίδνασθαι
932 2548 998 2581 δο-

129 2597 286 2639 κοῦντες
300 2593 463 2641 ἅμακκαὶ
479 2596 646 2631 διαλύειν
660 2599 730 2640 τὴν
741 2596 862 2640 τάξιν,
879 2597 998 2641 ἐλάμ-

128 2647 251 2688 βανον
279 2648 321 2682 ἐν
347 2646 474 2692 κύκλῳ
501 2646 793 2695 περιβάλλοντες
822 2647 866 2682 τὸ
891 2648 998 2682 πλιν-

129 2699 218 2732 θίον
240 2695 378 2732 αὐτῶν.
408 2718 442 2723 -
478 2708 543 2740 quo
569 2699 698 2732 brevius
719 2700 848 2742 valent]
881 2702 997 2733 minus

129 2757 236 2791 quam
252 2749 380 2789 Parthi,
406 2750 558 2781 maxime
575 2749 670 2791 quod
687 2750 731 2785 ad
749 2751 901 2791 spatium
920 2759 999 2791 per-

129 2799 280 2837 tinebat:
314 2800 348 2831 hi
384 2800 477 2831 enim
509 2801 603 2832 teste
624 2799 811 2832 Plutarcho
835 2799 856 2832 l.
883 2800 904 2833 l.
930 2809 999 2841 pu-

129 2846 486 2908 gnabant'‘ei}t‹5vovg
507 2847 578 2891 τὰς
600 2848 746 2894 πληγὰς
763 2851 830 2882 καὶ
845 2849 999 2891 βιαίους

128 2898 294 2943 διδόντες
324 2895 403 2932 ἀπὸ
434 2897 556 2942 τόξων
578 2899 768 2946 κραταιῶν
790 2900 856 2933 καὶ
878 2898 998 2944 μεγά-

129 2949 206 2982 λων
240 2950 306 2982 καὶ
338 2948 386 2995 τῇ
420 2949 641 2993 σκολιότητι
675 2949 744 2993 τῆς
774 2949 931 2993 καμπῆς
952 2947 998 2983 τὸ

129 2997 243 3040 βέλος
265 2994 558 3042 ἧναγκασμένον
580 2997 905 3032 αποστελλόντων.
933 3001 996 3042 (Cf.

130 3051 195 3083 Dio
210 3050 264 3089 40,
282 3050 353 3091 22.)
375 3050 471 3083 Unde
495 3053 775 3083 consentaneum
791 3052 845 3083 est
862 3050 998 3092 lougius

131 3100 237 3132 etlam
261 3100 412 3141 spatium
437 3108 643 3141 permeasse
664 3101 872 3132 Parthorum
897 3101 1001 3141 sagit-

133 3152 186 3183 tas
201 3158 307 3191 quam
324 3150 575 3188 Sarmatarum,
601 3158 753 3191 quorum
770 3158 875 3183 arcus
888 3150 998 3183 multo

131 3200 287 3232 minores
302 3199 409 3232 tuisse
426 3200 573 3231 constat.
591 3217 628 3222 —
645 3201 804 3239 equestris
822 3201 998 3240 proelii--

132 3249 218 3290 teryi
238 3249 338 3289 vices]
362 3249 576 3290 Comparant
598 3247 746 3280 Sallustii
772 3249 906 3290 Fragm.
927 3251 996 3282 inc.

131 3298 171 3330 2⁴
197 3299 274 3331 Kn:
301 3300 396 3332 More
418 3300 579 3339 equestris
594 3299 717 3339 proelii
738 3301 878 3340 sumptis
899 3301 999 3341 ter-qis

132 3351 233 3387 atque
251 3350 399 3382 redditis.
436 3350 567 3381 Sensus
592 3350 664 3381 est:
691 3350 818 3382 «modo
841 3358 860 3381 a
884 3350 997 3383 fronte

133 3396 253 3431 hostes
275 3399 588 3440 aggrediebantur;
616 3398 725 3430 modo
748 3401 845 3440 terga
870 3400 910 3432 iis
933 3399 999 3431 da-

132 3444 236 3487 bant,
273 3449 391 3481 statim
421 3456 543 3481 rursus
574 3448 610 3481 iu
634 3447 781 3481 eosdem
804 3449 999 3481 conversi.»

1049 2150 1214 2182 Ceterum
1239 2150 1328 2183 baec
1346 2150 1496 2193 per-inde
1513 2159 1555 2183 ac
1574 2150 1733 2190 pellerent
1753 2150 1915 2191 pelleren-

1047 2204 1103 2233 tur
1126 2200 1283 2242 pendent
1306 2209 1347 2232 ex
1372 2201 1557 2242 superiore
1581 2199 1750 2242 particula
1768 2209 1854 2239 cum,
1880 2201 1915 2232 et

1048 2252 1128 2292 post
1149 2251 1236 2282 vices
1249 2249 1494 2292 supplendum
1512 2252 1567 2282 est
1589 2253 1703 2282 essent.
1731 2249 1781 2282 Cf.
1801 2250 1832 2287 4,
1851 2250 1912 2281 65:

1046 2310 1117 2333 noa>
1141 2301 1203 2340 per
1233 2301 1366 2334 diversa
1391 2301 1539 2340 inquies,
1572 2309 1647 2332 cum
1670 2299 1806 2332 barbari
1827 2300 1917 2342 festis

1047 2352 1169 2391 epulis,
1194 2351 1280 2383 laeto
1304 2355 1405 2383 cantu
1420 2368 1468 2374 --
1484 2351 1678 2382 resultantis
1700 2351 1804 2382 saltus
1825 2346 1915 2382 'com-

1044 2402 1190 2441 plorent,
1223 2403 1304 2441 aput
1327 2402 1491 2432 Romanos
1513 2401 1654 2433 invalidi
1675 2401 1785 2442 ignes,
1809 2401 1915 2432 inter-

1047 2456 1167 2492 ruptae
1186 2460 1281 2483 voces
1305 2452 1446 2492 (essent)
1459 2477 1466 2488 .
1498 2455 1600 2493 atque
1621 2452 1684 2491 ipsi
1704 2452 1831 2491 passim
1851 2451 1916 2482 arl—

1046 2503 1191 2534 iacerent
1212 2503 1300 2534 vallo
1325 2504 1392 2534 cet.
1421 2519 1455 2524 —
1490 2505 1641 2534 conserta
1663 2501 1758 2543 acies]
1787 2502 1821 2533 in
1846 2510 1914 2542 qua

1048 2562 1117 2589 non
1141 2553 1262 2586 frontis
1286 2554 1321 2585 et
1342 2553 1430 2593 tergi
1448 2554 1570 2590 ‚vices;
1601 2554 1634 2585 iu
1659 2561 1728 2594 qua
1752 2553 1805 2584 vir
1826 2553 1913 2592 viro,

1048 2612 1146 2635 arma
1170 2603 1277 2636 armis
1301 2604 1463 2635 conserta
1482 2604 1574 2635 sunt.
1601 2602 1653 2635 Cf.
1674 2603 1815 2635 Curtius
1830 2602 1862 2640 3.
1880 2603 1914 2641 2,

1050 2654 1089 2686 ⁴3
1107 2655 1143 2685 et
1165 2653 1197 2692 3,
1220 2653 1331 2692 ⁴⁴,.4:
1356 2654 1496 2685 conserti
1518 2656 1550 2686 et
1572 2655 1668 2694 quasi
1689 2654 1913 2688 cohaerentes;

1049 2712 1149 2735 mox:
1168 2704 1349 2735 comminus
1361 2712 1512 2745 puqnam
1526 2711 1705 2735 conserere.
1720 2704 1862 2735 WAL‘ru.
1876 2720 1911 2726 —

1048 2761 1130 2793 quos
1151 2761 1249 2793 super
1265 2752 1347 2794 cet]
1372 2754 1518 2786 Parthos
1533 2753 1688 2795 desuper
1699 2752 1912 2786 Albanorum

1049 2804 1225 2843 equitatus
1237 2803 1439 2836 afflictabat.
1455 2803 1517 2836 Alii
1528 2802 1701 2846 explicant
1714 2804 1911 2844 «insuper»,

1049 2853 1111 2884 sed
1137 2853 1328 2893 requiritur
1351 2854 1545 2885 antitheton
1567 2853 1613 2885 ad
1628 2861 1782 2894 sequens
1798 2859 1914 2884 mem-

1049 2901 1166 2934 brum.
1203 2902 1312 2941 Super
1334 2909 1418 2943 ergo
1446 2903 1481 2934 h.
1507 2902 1529 2935 l.
1554 2899 1724 2943 ὑψόθεν,
1748 2911 1813 2934 von
1835 2900 1913 2933 oben

1048 2951 1122 2990 her,
1148 2952 1186 2983 ut
1214 2950 1341 2992 Vergil.
1367 2954 1454 2984 Aen.
1479 2952 1510 2991 9,
1538 2952 1620 2985 ⁴68:
1655 2953 1745 2984 Haec
1773 2959 1872 2991 super
1896 2959 1914 2982 e

1049 3001 1136 3033 vallo
1156 3005 1366 3041 prospectant
1390 3002 1498 3034 Troes.
1526 3004 1654 3035 Lucan.
1673 3003 1707 3042 6,
1724 3002 1805 3034 29⁴:
1833 3001 1915 3034 Cum

1049 3061 1148 3091 super
1168 3060 1186 3083 e
1207 3052 1283 3083 totis
1303 3052 1409 3084 emisit
1431 3052 1567 3085 collibus
1589 3061 1718 3094 aymen.
1746 3069 1782 3091 ···.
1810 3059 1915 3091 prae-

1048 3102 1149 3143 latus]
1180 3110 1255 3143 pro·
1280 3102 1558 3144 «praeterlatus,
1590 3103 1843 3145 praevectus»,
1875 3103 1916 3134 ut

1046 3152 1202 3191 praevehi
1223 3161 1288 3193 pro
1312 3153 1577 3194 «praeter-vobin
1594 3154 1626 3191 2,
1644 3153 1664 3185 6
1680 3154 1716 3184 et
1725 3152 1915 3192 praestitere

1050 3209 1113 3242 pro
1138 3202 1443 3243 «praeterfluere»
1469 3203 1586 3235 Horat.
1613 3202 1652 3234 C.
1677 3201 1709 3237 4.
1735 3202 1766 3240 3,
1794 3201 1846 3233 40.
1875 3218 1911 3225 -

1046 3251 1132 3291 falso
1157 3250 1311 3293 credita}
1328 3261 1421 3294 uper
1447 3260 1652 3289 errorem»;
1684 3259 1800 3292 neque
1826 3259 1913 3283 vero

1048 3308 1136 3341 opus
1158 3302 1215 3333 est
1237 3302 1341 3343 Lipsii
1365 3302 1586 3333 correctione
1610 3301 1728 3332 didita.

1091 3349 1145 3382 36.
1170 3351 1262 3393 mox]
1285 3361 1318 3384 a.
1343 3360 1379 3383 u.
1405 3352 1479 3383 789.
1511 3350 1561 3382 Cf.
1587 3358 1618 3381 c.
1645 3350 1698 3382 38.
1727 3367 1763 3374 —
1785 3358 1912 3383 memo-

1046 3399 1135 3441 ravi]
1159 3409 1191 3432 c.
1209 3400 1246 3432 3⁴
1267 3409 1323 3443 sq.
1342 3418 1379 3424 -
1400 3400 1543 3432 occultos
1563 3399 1703 3441 consilii]
1721 3400 1780 3440 qui
1794 3399 1913 3433 adhuc

1048 3447 1309 3482 occultaverant
1336 3448 1519 3482 consilium
1543 3447 1762 3482 desectionis.
1798 3450 1854 3482 Sic
1876 3448 1909 3490 4,
