2254 3770
223 1206 258 1236 40

220 1586 256 1614 45

215 2038 253 2067 20

278 247 359 289 584
702 248 1074 294 MONUMENTUM
1103 249 1426 294 ANCYRANUM
1456 250 1655 297 LATINE.

1057 409 1189 469 TAB.
1225 409 1283 471 V.

277 524 392 567 Mare
433 524 580 581 pacavi
622 538 647 567 a
686 523 990 581 praedonibus.
1041 524 1102 568 Eo
1140 524 1254 569 bello
1295 538 1540 576 servorum,
1586 526 1660 583 qui
1697 525 1888 583 fugerant
1925 539 1951 569 a
1989 525 2067 570 do-

333 598 458 642 minis
481 599 568 642 suis
590 606 632 643 et
652 613 770 643 arma
791 606 936 643 contra
956 599 1267 658 rempublicam
1286 600 1479 652 tulerant,
1502 601 1669 659 triginta
1688 601 1777 645 fere
1797 600 1928 644 millia
1944 607 2067 659 capta

334 673 517 717 dominis
548 673 602 717 ad
633 673 890 732 supplicium
922 675 1179 719 sumendum
1214 675 1382 719 tradidi.
1433 676 1590 719 Iuravit
1623 676 1665 719 in
1694 690 1790 720 mea
1819 676 1952 720 verba
1980 683 2067 721 tota

332 749 449 792 Italia
477 756 629 808 sponte
657 764 736 793 sua
756 756 798 794 et
827 765 890 793 me
915 764 997 808 pro
1018 751 1194 795 victoria
1212 751 1460 809 reipublicae
1480 751 1636 796 ducem
1656 751 1921 810 depoposcit.
1952 753 2068 796 Iura-

334 831 486 868 verunt
516 826 556 868 in
588 825 741 869 eadem
771 826 898 870 verba
930 825 1110 878 Galliae,
1142 827 1391 885 Hispaniae,
1422 827 1582 885 Africa,
1615 826 1775 878 Sicilia,
1808 828 1907 871 Sar-

332 900 465 958 dinia,
497 901 724 959 Illyricum.
769 903 1026 946 [uraverunt
1054 903 1097 945 in
1126 903 1269 946 eadem
1296 903 1421 947 verba
1449 910 1667 948 senatores
1698 902 1843 961 plures

330 990 459 1033 quam
491 977 596 1020 DCC
630 976 699 1020 Cn.
728 977 904 1020 Domitio
937 978 976 1021 C.
1000 978 1116 1022 Sosio
1147 979 1407 1023 consulibus.
1466 979 1580 1024 Facti
1611 984 1709 1022 sunt
1739 978 1791 1022 ad
1823 992 1922 1022 eum
1952 977 2066 1023 diem

330 1066 416 1109 quo
448 1051 605 1110 scripta
635 1059 733 1095 sunt
761 1052 860 1096 haee
959 1079 979 1085 -
1078 1079 1099 1086 -
1198 1080 1219 1086 -
1316 1081 1337 1087 -
1435 1081 1455 1087 -
1557 1054 1724 1099 circiter
1753 1053 1906 1098 CLXX.

275 1127 475 1171 Omnium
505 1128 820 1186 provinciarum
848 1129 991 1186 populi
1018 1130 1212 1183 Romani,
1244 1130 1402 1188 quibus
1432 1130 1635 1174 finitimae
1666 1130 1835 1174 fuerunt

327 1209 487 1260 gentes,
511 1217 624 1262 quae
645 1203 826 1246 nondum
846 1211 1042 1261 parerent
1061 1206 1229 1263 imperio
1250 1213 1405 1258 nostro,
1426 1206 1533 1250 fines
1551 1206 1661 1250 auxi.
1686 1205 1841 1249 Gallias
1859 1211 1901 1249 et
1916 1205 2066 1263 Hispa-

327 1279 418 1323 nias
450 1279 690 1337 provincias
719 1293 925 1337 quousque
955 1295 1025 1324 eas
1054 1281 1173 1325 alluit
1203 1283 1403 1326 Oceanus
1434 1296 1459 1325 a
1490 1282 1681 1326 Gadibus
1711 1281 1765 1325 ad
1795 1282 1897 1324 osti-
1921 1277 1931 1284 ”

327 1370 400 1398 um
429 1354 545 1398 Albis
576 1354 763 1398 fluminis
793 1362 831 1398 et
860 1368 965 1412 quae
991 1358 1195 1414 pertinent
1223 1372 1250 1401 a
1279 1358 1449 1416 reqione
1477 1371 1529 1401 ea
1550 1371 1662 1416 quae
1685 1356 1876 1415 proxima
1896 1361 1962 1400 est
1980 1356 2065 1399 Ha-

327 1430 476 1474 driano
506 1430 612 1474 mari
644 1430 701 1473 ad
731 1431 904 1475 Tuscum
932 1434 1160 1490 composui,
1191 1433 1292 1476 nulli
1324 1434 1436 1490 genti
1470 1432 1580 1477 bello
1611 1447 1690 1491 per
1718 1432 1914 1476 iniuriam

326 1505 466 1549 inlato.
516 1506 669 1550 Classis
697 1507 886 1550 Romana
916 1508 969 1550 ab
1002 1509 1111 1551 ostio
1143 1508 1276 1552 Rheni
1306 1509 1360 1552 ad
1391 1508 1494 1552 solis
1524 1508 1698 1552 orientis
1729 1522 1799 1552 re-

327 1581 496 1639 gionem
525 1597 666 1640 usque
696 1582 749 1626 ad
781 1582 890 1626 orbis
920 1590 1105 1627 eoetrema
1134 1585 1365 1642 navigavit,
1397 1598 1484 1643 quo
1515 1598 1656 1643 neque
1686 1590 1800 1628 terra
1828 1597 1971 1641 neque

325 1657 429 1716 mari
451 1657 680 1715 quisquam
698 1659 982 1702 Romanorum
1004 1666 1101 1703 ante
1124 1660 1167 1703 id
1189 1667 1357 1718 tempus
1378 1661 1480 1704 adit.
1515 1660 1761 1718 Cimbrique
1783 1668 1825 1703 et
1844 1659 2063 1704 Charudes

327 1739 367 1776 et
403 1733 639 1777 Semnones
675 1741 718 1777 et
747 1733 943 1778 eiusdem
977 1741 1137 1779 tractus
1168 1735 1236 1779 alii
1270 1736 1580 1780 Germanorum
1611 1735 1756 1794 populi
1793 1749 1872 1793 per
1901 1734 2063 1793 legatos

1591 1811 1736 1855 amici-

325 1885 424 1927 tiam
448 1898 585 1929 meam
607 1893 649 1929 et
668 1885 813 1943 populi
838 1886 1012 1930 Romani
1034 1887 1257 1944 petierunt.
1291 1888 1385 1931 Meo
1407 1887 1527 1930 iussu
1549 1894 1591 1930 et
1616 1886 1809 1943 auspicio
1830 1885 1944 1929 ducti
1965 1892 2063 1929 sunt

323 1960 403 2003 duo
434 1961 646 2004 exercitus
675 1961 830 2005 eodem
858 1961 945 2005 fere
975 1968 1168 2019 tempore
1198 1963 1239 2006 in
1262 1963 1528 2021 Aethiopiam
1548 1969 1591 2006 et
1610 1962 1650 2005 in
1673 1961 1880 2013 Arabiam,
1905 1975 1990 2020 qua
2011 1975 2061 2005 ea

324 2126 510 2156 ...esae
541 2119 649 2155 sunt.
696 2113 741 2156 In
774 2112 959 2157 Siciliam
994 2139 1014 2144 -
1055 2114 1295 2157 sat.ti-in
1345 2140 1364 2146 -
1398 2113 1526 2157 ·et.h
1572 2139 1591 2145 -
1637 2127 1688 2156 us
1719 2138 1736 2145 -
1795 2139 1815 2144 -
1929 2137 1949 2144 -

322 2187 607 2231 du..n..b
649 2214 668 2220 -
781 2214 801 2219 -
915 2215 934 2220 -
1050 2215 1067 2221 -
1183 2216 1203 2221 -
1317 2216 1336 2222 -
1450 2215 1469 2221 -
1584 2214 1604 2221 -
1716 2214 1737 2220 ..
1850 2214 1870 2220 -
1982 2213 2003 2219 -

319 2289 339 2295 -
383 2289 403 2294 -
446 2289 465 2294 -
524 2263 797 2307 nes..abae
859 2290 877 2295 -
993 2291 1012 2296 -
1126 2291 1145 2296 -
1260 2291 1280 2296 -
1394 2291 1413 2296 -
1527 2290 1547 2296 -
1661 2289 1680 2295 -
1795 2290 1814 2295 -
1920 2291 1948 2299 ,-

261 2717 493 2774 Aeyyptum
521 2716 668 2774 populi
695 2717 868 2760 Romani
901 2716 1029 2760 adieci
1056 2718 1237 2775 imperia.
1284 2718 1523 2762 Armeniam
1551 2718 1757 2762 maiorem
1790 2717 1919 2760 inter-

349 2891 427 2922 TAB.
446 2891 486 2923 V.
517 2891 548 2922 4.
574 2899 596 2922 a
615 2890 850 2931 praedonibus]
876 2892 953 2923 Sex.
974 2891 1181 2932 Pompeium
1207 2890 1389 2932 significat.
1417 2889 1468 2922 Cf.
1486 2887 1607 2921 Vellei.
1626 2889 1658 2927 2,
1677 2888 1730 2920 73.
1754 2906 1789 2912 -
1808 2896 1980 2921 servorum
2002 2888 2060 2929 qui

258 2947 416 2988 sufferant
439 2946 520 2988 cet.]
545 2947 608 2979 Dio
627 2946 681 2985 49,
701 2947 758 2979 42:
786 2946 861 2979 τῶν
881 2946 921 2979 δὲ
941 2944 987 2989 δὴ
1010 2944 1059 2979 τὰ
1082 2945 1148 2980 τοῦ
1165 2943 1307 2988 Σέξτου
1333 2943 1556 2992 πραξάντων
1571 2963 1590 2969 -
1603 2964 1623 2969 -
1639 2941 1684 2977 τὸ
1707 2941 1956 2985 δεδουλευκὸς
1977 2947 2060 2986 τοῖς

259 3001 464 3044 δεσπόταις
488 3001 582 3049 πρὸς
607 3004 789 3049 τιμωρίαν
813 3000 1000 3046 ἀπεδόθη.
1028 3003 1077 3036 Cf.
1104 3004 1251 3046 Appian.
1275 3003 1314 3035 Β.
1336 3003 1374 3035 C.
1394 3003 1427 3042 5,
1447 3002 1520 3034 434.
1542 3019 1577 3024 -
1604 3001 1635 3033 3.
1661 3001 1792 3033 Iuravit
1812 3001 1848 3033 in
1870 3009 1945 3033 mea
1957 2999 2060 3033 verba

260 3062 331 3091 tota
353 3060 464 3102 Italia]
489 3069 582 3092 anno
606 3069 640 3091 u.
659 3060 734 3091 722.
762 3060 812 3092 Cf.
839 3060 903 3092 Dio
927 3061 980 3098 50,
1000 3061 1053 3093 60.
1080 3060 1222 3092 Sueton.
1246 3061 1332 3100 Aug.
1352 3060 1404 3091 47.
1428 3077 1461 3082 -
1489 3058 1520 3091 4.
1546 3059 1748 3091 Iuraverunt
1770 3058 1805 3090 in
1826 3058 1940 3090 eadem
1954 3056 2059 3090 verba

261 3116 393 3148 Galliae
416 3116 498 3158 cet.]
525 3116 575 3150 Cf.
602 3116 665 3148 Dio
681 3117 735 3156 50,
754 3116 807 3148 50.
829 3133 864 3138 —
892 3117 923 3148 6.
942 3116 1122 3158 Illyricum]
1148 3125 1203 3155 Qvi·
1226 3117 1251 3148 L
1265 3116 1309 3154 T,
1336 3124 1406 3148 om.
1427 3116 1450 3148 B
1466 3116 1491 3148 C
1520 3132 1553 3137 —
1581 3114 1612 3147 9.
1632 3115 1785 3146 Omnium
1802 3114 2057 3155 provinciarum

261 3172 343 3214 cet.]
376 3172 427 3204 Cf.
454 3173 596 3205 Sueton.
623 3175 710 3213 Aug.
736 3172 790 3205 24.
826 3190 860 3194 -
894 3173 945 3204 44.
972 3173 1160 3213 quousque]
1191 3171 1367 3206 ΧΑΘΩΣ
1396 3170 1585 3205 Hamiltoni
1616 3170 1857 3213 apographon.
1886 3188 1922 3194 —
1949 3170 2002 3203 42.
2025 3173 2056 3202 et

261 3237 346 3268 quae
365 3229 530 3269 pertinent
553 3228 635 3271 cet.]
668 3229 792 3269 gentes
824 3227 1009 3270 Inalpinas.
1046 3228 1096 3261 Cf.
1123 3229 1386 3270 inscriptionem
1412 3237 1431 3261 e
1455 3230 1601 3269 tropaeo
1625 3226 1764 3269 Alpium
1791 3226 1884 3268 apud
1908 3224 2055 3259 Plinium

260 3285 367 3317 N.-H.
394 3285 413 3316 3
437 3284 456 3326 g
481 3285 562 3317 436:
588 3285 787 3325 Imperatori
811 3285 964 3324 Caesari,
990 3285 1058 3317 divi
1080 3285 1120 3326 fi,
1145 3286 1304 3327 Augusto,
1328 3285 1475 3326 pontifici
1498 3284 1663 3323 mamma,
1688 3285 1769 3323 imp.
1791 3290 1886 3322 11111,
1912 3281 2055 3314 tribuni-

260 3341 332 3373 ciae
351 3342 520 3381 potestatis
541 3349 629 3380 xm,
654 3344 787 3373 senatus
803 3341 1012 3382 populusque
1035 3342 1086 3381 R„
1113 3342 1200 3381 quod
1215 3342 1284 3374 eius
1299 3342 1400 3373 ductu
1415 3340 1638 3381 auspiciisque
1652 3342 1763 3381 yentes
1775 3338 1914 3379 Alpinae
1928 3345 2051 3378 omnes,

260 3406 345 3438 quae
375 3406 398 3429 a
424 3398 514 3430 mari
543 3406 662 3438 supero
690 3397 735 3430 ad
764 3398 908 3438 inferum
937 3396 1167 3438 pertinebant,
1203 3396 1262 3430 sub
1295 3397 1471 3438 imperium
1502 3396 1617 3437 populi
1649 3396 1686 3429 R.
1712 3397 1789 3428 sunt
1817 3394 1984 3427 redactae.
2012 3410 2049 3418 --
