2254 3770
307 267 390 314 378

781 277 827 320 Ρ.
859 273 1107 321 CORNELII
1135 272 1306 321 TACITI
1335 271 1602 323 ANNALIUM

308 376 402 421 eius
432 377 648 424 relationis
678 380 872 425 ediderat
902 382 1080 434 Caesar,
1112 383 1325 441 praetoria
1356 383 1537 440 insignia
1563 390 1605 427 et
1625 385 1785 429 centies
1805 386 2090 444 quinquagies

306 453 548 498 sestertium
579 456 745 499 censuit
774 456 921 500 consul
952 456 1199 516 designatus
1231 459 1365 501 Barea
1396 459 1598 502 Soranus.
1634 459 1824 504 additum
1845 475 1870 505 a
1891 461 2090 518 Scipione
2142 512 2143 515 Ἰ

307 527 504 573 Cornelio
534 536 675 587 grates
704 531 877 589 publice
898 532 1096 590 agendas,
1125 533 1241 591 quod
1263 532 1438 590 regibus
1459 534 1664 578 Arcadiae
1685 541 1801 579 ortus
1820 535 2091 579 veterrimam

307 603 568 649 nobilitatem
611 606 707 649 usui
752 606 924 664 publico
968 614 1264 666 postponeret,
1312 621 1448 666 seque
1487 609 1597 652 inter
1634 609 1848 655 ministros
1888 608 2090 669 principis

274 676 454 723 shaberi
494 680 664 724 sineret.
720 681 990 726 adseveravit
1021 683 1223 727 Claudius
1255 689 1498 727 contentum
1530 683 1692 729 honore
1721 685 1955 730 Pallantem
1985 685 2091 728 intra

306 754 493 811 priorem
523 762 818 814 paupertatem
849 757 1096 802 subsistere.
1141 765 1183 802 et
1211 758 1342 802 fixum
1372 765 1437 802 est
1465 773 1560 802 aere
1588 759 1759 818 publico
1789 767 1962 804 senatus
1989 773 2092 805 con—

305 828 477 882 sultum,
510 844 598 888 quo
627 830 849 875 libertinus
879 833 1062 876 sestertii
1093 840 1159 878 ter
1187 833 1354 877 miliens
1393 848 1622 893 possessor
1648 836 1848 895 antiquae
1882 835 2090 894 parsimo-

305 904 401 948 niae
431 905 630 950 laudibus
661 906 968 951 cumulabatur.

419 980 501 1038 (54)
533 983 582 1024 At
611 995 695 1025 non
726 982 853 1026 frater
883 983 994 1035 eius,
1028 989 1310 1042 cognomento
1333 983 1464 1036 Felix,
1497 985 1589 1042 pari
1609 985 1903 1030 moderatione
1923 985 2087 1044 agebat,

257 1056 388 1099 ioiam
418 1056 587 1113 pridem
617 1057 799 1102 Iudaeae
831 1058 1053 1116 impositus
1085 1066 1127 1102 et
1146 1066 1299 1103 cuncta
1318 1059 1537 1103 malefacta
1559 1060 1639 1104 sibi
1660 1056 1818 1118 in‘pune
1838 1068 1955 1106 ratus
1974 1068 2089 1107 tanta

304 1131 492 1188 potentia
521 1132 717 1176 subnixo.
747 1147 852 1177 sane
882 1133 1173 1191 praebuerant
1203 1134 1348 1178 Iudaei
1380 1135 1569 1193 speciem
1594 1142 1732 1180 motus
1753 1143 1845 1180 orta
1864 1135 2086 1188 seditione,

303 1212 532 1264 postquam
563 1208 650 1233 *³⁶*
682 1209 849 1264 cognita
890 1208 1023 1253 caede
1064 1210 1158 1253 eius
1195 1209 1309 1254 haud
1349 1210 1688 1271 obtemperatum
1718 1218 1850 1263 esset,
1891 1212 2090 1256 manebat

304 1289 443 1326 metus
474 1297 528 1327 ne
558 1283 655 1341 quis
684 1284 926 1342 principum
956 1284 1108 1329 eadem
1139 1285 1410 1343 imperitaret.
1441 1292 1570 1344 atque
1600 1286 1767 1330 interim
1793 1286 1909 1331 Felix
1938 1287 2089 1332 intem-

303 1357 480 1415 pestivis
510 1358 712 1402 remediis
743 1359 896 1404 delicta
927 1360 1209 1412 accendebat,
1248 1360 1415 1405 aemulo
1445 1361 1500 1404 ad
1531 1360 1759 1405 deterrima
1789 1362 1981 1407 Ventidio
2013 1362 2090 1406 Gu-

255 1438 444 1487 mmano,
491 1434 559 1478 cui
597 1448 696 1492 pars
734 1435 981 1494 provinciae
1022 1435 1280 1488 habebatur,
1327 1436 1384 1479 ita
1414 1436 1561 1480 divisis
1595 1443 1639 1480 ut
1678 1436 1776 1481 huic
1806 1436 2088 1482 Galilaeorum

367 1563 400 1596 2.
425 1571 489 1596 cos.
514 1563 547 1597 M
572 1580 608 1587 —-
633 1562 759 1604 sipione
780 1563 813 1597 M
832 1581 866 1587 -
895 1563 926 1596 6.
944 1566 990 1596 est
1004 1588 1112 1596 .....
1122 1563 1254 1604 publico
1278 1564 1329 1602 M;
1355 1564 1389 1596 in
1407 1564 1564 1606 margine
1583 1572 1602 1596 a
1619 1572 1727 1597 mauu
1744 1564 1938 1598 admodum
1954 1566 2088 1599 recenti

302 1617 487 1661 suppletur
509 1628 597 1653 aere.
625 1637 662 1643 —
694 1620 726 1652 7.
752 1620 888 1662 antique
910 1620 943 1654 M
968 1637 1004 1643 -
1037 1621 1088 1653 lo.
1113 1621 1197 1661 iam]
1220 1623 1289 1653 tam
1312 1629 1365 1663 pr.
1390 1621 1425 1653 M
1450 1638 1485 1644 -
1521 1622 1573 1654 44.
1598 1623 1746 1662 potentia
1769 1611 1999 1655 Puteolanus:
2018 1631 2088 1663 pa-

302 1675 418 1707 tientia
439 1675 473 1708 M
499 1694 534 1699 —
558 1676 688 1709 iudaeis
709 1676 742 1710 M
767 1693 801 1699 —
835 1676 887 1708 ⁴2.
913 1677 1047 1709 Locum
1070 1675 1230 1709 mutilum
1255 1685 1335 1709 esse
1359 1677 1539 1719 perspexit
1560 1676 1754 1717 Acidalius,
1779 1680 1858 1719 post
1879 1677 1988 1711 verbe
2011 1681 2089 1712 orta

300 1732 455 1764 seditione
483 1731 658 1774 quaedam
690 1731 863 1765 excidisse
893 1733 1009 1772 ratus;
1045 1736 1221 1775 postquam
1256 1732 1289 1775 [a
1323 1733 1357 1765 C.
1384 1733 1524 1766 Caesare
1552 1733 1633 1765 iussi
1665 1736 1763 1766 eram
1790 1734 1930 1775 effigiem
1957 1733 2029 1767 eius
2051 1734 2088 1767 in

301 1789 420 1830 templo
441 1789 573 1829 locare;
597 1793 627 1822 et
650 1788 863 1831 quamquam]
888 1790 1021 1832 coynita
1043 1790 1156 1823 Haase
1177 1788 1254 1822 coll.
1273 1790 1359 1822 Hist.
1378 1790 1410 1830 5,
1430 1790 1461 1822 9.
1487 1789 1578 1831 (orta
1599 1790 1755 1823 seditione
1777 1789 1815 1822 ob
1839 1790 1904 1823 Gai
1924 1790 2084 1830 edictum

297 1848 391 1886 post,
415 1854 490 1878 cum
512 1846 645 1888 coynita
666 1845 853 1888 Anquetil.)
879 1863 915 1869 -
942 1845 996 1880 tt.
1025 1847 1171 1880 Ventidio
1185 1872 1192 1879 .

301 1902 359 1934 tur
382 1901 540 1936 cumane.
567 1919 603 1925 —
630 1902 683 1935 45.
707 1903 906 1944 „qaliteorum
927 1903 971 1936 M.

301 2015 447 2049 xissent.
471 2015 613 2048 WALrfl.
639 2033 675 2038 —
700 2015 844 2048 Pallanti
867 2015 950 2056 cet]
972 2014 1059 2048 Plin.
1077 2016 1163 2058 Epp.

302 2066 334 2105 7,
359 2065 419 2098 ⁶29:
458 2065 603 2105 Ridebis,
637 2066 750 2098 deinde
778 2066 1018 2108 indignaberis,
1055 2067 1168 2099 deinde

301 2115 438 2155 ridebis,
463 2115 492 2148 si
507 2115 624 2157 legeris
640 2116 744 2156 quod,
769 2116 833 2147 nisi
848 2116 982 2158 le9eris,
999 2126 1065 2148 non
1078 2120 1169 2157 potes

301 2167 443 2198 credere.
467 2166 527 2198 Est
540 2167 599 2198 via
617 2166 787 2198 Tiburtina
804 2166 896 2198 intra
912 2167 1061 2207 primum
1083 2168 1170 2208 lapi-

302 2216 374 2248 dem
396 2215 563 2258 (praa-ime
585 2215 756 2257 adnotavi)
779 2217 1015 2248 monimentum
1038 2218 1168 2249 Pallan-

302 2267 360 2306 tis,
390 2267 440 2298 ita
467 2267 682 2307 inscriptum:
715 2267 818 2299 «Huic
845 2270 976 2299 senatus
1004 2267 1042 2299 ob
1071 2269 1168 2309 fidem

298 2318 519 2359 pietatemque
537 2326 620 2359 erqa
635 2320 799 2358 patronos
814 2321 1011 2350 ornamenta
1031 2321 1168 2358 praeto-

301 2368 356 2399 ria
379 2368 523 2400 decrevit
543 2371 573 2400 et
595 2368 777 2400 sestertium
802 2368 920 2400 centies
935 2369 1166 2409 quinquagies,

301 2417 394 2449 euius
414 2418 537 2450 honore
559 2420 728 2450 contentus
748 2418 823 2458 fuit.
849 2417 948 2450 Idem
970 2418 1054 2460 Epp.
1075 2418 1106 2457 8,
1125 2418 1163 2450 6:

300 2469 415 2500 Postea
435 2469 516 2500 mihi
537 2469 644 2500 visum
667 2472 713 2500 est
740 2469 885 2509 pretium
915 2477 1035 2509 operae
1058 2471 1168 2509 ipsum

299 2519 617 2550 senatusconsultum
639 2527 808 2558 quaerere.
833 2519 945 2551 Inveni
966 2522 1038 2550 tam
1060 2519 1168 2559 copio-

299 2577 372 2601 sum
400 2571 430 2600 et
457 2569 612 2610 effusum,
645 2572 682 2600 ut
707 2569 762 2600 ille
783 2569 1032 2618 superbissimus
1054 2569 1169 2602 titulus

299 2619 447 2652 modicus
468 2622 568 2660 atque
583 2619 682 2651 etiam
698 2619 854 2651 demissus
868 2619 1047 2651 videretur.
1073 2620 1167 2652 Mitto

301 2670 388 2711 quod
408 2669 552 2702 Pallanti
572 2677 667 2701 servo
688 2670 860 2709 praetoria
875 2673 1071 2702 ornamenta
1086 2671 1167 2710 offe-

300 2723 440 2759 runtur,'
462 2719 555 2751 mitto
574 2719 663 2760 quod
685 2722 812 2751 censent
833 2728 900 2751 non
922 2720 1167 2752 exhortandmn

299 2770 415 2808 modo,
449 2777 566 2801 verum
588 2769 688 2801 etiam
709 2769 966 2809 compellendum
995 2770 1040 2801 ad
1068 2778 1168 2801 usum

300 2826 481 2852 aureorum
503 2817 692 2851 anulorum.
717 2820 820 2851 Levia
842 2819 923 2851 haec
944 2822 975 2852 et
990 2823 1166 2852 transeun-

301 2871 363 2902 da:
394 2869 454 2901 illa
483 2870 716 2908 memoranda,
747 2870 835 2909 quod
857 2869 1015 2901 Pallantis
1036 2870 1167 2901 nomine

300 2922 432 2952 senatus
453 2918 583 2960 gratias
605 2919 677 2959 ayit
692 2918 828 2950 Caesari
850 2919 937 2958 quod
959 2922 990 2951 et
1010 2919 1077 2959 ipse
1091 2927 1166 2951 cum

299 2978 425 3002 summo
446 2970 567 3001 honore
581 2970 778 3000 mentionem
792 2969 861 3001 eius
877 2971 1073 3009 prosecutus
1089 2972 1168 3001 esset

300 3023 331 3052 et
352 3019 481 3052 senatui
494 3018 687 3059 facultatem
699 3018 826 3059 fecisset
841 3019 981 3051 testandi
995 3027 1077 3059 erga
1093 3028 1166 3051 eum

301 3069 562 3102 benivolentiam.
578 3067 721 3100 Additur
737 3071 793 3100 uut
805 3069 928 3108 Pallas,
943 3070 997 3100 cui
1013 3077 1046 3101 se
1057 3077 1167 3101 omnes

298 3129 361 3160 pro
382 3119 473 3151 virili
496 3121 597 3159 parte
621 3117 786 3159 obligatos
801 3118 961 3159 fatentur,
985 3118 1168 3159 singularis

298 3170 387 3212 fidei,
405 3169 586 3211 sinqularis
599 3168 786 3200 industriae
799 3168 944 3208 fructum
958 3169 1166 3201 meritissimo

299 3221 396 3260 ferat.
404 3231 419 3249 n
428 3220 619 3252 Adstrua'tur
627 3219 677 3252 his
686 3227 780 3250 «cum
791 3220 919 3251 senatui
929 3220 1115 3259 populoque
1127 3221 1162 3252 R.

299 3269 508 3302 liberalitatis
517 3270 651 3311 yratior
663 3269 907 3308 repraesentari
918 3268 1012 3300 nulla
1023 3270 1166 3301 materia

297 3320 400 3358 possit
411 3327 514 3358 quam
530 3319 558 3350 si
574 3317 838 3351 abstinentissimi
850 3317 1094 3359 fidelissimique
1106 3328 1166 3351 cu-

301 3369 401 3400 stodis
428 3368 667 3408 principalium
689 3376 788 3408 opum
808 3366 982 3407 facultates
1004 3367 1166 3400 adiuvare

302 3418 519 3461 contigisset.»
532 3419 604 3451 Iam
615 3427 701 3460 quae
711 3420 904 3459 sequuntur,
923 3417 1083 3450 moluisse
1095 3417 1166 3458 qm]-

1210 1871 1317 1880 .....
1333 1846 1386 1879 eui
1409 1847 1460 1887 M;
1488 1847 1522 1879 in
1547 1848 1703 1889 margine
1720 1845 1765 1879 ab
1782 1855 1855 1879 rec.
1872 1850 1920 1894 m.
1939 1845 2086 1890 suppre-

1217 2017 1289 2049 dem
1311 2020 1462 2049 senatum
1484 2026 1614 2049 censere
1635 2017 1782 2049 dandum
1806 2025 1850 2049 ea·
1877 2016 2014 2049 aerario
2034 2024 2086 2049 se-

1216 2067 1366 2099 stertium
1398 2067 1516 2100 centies
1549 2067 1787 2108 quinquayies,
1823 2069 1854 2098 et
1887 2068 2012 2106 quanto
2041 2065 2084 2098 ab

1216 2116 1375 2148 eiusmodi
1407 2116 1640 2157 cupiditatibus
1667 2117 1826 2148 remotior
1856 2116 1927 2148 eius
1953 2115 2086 2148 anirnus

1217 2170 1314 2207 esset,
1340 2171 1432 2199 tanto
1448 2167 1614 2207 inpensius
1628 2170 1739 2207 petere
1753 2175 1776 2198 a
1794 2165 1927 2207 publico
1945 2169 2086 2207 parente

1216 2221 1253 2250 ut
1276 2227 1349 2250 eum
1370 2218 1574 2258 compelleret
1593 2219 1637 2250 ad
1659 2218 1835 2250 cedendum
1857 2218 1989 2250 senatui
1994 2226 2007 2256 ,·
2029 2218 2087 2249 sed

1217 2278 1292 2300 cum
1311 2269 1464 2309 princeps
1479 2269 1620 2308 optimus
1636 2277 1825 2309 parensque
1839 2267 2002 2308 publicus,
2025 2276 2084 2300 ro—

1216 2323 1316 2360 gatus
1339 2328 1362 2350 a
1385 2319 1550 2358 Pallante,
1576 2327 1650 2350 eam
1659 2321 1794 2359 partem
1807 2319 1986 2350 sententiae
1999 2326 2086 2358 quae

1213 2368 1397 2408 pertinebat
1421 2368 1465 2399 ad
1488 2368 1634 2400 dandum
1649 2368 1678 2399 ei
1693 2376 1737 2399 ee>
1751 2367 1887 2399 aerario
1901 2368 2084 2400 sestertium

1216 2418 1334 2450 centies
1367 2418 1585 2459 quinquayies
1615 2418 1737 2449 remitti
1765 2417 1934 2457 voluisset,
1969 2417 2084 2450 testari

1215 2472 1365 2501 senatum
1395 2478 1427 2500 se
1458 2468 1592 2501 libenter
1615 2477 1655 2500 ac
1676 2468 1793 2500 merito
1814 2468 1900 2499 hanc
1921 2475 2086 2500 svamm

1216 2519 1302 2550 inter
1323 2518 1466 2559 reliquos
1487 2518 1625 2550 honores
1644 2517 1683 2549 ob
1702 2517 1801 2559 fidem
1816 2517 2086 2558 diligentiamque

1217 2569 1360 2601 Pallanti
1390 2569 1562 2601 decernere
1589 2570 1748 2608 coepisse,
1781 2568 1946 2600 voluntati
1973 2571 2084 2600 tamen

1214 2619 1377 2660 principis
1398 2620 1468 2659 sui,
1494 2619 1548 2650 cui
1569 2619 1604 2650 in
1625 2618 1720 2650 nulla
1741 2627 1779 2650 re
1798 2618 1853 2658 fas
1871 2620 2007 2658 putaret
2026 2626 2084 2651 ro-

1212 2677 1384 2710 puynare,
1417 2669 1451 2700 in
1483 2669 1545 2700 hac
1568 2677 1695 2709 quoque
1715 2676 1753 2699 re
1775 2667 1939 2708 obsequi.»
1970 2667 2085 2700 Finem

1217 2719 1414 2751 existimas?
1436 2719 1616 2751 Manedum
1637 2721 1669 2750 et
1689 2717 1824 2749 maiora
1840 2716 1970 2758 accipe:
1995 2717 2084 2749 tuti-

1217 2777 1296 2808 que,
1316 2777 1390 2799 cum
1405 2767 1447 2799 sit
1462 2768 1540 2799 utile
1552 2767 1715 2808 principis
1729 2766 1960 2808 beniqnitatem
1971 2774 2085 2807 prom-

1213 2818 1399 2858 ptissimam
1425 2818 1470 2849 ad
1500 2818 1631 2849 laudem
1649 2818 1867 2857 praemiaque
1887 2817 2084 2849 mermtium

1215 2868 1390 2900 inlustrari
1413 2867 1552 2907 ubique,
1577 2870 1607 2899 et
1628 2867 1775 2899 maxum
1796 2866 1845 2898 his
1866 2866 1946 2899 locis
1968 2865 2085 2907 quibus

1215 2918 1351 2951 incitari
1373 2918 1419 2949 ad
1439 2917 1655 2949 imitationem
1673 2916 1857 2957 praepositi
1879 2924 1993 2948 rerum
2013 2916 2084 2948 ciue

1215 2977 1318 3000 curae
1338 2971 1482 3008 possent,
1513 2971 1543 3000 et
1566 2967 1725 2999 Pallantis
1746 2967 1984 3006 spectatissima
2003 2967 2083 3007 fides

1215 3022 1316 3058 atque
1344 3018 1532 3050 innocentia
1562 3017 1712 3057 exemplo
1731 3024 1918 3057 provocare
1937 3016 2082 3049 studium

1216 3072 1285 3102 tam
1316 3069 1468 3101 honestae
1502 3068 1736 3100 emulationis
1765 3069 1890 3108 posset,
1923 3074 1965 3099 ea
1995 3074 2082 3107 quac

1214 3127 1249 3151 ι’.
1274 3119 1348 3151 Kal.
1375 3117 1593 3156 Februarias,
1628 3125 1716 3158 quae
1734 3117 1913 3158 proximae
1930 3115 2078 3158 finissent,

1215 3170 1250 3201 in
1280 3169 1481 3209 amplissimo
1511 3168 1624 3200 ordine
1654 3168 1798 3208 optimus
1819 3167 1974 3207 princeps
1993 3166 2081 3198 reoi-

1215 3221 1312 3250 tasset
1339 3222 1535 3258 senatusque
1564 3217 1714 3249 consulta
1742 3217 1782 3249 de
1809 3215 1853 3248 iis
1872 3214 1970 3248 rebus
1987 3215 2082 3256 facta

1215 3269 1250 3300 in
1283 3277 1360 3300 acre
1387 3268 1628 3307 inciderentur,
1658 3267 1756 3307 idque
1781 3274 1838 3298 aes
1855 3266 2014 3307 figeretur
2035 3266 2082 3297 ad

1216 3322 1363 3350 statuam
1386 3318 1563 3350 loricatam
1579 3317 1648 3350 divi
1669 3315 1778 3348 Iulii.»
1803 3314 1854 3347 Cf.
1873 3313 1958 3348 Plin.
1978 3315 2018 3347 N.
2036 3314 2077 3347 Η.

1215 3367 1258 3400 35
1274 3367 1293 3408 5
1309 3367 1385 3399 204.
1411 3365 1602 3399 Pallantem
1624 3366 1744 3398 autem
1758 3364 1927 3397 Antoniae
1945 3362 2080 3397 Claudii

1216 3417 1318 3450 matri
1343 3417 1496 3450 servisse
1519 3416 1652 3449 scimus
1675 3423 1719 3448 ex
1742 3414 1893 3457 Iosepho
1915 3414 1969 3455 48,
1994 3413 2027 3455 6»
2043 3413 2077 3447 6.
