2254 3770
743 285 898 329 Lmen
925 284 1010 331 xv.
1061 284 1161 342 cap.
1192 283 1259 328 72.
1289 283 1357 327 73.
1849 281 1923 324 54⁴

153 408 270 437 mum
302 391 416 436 milia
454 392 607 436 viritim
641 390 976 449 manipularibus
1006 389 1148 433 divisit
1177 389 1426 447 addiditque
1456 389 1548 432 sine
1578 387 1716 445 pretio
1745 386 1932 431 frumen-

150 475 257 517 tum,
287 481 374 525 quo
405 473 502 510 ante
530 481 584 511 ex
611 467 741 510 modo
771 479 964 510 annonae
989 464 1227 508 utebantur.
1258 471 1358 516 tum,
1386 464 1510 522 quasi
1530 469 1648 521 gesta
1668 461 1780 506 bello
1801 476 1932 519 expo-

152 543 326 594 siturus,
359 550 482 586 vocat
511 549 705 586 senatum
724 550 767 586 et
792 539 1044 598 triumphale
1065 539 1200 583 decus
1219 540 1419 583 Petronio
1440 538 1680 596 Turpiliano
1706 536 1930 588 consulari,

150 617 333 662 Cocceio
361 618 538 669 Nervae,
570 617 755 675 praetori
779 616 1013 673 designato,
1045 613 1247 672 Tigillino,
1280 615 1496 672 praefecto
1525 613 1743 672 praetorii,
1776 612 1931 664 tribuit,

150 692 386 750 Tigillinum
416 700 459 736 et
484 695 668 737 Nervam
698 693 755 735 ita
783 691 1007 742 extollens,
1051 697 1098 733 ut
1126 704 1258 748 super
1287 689 1564 747 triumphales
1593 690 1636 732 in
1665 689 1756 732 foro
1787 687 1965 745 imagi-5

149 781 227 812 nes
266 767 381 825 apud
419 767 625 811 Palatium
662 780 837 825 quoque
868 765 1029 822 effigies
1059 779 1210 809 eorum
1240 767 1421 809 sisteret.
1478 764 1719 809 consularia
1755 763 1935 820 insignia

148 842 407 902 Nymphidio
437 843 539 868 *Η
571 843 673 901 quia
712 855 825 885 nunc
862 841 1048 898 primum
1086 839 1252 884 oblatus
1292 847 1377 892 est,
1418 854 1555 897 pauca
1586 846 1798 897 repetam:
1837 852 1935 882 nam

150 926 193 962 et
221 918 314 976 ipse
343 932 444 976 pars
474 919 759 962 Romanarum
789 916 972 961 cladium
1002 916 1093 959 erit.
1125 915 1251 972 igitur
1281 923 1414 959 matre
1435 915 1632 959 libertina
1653 921 1790 966 ortus,
1822 927 1934 972 quae

150 1007 307 1051 corpus
346 993 554 1037 decorum
594 993 702 1037 inter
741 1006 890 1036 servos
929 991 1192 1048 libertosque
1230 991 1471 1048 principum
1501 989 1767 1048 vulgaverat,
1806 1003 1860 1033 ex
1889 989 1934 1033 C.

150 1069 334 1113 Caesare
370 1083 418 1112 se
456 1069 642 1126 genitum
683 1067 864 1118 ferebat,
903 1066 1105 1125 quoniam
1133 1066 1238 1109 forte
1268 1066 1455 1124 quadam
1484 1065 1630 1109 habitu
1658 1078 1865 1122 procerus
1895 1070 1985 1108 etio

149 1151 270 1188 torvo
300 1143 418 1188 vultu
447 1151 558 1195 erat,
593 1144 684 1187 sive
706 1143 750 1187 C.
774 1144 950 1193 Caesar,
983 1148 1221 1186 scortorum
1241 1155 1416 1200 quoque
1439 1142 1635 1198 cupiens,
1668 1140 1795 1184 etiam
1814 1140 1936 1183 matri

150 1220 244 1263 eius
281 1219 422 1262 illusit.
482 1218 563 1275 (73)
605 1218 683 1262 sed
713 1219 824 1262 Nero
854 1224 1006 1262 vocato
1036 1224 1207 1266 senatu,
1248 1218 1438 1260 oratione
1469 1216 1580 1259 inter
1608 1222 1751 1273 patres
1780 1215 1935 1266 habita,

150 1295 337 1339 edictum
356 1293 470 1352 apud
490 1293 697 1352 populum
718 1301 759 1337 et
781 1293 932 1338 collata
953 1293 994 1335 in
1015 1292 1147 1336 libros
1176 1292 1334 1336 indicia
1361 1291 1741 1349 confessionesque
1763 1290 1938 1334 damna-

104 1364 108 1366 *
150 1377 288 1414 torum
319 1369 520 1414 adiunxit.
543 1370 709 1413 'etenim
740 1369 893 1413 crebro
925 1368 1036 1426 vulgi
1066 1381 1238 1411 rumore
1267 1366 1546 1418 lacerabatur,
1578 1373 1796 1424 tamquam
1823 1366 1938 1409 viros

150 1446 285 1489 claros
314 1453 357 1489 et
386 1445 574 1488 insontes
604 1444 660 1487 ob
691 1444 890 1487 invidiam
920 1451 992 1487 aut
1021 1449 1181 1486 metum
1211 1442 1492 1486 exstinxisset.
1525 1448 1716 1486 ceterum
1742 1448 1986 1499 coeptamis

215 1566 245 1598 4.
269 1564 337 1606 sitio
359 1565 393 1598 M
420 1583 454 1588 —
483 1564 514 1597 3.
543 1564 734 1604 Turpiliano
756 1563 976 1596 Vertranius:
1011 1563 1169 1603 tur-piano
1192 1563 1224 1595 M
1250 1580 1286 1586 -
1319 1562 1351 1595 4.
1377 1562 1519 1604 tiyillino
1534 1579 1584 1587 --
1599 1562 1777 1604 tiyillinum
1800 1563 1850 1595 M:
1884 1563 1938 1595 Ti-

148 1622 268 1664 yellino
283 1639 332 1645 --
350 1621 544 1663 Tigellinum
563 1619 674 1662 vulgo.
699 1620 787 1653 Vide
811 1620 856 1652 ad
880 1629 914 1662 p.
933 1619 1010 1660 475,
1027 1620 1059 1652 7.
1081 1637 1116 1643 -
1143 1620 1174 1652 7.
1195 1619 1394 1660 Nymphidio
1409 1618 1486 1641 Η*
1502 1619 1583 1660 quia
1603 1628 1692 1651 nunc
1713 1619 1936 1661 Nipperdey:

148 1678 339 1719 nymphidio
361 1675 497 1717 quaun‘c
519 1678 571 1714 M;
597 1676 807 1717 Nymphidio,
832 1677 871 1708 de
893 1684 958 1717 quo
982 1676 1062 1716 quia
1084 1684 1172 1707 nunc
1195 1674 1270 1714 alii;
1296 1675 1506 1716 Nymphidio,
1532 1676 1589 1717 qui
1612 1676 1692 1715 quia
1714 1685 1802 1707 nunc
1820 1675 1939 1708 Weis-

150 1734 324 1772 senborn;
359 1734 557 1775 Nymphidio
580 1733 714 1766 Sabino.
741 1734 790 1765 De
812 1733 1011 1773 Nymphidio
1034 1733 1116 1775 quia
1137 1740 1225 1764 nunc
1246 1733 1415 1772 Ritterus,
1449 1731 1526 1764 coll.
1552 1733 1605 1772 45,
1631 1732 1673 1764 34
1698 1731 1753 1773 (de
1778 1731 1938 1771 Vatinio),

150 1791 205 1831 46,
230 1792 270 1823 47
295 1799 348 1832 sq.
375 1790 431 1832 (de
455 1790 644 1831 Petronio).
674 1807 707 1812 -
734 1789 765 1822 8.
790 1791 860 1830 ipse
883 1788 1111 1821 Puteolanus:
1136 1789 1211 1829 ipsa
1234 1789 1266 1821 M
1291 1806 1328 1813 —
1356 1789 1387 1821 9.
1413 1789 1454 1822 G.
1479 1789 1513 1822 M
1535 1807 1579 1812 —
1602 1789 1655 1821 ⁴2.
1679 1789 1855 1821 illusit...
1876 1788 1940 1820 Sed

150 1848 350 1885 Wurmius.
377 1847 435 1888 qui
459 1846 695 1879 narrationem
720 1845 764 1878 de
788 1845 1000 1888 Nymphidio
1023 1847 1078 1878 vix
1104 1847 1284 1887 coeptam,
1313 1844 1447 1878 nedum
1471 1845 1666 1887 perfectam
1690 1853 1770 1877 esse
1793 1845 1938 1886 putavit.

153 1921 189 1926 —
216 1903 269 1935 43.
294 1904 552 1944 dampnatorum
575 1903 752 1935 adiuncoeit
774 1903 806 1936 Μ
831 1920 867 1926 -
895 1903 948 1935 44.
973 1906 1136 1945 tanquam
1158 1903 1191 1936 M
1216 1920 1252 1926 —
1281 1903 1336 1935 45.
1361 1902 1471 1935 claros
1491 1902 1772 1936 Freinshemius:
1797 1909 1868 1934 om.
1885 1902 1936 1941 Μ;

151 1958 208 1992 alii
229 1962 261 1993 et
283 1958 456 1992 delerunt.
483 1977 520 1983 —
545 1959 775 1993 exstincoeisset
796 1959 830 1993 M
852 1977 896 1982 —
918 1962 1046 2000 ceptam
1067 1959 1112 1993 M.

151 2052 267 2105 tonius
289 2073 371 2104 Ner.
396 2071 456 2104 4οι
491 2071 719 2112 praetorianis
741 2071 925 2104 cohortibus
945 2072 1022 2113 fru-

150 2126 296 2155 mentum
309 2125 516 2155 menstruum
529 2122 716 2163 gratuitum
727 2122 943 2164 (constituit).
969 2123 1021 2155 De

1071 2079 1160 2104 neca
1191 2070 1236 2103 de
1259 2069 1448 2112 Tranquill.
1475 2069 1534 2111 44,
1562 2071 1623 2103 4οι
1658 2070 1810 2103 Gaianae
1838 2070 1942 2103 cladis

1070 2131 1197 2163 maana
1222 2122 1334 2162 portio
1357 2122 1513 2163 (Kanus).
1541 2137 1578 2144 -
1610 2128 1655 2152 ex
1684 2120 1719 2154 C.
1745 2120 1888 2154 Caesare
1910 2130 1942 2154 se

0 3255 10 3352 77³⁷——

39 3382 46 3388 s

152 2173 220 2206 hac
242 2172 423 2215 largitione
447 2173 511 2205 Dio
532 2173 586 2212 62,
603 2173 663 2205 27:
688 2173 725 2206 τί
747 2171 777 2204 δ’
801 2168 850 2205 ἄν
872 2182 930 2232 τις
950 2183 1022 2205 κα-

150 2221 302 2266 ταλέγοι
326 2218 404 2255 ὅσα
419 2221 481 2255 ἐπὶ
494 2221 541 2269 τῇ
543 2221 743 2281 ἐπιβουλῇ
760 2221 879 2270 ταύτῃ
896 2219 924 2266 ἢ
939 2224 1022 2263 τοῖς

152 2271 385 2330 δορυφόροις
401 2258 562 2316 ἑδόθη”
536 2285 560 2315 η
577 2271 628 2316 τῷ
645 2283 684 2305 τε
699 2273 845 2319 Νέρωνι
860 2273 925 2306 καὶ
940 2275 1022 2313 τοῖς

152 2319 275 2357 αὐτοῦ
298 2322 426 2364 φίλοις
442 2319 636 2369 ὑπέρογκα
650 2322 882 2366 ἐψηφίσθη;
901 2341 937 2346 -
962 2324 1023 2356 Pe-

152 2374 261 2406 tronio
292 2373 487 2414 Turpiliano
516 2373 701 2414 consulari]
737 2372 788 2406 Cf.
815 2372 874 2412 44,
900 2373 954 2405 29.
982 2389 1018 2396 —

153 2424 286 2457 Cocceio
301 2423 442 2466 Nervae]
466 2425 589 2465 postea
611 2424 828 2465 imperatori.
854 2423 936 2456 Eius
960 2424 1023 2455 tri-

153 2473 331 2516 umphalia
350 2475 557 2506 ornamenta
573 2475 899 2506 commemorantur
916 2474 1023 2506 etiam

153 2525 189 2557 in
212 2524 310 2557 titulo
334 2524 611 2557 Saxoferratensi
633 2525 744 2557 Inscr.
769 2525 843 2557 Lat.
869 2534 904 2557 n.
924 2523 1020 2556 5435.

157 2591 193 2599 -
223 2574 422 2615 Nymphidio
458 2574 540 2615 cet.]
574 2575 707 2606 Locum
741 2582 907 2607 mancum
942 2581 1022 2606 esse

154 2624 290 2667 primus
319 2625 407 2657 vidit
428 2624 591 2657 Ritterus.
627 2624 906 2666 «Nymphidium
930 2623 1023 2656 enim

155 2675 323 2716 praetorii
339 2674 559 2716 praefectum
575 2682 646 2706 uno
662 2675 804 2707 nomine
819 2674 949 2711 vocari,
964 2673 1026 2705 ubi

154 2725 311 2766 primum
343 2725 580 2763 memoratur,
613 2732 678 2765 per
708 2732 747 2756 se
779 2723 1025 2757 consuetudini

157 2773 389 2807 cornelianae
407 2774 616 2807 adversatur
631 2774 675 2815 (v.
694 2776 812 2806 annot.
831 2774 877 2806 ad
891 2773 943 2814 43,
957 2773 1023 2814 30),

157 2826 194 2857 et
215 2825 327 2866 magis
350 2826 480 2858 mirum
505 2826 576 2865 est,
605 2824 700 2866 quod
716 2825 822 2858 modo
842 2824 1026 2857 Petronius

157 2875 377 2917 Turpilianus
406 2878 442 2908 et
465 2875 636 2908 Cocceius
664 2876 777 2908 Nerva
802 2883 901 2908 more
924 2873 1026 2907 solito

157 2925 327 2958 nominati
359 2927 458 2966 sunt,
496 2934 613 2967 neque
647 2933 711 2967 pro
746 2925 886 2958 diversa
919 2932 1026 2956 causa

156 2984 269 3008 unum
297 2974 451 3016 Tigellini
486 2984 615 3007 nomeu
640 2974 755 3007 afferri
780 2975 912 3017 potest,
946 2974 1027 3015 quia

157 3024 187 3057 is
211 3025 281 3057 iam
304 3033 411 3066 saepe
436 3026 735 3057 commemoratus
759 3026 824 3057 est.
855 3025 951 3063 Quae
968 3024 1028 3065 qui

158 3074 225 3107 rite
255 3075 490 3117 reputaverit,
521 3074 578 3106 vix
609 3073 781 3106 dubitabit
812 3074 895 3115 quin
925 3073 1029 3106 fuerit

158 3125 357 3166 Nymphidio
379 3124 516 3157 Sabino.
543 3123 593 3156 Cf.
619 3124 706 3156 Hist.
730 3125 763 3164 4,
780 3125 835 3157 5.»
865 3125 1027 3157 Fortasse

161 3174 267 3207 etiam
290 3173 442 3206 verbum
466 3173 658 3213 excidisse,
691 3173 736 3206 ad
759 3174 952 3207 consularia
973 3175 1028 3206 in-

159 3224 270 3265 siynia
298 3223 498 3266 pertinens,
527 3224 563 3255 et
591 3223 835 3265 praefecturae
862 3224 1028 3265 praetorii

161 3272 373 3315 Nymphidio
404 3275 485 3315 post
515 3273 681 3305 Faenium
712 3272 838 3305 Rufum
869 3273 1027 3306 occisum

163 3322 397 3356 demandatae
421 3319 657 3363 mentionem,
682 3322 862 3355 adnotavit
883 3323 1030 3365 Nipper-

164 3373 246 3414 deY.
275 3391 311 3398 -
333 3383 416 3414 pars
437 3375 667 3406 Romanarum
690 3371 844 3414 cladium]
869 3371 970 3405 Silius
992 3373 1025 3412 5,

165 3423 249 3457 329:
278 3424 383 3458 Italae
399 3433 486 3466 pars
507 3432 634 3466 maana
653 3424 775 3456 ruinae
795 3422 931 3464 Appius.
963 3423 1027 3456 Se-

1069 2172 1215 2213 yenitum
1225 2171 1362 2213 ferebat]
1371 2170 1546 2204 Plutarch
1559 2169 1657 2203 Galb.
1666 2171 1698 2203 9·
1716 2165 1788 2203 οῦκ
1802 2165 1942 2214 ο«ἔφευγε

1071 2220 1188 2254 Γαίου
1221 2221 1417 2278 Καίσαρος
1444 2217 1529 2262 υἱὸς
1551 2219 1728 2264 λέγεσθαι
1751 2217 1820 2253 τοῦ
1844 2217 1942 2264 μετὰ

1072 2270 1246 2317 Τιβέριον
1268 2266 1465 2317 ἄρξαντος.
1482 2268 1657 2328 ἐγνώκει
1678 2268 1754 2331 γὰρ
1774 2267 1796 2302 ὁ
1812 2269 1940 2330 Γάϊος,

1071 2318 1124 2363 ὥς
1145 2319 1266 2362 ἐοικε,
1291 2318 1363 2364 τὴν
1386 2319 1576 2354 τεκοῦσαν
1599 2318 1718 2354 αὐτὸν
1734 2318 1789 2354 ε’τι
1806 2319 1942 2368 μειρά-

1070 2382 1156 2404 κιον
1179 2382 1233 2404 ων
1256 2367 1328 2404 οὔκ
1351 2366 1461 2414 ἀειδῆ
1484 2368 1556 2414 τὴν
1578 2367 1676 2414 ’όψιν
1701 2365 1824 2404 οὖσαν
1848 2373 1942 2412 (cor-

1071 2432 1158 2465 pore
1190 2423 1347 2463 decoro).
1364 2441 1419 2447 --
1440 2417 1520 2454 ἀλλ’
1556 2416 1604 2465 ἧν
1639 2419 1665 2465 ἦ
1700 2419 1796 2482 πρὸς
1825 2418 1942 2455 Γάϊον

1070 2468 1236 2514 ἑντευξις
1268 2468 1406 2515 αὐτῆς,
1441 2468 1494 2514 (ὃς
1526 2467 1648 2513 εὀικε,
1678 2474 1841 2530 νεωτέρα
1873 2470 1943 2515 τῆς

1071 2521 1291 2565 Νυμφιδίου
1322 2523 1524 2567 γενέσεως,
1557 2524 1684 2557 αἰτίαν
1706 2521 1735 2555 δ’
1757 2518 1872 2563 ἴσχεν
1898 2522 1941 2556 ἐκ

1073 2572 1292 2620 Μαρτιανοῦ
1312 2572 1381 2607 τοῦ
1397 2571 1630 2631 μονομάχου
1646 2575 1853 2619 γεγονέναι,
1876 2574 1943 2607 καὶ

1072 2622 1220 2667 μᾶλλον
1251 2621 1375 2658 ἐδόκει
1403 2623 1489 2657 καθ’
1513 2621 1726 2668 ὁμοιότητα
1748 2623 1818 2670 τῇς
1842 2622 1943 2666 ἰδέας

1074 2674 1204 2718 ἐκείνῳ
1228 2673 1448 2721 προσήκειν.
1476 2693 1512 2699 -
1544 2676 1659 2709 habitu
1678 2685 1837 2718 procerus
1859 2675 1942 2718 cet.]

1074 2727 1259 2759 Suetonius
1290 2726 1398 2768 Calig.
1423 2727 1484 2760 50:
1523 2727 1664 2760 Statura
1696 2727 1762 2768 fuit
1790 2727 1946 2760 eminenti

1076 2775 1266 2817 (Caligula),
1291 2785 1430 2817 corpore
1451 2777 1594 2817 enormi,
1618 2777 1808 2819 yracilitate
1828 2776 1945 2809 maxi-

1073 2834 1131 2858 ma
1160 2826 1298 2858 cervicis
1321 2830 1353 2859 et
1381 2835 1538 2867 crurum,
1570 2827 1673 2860 oculis
1698 2830 1728 2860 et
1749 2826 1946 2868 temporibus

1075 2877 1245 2916 concavis,
1270 2876 1379 2917 fronte
1397 2877 1469 2909 lata
1484 2880 1514 2909 et
1530 2880 1639 2910 torva.
1661 2895 1696 2902 —
1713 2877 1826 2918 illusit]
1844 2877 1945 2919 quasi

1075 2934 1140 2968 per
1155 2924 1346 2958 ludibrium
1358 2935 1398 2958 ea
1411 2927 1450 2959 ut
1460 2926 1519 2959 vili
1531 2927 1720 2960 meretrice
1733 2926 1865 2960 abusus
1877 2927 1942 2960 est.

1120 2976 1172 3009 73.
1198 2980 1316 3009 vocato
1330 2976 1456 3019 senatu]
1481 2977 1577 3010 Haec
1595 2977 1705 3010 verba
1722 2978 1880 3010 Ernestio
1897 2978 1945 3009 vi-

1077 3025 1254 3058 debantur
1275 3025 1476 3067 abundare,
1506 3027 1588 3068 quia
1612 3026 1716 3069 paulo
1740 3028 1820 3059 ante
1843 3026 1945 3058 Taci-

1076 3076 1133 3107 tus
1151 3076 1330 3108 Neronem
1346 3085 1563 3109 convocasse
1580 3078 1743 3109 senatum
1760 3077 1830 3108 iam
1847 3075 1942 3109 dixit.

1077 3125 1208 3156 Verum
1232 3126 1356 3157 auctor
1370 3125 1461 3158 haec
1476 3125 1584 3166 addit,
1610 3127 1649 3158 ut
1663 3125 1847 3167 sequentia
1864 3133 1946 3158 con-

1076 3174 1263 3215 iungantur
1277 3183 1348 3208 non
1364 3183 1445 3208 cum
1461 3176 1620 3217 proxime
1637 3174 1942 3216 antecedentibus,

1077 3223 1138 3256 ubi
1161 3222 1206 3256 de
1221 3224 1441 3266 Nymphidio
1455 3224 1637 3264 disseruit,
1663 3225 1728 3258 sed
1744 3233 1826 3257 cum
1841 3233 1946 3267 supe-

1077 3273 1246 3315 rioribus,
1272 3273 1333 3307 ubi
1356 3275 1492 3308 dixerat
1514 3276 1677 3308 senatum
1694 3284 1714 3307 a
1730 3276 1869 3309 Nerone
1885 3285 1946 3309 vo-

1078 3324 1208 3357 catum.
1240 3325 1376 3366 Recipit
1397 3325 1502 3366 igitur
1523 3324 1577 3357 his
1599 3323 1718 3357 verbis
1741 3323 1840 3358 filum
1863 3334 1945 3359 ora-

1077 3373 1180 3406 tionis
1221 3374 1427 3416 interposita
1460 3375 1659 3407 narratione
1693 3374 1941 3418 interruptum.

1076 3421 1184 3456 Simili
1194 3422 1302 3457 modo
1314 3431 1397 3457 mox
1409 3421 1548 3457 scribit:
1567 3426 1605 3456 at
1613 3425 1650 3458 in
1660 3427 1787 3458 senatu.
1798 3425 1941 3459 wara.
