2254 3770
730 281 884 326 Lmen
914 282 983 325 111.
1035 280 1136 340 Cap.
1167 281 1233 329 29.
1267 282 1334 326 30.
1364 281 1431 326 34.

1900 280 1982 324 469

193 396 290 435 nate
319 388 548 448 proximus.
580 401 680 432 mox
707 388 967 447 praecipuus
996 388 1065 433 cui
1095 394 1263 433 secreta
1292 389 1598 447 imperatorum
1627 388 1907 432 inniterentur
1936 393 1979 431 et

192 463 472 510 interficiendi
500 463 690 508 Postumi
719 463 930 522 Agrippae
961 464 1180 514 conscius,
1222 469 1358 508 aetate
1392 470 1596 522 provecta
1625 463 1815 522 speciem
1843 463 1977 520 magis

191 542 235 585 in
264 540 447 586 amicitia
474 539 679 598 principis
699 553 829 598 quam
857 540 942 583 vim
972 539 1115 583 tenuit.
1147 538 1279 597 idque
1304 545 1344 584 et
1374 539 1606 584 Maecenati
1636 538 1861 589 acciderat,
1894 538 1976 581 fato

190 615 405 675 potentiae
425 628 523 659 raro
548 615 845 672 sempiternae,
869 628 922 658 an
943 615 1072 659 satias
1092 615 1204 673 capit
1224 620 1296 659 aut
1315 615 1422 666 illos,
1446 629 1543 659 cum
1563 615 1705 659 omnia
1725 613 1974 663 tribuerunt,

191 698 263 737 aut
291 691 382 743 hos,
414 704 513 735 cum
541 690 625 734 iam
655 690 756 733 nihil
785 689 999 748 reliquum
1028 696 1094 734 est
1123 690 1238 748 quod
1270 691 1454 748 cupiant.

303 766 384 824 (34)
416 765 619 825 Sequitur
638 765 777 810 Tiberi
798 773 986 824 quartus,
1018 765 1144 809 Drusi
1165 765 1383 810 secundus
1407 765 1663 817 consulatus,
1695 764 1828 823 patris
1849 770 1977 822 atque

189 841 263 886 filii
302 841 482 900 collegio
523 841 714 899 insignis.
751 855 849 885 nam
887 841 1061 885 biennio
1101 846 1198 885 ante
1240 841 1479 886 Germanici
1519 855 1616 886 cum
1658 840 1825 884 Tiberio
1863 839 1977 883 idem

190 916 327 962 bonor
365 930 507 975 neque
542 923 696 974 patruo
727 916 862 960 laetus
892 930 1033 975 neque
1064 922 1214 960 natura
1243 922 1328 960 tam
1359 930 1548 961 conexus
1577 916 1725 960 fuerat.
1757 915 1851 959 eius
1881 916 1978 958 anni

190 992 399 1053 principio
429 991 641 1040 Tiberius,
683 992 805 1050 quasi
837 991 1070 1035 firmandae
1100 990 1336 1043 valitudini,
1376 992 1420 1034 in
1452 992 1726 1050 Campaniam
1755 990 1978 1041 concessit,

192 1069 362 1126 longam
392 1073 435 1111 et
463 1066 706 1112 continuam
733 1066 970 1111 absentiam
999 1066 1203 1125 paulatim
1231 1066 1460 1117 meditans,
1494 1067 1585 1111 siv'e
1614 1073 1661 1110 ut
1689 1073 1830 1110 amoto
1859 1072 2032 1124 patreno

191 1145 356 1187 Drusus
386 1142 531 1186 munia
559 1142 804 1187 consulatus
834 1142 951 1187 solus
981 1142 1187 1201 impleret.
1219 1156 1270 1187 ac
1299 1142 1405 1186 forte
1435 1156 1567 1200 parva
1596 1156 1666 1186 res
1696 1156 1896 1200 magnum
1925 1142 1979 1186 ad

192 1225 407 1264 certamen
436 1231 667 1276 progressa
695 1218 892 1276 praebuit
923 1218 1063 1262 iuveni
1089 1218 1308 1262 materiem
1330 1218 1548 1276 apiscendi
1570 1218 1739 1262 favoris.
1770 1218 1980 1261 Domitius

192 1293 398 1346 Corbulo,
431 1299 632 1352 praetura
660 1293 846 1344 functus,
879 1293 934 1337 de
963 1297 1008 1336 L.
1040 1293 1178 1345 Sulla,
1210 1293 1339 1337 nobili
1369 1294 1544 1347 iuvene,
1574 1299 1754 1352 questus
1785 1300 1850 1337 est
1879 1299 1983 1351 aput

191 1376 403 1421 senatum,
441 1368 557 1428 quod
599 1369 680 1412 sibi
719 1369 829 1413 inter
868 1368 1111 1427 spectacula
1148 1368 1429 1427 gladiatorum
1465 1369 1561 1413 loco
1594 1383 1675 1413 non
1707 1368 1979 1413 decessisset.

190 1460 270 1504 pro
289 1444 530 1490 Corbulone
552 1450 680 1496 aetas,
704 1445 867 1503 patrius
887 1458 992 1496 mos,
1017 1444 1156 1489 studia
1177 1445 1395 1488 seniorum
1416 1450 1552 1488 erant:
1577 1450 1721 1488 contra
1742 1445 1980 1488 Mamercus
1995 1455 2032 1486 ⁴5

194 1521 380 1565 Scaurus
400 1526 442 1564 et
465 1520 510 1563 L.
531 1520 753 1563 Arruntius
775 1519 933 1578 aliique
959 1519 1101 1564 Sullae
1131 1521 1359 1578 propinqui
1390 1520 1644 1564 nitebantur.
1676 1519 1980 1578 certabantque

192 1595 473 1648 orationibus;
501 1601 543 1640 et
562 1595 910 1640 memorabantur
929 1595 1126 1653 exempla
1145 1596 1366 1645 maiorum,
1390 1595 1463 1653 qui
1484 1595 1713 1639 iuventutis
1734 1595 1982 1638 inreveren-

192 1672 292 1716 tiam
322 1671 521 1729 gravibus
553 1670 736 1715 decretis
758 1671 1028 1721 notavissent,
1060 1670 1198 1714 donec
1218 1672 1383 1714 Drusus
1404 1678 1502 1728 apta
1521 1670 1808 1728 temperandis
1829 1670 1980 1714 animis

193 1747 415 1800 disseruit;
458 1752 501 1790 et
539 1746 640 1791 satis
680 1746 835 1790 factum
866 1745 1094 1790 Corbuloni
1125 1759 1205 1804 per
1233 1746 1508 1797 Mamercum,
1546 1746 1619 1803 qui
1648 1752 1824 1803 patruus
1855 1744 1978 1789 simul

240 1897 291 1931 ’7.
316 1897 458 1931 triennio
481 1895 694 1940 Nipperdey.
727 1915 761 1922 -
786 1896 818 1930 8.
843 1897 978 1930 conexis
998 1898 1025 1930 1.
1051 1898 1103 1932 Fr.
1132 1898 1338 1931 Gronovius.
1366 1915 1402 1921 —
1432 1897 1484 1931 48.
1509 1897 1691 1931 notauisset
1712 1899 1745 1931 M
1770 1898 1982 1941 (notauissent

193 1954 339 1997 margo).

191 2074 335 2108 insulam
349 2073 399 2107 rei
418 2072 570 2114 publicae
586 2072 717 2113 quidem
732 2081 851 2105 curam
865 2080 970 2114 usque
985 2074 1066 2106 adeo

192 2125 326 2165 abiecit,
357 2127 397 2157 ut
420 2127 536 2164 postea
556 2132 623 2155 non
648 2123 801 2155 decurias
823 2123 969 2163 equitum
990 2132 1067 2156 um-

193 2184 295 2217 quam
321 2174 490 2215 supplerit.
533 2173 673 2206 Turmae
699 2172 743 2205 ad
766 2174 1066 2206 transvectionem

195 2226 353 2268 equitum
383 2226 621 2258 Romanorum
650 2223 769 2257 Idibus
800 2223 892 2257 Iuliis
921 2225 971 2266 (2,
997 2224 1064 2265 83),

195 2275 348 2309 decuriae
381 2274 426 2307 ad
469 2282 593 2307 eorum
627 2273 818 2306 iudicatum
851 2274 1063 2307 reseruntur.

194 2326 282 2359 Ann.
310 2324 369 2364 44,
394 2325 458 2357 2οἸ
482 2323 635 2356 decurias
657 2323 805 2365 equitum
827 2324 996 2365 eqreqium
1015 2323 1066 2355 iu-

198 2374 332 2408 dicandi
352 2382 473 2406 munus
494 2373 699 2414 expleturas.
737 2373 788 2406 Cf.
814 2374 920 2406 etiam
939 2374 1066 2415 Zumpt

196 2424 364 2458 Ro‘mische
388 2424 491 2457 Ritter
514 2432 548 2464 p.
575 2423 649 2455 ⁴02.
675 2441 717 2446 —
740 2423 924 2455 inmensum
945 2422 1063 2464 viguit]

198 2474 250 2508 Cf.
275 2474 315 2515 4,
340 2474 399 2506 27:
424 2473 579 2516 gliscebat
600 2474 794 2506 inmensum.
823 2474 874 2506 De
890 2482 929 2506 re
947 2473 989 2506 cf.
1009 2472 1062 2513 44,

197 2525 259 2558 56:
284 2527 447 2565 quantum
466 2523 594 2556 Volusio
617 2523 717 2565 longa
735 2524 946 2564 parsimonia
962 2531 1065 2563 quae-

195 2575 282 2607 sivit.
311 2592 347 2598 --
379 2574 541 2616 Crispum]
577 2574 665 2606 Huic
693 2582 838 2606 carmen
867 2573 1063 2607 secundum

196 2623 275 2657 libri
309 2623 457 2657 secundi
491 2623 668 2665 inscripsit
697 2624 870 2656 Horatius.
900 2641 934 2646 —
968 2622 1064 2664 luxu]

197 2674 373 2715 antiquior
396 2673 502 2706 dativi
525 2672 636 2705 forma
659 2681 723 2715 pro
747 2673 856 2706 luoeui.
883 2672 933 2706 Cf.
959 2666 990 2705 c'.
1010 2672 1062 2705 34.

197 2724 250 2763 45,
275 2722 329 2756 48.
368 2723 454 2755 Hist.
480 2723 520 2763 2,
545 2723 598 2755 74.
624 2740 660 2745 -
685 2723 902 2764 interficiendi
922 2722 1067 2756 Postumi

195 2773 363 2815 Aqrippae
391 2772 550 2817 conscius]
581 2771 631 2805 Cf.
658 2772 689 2812 4,
716 2773 748 2805 6.
773 2773 810 2813 2,
835 2772 890 2806 40.
925 2790 960 2796 -
991 2781 1065 2813 spe-

197 2824 344 2855 ciem--
359 2822 477 2865 tenuit]
509 2821 689 2864 imaginem
715 2822 850 2855 inanem
874 2822 1004 2864 (Vellei.
1031 2823 1063 2862 2,

198 2873 253 2915 30)
276 2873 448 2906 amicitiae
472 2873 641 2915 principis
667 2873 819 2906 retinuit.
837 2889 885 2915 .-
916 2873 1015 2914 idque
1036 2875 1068 2905 et

196 2923 384 2957 Maecenati
407 2922 589 2964 acciderat]
627 2922 723 2956 Conf.
751 2922 809 2964 44,
834 2923 887 2956 53.
921 2924 1063 2955 Sueton.

198 2974 286 3014 Aug.
315 2973 375 3006 66:
422 2973 622 3005 desideravit
659 2982 900 3014 nonnunqum
936 2974 1067 3006 Maece-

198 3023 288 3056 natis
321 3023 603 3063 taciturnitatem,
638 3033 713 3056 cum
749 3024 801 3056 hic
837 3027 996 3056 secretum
1029 3024 1068 3056 de

199 3076 369 3114 comperta
389 3073 550 3106 Murenae
575 3073 802 3106 coniuratione
822 3074 925 3106 uoeori
949 3074 1068 3106 Teren-

200 3123 267 3155 tiae
296 3123 493 3155 tradidisset.
535 3122 600 3154 Dio
624 3122 683 3161 54,
709 3123 769 3154 49:
806 3121 857 3166 τῷ
889 3120 1067 3167 Μαικήνᾳ

200 3170 262 3205 διὰ
284 3169 355 3214 τὴν
378 3173 541 3215 γυναῖκα
564 3167 690 3204 οὐκέθ’
713 3168 858 3213 ὁμοίως
879 3167 1042 3218 ἔχαιρεν.

245 3224 300 3256 34.
326 3221 465 3263 biennio]
486 3222 595 3254 immo
615 3221 768 3254 triennio.
795 3221 954 3254 Tiberius
971 3223 1067 3255 enim

202 3282 283 3306 cum
306 3273 514 3306 Germanico
538 3270 658 3304 consul
682 3271 744 3304 fuit
766 3280 798 3303 a.
824 3281 858 3303 u.
882 3272 957 3309 774,
984 3281 1066 3304 cum

202 3322 316 3356 Druso
340 3332 372 3355 a.
390 3321 465 3355 774.
486 3339 522 3346 —
547 3330 651 3361 neque
672 3323 799 3353 natura
820 3324 890 3353 tam
911 3322 1066 3362 conexus]

204 3372 284 3412 quia
318 3373 546 3406 Germanicus
580 3371 670 3404 filius
710 3372 844 3403 tantum
882 3371 1067 3412 adoptivus

205 3423 291 3454 erat.
318 3440 353 3447 -
378 3424 414 3456 in
436 3423 656 3464 Campaniam
677 3421 843 3464 concessit]
869 3421 963 3454 unde
987 3430 1068 3463 pro-

1113 2073 1208 2106 ximo
1235 2072 1381 2106 demum
1410 2082 1502 2106 anno
1526 2073 1640 2106 rediit.
1681 2072 1779 2106 conf.
1806 2082 1837 2105 c.
1863 2072 1916 2106 64.
1943 2090 1978 2096 —

1114 2124 1307 2157 continuam
1322 2124 1503 2156 absentiam
1513 2124 1682 2165 paulatim
1692 2123 1865 2165 meditans]
1879 2124 1983 2163 Quin-

1116 2176 1269 2216 quennio
1293 2175 1375 2217 post
1398 2175 1523 2207 urbem
1546 2176 1579 2207 in
1594 2176 1807 2216 perpetuum
1822 2174 1979 2216 reliquit:

1114 2224 1154 2265 4,
1180 2225 1234 2257 57.
1261 2242 1297 2247 —
1323 2226 1489 2257 Domitius
1511 2224 1661 2266 Corbulo]
1691 2225 1741 2257 Cf.
1768 2225 1822 2263 44,
1848 2224 1900 2256 48.
1927 2224 1980 2263 43,

1114 2277 1133 2309 8
1158 2284 1237 2316 sqq.
1262 2276 1349 2308 Hist.
1375 2276 1413 2315 2,
1440 2276 1493 2307 76.
1522 2293 1559 2298 —
1583 2276 1621 2308 L.
1647 2275 1753 2317 Sulla]
1779 2274 1923 2308 consule
1947 2283 1979 2306 a.

1114 2334 1148 2357 u.
1174 2325 1250 2358 786.
1279 2343 1313 2348 —-
1340 2326 1426 2358 inter
1447 2325 1646 2368 spectacula]
1678 2327 1715 2358 ln
1739 2325 1876 2357 theatro
1899 2324 1981 2356 olim

1115 2374 1266 2408 discreta
1290 2374 1385 2412 loca3
1422 2375 1599 2415 nondum,
1623 2376 1663 2407 ut
1685 2374 1802 2415 vides,
1828 2375 1863 2407 in
1888 2375 1981 2406 circo

1114 2426 1175 2456 aut
1197 2425 1468 2466 amphitheatro.
1500 2424 1637 2466 Alioqui
1653 2433 1760 2457 causa
1776 2433 1846 2457 non
1862 2424 1983 2456 fuisset

1114 2475 1195 2507 huic
1219 2474 1399 2515 querelae.
1436 2476 1610 2508 Discrevit
1633 2476 1786 2517 primum
1803 2474 1981 2513 Claudius,

1115 2527 1150 2557 et
1171 2526 1206 2557 in
1229 2526 1317 2558 circo
1350 2526 1516 2566 (Suetonii
1539 2526 1650 2558 verba
1674 2526 1757 2558 sunt
1781 2524 1903 2557 Claud.
1928 2523 1980 2564 24)

1109 2576 1252 2616 propria
1273 2576 1478 2609 senatoribus
1498 2577 1666 2609 constituit
1684 2577 1775 2616 loca,
1798 2575 1985 2616 promiscue

1112 2629 1261 2666 spectare
1282 2627 1395 2658 solitis.
1440 2627 1571 2659 Tamen
1594 2627 1740 2668 Augusti
1764 2625 1982 2667 temporibus

1114 2676 1299 2708 decretum
1329 2677 1469 2718 patrum
1494 2676 1572 2716 fuit,
1601 2680 1638 2708 ut
1661 2676 1786 2718 quoties
1808 2676 1887 2716 quid
1908 2683 1982 2715 spe-

1113 2725 1233 2757 ctaculi
1255 2734 1397 2766 usquam
1415 2726 1544 2766 publice
1566 2727 1731 2766 ederetur,
1752 2726 1883 2766 primus
1904 2723 1982 2756 sub-

1113 2775 1279 2807 selliorum
1302 2777 1383 2808 ordo
1405 2779 1543 2808 vacaret
1564 2775 1786 2815 senatoribus,
1818 2775 1864 2806 ait
1886 2773 1981 2805 idem

1115 2825 1300 2858 Suetonius
1330 2827 1448 2858 Octav.
1475 2825 1528 2858 44.
1575 2825 1643 2858 Sed
1674 2825 1710 2858 id
1734 2826 1830 2858 extra
1853 2823 1981 2856 urbem

1115 2874 1297 2907 dumtaxat
1330 2875 1394 2907 fuit
1428 2875 1582 2907 firmum.
1609 2876 1694 2907 Lirs.
1724 2893 1759 2898 -
1794 2876 1984 2908 Mamercus

1114 2925 1263 2956 Scaurus
1277 2927 1308 2957 et
1322 2925 1358 2956 L.
1375 2924 1565 2967 Arruntius]
1586 2924 1636 2957 Cf.
1654 2925 1684 2964 4,
1703 2925 1744 2957 43
1776 2942 1811 2947 -
1831 2922 1982 2963 exempla

1114 2974 1292 3016 maiorum]
1321 2973 1494 3007 Plutarch.
1523 2975 1561 3007 C.
1588 2976 1734 3007 Gracch.
1762 2975 1798 3007 3:
1826 2974 1867 3006 οἱ
1887 2969 1981 3018 πρό-

1114 3034 1223 3068 γονοι
1245 3021 1370 3057 Γαΐου
1385 3024 1592 3071 Βετουρίου
1608 3022 1778 3057 θάνατον
1793 3023 1981 3066 κατέγνω-

1116 3084 1207 3114 σαν,
1234 3068 1501 3121 ὅτι”δημάρχῳ
1517 3076 1761 3121 πορευομένῳ
1776 3073 1821 3106 δι’
1838 3069 1982 3119 ἀγορᾶς

1116 3120 1189 3163 οὐχ
1218 3119 1403 3168 ὑπεξέστη
1432 3122 1565 3167 μόνος.
1594 3143 1628 3148 -
1657 3128 1801 3166 patruus
1822 3124 1982 3156 simulac

1113 3174 1263 3215 vitricus]
1281 3175 1516 3217 Consequitur
1531 3176 1634 3216 igitur
1646 3176 1862 3207 Mamercum
1878 3175 1984 3206 Scau-

1115 3233 1196 3256 rum
1226 3225 1260 3257 in
1289 3226 1512 3258 matrimonio
1535 3225 1702 3257 habuisse
1727 3225 1806 3265 post
1830 3223 1981 3266 Lepidae

1116 3272 1377 3307 damnationem
1407 3275 1521 3307 fratris
1550 3275 1602 3306 sui
1633 3273 1758 3305 uterini
1794 3273 1840 3313 (L.
1866 3272 1981 3306 Sullae

1117 3323 1269 3356 consulis
1292 3333 1323 3356 a.
1341 3324 1414 3365 749)
1440 3324 1583 3356 viduam
1607 3324 1643 3355 et
1664 3323 1729 3355 has
1745 3323 1883 3364 nuptias
1898 3325 1981 3356 tunc

1116 3374 1285 3416 temporis
1315 3383 1386 3406 non
1416 3374 1522 3406 fuisse
1554 3372 1722 3411 incestas,
1756 3374 1794 3404 ut
1815 3374 1936 3414 postea
1960 3383 1980 3405 a

1116 3422 1320 3456 Christianis
1354 3421 1625 3467 imperatoribus
1659 3421 1783 3455 factae.
1833 3423 1873 3456 C.
1897 3423 1930 3456 5.
1954 3421 1976 3455 l.
