2254 3770
281 274 364 319 266
757 277 804 321 Ρ.
835 275 1085 321 CORNELII
1113 275 1284 322 TACITI
1311 276 1581 323 ANNALIUM

395 458 452 514 (V,
484 458 525 515 6)
556 458 581 483 *
603 457 629 482 *
654 458 680 482 *
712 457 921 510 Quattuor
950 463 992 501 et
1013 457 1295 516 quadraginta
1324 458 1540 503 orationes
1569 472 1700 517 super
1727 473 1781 504 ea
1810 474 1857 505 re
1885 460 2068 513 habitae,

281 547 335 578 ex
363 533 461 592 quis
491 532 547 577 ob
579 537 738 576 metum
767 545 945 590 paucae,
976 532 1123 591 plures
1160 532 1444 578 adsuetudine
1475 535 1499 558 *
1523 534 1546 559 *
1583 534 1714 578 «mihi
1751 536 1964 594 pudorem
2000 543 2074 580 aut

281 609 437 654 Seiano
468 608 670 652 invidiam
699 606 939 662 allaturum,
956 608 1118 653 censui.
1149 621 1275 653 versa
1304 616 1371 653 est
1401 609 1579 662 fortuna,
1610 617 1654 656 et
1682 610 1750 655 ille
1779 611 1967 669 quidem,
1998 612 2073 671 qui

281 684 487 742 collegam
517 690 559 727 et
587 697 796 741 generum
825 683 1082 733 adsciverat,
1123 685 1204 728 sibi
1237 685 1439 742 ignoscit3
1482 685 1632 736 ceteri,
1672 700 1802 745 quem
1831 701 1911 745 per
1940 687 2074 732 dede-

241 773 261 803 5
280 774 383 805 cora
410 760 567 811 fovere,
601 762 699 803 eum
729 748 894 803 scelere
925 760 1197 804 insectantur.
1227 760 1430 804 miseritis
1460 760 1514 804 sit
1533 753 1589 804 ob
1619 752 1847 806 amicitiam
1878 763 2073 807 accusari

280 850 334 880 an
355 835 538 879 amicum
560 848 777 886 accusare,
798 834 916 878 haud
937 834 1228 879 discreverim.
1255 849 1341 880 non
1361 836 1667 888 crudelitatem,
1699 851 1783 881 non
1805 837 2073 882 clementiam

281 912 536 969 cuiusquam
567 910 782 968 experiar,
823 909 899 954 sed
931 909 1041 954 liber
1071 918 1112 955 et
1142 911 1242 954 mihi
1280 911 1359 969 ipsi
1396 911 1601 969 probatus
1639 913 1783 957 antibo
1821 913 2072 971 periculum.

280 1001 358 1031 vos
387 987 580 1031 obtestor
617 1000 671 1030 ne
707 986 957 1029 memoriam
992 987 1123 1029 nostri
1161 1001 1240 1045 per
1275 998 1517 1032 maerorem
1546 1002 1675 1046 quam
1713 988 1809 1032 laeti
1842 989 2071 1040 retineatis,

280 1062 505 1107 adiciendo
545 1075 613 1106 me
656 1075 831 1120 quoque
871 1062 922 1106 iis
961 1062 1035 1120 qui
1075 1061 1158 1106 fine
1198 1063 1372 1121 egregio
1416 1062 1588 1121 publica
1628 1063 1739 1107 mala
1786 1064 2068 1123 effugerunt.»

231 1151 268 1181 io
281 1139 339 1195 (V,
372 1139 411 1194 7)
443 1145 544 1182 tunc
573 1136 780 1195 singulos,
820 1143 866 1181 ut
895 1138 1052 1196 cuique
1083 1137 1311 1189 adsistere,
1344 1138 1518 1197 adloqui
1548 1139 1715 1184 animus
1746 1147 1853 1191 erat,
1884 1141 2073 1185 retinens

281 1220 354 1258 aut
382 1213 596 1257 dimittens
635 1219 800 1271 partem
834 1211 920 1256 diei
957 1213 1212 1271 absumpsit,
1252 1212 1473 1272 multoque
1510 1213 1651 1259 adhuc
1681 1223 1806 1259 coetu
1837 1222 1880 1260 et
1909 1217 2073 1261 cunctis

280 1288 538 1348 intrepidum
568 1288 730 1333 vultum
761 1288 855 1332 eius
884 1287 1196 1346 spectantibus,
1236 1302 1333 1333 cum
1364 1303 1596 1347 superesse
1626 1297 1794 1349 tempus
1831 1291 2075 1337 novissimis

279 1366 517 1416 crederent,
549 1364 691 1423 gladio
722 1378 853 1423 quem
882 1364 978 1408 sinu
1008 1363 1233 1408 abdiderat
1263 1364 1467 1408 incubuit.
1501 1379 1645 1424 neque
1677 1366 1837 1411 Caesar
1865 1367 1963 1411 ullis
1992 1369 2075 1413 cri-

278 1441 466 1486 minibus
506 1447 579 1485 aut
617 1440 787 1499 probris
829 1440 1073 1484 defunctum
1115 1440 1348 1484 insectatus
1378 1447 1460 1492 est,
1502 1455 1599 1486 cum
1637 1442 1679 1485 in
1714 1441 1915 1488 Blaesum
1944 1443 2076 1488 multa

228 1527 266 1560 us
278 1516 492 1576 foedaque
522 1516 816 1561 incusavisset.

344 1620 376 1654 4.
401 1620 484 1653 Post
506 1618 658 1652 verbum
680 1621 881 1651 testarentur
898 1617 943 1660 (p.
961 1617 1039 1653 264.
1055 1617 1106 1659 45)
1129 1618 1162 1650 in
1186 1617 1257 1651 fine
1280 1626 1406 1652 versus
1430 1619 1537 1652 trium
1553 1619 1764 1662 quattuorve
1779 1618 1977 1655 litterarum
1992 1630 2076 1665 spa-

279 1677 367 1709 tium
389 1684 542 1709 vacuum
566 1676 621 1708 est
642 1674 679 1707 in
701 1675 753 1715 M,
785 1683 877 1708 novo
901 1683 1007 1707 versu
1037 1674 1228 1716 incipiente
1252 1683 1272 1706 a
1295 1674 1407 1707 verbo
1432 1675 1609 1716 Quattuor.
1645 1675 1783 1710 Absunt
1804 1676 1952 1711 lacunae
1976 1679 2075 1721 signa

277 1732 481 1775 utrubique.
506 1750 550 1756 —-
573 1733 606 1765 5.
631 1731 832 1765 insectanter
854 1732 887 1766 M
912 1748 948 1754 —
975 1731 1007 1764 6.
1032 1731 1230 1764 dementiam
1252 1730 1387 1774 (litteris
1410 1733 1441 1765 el
1459 1731 1551 1766 male
1569 1732 1714 1775 coalitis)
1737 1734 1771 1767 M
1796 1752 1831 1758 -
1857 1735 1889 1768 8.
1913 1744 2077 1769 merorem

278 1791 312 1825 M
337 1808 374 1814 -—
400 1791 454 1823 44.
479 1789 665 1830 adsumpsit
686 1790 719 1823 M
746 1807 782 1814 —
808 1788 861 1822 44.
887 1789 923 1822 in
946 1787 1074 1821 abesse
1098 1787 1254 1822 malebat
1278 1789 1427 1831 Lipsius.
1457 1808 1492 1814 -
1517 1789 1641 1823 blesum
1663 1791 1707 1824 M.

322 1871 364 1911 V,
390 1871 422 1904 6.
450 1871 615 1912 Quattuor
630 1870 713 1911 cet]
733 1870 837 1903 Sexto
853 1869 943 1903 libro
960 1878 1051 1911 quae
1067 1870 1151 1903 hinc

278 1920 443 1963 leguntur
474 1920 663 1954 tribuenda
695 1929 776 1954 esse
808 1921 1065 1955 demonstravit
1094 1921 1149 1953 Fr.

280 1972 394 2004 Haase
418 1971 453 2004 in
477 1969 599 2004 Philol.
625 1971 846 2004 Schneidew.
872 1971 936 2010 111,
961 1980 996 2013 p.
1020 1971 1078 2004 ¹52
1095 1979 1149 2012 sq.

280 2021 416 2063 Lipsius
451 2021 587 2053 initium
621 2021 711 2054 sexti
745 2020 823 2053 libri
854 2020 899 2053 ad
930 2020 1166 2057 consulatum,

280 2072 343 2104 Cn.
361 2071 503 2104 Domitii
526 2072 561 2104 et
578 2070 713 2104 Camilli
729 2070 949 2103 Scriboniani
971 2070 1150 2104 retulerat.

278 2121 367 2154 Vide
383 2130 418 2163 p.
436 2121 514 2162 269,
532 2120 563 2154 3.
584 2139 619 2144 -
646 2130 746 2162 super
769 2130 809 2154 ea
830 2121 878 2163 re]
904 2121 949 2154 de
972 2121 1151 2163 puniendo

280 2172 396 2204 Liviae
421 2171 570 2205 scelere.
597 2171 648 2205 Ci.
671 2171 703 2212 4,
723 2172 753 2204 3.
774 2172 894 2205 8-44.
924 2189 958 2195 —-
983 2172 1064 2204 mihi
1082 2181 1151 2213 pu-

280 2222 394 2255 dorem
410 2221 493 2265 cet.]
512 2223 761 2264 Fragmentum
777 2223 831 2255 est
847 2223 1026 2261 orationis,
1044 2231 1150 2264 quam

280 2273 334 2305 vir
357 2271 501 2313 nobilis,
526 2273 642 2305 Seiani
658 2274 810 2312 amicus,
836 2273 1061 2305 accusatione
1080 2282 1151 2305 non

281 2324 484 2366 exspectata
509 2322 604 2365 (liber
627 2326 656 2355 et
678 2323 758 2355 mihi
780 2323 843 2364 ipsi
863 2322 1025 2364 probatus
1041 2324 1152 2356 antibo

275 2372 477 2416 periculum)
512 2373 608 2405 domi
647 2373 740 2415 apud
776 2374 911 2406 amicos
946 2373 1079 2406 habuit.
1113 2392 1147 2397 —

279 2423 455 2466 collegam]
492 2423 527 2455 in
555 2422 739 2456 consulatu
762 2432 794 2456 a.
820 2423 895 2457 784.
922 2423 1030 2463 Quid,
1056 2423 1152 2465 quod

281 2473 385 2516 paulo
409 2475 490 2506 ante
515 2474 590 2506 eius
614 2482 742 2506 necem
766 2482 947 2506 rumorem
972 2475 1153 2516 sparserat

280 2523 457 2563 Tiberius,
495 2523 595 2565 quasi
626 2523 850 2556 tribuniciam
883 2525 1097 2565 potestatem
1121 2524 1153 2556 ei

281 2574 378 2606 esset
400 2572 556 2606 daturus.
591 2574 654 2605 Dio
678 2573 738 2613 58,
757 2573 789 2605 9.
820 2574 934 2615 Atque
959 2582 1044 2606 sane
1068 2582 1151 2606 cum

282 2632 365 2657 eum
394 2622 577 2655 consulem
608 2622 826 2664 designaret,
862 2620 1050 2656 κοινωνὸν
1076 2621 1151 2656 τῶν

281 2671 495 2721 φροντίδων
525 2668 698 2716 ὠνόμαζε
730 2673 835 2714 (lbid.
861 2674 897 2715 4)
932 2675 967 2707 et
989 2674 1151 2706 homines

281 2721 526 2771 συνάρχοντα
549 2722 617 2756 τοῦ
635 2722 811 2770 Τιβερίου
829 2719 901 2757 οὐκ
917 2723 957 2765 ἐς
972 2722 1042 2766 τήν
1059 2721 1152 2757 ὑπα-

281 2775 405 2815 τείαν,
429 2769 510 2806 ἀλλ’
535 2773 575 2815 ἐς
596 2771 640 2806 τὸ
664 2773 805 2821 κράτος
821 2771 1151 2818 ὑποσημαίνοντες

281 2822 443 2868 ἐδήλουν
468 2823 567 2866 (Ibid.
587 2825 630 2864 6).
651 2842 685 2847 —
712 2825 881 2868 generum]
906 2825 1047 2868 proprie
1072 2834 1152 2868 pro-

282 2883 454 2919 generum
489 2874 554 2907 sibi
589 2875 805 2914 destinarat;
841 2885 924 2909 nam
960 2885 1001 2909 ex
1032 2876 1152 2909 Dionis

281 2926 360 2960 loco
391 2924 576 2968 deperdito
606 2926 758 2959 Zonaras
789 2925 844 2959 ed.
871 2926 979 2959 Paris.
1006 2926 1091 2959 4686
1114 2935 1149 2968 p.

282 2977 364 3009 550:
390 2971 459 3008 τὸν
481 2972 522 3007 δὲ
537 2971 706 3017 Σηὶάνὸν
729 2975 790 3008 ἐπὶ
812 2976 912 3020 μέγα
927 2973 1044 3018 δόξης
1058 2973 1152 3008 ἑπά-

282 3037 351 3073 ρας
367 3026 432 3059 καὶ
447 3022 638 3069 κηδεστὴν
654 3024 715 3059 ἐπὶ
729 3022 866 3071 Ἰουλίᾳ
881 3024 927 3072 τῇ
944 3024 1013 3059 τοῦ
1030 3023 1153 3072 Δρού-

283 3087 356 3110 σου
388 3075 548 3122 θυγατρὶ
581 3074 723 3117 (Tiberii
748 3076 860 3117 nepti)
888 3073 1152 3119 ποιησάμενος

283 3121 445 3174 ὕστερον
467 3121 641 3159 ἔκτεινεν.
668 3125 719 3158 Cf.
745 3125 777 3163 4,
803 3124 862 3157 40:
889 3128 957 3166 ipse
982 3126 1152 3168 (Tiberius

283 3176 328 3209 ad
359 3177 524 3210 Seianum
558 3174 727 3217 loquitur)
763 3175 843 3215 quid
875 3175 969 3208 intra
1003 3177 1153 3208 animum

282 3227 516 3267 volutaverim,
543 3226 659 3267 quibus
681 3225 787 3257 adhuc
802 3226 1090 3259 necessitudinibus
1102 3227 1153 3259 in-

284 3278 420 3309 miscere
442 3281 473 3309 te
493 3277 575 3309 mihi
594 3284 734 3316 parem,
759 3276 910 3307 omittam
933 3277 978 3307 ad
994 3285 1154 3316 praesens

284 3327 418 3367 referre.
452 3327 484 3366 6,
509 3327 548 3359 8:
577 3336 643 3358 non
674 3325 762 3358 enim
790 3325 948 3356 Seianum
975 3326 1153 3358 Vulsinien-

284 3384 370 3416 sern,
405 3380 450 3409 set
485 3376 645 3409 Claudiae
677 3380 707 3408 et
737 3375 841 3407 Iuliae
864 3375 978 3406 domus
1003 3376 1149 3415 partem,

284 3434 369 3468 quas
391 3426 562 3468 adfinitate
591 3428 828 3468 occupaverat,
863 3427 977 3465 tuum,
1014 3425 1149 3466 Caesar,

1201 1878 1377 1912 generum,
1408 1871 1458 1903 tui
1485 1871 1674 1904 consulatus
1699 1873 1844 1914 socium,
1875 1876 1937 1906 tua
1963 1873 2077 1916 officia

1202 1920 1238 1953 in
1272 1930 1309 1954 re
1335 1930 1371 1962 p.
1401 1925 1620 1962 capessentem
1649 1922 1846 1956 colebamus.
1886 1924 2075 1958 Suetonius

1203 1969 1278 2004 Tib.
1304 1972 1344 2003 65
1369 1973 1569 2005 accuratius
1591 1981 1646 2013 spe
1669 1973 1845 2015 affinitatis
1866 1982 1907 2006 ac
1929 1973 2075 2007 tribuni-

1202 2021 1274 2053 ciae
1291 2022 1464 2062 potestatis
1485 2023 1654 2063 deceptum
1677 2022 1772 2056 dicit.
1805 2024 1942 2056 Etenim
1957 2049 1966 2064 ,
1991 2033 2074 2057 cum

1203 2072 1343 2105 occisus
1379 2074 1451 2111 est,
1496 2073 1682 2115 coniugem
1722 2073 1844 2107 habuit
1876 2075 2072 2117 Apicatam,

1203 2130 1294 2163 quae
1330 2122 1517 2156 discidium
1552 2123 1715 2165 quidem,
1752 2133 1822 2157 non
1846 2133 1932 2158 vero
1955 2124 2076 2158 divor-

1202 2173 1290 2205 tium
1320 2181 1402 2205 cum
1434 2182 1476 2205 eo
1508 2173 1642 2206 fecerat
1671 2174 1748 2216 (Dio
1771 2175 1825 2215 58,
1852 2174 1916 2215 44).
1955 2175 2075 2208 Generi

1203 2224 1322 2256 autem
1353 2226 1383 2256 et
1409 2232 1516 2255 nurus
1546 2224 1767 2265 appellatione
1787 2234 1925 2266 sponsus
1947 2234 2076 2266 quoque

1202 2277 1232 2306 et
1254 2282 1375 2314 sponsa
1397 2274 1593 2306 continetur.
1621 2273 1764 2316 (Ulpian.
1788 2275 1863 2316 Dig.
1883 2275 1936 2316 38,
1955 2275 2008 2314 40,
2027 2274 2072 2316 6.)

1204 2323 1255 2357 Cf.
1281 2324 1326 2356 ad
1349 2323 1387 2364 4,
1413 2325 1466 2357 66.
1488 2343 1523 2348 --
1548 2324 1609 2357 sibi
1629 2325 1780 2368 ignoscit]
1804 2326 1885 2358 ideo
1909 2326 1989 2368 quia
2015 2334 2075 2358 er—

1202 2383 1301 2407 rasse
1337 2383 1376 2407 se
1411 2375 1445 2407 in
1474 2375 1599 2408 Seiano
1630 2376 1734 2409 nimis
1758 2375 1960 2410 extollendo
1982 2374 2073 2409 ultro

1203 2425 1341 2457 fatetur.
1369 2442 1404 2447 —
1431 2434 1507 2457 cum
1528 2425 1656 2467 scelere]
1688 2427 1842 2459 maxime
1866 2427 1947 2468 quia
1971 2426 2074 2459 inno-

1203 2475 1358 2507 centium
1390 2474 1486 2517 impii
1517 2474 1669 2509 hominis
1700 2476 1897 2510 amicorum
1929 2477 2072 2510 exitium

1204 2526 1391 2566 quaerunt.

1246 2575 1278 2607 7.
1310 2577 1348 2607 ut
1375 2575 1557 2615 maique--
1573 2575 1704 2608 animus
1730 2575 1819 2618 erat]
1855 2575 2072 2617 Intelligendi

1203 2625 1285 2657 sunt
1307 2625 1346 2663 ii,
1373 2625 1433 2666 qui
1456 2634 1642 2658 remanere
1666 2625 1761 2668 apud
1781 2624 1878 2658 illum
1893 2625 2071 2666 volebant,

1202 2676 1240 2707 ut
1263 2673 1372 2707 verba
1397 2675 1473 2708 eius
1497 2675 1661 2708 audirent
1679 2677 1715 2708 et
1730 2676 1882 2708 vicissim
1899 2675 2011 2708 verba
2027 2675 2074 2708 ad

1203 2733 1285 2757 eum
1317 2725 1485 2758 facerent.
1523 2726 1594 2759 Hos
1621 2725 1816 2764 1·etinebat;
1853 2725 1983 2768 quibus
2016 2725 2073 2759 ille

1201 2775 1340 2808 animus
1373 2775 1580 2808 remanendi
1607 2785 1677 2808 non
1702 2777 1794 2816 erat,
1830 2784 1892 2809 eos
1916 2776 2073 2810 dimitte-

1201 2823 1273 2857 bat.
1299 2826 1387 2858 Nam
1412 2826 1445 2858 in
1471 2826 1524 2859 his
1550 2825 1667 2858 verbis
1691 2825 1791 2865 latet,
1825 2825 1921 2868 quod
1944 2825 2074 2859 intelli-

1202 2875 1359 2917 gendum
1384 2877 1437 2908 est
1452 2879 1511 2908 aut
1527 2885 1592 2908 non
1607 2879 1691 2908 erat.
1709 2876 1852 2909 WALTH.
1875 2894 1909 2899 -
1928 2876 1964 2908 in
1979 2876 2074 2909 Blae-

1201 2934 1274 2958 sum
1289 2943 1308 2948 -
1324 2942 1339 2949 -
1354 2925 1578 2967 incusavisset]
1607 2925 1659 2958 Ad
1682 2926 1983 2967 praepositionem
2007 2925 2072 2959 de-

1203 2974 1415 3008 fendendam
1441 2976 1464 3008 1.
1484 2976 1519 3008 F.
1538 2977 1734 3008 Gronovius
1758 2974 1903 3008 contulit
1925 2976 1996 3009 Liv.
2015 2977 2069 3016 27,

1203 3026 1216 3058 4
1235 3035 1241 3057 z
1266 3026 1338 3066 Ipse
1360 3026 1395 3057 in
1411 3025 1519 3057 Fulvii
1540 3025 1787 3058 similitudinem
1810 3026 1952 3058 nominis
1966 3026 2073 3058 incre-

1199 3084 1298 3116 pans.
1331 3075 1385 3115 30,
1411 3076 1472 3108 20:
1505 3075 1541 3107 in
1569 3084 1602 3108 se
1630 3084 1757 3116 quoque
1787 3084 1828 3107 ac
1850 3084 1947 3108 suum
1968 3076 2072 3117 ipsius

1201 3128 1303 3166 caput
1324 3129 1524 3158 exsecratus.
1551 3125 1602 3158 De
1626 3124 1751 3158 Blaeso
1775 3125 1819 3157 cf.
1845 3124 1876 3165 3,
1902 3125 1956 3158 35.

1246 3176 1277 3208 8.
1304 3176 1338 3208 Ρ.
1362 3175 1495 3218 Vitellio]
1520 3176 1559 3208 A.
1578 3173 1703 3207 Vitellii
1720 3175 1941 3217 imperatoris
1957 3184 2071 3208 avun-

1204 3225 1294 3258 culo.
1322 3225 1372 3259 Cf.
1395 3228 1426 3265 4,
1444 3226 1497 3258 70.
1523 3225 1555 3265 3,
1575 3226 1627 3258 40.
1649 3243 1683 3248 -
1710 3224 1886 3265 Pomponio
1909 3224 2069 3268 secunao]

1204 3275 1348 3308 consule
1383 3276 1531 3309 suffecto
1565 3285 1595 3308 a.
1629 3284 1663 3307 u.
1696 3275 1770 3307 776.
1812 3274 1862 3307 Cf.
1900 3275 2069 3317 Borghesi

1202 3326 1377 3358 Bullettino
1400 3326 1473 3358 dell'
1496 3326 1646 3357 instituto
1670 3323 1754 3358 4848
1778 3332 1811 3365 p.
1838 3323 1892 3357 45.
1928 3326 1965 3358 ln
1990 3334 2071 3358 car-

1203 3384 1323 3408 cerem
1347 3376 1528 3408 eoniectus
1551 3376 1688 3417 septem
1712 3376 1793 3416 post
1815 3383 1925 3408 annos
1941 3384 1961 3407 a
1978 3373 2070 3408 Cali-

1202 3425 1281 3467 gula
1306 3425 1472 3458 dimissus
1496 3426 1569 3458 est:
1595 3424 1658 3457 Dio
1681 3423 1736 3465 59,
1761 3423 1792 3456 6.
1819 3425 1879 3466 qui
1902 3433 1986 3458 eum
2010 3433 2069 3458 er-

2248 3021 2254 3054 .—.
2247 2848 2254 3011 ———.—....
2250 2817 2254 2839 -.
2251 2784 2254 2806 m.
2250 2746 2254 2773 --
