2254 3770
695 269 865 315 *LIBER
899 271 930 312 I.
990 269 1090 328 Cap.
1120 269 1187 312 22.
1218 269 1286 313 23.
1315 269 1383 313 24.
1413 269 1480 312 25.
1929 265 1983 308 25

208 378 332 427 Iulio,
365 378 437 436 qui
467 376 733 435 perferendis
761 376 941 420 militum
969 375 1179 419 mandatis
1200 375 1437 419 habebatur
1456 375 1638 419 idoneus
1665 373 1720 417 ob
1741 378 1983 430 promptum

208 453 433 511 ingenium.
490 453 591 510 quin
622 452 740 510 ipsae
771 451 879 494 inter
908 465 955 494 se
984 450 1176 509 legiones
1206 457 1354 494 octava
1385 457 1427 493 et
1455 450 1602 508 quinta
1631 448 1797 492 decima
1827 447 1983 490 ferrum

207 527 431 586 parabant,
472 526 574 570 dum
616 526 908 570 centurionem
947 532 1226 584 cognomento
1258 525 1469 582 Sirpicum
1508 524 1577 567 iila
1613 524 1737 567 morti
1778 521 1982 580 deposcit,

207 602 578 661 quintadecumani
610 608 796 651 tuentur,
829 603 869 644 ni
900 601 1022 645 miles
1052 615 1245 645 nonanus
1266 614 1418 658 preces
1440 607 1482 644 et
1503 599 1729 643 adversum
1752 611 1985 656 aspernan-

207 678 258 721 tis
287 678 422 721 minas
452 677 743 721 interiecisset.
1998 684 2016 713 5

321 752 400 810 (24)
425 753 540 796 Haec
559 752 701 795 audita
723 765 981 809 quamquam
1004 751 1245 794 abstrusum
1268 756 1309 793 et
1331 750 1567 793 tristissima
1582 762 1782 807 quaeque
1802 747 1985 791 maxime

206 828 484 873 occultantem
516 827 726 870 Tiberium
757 826 1004 884 perpulere,
1037 832 1082 868 ut
1110 827 1295 868 Drusum
1325 824 1456 868 filium
1487 839 1582 868 cum
1605 823 1862 882 primoribus
1884 823 1987 867 civi-

206 904 300 947 tatis
321 902 576 960 duabusque
597 901 820 959 praetoriis
841 900 1087 944 cohortibus
1110 901 1310 950 mitteret,
1342 899 1468 943 nullis
1490 900 1590 942 satis
1613 899 1739 943 certis
1767 898 1984 945 mandatis.

206 993 259 1023 ex
286 993 333 1022 re
365 977 668 1022 consulturum.
727 982 769 1019 et
805 976 1001 1020 cohortes
1042 975 1207 1019 delecto
1244 975 1373 1018 milite
1414 989 1544 1032 supra
1582 964 1749 1018 solitum
1781 974 1985 1018 firmatae.

206 1054 376 1098 additur
406 1067 556 1110 magna
585 1065 685 1110 pars
715 1052 970 1109 praetoriani
1004 1051 1159 1108 equitis
1190 1057 1231 1094 et
1260 1050 1416 1094 robora
1438 1051 1762 1100 Germanorum,
1795 1050 1869 1108 qui
1899 1056 2037 1092 tum10

207 1128 407 1173 custodes
446 1127 688 1185 imperatori
720 1126 913 1179 aderant3
955 1125 1078 1169 simul
1115 1125 1315 1183 praetorii
1346 1125 1588 1183 praefectus
1619 1125 1761 1168 Aelius
1792 1125 1985 1175 Seianus,

208 1203 369 1261 collega
391 1202 586 1252 Straboni
606 1202 713 1260 patri
735 1215 814 1245 suo
836 1201 977 1249 datus,
1011 1215 1160 1258 magna
1189 1207 1290 1258 aput
1317 1201 1530 1244 Tiberium
1553 1200 1812 1247 auctoritate,
1845 1207 1988 1244 rector

207 1279 347 1323 iuveni
395 1284 436 1322 et
475 1277 629 1321 ceteris
667 1276 954 1334 periculorum
993 1276 1368 1334 praemiorumque
1406 1282 1650 1319 ostentator.
1712 1277 1850 1319 Druso
1888 1289 1987 1333 pro-

206 1353 441 1413 pinquanti,
474 1353 597 1411 quasi
627 1366 705 1410 per
734 1352 936 1401 officium,
969 1351 1120 1395 obviae
1150 1343 1268 1395 fuere
1299 1351 1511 1409 legiones,
1544 1365 1629 1394 non
1659 1350 1813 1398 laetae,
1847 1358 1892 1394 ut
1912 1351 1988 1394 ad-

208 1429 334 1481 solet,
377 1442 517 1487 neque
547 1427 783 1485 insignibus
813 1426 1037 1485 fulgentes,
1081 1426 1156 1470 sed
1188 1426 1345 1470 inluvie
1377 1426 1555 1470 deformi
1587 1432 1628 1470 et
1656 1426 1794 1474 vultu,
1837 1437 2037 1484 quam-⁴5

208 1519 336 1563 quam
381 1503 630 1547 maestitiam
675 1503 957 1552 imitarentur,
1001 1502 1292 1546 contumaciae
1336 1502 1574 1559 propiores.
1642 1502 1723 1558 (25)
1760 1508 1986 1560 postquam

207 1579 363 1623 vallum
394 1579 585 1630 introiit„
610 1585 754 1636 portas
785 1577 1035 1621 stationibus
1065 1576 1248 1624 firmant,
1289 1576 1438 1633 globos
1470 1582 1726 1620 armatorum
1759 1577 1885 1620 certis
1917 1591 1988 1620 ca-

208 1662 389 1699 strorum
421 1654 524 1697 locis
554 1653 741 1712 opperiri
772 1652 937 1696 iubent:
978 1652 1108 1696 ceteri
1146 1651 1327 1694 tribunal
1364 1652 1521 1709 ingenti
1553 1652 1720 1708 agmine
1751 1653 1989 1695 circumve-

207 1731 338 1774 niunt.
398 1728 535 1773 stabat
564 1730 746 1777 Drusus,
784 1728 997 1772 silentium
1027 1742 1151 1771 manu
1183 1741 1378 1785 poscens.
1439 1727 1495 1769 illi
1527 1727 1724 1785 quotiens
1755 1727 1902 1771 oculos
1934 1726 1987 1770 ad

208 1805 515 1849 multitudinem
546 1803 809 1853 rettulerant,
841 1803 1018 1847 vocibus
1048 1802 1296 1847 truculentis
1325 1809 1536 1860 strepere,
1568 1817 1737 1846 rursum
1769 1803 1860 1846 viso
1882 1803 1988 1846 Cae-
2001 1821 2039 1850 20

208 1895 304 1925 sare
325 1880 557 1937 trepidare3
590 1894 779 1921 murmur
800 1879 1023 1927 incertum,
1056 1885 1175 1921 atrox
1196 1877 1355 1921 clamor
1375 1885 1417 1921 et
1438 1885 1614 1935 repente
1634 1878 1776 1935 quies3
1808 1878 1990 1921 diversis

208 1956 444 1999 animorum
482 1954 666 1998 motibus
704 1953 917 2011 pavebant
957 1953 1270 2011 terrebantque.
1331 1953 1499 1997 tandem
1536 1953 1770 2010 interrupto
1810 1953 1988 1996 tumultu

208 2031 367 2075 litteras
398 2029 529 2088 patris
560 2030 726 2079 recitat,
764 2029 806 2071 in
837 2029 933 2087 quis
963 2029 1247 2087 perscriptum
1277 2035 1369 2072 erat
1397 2029 1672 2086 praecipuam
1703 2028 1782 2086 ipsi
1813 2028 1991 2071 fortissi-

251 2170 284 2204 Ιι.
298 2179 435 2211 praeces
450 2171 494 2209 M,
513 2178 535 2201 a
551 2170 680 2211 puncto
693 2169 822 2201 notata.
840 2186 876 2192 —
892 2169 924 2201 8.
939 2168 1065 2200 duabus
1079 2176 1142 2213 que
1157 2168 1190 2200 M
1207 2183 1242 2190 —
1263 2168 1314 2200 ⁴0.
1331 2168 1409 2200 dum
1420 2168 1453 2200 M
1469 2167 1555 2209 (tum
1566 2166 1705 2208 margo)
1723 2185 1755 2190 —
1772 2168 1823 2199 ⁴⁴.
1839 2167 1993 2199 seinanus

208 2227 253 2266 M,
277 2227 393 2268 priore
415 2235 438 2258 n
460 2227 591 2267 puncto
614 2226 742 2257 notata.
764 2241 799 2248 —
828 2225 880 2257 ⁴6.
903 2226 1115 2266 propinares
1138 2233 1157 2257 e
1180 2233 1302 2256 rasura
1320 2225 1353 2257 M
1373 2241 1405 2247 -
1436 2224 1487 2256 17.
1505 2224 1632 2255 introiit
1648 2224 1801 2265 Lipsius:
1827 2223 1943 2255 introit
1959 2224 1991 2255 M

209 2282 398 2324 (introiitin
412 2281 533 2314 codice
547 2281 715 2322 scriptum
733 2282 787 2314 est
803 2282 855 2321 ⁴5,
874 2280 928 2313 64.
952 2281 1068 2320 iniit⁴,
1085 2279 1137 2313 74.
1162 2280 1195 2319 2,
1212 2280 1265 2312 53.
1291 2280 1368 2312 obiit
1385 2281 1416 2319 1,
1430 2280 1482 2312 53.
1502 2279 1534 2319 4,
1553 2280 1607 2311 7⁴.
1625 2279 1657 2318 6,
1674 2279 1747 2320 27.)
1764 2296 1799 2301 —
1819 2279 1872 2310 20.
1886 2282 1993 2311 rettu-

211 2338 320 2371 lerant
334 2336 545 2370 Beroaldus:
571 2337 771 2369 sedtulerant
791 2337 825 2370 M
852 2355 886 2360 —
911 2336 964 2369 23.
985 2337 1182 2377 praecipum
1206 2336 1261 2378 (ab
1284 2335 1349 2368 alia
1373 2344 1481 2368 manu
1504 2344 1595 2368 corr.
1620 2335 1654 2367 in
1671 2334 1900 2375 praecipuam)
1920 2335 1964 2367 M.

210 2454 309 2492 atque
338 2450 438 2482 etiam
467 2450 503 2482 in
531 2449 653 2482 delictis
678 2458 822 2490 poena-m
846 2449 955 2490 ipsam
976 2449 1080 2481 hono-
1102 2456 1105 2485 ι
1128 2447 1306 2490 (poenas),
1343 2449 1371 2480 si
1406 2447 1521 2480 officio
1557 2447 1727 2487 defuturi,
1763 2447 1938 2489 praemia,
1964 2447 1993 2479 si

209 2500 293 2533 rat?
316 2502 475 2533 Pmmu.
496 2517 531 2522 —
557 2500 781 2541 cognomento]
803 2498 945 2532 ludibrii
973 2507 1077 2531 causa
1102 2487 1105 2523 ἶ
1129 2498 1283 2531 officium
1306 2497 1465 2539 religiose
1491 2498 1689 2530 exsecuturi
1714 2498 1843 2530 essent.
1874 2514 1905 2520 —
1940 2497 1994 2528 in-

215 2560 234 2583 a
259 2549 427 2582 militibus
450 2548 571 2581 indito.
598 2566 634 2571 -—
664 2549 841 2591 Sirpicum]
866 2547 1078 2581 vocabulum
1126 2548 1282 2591 siquibus]
1300 2547 1508 2580 militaribus
1525 2548 1675 2587 coronis,
1693 2547 1892 2588 torquibus,
1910 2547 1994 2589 pha-

212 2599 350 2641 linguae
375 2600 527 2632 rusticae
552 2598 708 2639 videtur,
734 2599 865 2640 origine
890 2600 926 2631 et
947 2598 1079 2640 signifi·
1128 2597 1221 2638 leris‚
1240 2598 1348 2630 hastis
1364 2598 1472 2640 puris,
1495 2606 1585 2639 quae
1603 2598 1719 2630 omnia
1734 2605 1841 2639 saepe
1855 2605 1994 2629 memo-

212 2650 348 2683 catione
372 2650 500 2690 ignota.
1128 2649 1250 2680 rantur
1273 2648 1307 2680 in
1323 2647 1623 2690 Inscriptionibus.
1660 2648 1792 2680 Seneca
1811 2646 1854 2679 de
1871 2647 1991 2679 Benef.

816 2726 821 2730 .
1129 2699 1161 2738 ⁴,
1178 2699 1216 2730 5:
1242 2698 1427 2738 Imperator
1449 2698 1592 2738 aliquem
1615 2697 1798 2738 torquibus,
1823 2697 1948 2728 murali
1965 2699 1995 2728 et

255 2747 308 2781 24.
341 2748 440 2780 nullis
467 2747 549 2780 satis
576 2748 672 2780 certis
699 2747 878 2789 mandatis]
913 2747 1000 2780 Cum
1025 2747 1079 2780 his
1127 2747 1233 2780 civica
1261 2748 1383 2779 donat:
1415 2747 1493 2788 quid
1522 2746 1617 2779 habet
1634 2756 1697 2787 per
1718 2755 1750 2779 se
1772 2755 1897 2778 corona
1913 2755 1995 2786 pre·

213 2797 505 2830 homoeoteleutis
531 2797 571 2829 cf.
593 2798 645 2837 ⁴5,
664 2796 724 2830 40:
750 2797 846 2839 ignis,
867 2797 991 2838 patulis
1009 2805 1080 2829 ma·
1128 2798 1272 2829 tiosum?
1287 2815 1305 2821 -
1318 2816 1337 2822 -
1352 2797 1442 2829 Nihil
1456 2797 1574 2828 horum
1588 2796 1693 2828 honor
1707 2799 1771 2836 esc,
1795 2797 1850 2828 sed
1864 2795 1996 2828 honoris

212 2848 263 2889 qis
283 2847 376 2880 urbis
398 2848 476 2879 locis
507 2864 542 2869 -
569 2847 626 2886 qui
642 2850 710 2879 tum
726 2848 872 2879 custodes
886 2846 1082 2888 imperatori
1128 2847 1309 2888 insiyne.
1337 2846 1387 2878 ct.
1410 2848 1487 2878 Ann
1519 2846 1572 2886 ⁴5,
1591 2846 1651 2878 ⁴6:
1679 2845 1817 2879 Corbulo
1839 2855 1913 2877 cum
1929 2845 1996 2876 suis

213 2897 365 2940 aderant]
389 2897 534 2939 Recepit
557 2905 640 2937 ergo
664 2905 786 2930 rursus
804 2898 999 2930 Germanos
1017 2905 1081 2929 cu-
1128 2897 1231 2937 copiis
1247 2914 1294 2919 —-
1310 2905 1376 2928 non
1408 2904 1480 2927 eam
1509 2896 1646 2936 speciem
1674 2895 1853 2937 insiqnium
1883 2898 1912 2927 et
1934 2903 1995 2926 ar-

213 2947 334 2980 stodes
356 2946 516 2979 Tiberius
527 2971 535 2985 ,
561 2946 746 2979 destitutos
762 2948 842 2988 post
857 2946 994 2980 cladem
1011 2947 1082 2978 Va-
1128 2955 1260 2978 morum
1278 2945 1454 2986 praetulit,
1479 2949 1515 2977 ut
1531 2946 1751 2978 diversitatem
1765 2944 1994 2985 exprobraret.

212 2997 347 3028 rianam
389 2995 433 3028 ab
465 2997 632 3037 Augusto.
675 2997 769 3028 suet.
803 2997 877 3029 Oct.
907 2995 959 3029 49.
995 2997 1078 3028 L1rs.
1131 2997 1183 3035 ⁴5,
1209 2996 1268 3028 29:
1298 3004 1424 3036 maqna
1449 2996 1615 3036 utrimque
1642 2996 1764 3036 specie,
1799 2995 1874 3026 inde
1902 3002 1998 3033 eques

213 3046 283 3078 Nisi
307 3054 390 3078 vero
413 3046 547 3087 potius,
573 3053 653 3077 cum
679 3045 736 3078 hic
759 3045 803 3078 de
829 3046 930 3078 initiis
954 3045 1081 3078 Tiberii
1129 3045 1324 3086 compositus
1350 3054 1413 3085 per
1441 3048 1569 3077 turmas
1595 3049 1626 3078 et
1655 3044 1836 3086 insignibus
1859 3044 1995 3084 patriis,

213 3097 354 3137 agatur,
388 3094 614 3128 statuendum
639 3096 694 3127 est
722 3102 783 3128 eos
806 3103 929 3128 rursus
953 3095 1082 3127 ascitos
1129 3095 1203 3126 hinc
1216 3095 1351 3137 aymina
1363 3095 1527 3136 legionum
1541 3099 1654 3127 stetere
1666 3093 1864 3136 fulqentibus
1878 3093 1999 3135 aquilis

214 3154 292 3178 esse
325 3145 369 3177 ab
401 3145 477 3186 ipso
508 3145 675 3184 Augusto.
720 3143 934 3177 constabant
963 3145 1081 3175 autem
1130 3144 1296 3186 siqu-isque
1318 3148 1348 3176 et
1363 3145 1551 3177 simulacris
1565 3145 1660 3177 deum
1675 3145 1710 3175 in
1725 3144 1858 3175 modum
1873 3142 1994 3183 templi.

214 3194 366 3227 maxime
399 3203 418 3226 e
448 3193 605 3231 Batavis,
642 3193 701 3234 qui
736 3202 861 3226 omnes
895 3194 994 3225 erant
1024 3194 1084 3224 aut
1175 3194 1228 3226 25.
1254 3194 1381 3226 clamor
1404 3197 1433 3226 et
1458 3198 1589 3235 repente
1611 3193 1711 3234 quies]
1742 3193 1828 3224 Huic
1853 3193 1997 3225 senten-

214 3244 306 3276 servi
330 3245 390 3275 aut
412 3242 527 3276 liberti
551 3243 611 3274 aut
637 3242 717 3274 novi
741 3242 847 3275 cives.
885 3242 933 3274 Cf.
961 3242 1082 3275 Marini
1133 3244 1199 3276 tiae
1230 3243 1395 3276 silianum
1426 3242 1510 3276 illud
1537 3243 1639 3285 plane
1663 3242 1841 3283 geminum
1866 3243 1919 3275 est
1943 3242 1995 3281 ⁴0,

151 3302 154 3304 ·
213 3292 280 3325 Ani
297 3294 337 3325 11.
363 3302 397 3335 p.
417 3293 490 3326 472.
509 3310 552 3316 —
574 3295 604 3324 et
626 3292 804 3324 ceteris„
820 3292 1009 3332 ostentator]
1027 3293 1082 3324 cui
1132 3292 1215 3326 396:
1252 3293 1385 3326 Clamor
1421 3302 1517 3333 saepe
1545 3301 1659 3333 repens
1688 3295 1718 3323 et
1744 3300 1839 3331 saepe
1869 3292 1999 3324 silentia.

216 3341 468 3375 demandatum
493 3343 585 3382 erat,
618 3343 656 3373 ut
686 3341 889 3374 ostenderet
916 3341 1083 3375 militibus
1129 3343 1208 3384 flaeis
1228 3343 1266 3375 In
1288 3342 1436 3375 tellurem
1459 3343 1579 3375 oculis:
1605 3340 1738 3373 clamor
1753 3342 1889 3380 autem,
1915 3350 1995 3374 cum

215 3392 270 3432 (ex
293 3391 381 3425 urbe
397 3391 546 3432 missis),
571 3390 699 3433 quibus
722 3393 901 3433 praeerat,
927 3390 1083 3433 pericula
1131 3393 1325 3433 terrerent,
1363 3393 1481 3434 quies,
1518 3399 1600 3424 cum
1635 3391 1812 3423 timerent.
1846 3391 1932 3425 Lips.
1957 3406 1993 3414 -
