2254 3770
0 2168 10 2289 „un—5<
0 2006 12 2162 rw*-—-.vae;v
0 1977 3 1995 *-
0 1948 2 1961 Ἣ

784 278 941 323 mnan
969 280 1038 323 111.
1097 279 1198 337 cap.
1229 279 1296 323 70.
1327 280 1395 324 7⁴.
1426 280 1493 325 72.
1956 280 2037 324 ⁴99

253 399 366 445 quae
394 385 587 444 principe
617 385 806 442 Augusto
835 385 1063 429 constituta
1091 377 1194 429 satis
1215 386 1498 431 ostendebant
1526 401 1710 431 annuam
1739 387 1975 431 absentiam
1995 394 2039 431 et

251 461 564 520 provinciarum
605 459 1016 504 administrationem
1054 460 1245 504 Dialibus
1281 475 1366 505 non
1402 462 1594 507 concedi.
1635 461 2039 520 memorabaturque

251 537 295 580 L.
316 535 481 584 Metelli,
512 534 725 593 pontificis
745 535 927 587 maximi,
960 535 1214 593 exemplum,
1245 537 1320 594 qui
1349 537 1503 581 Aulum
1531 538 1795 582 Postumium
1823 536 2039 581 flaminem

249 610 498 657 attinuisset.
544 611 601 653 ita
630 624 725 653 sors
755 611 880 654 Asiae
911 610 954 653 in
980 624 1080 654 eum
1107 611 1181 669 qui
1202 611 1491 656 consularium
1509 612 1788 671 Maluginensi
1817 611 2039 670 proximus

249 693 341 729 erat
369 685 546 729 conlata.

361 761 442 816 (72)
484 759 624 803 Isdem
666 760 822 804 diebus
864 761 1052 819 Lepidus
1093 761 1147 805 ab
1186 767 1337 805 senatu
1377 762 1524 820 petivit
1560 769 1608 806 ut
1644 762 1865 807 basilicam
1905 761 2037 812 Pauli,

247 824 424 879 Aemilia
454 835 721 883 monimenta,
755 837 928 893 propria
954 837 1137 893 pecunia
1166 836 1354 880 firmaret
1374 844 1646 896 ornaretque.
1692 844 1783 882 erat
1802 837 1928 882 etiam
1950 844 2039 880 tum

249 912 290 954 in
322 924 440 954 more
469 910 640 968 publica
671 910 979 963 munificentia;
1011 925 1091 955 nec
1111 913 1326 970 Augustus
1346 919 1542 956 arcuerat
1556 909 1755 964 Taurum,
1783 912 2037 970 Philippum,

249 986 426 1029 Balbum
456 985 631 1029 hostiles
661 986 837 1029 exuvias
867 993 940 1029 aut
964 987 1217 1031 exundantis
1238 1001 1344 1045 opes
1374 995 1570 1031 ornatum
1600 987 1654 1031 ad
1684 987 1804 1031 urbis
1823 994 1866 1031 et
1894 994 2039 1046 poste-

249 1076 345 1104 rum
374 1061 552 1118 gloriam
582 1061 788 1105 conferre.
835 1075 923 1119 quo
952 1069 1040 1105 tum
1072 1062 1268 1120 exemplo
1297 1063 1502 1121 Lepidus,
1538 1077 1799 1121 quamquam
1828 1063 2040 1121 pecuniae
2052 1076 2089 1106 ιο

250 1136 459 1186 modicus,
483 1137 642 1179 avitum
662 1136 797 1180 decus
818 1136 1009 1180 recoluit.
1046 1145 1088 1181 at
1107 1138 1283 1196 Pompei
1303 1138 1513 1182 theatrum
1533 1139 1630 1197 igne
1652 1139 1821 1182 fortuito
1841 1138 2039 1182 haustum

247 1213 408 1256 Caesar
437 1217 727 1255 extructurum
768 1212 980 1269 pollicitus
1011 1219 1090 1262 est,
1131 1227 1185 1257 eo
1215 1214 1330 1271 quod
1361 1228 1488 1258 nemo
1518 1229 1544 1258 e
1572 1214 1728 1258 familia
1757 1213 2038 1258 restaurando

247 1286 479 1336 sufficeret,
517 1293 714 1330 manente
745 1293 886 1331 tamen
917 1288 1089 1331 nomine
1117 1289 1306 1346 Pompei.
1348 1289 1474 1333 simul
1503 1289 1702 1334 laudibus
1732 1291 1935 1334 Seianum
1964 1304 2038 1334 ex—

247 1362 354 1412 tulit,
397 1369 615 1420 tamquam
652 1362 800 1406 labore
840 1362 1139 1421 vigilantiaque
1169 1364 1262 1408 eius
1299 1371 1413 1408 tanta
1441 1366 1506 1408 vis
1534 1379 1667 1408 unum
1697 1365 1806 1409 intra
1835 1365 2038 1409 damnum

247 1438 445 1481 stetisset.
491 1444 534 1481 et
563 1451 772 1482 censuere
804 1444 946 1495 patres
967 1439 1150 1496 effigiem
1170 1440 1338 1495 Seiano,
1371 1454 1485 1498 quae
1508 1448 1611 1498 aput
1631 1441 1840 1485 theatrum
1861 1442 2087 1499 Pompeiis

249 1512 475 1556 locaretur.
519 1527 662 1570 neque
693 1513 824 1556 multo
854 1521 952 1571 post
982 1515 1159 1565 Caesar,
1200 1529 1298 1559 cum
1328 1516 1496 1559 Iunium
1524 1516 1722 1560 Blaesum
1752 1530 1831 1574 pro
1860 1517 2036 1561 consule

246 1587 410 1631 Africae
452 1588 652 1646 triumphi
694 1588 930 1646 insignibus
967 1589 1193 1640 attolleret,
1235 1589 1339 1635 dare
1379 1591 1421 1634 id
1463 1605 1512 1635 se
1547 1591 1652 1635 dixit
1689 1591 1840 1635 honori
1879 1593 2034 1645 Seiani,

311 1729 344 1761 2.
365 1728 616 1769 provintiarum
637 1728 670 1760 M
694 1745 729 1750 -
757 1727 789 1759 6.
809 1729 854 1760 Μ.
871 1729 1011 1769 Lepidus
1033 1729 1247 1771 Nipperdey.
1275 1748 1311 1752 —
1338 1731 1370 1763 8.
1395 1734 1554 1762 arcuerat
1574 1731 1728 1774 Lipsius:
1754 1736 1917 1774 arguerat
1938 1733 1972 1767 M
1997 1750 2033 1757 -

244 1785 397 1826 filippum
420 1785 451 1817 M
479 1802 512 1807 —
540 1785 571 1817 9.
598 1786 758 1817 eoesuuias
780 1785 812 1818 M
835 1803 879 1809 —
903 1787 957 1819 44.
981 1786 1029 1824 at]
1055 1787 1101 1818 ad
1122 1795 1175 1828 pr.
1203 1788 1236 1819 M
1264 1806 1297 1810 —
1325 1787 1378 1819 46.
1401 1785 1535 1828 procos.
1560 1788 1605 1821 M.

246 1910 353 1950 (unde
378 1918 411 1941 v.
438 1910 473 1941 44
508 1909 638 1942 avitum
669 1911 765 1942 decus
789 1910 957 1951 recoluit),
994 1911 1115 1952 Lepidi

245 1959 418 1992 triumviri
441 1959 559 1991 frater.
594 1960 665 1992 Cic.
685 1959 730 1991 ad
745 1961 814 1992 Att.
833 1958 866 1998 4,
886 1961 938 2000 46,
956 1960 987 1993 4.
1015 1961 1114 1993 Idem

244 2011 278 2042 in
314 2008 497 2042 consulatu
539 2018 668 2042 novam
709 2009 892 2042 basilicam
926 2011 1112 2050 inchoavit,

245 2068 336 2100 quae
366 2058 504 2091 basilica
535 2059 631 2090 Pauli
653 2059 859 2091 vocabatur.
897 2059 983 2092 Plut.
1010 2061 1112 2093 Caes,

244 2109 299 2141 29.
325 2109 472 2150 Appian.
497 2109 534 2140 B.
563 2109 601 2140 C.
626 2109 665 2148 2,
691 2109 745 2141 26.
785 2110 880 2150 Opus
903 2109 1005 2142 bellis
1029 2111 1114 2143 civi-

244 2158 336 2191 libus
359 2159 595 2199 interruptum
617 2159 766 2200 perfecit
793 2161 829 2191 et
850 2158 1031 2192 basilicam
1049 2160 1114 2192 de-

244 2209 373 2242 dicavit
396 2208 486 2241 filius
510 2209 604 2248 eius,
637 2209 759 2242 consul
783 2209 955 2243 suffectus
978 2220 1008 2242 a.
1035 2211 1110 2244 720.

243 2260 307 2292 Dio
341 2259 401 2298 49,
437 2258 491 2291 42.
542 2259 629 2291 Eam
667 2260 830 2292 incendio
865 2262 1111 2302 consumptam

245 2310 340 2342 idem
363 2308 487 2341 refecit
509 2317 541 2341 a.
568 2309 642 2342 740.
679 2310 746 2342 Dio
769 2310 829 2349 54,
854 2311 908 2344 24.
945 2312 1113 2345 Ceterum

244 2369 416 2393 numerus
438 2359 580 2401 pluralis
596 2360 641 2392 de
659 2370 749 2393 nova
773 2363 993 2403 potissimum
1018 2365 1113 2395 acci—

245 2409 394 2451 piendus
417 2411 456 2441 ut
477 2410 509 2448 3,
535 2409 577 2441 23
594 2411 630 2442 et
648 2410 680 2449 4,
698 2411 718 2443 7
730 2421 737 2442 :
762 2413 800 2443 in
821 2414 1028 2445 monimentis
1051 2413 1108 2446 Cn.

244 2460 374 2499 Pompei
397 2458 441 2491 de
464 2468 535 2491 uno
558 2461 716 2501 Pompeii
735 2462 885 2494 theatro.
906 2481 942 2485 —
964 2463 1110 2505 publica]

244 2509 374 2542 civium
403 2509 438 2541 in
470 2518 546 2542 rem
578 2510 767 2551 publicam.
796 2530 831 2535 -
867 2522 927 2544 nec
947 2513 1113 2554 Augustus

243 2563 402 2592 arcuerat
426 2560 508 2602 cet]
532 2561 644 2592 Immo
675 2562 723 2602 (ut
745 2563 801 2595 est
822 2563 917 2604 apud
939 2562 1111 2595 Velleium

243 2612 284 2649 2,
309 2610 362 2651 89)
391 2611 558 2651 principes
578 2612 644 2643 viri
665 2613 903 2653 triumphisque
925 2616 957 2645 et
978 2614 1113 2654 amplis-

242 2662 335 2694 simis
365 2662 543 2694 honoribus
572 2662 678 2702 functi
711 2663 846 2695 hortatu
872 2664 1035 2704 principis
1067 2666 1112 2696 ad

243 2712 433 2742 ornandam
455 2711 570 2742 urbem
592 2712 702 2743 inlecti
725 2716 812 2744 sunt.
849 2714 993 2746 Sueton.
1021 2717 1109 2755 Aug.

244 2761 303 2792 29:
330 2761 395 2793 Sed
417 2763 449 2793 et
468 2765 592 2793 ceteros
611 2763 781 2802 principes
801 2763 891 2795 viros
913 2773 1011 2804 saepe
1032 2765 1112 2796 hor-

242 2813 334 2842 tatus
354 2814 418 2850 est,
442 2814 479 2842 ut
497 2820 562 2851 pro
576 2812 738 2851 facultate
752 2814 892 2854 quisque
905 2815 1114 2846 monimentis

242 2861 294 2892 vel
315 2861 408 2892 novis
430 2861 482 2892 vel
503 2861 632 2901 refectis
653 2865 684 2894 et
707 2863 847 2894 excultis
870 2863 985 2895 urbem
1008 2865 1112 2896 ador-

242 2912 374 2941 narent.
400 2910 575 2950 Multaque
588 2920 611 2942 a
625 2912 739 2944 multis
755 2916 832 2944 tunc
847 2917 1003 2946 extmicta
1017 2918 1111 2946 sunt:

242 2960 328 2991 sicut
350 2968 373 2990 a
394 2960 525 2992 Marcio
546 2961 695 3001 Philippo
718 2963 813 2994 aedes
831 2963 982 2995 Herculis
995 2965 1112 2996 Masa-

241 3019 331 3049 rum,
355 3018 379 3041 a
401 3011 440 3041 L.
458 3010 633 3052 Cornificio
656 3013 752 3044 aedes
766 3014 916 3053 Dianae,
943 3014 986 3046 ab
999 3015 1112 3046 Asinio

241 3060 385 3091 Pollione
407 3060 534 3091 atrium
556 3061 751 3102 Libertatis,
777 3071 798 3094 a
820 3064 974 3096 Munatio
992 3064 1112 3095 Planco

244 3110 340 3141 aedes
361 3110 521 3149 Saturni,
546 3119 569 3141 a
591 3111 741 3143 Cornelio
763 3112 866 3145 Balbo
888 3114 1064 3153 theatrum,
1089 3123 1112 3145 a

242 3159 375 3191 Statilio
411 3159 519 3191 Tauro
552 3160 852 3201 amphitheatrum,
895 3171 919 3193 a
950 3163 997 3194 M.
1032 3172 1111 3195 vero

241 3208 393 3250 Agrippa
415 3209 587 3249 complura
607 3213 638 3240 et
659 3211 806 3251 egr-eyia.
833 3210 883 3243 Cf.
904 3211 968 3243 Dio
991 3212 1046 3251 54,
1068 3212 1110 3244 23

244 3259 281 3289 et
302 3257 361 3297 54,
386 3259 440 3291 25.
470 3277 503 3281 -
533 3258 689 3300 Taurum]
715 3259 766 3292 Cf.
792 3260 824 3299 6,
851 3261 905 3295 44.
932 3278 968 3283 —-
991 3262 1112 3302 Philip-

240 3307 338 3348 pum]
371 3308 407 3339 1..
433 3308 602 3340 Marcium
626 3309 660 3340 1..
687 3308 709 3340 f.
734 3309 771 3341 L.
798 3318 832 3341 n.
859 3309 1037 3343 tribunum
1061 3309 1108 3352 pl.

245 3364 278 3388 a.
303 3365 338 3388 u.
363 3357 438 3396 705,
464 3359 665 3399 praetorem
688 3367 720 3390 a.
738 3359 802 3391 740
825 3359 1021 3400 (consulem
1036 3360 1112 3394 suf-

1169 1911 1230 1952 (Cs.
1249 1912 1376 1944 Baiteri
1401 1911 1509 1945 fastos
1531 1911 1762 1955 triumphales
1782 1921 1816 1954 p.
1835 1912 1961 1956 CLXI.)
1982 1914 2034 1947 De

1167 1970 1210 1993 eo
1235 1962 1359 1994 Cicero
1381 1961 1528 2004 Philipp.
1554 1962 1573 1994 3
1597 1961 1693 2004 525:
1718 1963 1756 1995 L.
1774 1963 1957 2004 Philippus,
1980 1964 2037 1995 vir

1163 2015 1262 2051 patre
1285 2013 1441 2053 (Augusti
1463 2013 1606 2052 vitrico,
1632 2012 1777 2046 consule
1801 2022 1834 2046 a.
1857 2014 1945 2055 698),
1970 2023 2035 2047 avo

1168 2062 1319 2101 (summo
1344 2063 1495 2103 oratore)
1524 2067 1555 2095 et
1583 2063 1767 2096 maioribus
1788 2065 1857 2096 suis
1879 2064 2035 2106 diqnissi-

1164 2121 1247 2144 mus.
1268 2130 1303 2135 -—
1322 2113 1476 2155 Balbum]
1500 2114 1537 2146 L.
1557 2112 1757 2146 Cornelium
1774 2115 1811 2146 P.
1830 2113 1867 2153 f.‚
1893 2115 1953 2156 qui
1968 2123 2033 2156 pro

1165 2161 1309 2195 consule
1330 2164 1558 2206 triumphavit
1573 2172 1616 2196 ex
1630 2163 1743 2196 Africa
1760 2164 1817 2196 VI.
1835 2163 1907 2197 Kal.
1925 2163 2032 2206 April.

1165 2221 1196 2244 a.
1215 2213 1289 2245 735.
1308 2232 1343 2237 -
1369 2218 1526 2246 ornatum
1541 2215 1586 2246 aa
1600 2214 1703 2255 urbis]
1727 2214 1815 2247 Vide
1832 2214 1878 2247 ad
1892 2214 1924 2254 4,
1943 2215 1976 2247 5.
1993 2234 2030 2239 -

1163 2264 1293 2303 Pompei
1311 2263 1368 2305 th.]
1395 2264 1457 2296 Cn.
1484 2265 1673 2306 Pompeius
1695 2265 1831 2306 primus
1850 2273 1882 2297 a.
1907 2274 1943 2297 u.
1969 2265 2032 2297 699

1163 2315 1378 2355 perpetuum
1394 2315 1565 2347 exstruxit
1580 2315 1756 2347 theatrum
1773 2323 1884 2356 prope
1897 2315 2033 2347 circum

1164 2362 1369 2395 Flaminium
1404 2372 1571 2405 campum
1603 2364 1767 2397 Martium
1799 2373 1947 2404 versus,
1996 2365 2033 2397 et

1164 2413 1309 2453 quidem
1334 2422 1376 2445 ex
1398 2413 1514 2455 lapide
1539 2414 1712 2456 quadrato
1736 2423 1778 2447 ac
1795 2415 1867 2447 tam
1885 2414 2030 2456 grande,

1163 2465 1202 2494 ut
1224 2463 1279 2494 XL
1304 2462 1396 2495 milia
1419 2463 1559 2496 sedium
1582 2465 1618 2496 in
1641 2473 1686 2496 eo
1705 2466 1838 2498 essent.
1864 2464 1966 2503 Quod
1986 2473 2030 2496 ne

1164 2514 1344 2544 notaretur
1358 2522 1379 2544 a
1396 2513 1617 2553 censoribus,
1638 2513 1684 2546 ab
1701 2523 1744 2546 eo
1760 2514 1869 2547 aedes
1885 2514 2031 2546 Veneris

1163 2563 1323 2595 victricis
1347 2562 1483 2595 theatro
1499 2565 1672 2605 apposita.
1698 2564 1749 2597 Cf.
1769 2564 1822 2604 44,
1839 2564 1893 2597 20.
1918 2565 2032 2597 Erne-

1163 2613 1251 2646 stius
1285 2613 1331 2645 ad
1361 2614 1503 2646 sueton.
1530 2614 1653 2647 Claud.
1678 2616 1732 2647 24.
1768 2616 1871 2648 Iussu
1901 2614 2030 2648 deinde

1163 2664 1310 2696 Neronis
1338 2666 1470 2697 tectum
1495 2668 1530 2697 et
1553 2665 1669 2698 omnis
1691 2666 1818 2698 theatri
1841 2667 2030 2707 apparatus

1163 2713 1254 2745 sacta
1287 2722 1406 2746 aurea.
1454 2715 1519 2747 Dio
1542 2715 1601 2754 39,
1627 2715 1681 2748 38.
1714 2715 1773 2754 63,
1798 2715 1830 2747 6.
1862 2714 1947 2747 Plin.
1973 2715 2027 2754 33,

1163 2762 1182 2803 g
1205 2762 1259 2795 54.
1285 2762 1345 2802 36,
1371 2763 1390 2804 5
1415 2764 1491 2796 445.
1528 2764 1711 2797 Restitutio
1741 2765 1817 2797 eius
1846 2773 1916 2797 non
1946 2773 2030 2806 per-

1162 2812 1252 2844 fecta
1270 2815 1323 2845 est
1339 2821 1358 2844 a
1374 2813 1525 2852 Tiberio,
1550 2814 1615 2846 sed
1635 2823 1654 2846 a
1672 2813 1828 2847 Claudio.
1854 2814 1904 2847 Cf.
1923 2815 1954 2853 6,
1971 2813 2026 2846 45.

1162 2863 1226 2894 Dio
1251 2863 1304 2901 60,
1330 2863 1361 2894 6.
1391 2864 1534 2895 Sueton.
1560 2863 1636 2896 Tib.
1654 2863 1709 2896 47.
1735 2863 1857 2897 Claud.
1882 2865 1937 2897 24.
1962 2864 2029 2895 Su-

1162 2914 1311 2953 persunt
1339 2911 1471 2953 aliquot
1499 2913 1575 2946 eius
1596 2913 1778 2955 reliquiae.
1819 2913 1869 2947 Cr.
1896 2914 2029 2946 Canina

1161 2961 1372 2993 Indicazione
1394 2962 1428 2993 di
1457 2963 1564 2995 Roma
1585 2964 1699 2995 antica
1720 2972 1755 3005 p.
1780 2962 1856 2996 204.
1885 2980 1919 2986 -
1945 2966 2030 3003 aput

1162 3010 1337 3051 theatrum]
1361 3010 1425 3042 Dio
1447 3012 1502 3052 57,
1526 3013 1588 3045 2⁴:
1614 3006 1772 3054 3Ἀλλους
1793 3012 1864 3055 μὲν
1886 3009 1933 3055 δὴ
1958 3006 2028 3046 οὖν

1162 3060 1226 3092 καὶ
1250 3058 1415 3102 πολλούς
1437 3071 1479 3105 γε
1500 3061 1575 3095 τῶν
1591 3061 1847 3097 τελευτώντων
1870 3063 1936 3095 καὶ,
1957 3059 2027 3096 ἀν-

1161 3106 1291 3155 δριᾶσι
1313 3111 1379 3143 καὶ
1401 3109 1608 3155 δημοσίαις
1629 3115 1773 3154 ταφαῖς
1796 3112 1925 3155 ἐτίμα,
1957 3109 2027 3146 τὸν

1161 3159 1202 3193 δὲ
1215 3157 1289 3218 ..Q
1295 3159 1462 3204 Σηῐανὸν
1484 3162 1606 3204 ζῶντα
1627 3163 1668 3197 ἐν
1690 3161 1741 3207 τῷ
1759 3160 1909 3209 θεάτρῳ
1931 3162 2027 3203 χαλ-

1161 3209 1256 3244 κοῦν
1270 3221 1442 3255 εστησεν.
1467 3214 1602 3246 Seneca
1619 3213 1760 3247 Consol.
1778 3213 1821 3245 ad
1838 3215 1946 3246 Marc.
1962 3215 2022 3248 22:

1160 3261 1407 3295 Decernebatur
1433 3264 1482 3296 illi
1506 3264 1654 3306 (Seiano)
1683 3266 1797 3295 statua
1824 3264 1862 3296 in
1883 3264 2026 3306 Pompeii

1160 3312 1287 3346 theatro
1308 3315 1481 3354 ponenda,
1513 3315 1602 3356 quod
1625 3317 1779 3346 exustum
1802 3313 1926 3347 Caesar
1945 3316 2026 3357 refl-

1160 3362 1286 3395 ciebat:
1308 3364 1510 3397 eoeclamacit
1525 3363 1662 3403 Cordus,
1682 3366 1761 3396 tunc
1772 3372 1849 3397 vere
1861 3364 2026 3399 theam

245 3403 378 3440 fectum
393 3415 426 3439 a.
444 3407 533 3449 746),
551 3409 612 3450 qui
627 3409 856 3451 triumphavit
871 3418 914 3443 ex
929 3410 1107 3453 Hispania.
1156 3413 1281 3451 perire.
1307 3431 1343 3438 —
1368 3414 1502 3447 Iunium
1521 3413 1687 3457 Blaesum]
1713 3412 1763 3447 Cf.
1788 3413 1822 3455 4,
1839 3413 1893 3448 46.
1917 3414 1950 3456 3,
1967 3413 2022 3447 35.
