2254 3770
289 302 344 347 62

763 304 808 346 Ρ.
840 302 1089 347 CORNELII
1118 302 1286 347 TACITI
1317 302 1583 370 ANNALiUM

290 422 446 452 numen
476 409 665 466 Augusti.
710 421 820 466 quae
849 408 922 451 ubi
953 408 1119 452 Tiberio
1150 415 1346 459 notuere,
1379 408 1548 466 scripsit
1577 407 1822 452 consulibus
1852 421 1936 451 non
1967 407 2066 452 ideo

287 483 506 528 decretum
536 484 641 541 patri
673 496 751 526 suo
781 482 965 534 caelum,
997 490 1044 527 ut
1071 484 1112 526 in
1142 483 1375 541 perniciem
1405 483 1560 527 civium
1589 482 1626 526 is
1648 481 1781 526 honor
1817 489 2065 527 verteretur.

289 559 482 603 Cassium
511 558 758 602 histrionem
788 557 957 602 solitum
986 559 1095 603 inter
1124 558 1230 602 alios
1260 558 1455 602 eiusdem
1476 558 1576 602 artis
1596 558 1803 602 interesse
1824 557 1934 602 ludis
1957 573 2066 617 quos

286 639 421 678 mater
459 647 536 676 sua
573 634 614 676 in
651 634 900 677 memoriam
928 634 1102 691 Augusti
1144 640 1381 684 sacrasset3
1420 647 1501 677 nec
1532 639 1677 677 contra
1716 633 1944 691 religiones
1974 633 2065 677 fieri

255 709 401 766 squod
434 708 595 765 effigies
625 709 735 758 eius,
774 714 821 751 ut
859 707 940 751 alia
970 709 1189 751 numinum
1221 708 1468 758 simulacra,
1506 708 1822 752 venditionibus
1851 708 2067 752 hortorum

279 791 328 828 >et
348 784 553 827 domuum
573 783 788 827 accedant.
820 783 886 826 ius
916 783 1141 827 iurandum
1170 784 1348 841 perinde
1378 782 1689 826 aestimandum
1718 797 1847 842 quam
1866 785 1901 828 si
1923 785 2067 829 Iovem

285 858 517 902 fefellisset:
550 858 730 902 deorum
759 858 934 902 iniurias
964 858 1029 902 dis
1060 873 1200 903 curae.
1252 859 1333 916 (74)
1366 873 1444 902 nec
1466 858 1599 902 multo
1619 866 1718 916 post
1737 859 1939 903 Granium
1960 861 2068 903 Mar-

284 933 448 982 cellum.
480 939 720 991 praetorem
750 933 983 993 Bithyniae,
1017 941 1219 992 quaestor
1248 934 1383 992 ipsius
1406 934 1566 991 Caepio
1589 933 1809 992 Crispinus
1830 935 2067 979 maiestatis

275 1008 527 1066 postulavit,
570 1008 863 1051 subscribente
894 1010 1083 1053 Romano
1115 1010 1322 1067 Hispone;
1364 1010 1438 1068 qui
1469 1009 1644 1053 formam
1674 1010 1786 1054 vitae
1816 1011 1908 1054 iniit
1937 1025 2066 1070 quam

232 1096 268 1125 4ο
281 1090 431 1141 postea
451 1083 666 1127 celebrem
685 1083 881 1127 miseriae
902 1090 1142 1141 temporum
1174 1091 1216 1128 et
1237 1084 1442 1128 audaciae
1473 1084 1691 1128 hominum
1721 1085 1922 1130 fecerunt.
1969 1101 2066 1130 nam

281 1173 412 1215 egens
442 1159 609 1215 ignotus
639 1159 826 1216 inquies,
868 1158 970 1201 dum
1001 1159 1174 1203 occultis
1214 1159 1367 1204 libellis
1403 1160 1605 1204 saevitiae
1642 1160 1848 1219 principis
1886 1162 2064 1219 adrepit‚

279 1248 378 1277 mox
407 1233 639 1277 clarissimo
670 1234 825 1293 cuique
855 1234 1091 1291 periculum
1122 1235 1310 1287 facessit3
1343 1235 1577 1292 potentiam
1606 1242 1708 1293 aput
1736 1251 1885 1285 unum,
1921 1237 2066 1280 odium

279 1309 392 1366 apud
424 1309 561 1352 omnis
591 1308 792 1366 adeptus.
826 1308 943 1352 dedit
972 1310 1214 1367 exemplum
1246 1310 1362 1368 quod
1384 1311 1519 1354 secuti
1540 1325 1593 1354 ex
1613 1311 1876 1369 pauperibus
1896 1310 2062 1363 divites,

280 1398 333 1427 ex
369 1384 619 1441 contemptis
659 1383 896 1433 metuendi,
939 1385 1172 1441 perniciem
1213 1385 1305 1428 aliis
1346 1399 1397 1429 ac
1433 1392 1698 1443 postremum
1738 1386 1819 1430 sibi
1851 1386 2066 1431 invenere.

231 1472 265 1500 45
279 1459 356 1503 sed
378 1458 619 1502 Marcellum
648 1458 917 1502 insimulabat
938 1450 1131 1503 sinistros
1161 1460 1215 1504 de
1238 1461 1406 1504 Tiberio
1428 1475 1651 1505 sermones
1671 1461 1899 1506 habuisse:
1931 1462 2068 1506 inevi-

322 1580 352 1612 4.
376 1588 498 1612 numen
521 1579 797 1612 Freinshemius:
828 1589 946 1612 nomen
967 1581 1001 1613 M
1026 1597 1061 1603 ·—
1093 1581 1124 1612 2.
1147 1581 1321 1621 pernitiem
1342 1582 1376 1614 M
1402 1599 1438 1604 —
1467 1580 1499 1613 3.
1525 1581 1609 1613 alios
1631 1581 1675 1614 ei’
1700 1582 1735 1621 (i.
1763 1590 1794 1614 e.
1820 1582 1899 1623 eius)
1924 1582 2067 1615 eiusdem

277 1630 311 1663 M
333 1646 369 1652 —
395 1630 428 1661 ὅ.
453 1629 581 1671 effeyies
601 1638 654 1671 pr.
680 1630 713 1662 M
738 1647 774 1652 —
798 1629 954 1662 numinus
976 1629 1102 1672 (littera
1124 1639 1140 1663 s
1162 1631 1302 1673 punctis
1326 1631 1454 1670 notata)
1479 1631 1512 1664 M
1539 1649 1575 1654 —
1601 1631 1632 1664 8.
1654 1632 1856 1672 praetorem]
1878 1641 2065 1672 proconsu-

277 1680 339 1712 lem
361 1680 551 1713 Mercerus.
579 1697 616 1704 —
645 1679 802 1712 bithiniae
823 1689 877 1721 pr.
904 1681 937 1714 M
963 1698 998 1705 —
1034 1681 1086 1714 40.
1111 1682 1270 1715 audatiae
1290 1682 1324 1715 M
1349 1699 1384 1705 —-
1419 1681 1471 1715 44.
1497 1682 1698 1723 comtemptis
1718 1682 1753 1716 M
1777 1699 1813 1706 —
1835 1683 2011 1724 pernitiem
2032 1683 2067 1717 M

278 1747 316 1754 —
344 1730 396 1762 45.
420 1729 656 1763 insimulabant
677 1729 892 1772 Nipperdey.

271 1839 335 1871 per
364 1838 485 1862 numen
514 1829 685 1862 Drusillae
717 1830 886 1863 deieravit.
925 1829 1012 1863 Vide
1043 1831 1148 1864 Bent-

276 1879 383 1912 leium
414 1880 458 1912 ad
488 1880 606 1912 Horat.
632 1880 718 1922 Epp.
744 1881 782 1919 2,
809 1881 842 1920 4,
869 1880 921 1912 46.
948 1898 984 1904 -
1016 1882 1148 1922 scripsit

277 1929 463 1962 consulibus
479 1928 560 1970 cet.]
589 1929 640 1962 Cf.
667 1930 729 1962 Dio
746 1930 798 1970 57,
818 1930 857 1962 9:
881 1926 927 1961 τὸ
948 1929 1020 1972 μὲν
1044 1929 1146 1977 πρῶ-

277 1989 345 2013 τον
368 1975 506 2013 οὐδένα
528 1975 618 2012 οὐδὲ
638 1978 713 2012 τῶν
735 1979 791 2012 ἐπ’
815 1979 945 2024 ἐκείνῳ
965 1982 1145 2023 (Augusto)

277 2030 362 2064 τινὰ
383 2031 509 2063 αἰτίαν
531 2026 727 2069 λαβόντων
742 2027 944 2071 ἐκόλασεν,
969 2028 1066 2063 ἀλλὰ
1080 2033 1146 2065 καὶ

277 2079 530 2125 ἑγκληθέντας
557 2077 663 2120 τινὰς
691 2076 743 2120 ὥς
773 2080 838 2113 καὶ
860 2078 1146 2126 ἐπιωρκηκότας

276 2128 347 2175 τὴν
377 2128 497 2174 τύχην
519 2125 637 2163 αὐτοῦ
661 2126 828 2163 ἀπέλυσε
841 2139 850 2149 ·
880 2129 1083 2178 προὶόντος
1104 2130 1145 2164 δὲ

276 2179 345 2214 τοῦ
375 2177 518 2227 χρόνου
546 2179 611 2212 καὶ,
638 2175 737 2213 πάνυ
761 2177 927 2221 πολλοὺς
949 2180 1145 2214 ἐθανάτω-

278 2241 355 2264 σεν.
369 2249 406 2255 -
426 2231 513 2263 ludis
523 2239 604 2271 quos
613 2231 948 2274 mater--sacrassetJ
971 2233 1144 2265 Accurate

278 2291 339 2315 eos
363 2280 531 2314 describit
553 2280 722 2322 Iosephus
746 2282 886 2322 Antiqq.
909 2282 961 2321 49,
988 2282 1019 2322 4,
1046 2283 1080 2314 44
1111 2285 1146 2315 et

277 2332 331 2365 43.
358 2330 493 2364 «Credo
517 2339 578 2363 eos
602 2339 699 2370 esse,
729 2331 789 2372 qui
811 2330 955 2364 Palatini
977 2333 1101 2374 postea
1124 2341 1144 2364 a

276 2382 354 2415 loco
384 2381 466 2414 dicti
497 2381 654 2423 (Sueton.
681 2380 788 2422 Calig.
813 2381 886 2422 56),
919 2383 976 2414 alii
1009 2382 1053 2414 ab
1077 2383 1146 2415 Au-

277 2431 489 2474 gustalibus,
521 2431 755 2472 videnturque
791 2431 846 2472 (ut
872 2431 989 2473 prodit
1016 2431 1072 2464 vel
1101 2441 1145 2464 ex

258 2483 346 2515 ·hoc
368 2481 456 2522 loco)
480 2490 550 2514 non
574 2482 757 2523 equestres
780 2483 840 2513 aut
858 2481 998 2515 curules
1022 2482 1142 2521 fuisse,

276 2534 315 2565 ut
336 2531 400 2573 illi,
431 2531 495 2565 sed
518 2531 661 2564 scenici.
697 2531 761 2563 Dio
788 2532 843 2572 56,
868 2531 928 2564 46:
965 2532 1081 2578 χωρὶς
1103 2530 1145 2564 δὲ

275 2580 422 2616 τούτων
443 2582 509 2614 καὶ
525 2578 549 2624 ἡ
566 2579 705 2614 Λιουΐα
730 2579 827 2614 ἰδίαν
849 2578 896 2624 δή
919 2591 1004 2614 τινα
1022 2577 1145 2625 πανή-

275 2643 382 2679 γυριν
410 2629 512 2676 αὐτῷ
541 2630 603 2664 ἐπὶ
631 2634 730 2677 τρεῖς
756 2627 902 2678 ἡμέρας
923 2631 964 2665 ἐν
986 2630 1038 2676 τῷ
1061 2631 1145 2665 Πα-

276 2681 391 2726 λατίῳ
414 2681 612 2724 ἐποίησεν,
637 2678 662 2723 ἢ
684 2681 750 2713 καὶ
772 2679 884 2728 δεῦρο
907 2677 967 2714 ἀεὶ
991 2678 1052 2714 ὑπ’
1073 2678 1144 2715 αὖ-

275 2731 351 2765 τῶν
364 2730 439 2765 τῶν
458 2727 517 2764 ἀεὶ
533 2727 826 2777 αὐτοκρατόρων
840 2729 1034 2763 τελεῖται.»
1056 2732 1142 2764 Lirs.

277 2800 313 2806 —
339 2783 392 2815 ius
411 2780 604 2822 iurandum]
633 2780 707 2814 scil.
732 2781 933 2823 neglectum
962 2782 1036 2814 sive
1067 2782 1144 2813 vio-

275 2831 404 2871 latum3
427 2840 462 2864 v.
486 2831 643 2872 Krueger
665 2830 710 2863 ad
731 2831 890 2873 Xenoph.
927 2830 1040 2863 Anah.
1058 2831 1090 2871 ὅ,
1109 2830 1141 2870 8,

275 2883 308 2915 4.
334 2882 442 2914 Ham.
471 2898 506 2903 —
542 2881 593 2912 dis
614 2880 725 2922 curae]
760 2879 889 2922 Regula
923 2879 1052 2913 deinde
1081 2879 1144 2912 fuit

276 2932 359 2965 iuris
381 2930 539 2964 Romani.
566 2930 652 2963 Cod.
678 2930 715 2970 4,
742 2931 773 2971 4,
797 2931 836 2964 2:
866 2930 1052 2975 Imperator
1072 2930 1144 2963 Ale-

274 2982 408 3014 xander
439 2980 478 3014 A.
513 2980 638 3012 Felici:
672 2980 758 3012 iuris
789 2981 927 3012 iurandi
959 2983 1144 3021 contempta

274 3032 391 3073 reliyio
412 3030 492 3063 satis
513 3030 610 3062 deum
631 3030 771 3062 ultorem
792 3030 897 3063 habet.

318 3081 371 3114 74.
390 3082 581 3121 praetorem
601 3079 775 3119 Bithyniae
790 3079 954 3122 quaestor]
978 3079 1140 3121 Bithynia

276 3141 319 3165 ex
349 3131 519 3163 divisione
548 3130 694 3171 Augusti
723 3130 815 3161 inter
843 3138 903 3162 eas
930 3131 1139 3172 provincias,

276 3189 366 3222 quae
390 3179 535 3221 senatui⁷
551 3180 587 3212 et
601 3177 730 3221 populo
748 3177 891 3211 relictae
909 3180 1023 3219 erant,
1048 3179 1143 3212 testi-

276 3230 342 3263 bus
373 3230 544 3263 Strabone
568 3229 626 3269 47,
651 3229 706 3261 25.
737 3237 772 3271 p.
796 3227 860 3261 840
890 3229 925 3261 et
950 3229 1061 3261 Dione
1085 3229 1138 3269 53,

277 3281 318 3313 ⁴2
334 3281 369 3312 et
385 3280 437 3313 44».
462 3281 605 3312 sueton.
626 3279 745 3312 Octav.
763 3277 824 3318 473
851 3278 1017 3319 quocirca
1041 3287 1142 3320 prae—

276 3329 398 3361 sertim
421 3337 464 3361 ex
486 3330 525 3361 A.
552 3328 605 3368 46,
624 3328 665 3362 48
688 3326 877 3370 (proconsul
898 3327 1083 3368 Bithyniae)
1107 3329 1142 3360 et

277 3387 321 3411 ex
347 3376 444 3410 Plinii
467 3376 699 3419 Epistularum
727 3375 801 3410 Lib.
825 3376 854 3409 X
877 3378 950 3409 toto
973 3377 1043 3409 iam
1066 3377 1142 3418 Lip—

276 3426 349 3460 sius
382 3426 560 3460 statuebat
591 3434 625 3459 v.
654 3428 845 3467 praetorem
873 3424 909 3458 h.
934 3423 956 3457 l.
987 3425 1141 3467 positum

1196 1840 1277 1865 esse
1311 1840 1376 1874 pro
1403 1832 1620 1873 proconsule,
1654 1833 1690 1864 et
1715 1841 1780 1874 pro
1811 1832 1879 1864 hac
1901 1833 2066 1874 opinione

1196 1881 1347 1914 afferunt
1370 1884 1409 1915 Α.
1435 1883 1474 1922 2,
1498 1882 1552 1914 55.
1585 1882 1622 1922 4,
1650 1883 1703 1914 45.
1737 1883 1811 1914 Cic.
1836 1881 1881 1914 ad
1911 1882 2007 1915 Fam.
2032 1882 2065 1923 2,

1197 1932 1250 1973 47,
1277 1932 1312 1964 6:
1339 1932 1446 1974 officio
1469 1932 1656 1973 quaestorio
1678 1935 1709 1965 te
1731 1933 1911 1965 adductum
1931 1934 2069 1966 reticere

1195 1983 1235 2014 de
1250 1986 1409 2023 praetore
1429 1986 1501 2022 luc,
1526 1981 1561 2014 id
1585 1983 1659 2024 est,
1684 1982 1729 2015 de
1747 1982 1888 2024 Bibulo,
1913 1992 2069 2026 procon-

1196 2031 1272 2064 sule
1295 2033 1429 2074 Syriae.
1465 2032 1516 2065 Cf.
1543 2033 1635 2065 Bake
1665 2032 1710 2064 ad
1735 2033 1806 2066 Cic.
1832 2033 1877 2066 de
1901 2034 2006 2075 Legg.
2033 2034 2065 2074 4,

1195 2083 1256 2114 20:
1282 2083 1319 2115 L.
1338 2083 1479 2123 Gellius,
1503 2091 1579 2115 cum
1598 2091 1662 2123 pro
1684 2084 1815 2116 consule
1839 2092 1884 2116 ea:
1902 2087 2069 2125 praetura

1194 2133 1230 2164 in
1258 2132 1437 2165 Graeciam
1463 2132 1612 2164 venisset.
1654 2133 1742 2165 Item
1771 2133 1895 2167 Marini
1922 2133 1990 2166 Atti
2017 2133 2066 2166 de'

1194 2182 1251 2215 Fr.
1275 2183 1354 2215 Arv.
1381 2191 1415 2224 p.
1441 2182 1517 2215 744.
1554 2184 1620 2215 Pro
1650 2183 1829 2225 impietate
1859 2185 1978 2216 autem
2002 2183 2068 2216 ha-

1195 2232 1365 2272 bebatur,
1405 2232 1435 2265 si
1472 2234 1641 2274 quaestor
1674 2241 1779 2266 suum
1817 2233 2065 2275 proconsulem

1195 2281 1397 2315 accusabat.
1423 2282 1479 2314 Sic
1493 2282 1579 2314 enim
1596 2283 1645 2322 (ut
1659 2283 1706 2315 ait
1722 2283 1794 2316 Cic.
1812 2283 1887 2316 Div.
1905 2285 1941 2316 in
1958 2284 2065 2317 Caec.

1196 2333 1247 2372 44)
1278 2341 1300 2364 a
1328 2331 1512 2364 maioribus
1531 2333 1653 2364 nostris
1675 2335 1860 2374 accepimus
1874 2337 2067 2375 praetorem

1195 2382 1363 2423 quaestori
1398 2390 1457 2413 suo
1497 2382 1649 2422 parentis
1685 2382 1755 2414 loco
1792 2392 1859 2415 esse
1902 2385 2063 2424 oportere.

1195 2431 1283 2464 lbid.
1302 2431 1362 2464 48:
1390 2431 1555 2471 Quoniam
1571 2434 1727 2472 quaestor
1745 2432 1854 2464 Verris
1867 2433 1976 2474 fuisti,
1997 2441 2066 2465 non

1188 2485 1283 2523 potes
1311 2490 1386 2514 eum
1413 2481 1482 2513 sine
1510 2482 1584 2514 ulla
1609 2482 1853 2522 vituperatione
1881 2491 2065 2516 accusare:

1194 2532 1223 2564 si
1242 2540 1320 2564 vero
1342 2531 1438 2563 nulla
1460 2530 1519 2563 tibi
1542 2531 1636 2571 facta
1658 2534 1704 2564 est
1725 2532 1873 2572 iniuria,
1903 2533 1973 2566 sine
1993 2541 2065 2566 see-

1192 2582 1259 2614 lere
1280 2590 1355 2614 eum
1376 2589 1535 2613 accusare
1556 2590 1622 2613 non
1645 2584 1750 2622 potes.
1776 2599 1812 2605 —
1847 2583 1967 2624 Caepio
1989 2583 2065 2617 Cri-

1191 2630 1314 2672 spinus]
1336 2630 1527 2671 Borghesio
1548 2629 1642 2663 idem
1659 2630 1799 2663 videtur
1815 2633 1921 2674 atque
1937 2633 1979 2672 is,
2004 2633 2064 2674 qui

1194 2682 1228 2713 in
1251 2680 1477 2722 inscriptione
1499 2682 1718 2713 memoratur
1733 2681 1827 2723 apud
1843 2682 1966 2715 Murat.
1985 2681 2061 2722 973,

1193 2731 1207 2763 4
1224 2740 1231 2762 :
1255 2730 1434 2770 Prosodus,
1460 2730 1610 2770 Daphni,
1636 2730 1778 2771 Crispini
1800 2731 1973 2772 Caepionis
1994 2732 2064 2764 dis-

1187 2780 1427 2822 p(ensatoris)‚
1457 2780 1557 2821 tilius.
1586 2798 1619 2803 -
1653 2781 1800 2813 Romano
1822 2781 1974 2824 Hispone]
1999 2790 2062 2814 cu-

1193 2831 1246 2863 ius
1271 2828 1568 2862 declamationum
1590 2828 1707 2862 Electa
1732 2831 1767 2862 in
1790 2831 1947 2863 Senecae
1967 2831 2062 2864 Con-

1192 2879 1371 2912 troversiis
1389 2887 1459 2910 non
1476 2887 1545 2910 uno
1561 2877 1651 2911 loco.
1670 2880 1755 2911 Lirs.
1776 2897 1812 2902 —
1834 2881 1892 2921 qui
1904 2880 2060 2923 somam]

1193 2929 1269 2961 Non
1285 2928 1493 2969 Hipponem,
1512 2927 1577 2960 sed
1594 2928 1793 2970 Crispinum
1805 2927 1946 2970 intelligi
1961 2931 2060 2962 recte

1193 2979 1315 3011 monet
1344 2977 1513 3014 Pichena;
1550 2977 1585 3010 id
1616 2978 1767 3020 patebit,
1799 2979 1828 3011 si
1855 2979 2060 3012 consideres

1192 3027 1393 3069 sequentia:
1418 3027 1474 3059 sed
1493 3027 1690 3060 Marcellum
1709 3028 1924 3061 insimulabat
1938 3045 1988 3052 --
2002 3030 2061 3062 ad-

1191 3077 1275 3109 didit
1294 3077 1405 3117 HispO.
1440 3076 1496 3108 Sic
1519 3077 1626 3110 etiam
1651 3077 1817 3118 Ryckius‚
1843 3078 1903 3120 qui
1918 3086 2061 3121 compa-

1192 3128 1247 3159 rat
1269 3125 1387 3159 locum
1409 3125 1559 3159 similem
1583 3136 1602 3159 e
1623 3127 1677 3167 45,
1696 3128 1748 3160 49.
1774 3128 1854 3160 Ean.
1878 3127 2059 3162 Ablativus

1191 3175 1375 3210 absolutus
1407 3176 1508 3218 quasi
1538 3177 1572 3209 in
1606 3178 1810 3219 parenthesi
1844 3178 2057 3212 intercurrit.

1191 3227 1276 3259 Tam
1309 3225 1446 3259 subitae
1480 3226 1683 3259 mutationis
1723 3226 1932 3260 relationum
1966 3227 2058 3261 aliud

1191 3275 1393 3318 exemplum
1416 3277 1492 3308 erat
1514 3284 1545 3309 c.
1572 3276 1613 3309 69
1637 3278 1725 3310 extr.
1751 3277 1868 3310 wom.
1896 3295 1932 3303 —
1959 3279 2060 3311 adre-

1189 3325 1249 3366 pit]
1274 3324 1397 3358 callide
1421 3324 1516 3368 apud
1531 3325 1709 3359 Tiberium
1732 3334 1771 3359 se
1795 3326 1995 3367 insinuavit,
2021 3329 2060 3360 ut

1191 3377 1267 3409 eius
1296 3376 1441 3408 saevitia
1463 3375 1509 3408 ad
1536 3376 1676 3418 propria
1700 3375 1843 3410 consilia
1865 3375 2057 3410 obtinenda

1190 3424 1407 3458 abuteretur.
1428 3442 1465 3449 —
1490 3433 1538 3458 σω.
1549 3425 1756 3467 pauperibus
1770 3427 1899 3468 divites,
1923 3435 1968 3461 σω
1983 3435 2058 3460 con-
