2254 3770
262 272 346 317 332
750 275 796 319 P.
829 274 1079 319 CORNELII
1108 275 1280 321 TAClTI
1307 274 1578 321 ANNALIUM

262 381 307 424 in
335 381 445 427 urbe
474 381 541 426 ius
572 381 715 440 adepti
746 388 856 425 sunt.
898 381 1041 426 datum
1072 381 1115 426 id
1145 381 1307 426 foederi
1337 383 1524 442 antiquo,
1556 389 1599 428 et
1616 383 1717 442 quia
1737 384 1816 430 soli
1839 385 2055 432 Gallorum

263 457 531 502 fraternitatis
561 472 717 502 nomen
749 471 847 502 cum
875 457 1036 517 populo
1066 459 1110 502 R.
1141 465 1361 516 usurpant.

374 535 517 578 Isdem
546 533 700 578 diebus
732 533 775 576 in
804 547 1030 578 numerum
1059 534 1336 593 patriciorum
1365 535 1515 579 ascivit
1540 535 1700 581 Caesar
1718 538 2053 583 vetustissimum

262 624 480 669 quemque
512 625 536 654 e
566 616 735 662 senatu,
780 616 852 653 aut
881 610 1037 669 quibus
1068 610 1170 654 clari
1200 616 1401 669 parentes
1432 611 1619 664 fuerant,
1656 613 1807 671 paucis
1837 614 1922 658 iam
1952 614 2053 659 reli-

230 687 360 746 nquis
389 686 641 730 familiarum
670 699 779 744 quas
812 685 1018 730 Romulus
1049 686 1260 730 maiorum
1289 692 1332 730 et
1360 687 1404 730 L.
1436 687 1592 731 Brutus
1622 688 1833 733 minorum
1862 691 2053 749 gentium

262 763 600 822 appellaverant,
633 761 851 806 exhaustis
881 761 1007 806 etiam
1039 775 1148 820 quas
1178 761 1358 806 dictator
1386 762 1545 807 Caesar
1573 763 1668 822 lege
1690 764 1838 809 Cassia
1867 771 1909 810 et
1937 767 2048 824 prin-

263 853 366 898 ceps
396 840 611 896 Augustus
650 837 745 895 lege
786 837 940 882 Saenia
979 837 1221 895 sublegere.
1274 837 1472 896 laetaque
1501 838 1610 884 haec
1638 840 1681 883 in
1712 854 1804 884 rem
1837 855 1878 899 p.
1909 842 2055 887 munia

261 914 394 958 multo
426 913 583 972 gaudio
614 913 808 957 censoris
838 912 1065 957 inibantur.
1110 912 1296 957 famosos
1326 914 1497 972 probris
1527 928 1714 973 quonam
1742 916 1872 961 modo
1903 924 2054 962 senatu

263 990 501 1049 depelleret
529 989 699 1041 anxius,
732 989 878 1033 mitem
907 995 949 1033 et
978 1002 1130 1033 recens
1168 995 1382 1047 repertam
1412 1004 1543 1048 quam
1572 1005 1626 1035 ex
1655 992 1882 1037 severitate
1911 993 2054 1052 prisca

212 1078 249 1109 ⁴0
262 1066 471 1110 rationem
501 1065 711 1118 adhibuit,
743 1064 977 1116 monendo,
1011 1079 1158 1109 secum
1180 1065 1366 1124 quisque
1396 1065 1451 1110 de
1481 1080 1529 1110 se
1560 1067 1833 1120 consultaret,
1865 1074 2055 1127 peteret-

262 1156 348 1201 que
379 1142 446 1186 ius
477 1141 661 1186 exuendi
693 1141 867 1185 ordinis.
911 1139 1080 1185 facilem
1110 1141 1203 1185 eius
1232 1141 1295 1185 rei
1316 1142 1498 1186 veniam.
1529 1148 1571 1187 et
1593 1149 1732 1187 motos
1753 1150 1901 1188 senatu
1924 1159 2055 1190 excu-

263 1224 467 1276 satosque
509 1216 634 1261 simul
671 1217 1012 1275 propositurum,
1059 1222 1106 1260 ut
1141 1216 1348 1261 iudicium
1383 1231 1612 1261 censorum
1641 1232 1692 1263 ac
1732 1219 1874 1276 pudor
1903 1227 2056 1278 sponte

262 1293 507 1338 cedentium
536 1293 735 1351 permixti
765 1292 1040 1351 ignominiam
1069 1291 1293 1336 mollirent.
1326 1291 1382 1336 ob
1403 1306 1456 1337 ea
1476 1293 1702 1351 Vipstanus
1723 1295 1873 1339 consul
1898 1295 2057 1341 rettulit

205 1388 207 1390 ·
260 1375 426 1428 patrem
457 1375 631 1414 senatus
661 1368 965 1427 appellandum
995 1381 1093 1412 esse
1125 1367 1366 1412 Claudium:
1411 1369 1572 1427 quippe
1601 1370 1896 1428 promiscuum
1923 1372 2056 1430 patris

211 1458 247 1488 ⁴5
261 1446 424 1505 patriae
468 1450 816 1503 cognomentum
860 1458 970 1488 nova
995 1444 1054 1486 'in
1097 1457 1189 1488 rem
1235 1458 1276 1502 p.
1316 1444 1467 1488 merita
1507 1459 1593 1488 non
1632 1445 1798 1490 usitatis
1834 1446 2056 1492 vocabulis

260 1520 523 1565 honoranda.
569 1520 649 1564 sed
683 1521 776 1578 ipse
807 1519 998 1564 cohibuit
1026 1519 1247 1564 consulem
1276 1526 1322 1563 ut
1355 1520 1531 1564 nimium
1562 1521 1868 1566 adsentantem.
1908 1523 2057 1568 condi-

261 1596 409 1656 ditque
447 1596 644 1648 lustrum,
682 1610 769 1655 quo
808 1609 940 1640 censa
977 1602 1074 1639 sunt
1103 1596 1259 1640 civium
1288 1597 1443 1641 LVIIlI.
1474 1596 1708 1640 LXXXIIlI.
1740 1598 1898 1642 LXXII.
1929 1598 2055 1658 isque

328 1725 358 1757 i.
382 1724 487 1771 syderi
508 1725 542 1759 M
574 1740 610 1748 —
643 1725 675 1758 2.
700 1710 763 1758 Ρῖῖ.
787 1725 821 1758 Μ
846 1742 882 1748 -
914 1724 946 1757 6.
972 1724 1079 1757 dictor
1100 1724 1134 1757 M
1158 1741 1193 1747 -
1221 1724 1255 1756 7.
1279 1724 1404 1757 Saenia
1426 1725 1581 1767 Lipsius:
1608 1725 1704 1758 senia
1730 1725 1764 1759 Μ
1789 1743 1825 1748 -
1859 1712 1934 1759 ,ιῑῖἱ
1959 1727 1993 1760 Μ
2018 1745 2051 1752 -

262 1782 315 1814 Μ.
340 1782 483 1814 exuendi
506 1782 661 1824 Lipsius:
690 1782 834 1814 eoeeundi
856 1782 890 1815 M
921 1800 957 1805 -
991 1782 1044 1814 42.
1070 1781 1256 1814 censorium
1287 1782 1441 1815 Faernus
1473 1781 1747 1824 «probabiliter,
1776 1791 1859 1815 cum
1882 1791 1991 1826 supra
2013 1784 2059 1817 sit

260 1837 364 1871 multo
391 1838 516 1880 gaudio
539 1839 702 1878 censoris;
735 1837 822 1871 infra
847 1838 966 1870 tamen
992 1838 1064 1879 (⁴2,
1089 1837 1119 1879 4)
1145 1838 1251 1870 etiam
1274 1837 1431 1871 Vitellius
1463 1847 1591 1871 censor
1619 1839 1854 1872 nominatur.»
1879 1839 1988 1873 Hau.
2017 1858 2053 1864 —

261 1894 315 1928 ⁴3.
336 1895 512 1935 permixta
534 1895 733 1937 exspectari
756 1896 893 1927 monuit
914 1895 1078 1928 Ritterus.
1099 1912 1134 1918 -·
1158 1895 1330 1935 Vipstanus
1351 1895 1520 1936 Ryckius:
1546 1895 1721 1935 uipsanius
1742 1895 1777 1928 M
1796 1912 1830 1919 —
1856 1896 1910 1928 ⁴7.
1928 1896 2056 1929 LVIIII.

260 1950 445 1984 LXXXIIII.
472 1951 599 1984 LXXII.
623 1952 673 1985 M:
700 1952 945 1994 quinquaginta
967 1960 1084 1984 novem
1105 1954 1242 1984 centena
1264 1952 1431 1993 octoginta
1454 1954 1614 1992 quattuor
1635 1951 1732 1984 milia
1753 1953 1968 1995 septuaginta
1990 1953 2054 1985 duo

261 2005 384 2048 vulgo3
415 2008 658 2049 quinquagiens
684 2011 851 2050 nongenta
881 2008 1049 2050 octoginta
1079 2017 1112 2048 q.
1136 2017 1181 2040 m.
1207 2016 1234 2040 s.
1260 2008 1291 2040 d.
1318 2006 1492 2047 Halmius3
1523 2008 1632 2040 immo
1655 2008 1898 2051 quinquagiens
1918 2009 2055 2042 noviens

261 2067 399 2099 centena
415 2064 455 2106 (s.
468 2065 623 2107 centum),
641 2066 810 2108 octoginta
826 2069 988 2107 quattuor
1001 2065 1109 2106 milia,
1126 2066 1338 2107 septuaginta
1353 2065 1429 2098 duo.
1449 2064 1500 2097 Cf.
1514 2065 1669 2098 Monum.
1683 2065 1815 2106 Ancyr.
1832 2065 1871 2098 T.
1884 2065 1927 2106 11,
1946 2065 2054 2108 4sqq.

263 2180 474 2206 concessum
498 2174 572 2206 est:
597 2172 663 2207 sed
679 2182 761 2206 cum
777 2174 916 2207 nonnisi
932 2174 1050 2206 certus
1066 2181 1134 2205 nu-

262 2231 384 2256 merus
401 2223 536 2256 admitti
553 2227 685 2266 posset,
705 2224 910 2266 dignitatem
927 2225 1133 2258 senatorum

262 2274 500 2306 Romanorum
531 2275 686 2316 primum
709 2275 822 2307 Aedui
846 2283 883 2307 re
908 2283 991 2307 vera
1015 2273 1133 2315 adepti

263 2325 357 2356 sunt.
381 2325 513 2356 Rirrssn.
539 2325 651 2357 Aedui
667 2327 787 2358 autem
804 2326 895 2357 inter
910 2325 1035 2357 ssuvios
1051 2326 1135 2356 Ara-

262 2375 330 2407 rim
353 2374 489 2416 (Saone)
514 2376 549 2407 et
573 2376 723 2417 Ligerim
746 2375 869 2418 (Loire)
893 2375 999 2407 sedes
1021 2373 1135 2406 habe-

262 2424 350 2457 bant
372 2426 477 2466 atque
502 2427 700 2468 principem
723 2426 757 2459 in
775 2425 880 2458 Gallia
904 2424 1021 2457 locum
1042 2424 1135 2457 obti-

265 2475 408 2508 nebant.
441 2475 574 2508 Caesar
596 2477 633 2509 B.
654 2478 692 2508 G.
713 2476 744 2515 6,
763 2476 816 2516 42,
835 2476 875 2507 9:
902 2484 938 2508 eo
962 2479 1033 2508 tum
1046 2478 1136 2507 statu

263 2535 318 2558 res
339 2529 430 2566 erat,
462 2529 499 2558 ut
521 2527 618 2568 longe
637 2526 804 2567 principes
825 2526 1024 2558 haberentur
1046 2526 1135 2558 Hae-

264 2577 339 2616 dui,
371 2577 548 2609 secundum
571 2577 680 2610 locum
702 2577 873 2619 dignitatis
894 2578 985 2609 Remi
1008 2577 1135 2610 obtine-

263 2630 350 2660 rent.
374 2627 506 2659 Eorum
530 2628 635 2669 caput
658 2628 733 2659 erat
751 2627 1061 2668 Augustodunum,
1088 2626 1133 2659 de

265 2686 335 2719 quo
358 2676 439 2709 vide
462 2676 507 2709 ad
532 2676 569 2716 3,
595 2677 648 2709 43.
675 2678 725 2709 De
746 2677 994 2719 orthographia
1019 2677 1135 2709 nomi—

264 2728 336 2766 nis,
369 2727 466 2769 quod
497 2734 578 2759 cum
609 2727 819 2769 aspiratione
851 2726 1017 2759 scribitur
1040 2726 1134 2768 apud

265 2778 474 2811 Ciceronem
498 2779 534 2810 et
557 2778 747 2810 Caesarem
774 2779 893 2819 (etiam
918 2777 1012 2819 apud
1035 2778 1136 2810 Taci—

264 2830 341 2860 tum
371 2828 458 2861 Hist.
484 2828 523 2868 2,
550 2828 603 2860 6⁴.
630 2827 667 2867 4,
697 2827 775 2869 57),
802 2827 845 2860 cf.
871 2827 1067 2860 Schneider
1090 2827 1134 2860 ad

266 2878 370 2911 Caes.
396 2878 433 2911 B.
454 2879 493 2911 G.
513 2878 544 2917 t,
563 2877 582 2909 3
607 2886 641 2918 p.
662 2878 692 2910 9.
716 2896 751 2901 —
775 2878 997 2920 fraternitatis
1019 2887 1136 2910 nomen

266 2927 347 2970 cet]
373 2928 424 2962 Cf.
448 2928 519 2961 Cic.
539 2927 583 2959 ad
611 2929 705 2960 Fam.
723 2928 755 2968 7,
773 2929 827 2968 40,
846 2928 866 2961 li
890 2930 925 2960 et
948 2928 992 2961 ad
1014 2929 1082 2961 Att.
1101 2931 1133 2968 t,

266 2979 319 3018 49,
344 2979 383 3011 2:
412 2978 534 3016 fratres
556 2978 661 3009 nostri
682 2978 825 3010 Haedui.
853 2978 954 3011 Caes.
980 2979 1017 3011 B.
1044 2979 1082 3011 G.
1101 2979 1134 3019 l,

265 3029 326 3062 33:
352 3029 524 3068 Haeduos,
547 3028 673 3069 fratres
697 3029 1020 3069 consanguineosque
1041 3037 1137 3068 saepe

265 3088 403 3112 numero
436 3089 459 3112 a
493 3082 611 3112 senatu
643 3078 838 3118 appellatos.
885 3078 936 3111 Cf.
974 3079 1135 3111 Eumenii

266 3131 395 3171 Paneg.
423 3129 468 3162 ad
492 3128 762 3162 Constantinum
785 3137 815 3159 c.
835 3128 855 3160 2
879 3130 915 3160 et
937 3128 969 3161 3.
990 3145 1026 3151 —
1053 3137 1138 3170 quas

266 3180 422 3212 Romulus
442 3181 612 3213 maiorum
635 3177 718 3219 cet.]
748 3178 931 3219 Discrepat
954 3179 1092 3212 Tacitus
1116 3188 1137 3211 a

267 3231 395 3263 ceteris
429 3230 581 3271 antiquis
610 3227 826 3262 auctoribus.
864 3228 988 3261 Cicero
1019 3229 1063 3261 de
1089 3231 1135 3262 Re

266 3279 410 3322 publica
439 3281 477 3319 2,
502 3281 562 3313 20:
593 3280 631 3312 L.
660 3278 860 3320 Tarquinius
887 3280 1052 3320 principio
1074 3281 1139 3312 du-

264 3331 405 3371 plicavit
427 3331 521 3363 illum
540 3331 721 3371 pristinum
739 3331 877 3370 patrum
896 3338 1082 3368 numerum,
1109 3333 1138 3362 et

267 3381 422 3421 antiquos
445 3383 562 3422 patres
582 3381 787 3413 maiorum
818 3380 1002 3422 gentium
1024 3380 1138 3420 appel-

267 3430 368 3471 lavit,
400 3438 482 3473 quos
500 3431 633 3472 priores
654 3429 848 3463 sententiam
869 3429 1032 3472 rogabat,
1061 3438 1084 3461 a
1106 3438 1139 3462 se

1184 2172 1326 2205 adscitos
1347 2171 1537 2204 minores.
1563 2170 1678 2204 Livius
1702 2171 1734 2210 ⁴,
1759 2170 1819 2203 35:
1855 2171 2057 2214 Tarquinius

1184 2225 1314 2255 centum
1334 2222 1370 2254 in
1389 2224 1506 2262 patres
1524 2222 1620 2263 legit,
1645 2221 1702 2262 qui
1717 2221 1831 2254 deinde
1844 2222 2058 2255 minorum

1183 2273 1369 2314 gentium
1391 2276 1467 2304 sunt
1489 2272 1658 2312 appellati.
1682 2270 1845 2305 Aurelius
1870 2272 1987 2305 Victor
2010 2273 2055 2306 de

1184 2324 1267 2356 viris
1290 2322 1414 2355 illustr.
1440 2323 1478 2355 6:
1506 2322 1642 2355 Centum
1660 2325 1775 2363 patres
1797 2323 1832 2355 in
1854 2324 1986 2356 curiam
2009 2323 2058 2356 le-

1183 2374 1250 2415 git,
1277 2373 1335 2414 qui
1349 2373 1517 2405 minorum
1531 2372 1679 2414 gentium
1694 2375 1770 2404 sunt
1785 2373 1953 2414 appellati.
1977 2373 2058 2406 Dio-

1185 2432 1264 2465 nys.
1290 2421 1398 2455 Halic.
1417 2422 1449 2463 3,
1472 2423 1533 2455 67:
1560 2419 1733 2464 ἐπιλέξας
1755 2418 1897 2469 ἄνδρας
1918 2420 2058 2456 ἑκατὸν

1185 2491 1236 2498 --
1253 2473 1476 2519 πατρικίους
1498 2471 1657 2516 ἐποίησε
1683 2473 1749 2505 καὶ
1775 2471 1979 2516 κατέταξεν
2002 2474 2057 2516 εἰς

1185 2521 1252 2557 τὸν
1282 2523 1357 2556 τῶν
1378 2521 1596 2564 βουλευτῶν
1621 2520 1799 2570 ἀριθμόν.
1838 2525 1986 2566 Propius
2009 2524 2055 2558 ad

1185 2576 1343 2607 Tacitum
1367 2574 1553 2611 accedunt,
1581 2583 1672 2616 quae
1697 2575 1814 2606 narrat
1830 2574 1946 2608 Livius
1968 2575 2002 2615 2,
2022 2576 2053 2608 i:

1186 2626 1310 2658 Brutus
1331 2625 1485 2658 caedibus
1505 2625 1593 2666 regis
1613 2625 1816 2657 deminutum
1835 2627 1974 2666 patrum
1995 2634 2057 2658 nu-

1184 2684 1314 2708 merum
1337 2674 1542 2716 primoribus
1572 2676 1732 2715 equestris
1752 2675 1880 2716 gradus
1900 2675 1990 2707 betis
2011 2675 2057 2708 ad

1184 2728 1404 2757 trecentorum
1436 2733 1600 2757 summam
1633 2725 1787 2765 explevit.
1831 2725 2056 2766 traditumque

1184 2776 1259 2808 inde
1280 2776 1388 2817 fertur
1408 2778 1448 2807 ut
1468 2776 1503 2807 in
1526 2778 1677 2808 senatum
1698 2778 1902 2807 vocarentur
1917 2776 1974 2816 qui
1992 2784 2056 2816 pa-

1185 2830 1250 2859 tres
1273 2827 1395 2867 quique
1415 2826 1593 2866 conscripti
1607 2829 1719 2858 essent.
1746 2826 1888 2859 Servius
1904 2825 1950 2858 ad
1965 2827 2053 2860 Aen.

1186 2878 1218 2917 i,
1243 2876 1326 2911 426:
1359 2876 1495 2918 Legitur
1526 2876 1615 2917 apud
1638 2876 1798 2916 quosdam
1825 2876 1966 2908 Brutum
1989 2885 2055 2918 eos,

1186 2928 1242 2968 qui
1265 2935 1297 2959 se
1318 2927 1353 2959 in
1375 2927 1541 2959 eiiciendis
1562 2926 1694 2968 regibus
1708 2927 1885 2967 iuvissent,
1909 2927 2007 2960 lectos
2021 2929 2057 2960 in

1185 2977 1374 3018 consilium,
1399 2985 1474 3010 eum
1496 2977 1645 3009 ordinem
1667 2979 1817 3009 senatum
1838 2977 2055 3019 appellatum,

1186 3028 1274 3069 quod
1303 3036 1373 3059 una
1395 3027 1565 3060 sensissent
1587 3026 1781 3069 (senuissent
1791 3026 1844 3070 c1>);
1876 3028 1964 3069 quod
1990 3037 2058 3069 ρα-

1186 3079 1274 3111 tricii
1296 3081 1415 3118 essent,
1439 3081 1552 3119 patres
1574 3079 1785 3119 conscriptos.
1821 3078 1886 3111 Alii
1905 3081 2020 3119 patres
2034 3087 2058 3111 a

1183 3128 1274 3169 plebe
1302 3129 1337 3160 in
1359 3128 1533 3160 consilium
1558 3131 1691 3160 senatus
1712 3131 1883 3168 separatos
1904 3129 2055 3168 tradunt,

1185 3182 1216 3211 et
1238 3178 1455 3218 conscriptos,
1482 3178 1539 3219 qui
1559 3180 1633 3219 post
1648 3186 1670 3209 a
1686 3178 1802 3210 Servio
1821 3178 1923 3210 Tullio
1937 3186 1955 3210 e
1964 3177 2058 3219 plebe

1187 3229 1277 3262 electi
1299 3231 1385 3260 sunt.
1407 3246 1442 3251 —
1462 3228 1585 3261 Caesar
1607 3228 1675 3270 lege
1691 3227 1816 3270 Cassia]
1841 3228 1927 3260 Rem
1951 3227 2056 3261 tradit

1187 3279 1374 3311 Suetonius
1398 3279 1498 3311 Caes.
1526 3277 1585 3312 4⁴:
1618 3281 1769 3310 senatum
1789 3277 1967 3318 supplevit,
1988 3287 2057 3319 pa-

1186 3330 1300 3361 tricios
1321 3329 1444 3370 allegit.
1470 3329 1534 3362 Dio
1558 3328 1613 3370 43,
1636 3328 1692 3362 47:
1719 3326 1962 3371 παμπληθεῖς
1982 3327 2056 3371 μὲν

1187 3378 1248 3413 ἐπὶ
1264 3376 1334 3422 τὴν
1349 3379 1567 3425 γερουσίαν,
1593 3375 1758 3419 πολλοὺς
1773 3376 1813 3411 δὲ
1828 3378 1891 3411 καὶ
1909 3377 1949 3419 ἐς
1963 3376 2055 3421 τοὺς

1162 3449 1167 3457 ·
1188 3426 1413 3476 εὐπατρίδας
1435 3426 1686 3473 ἐγκατέλεξεν.
1712 3429 1874 3462 Fortasse
1897 3427 1953 3462 lex
1971 3429 2054 3463 Cas-
