<?xml version="1.0" encoding="UTF-8"?>
<!DOCTYPE html PUBLIC "-//W3C//DTD XHTML 1.0 Transitional//EN"
    "http://www.w3.org/TR/xhtml1/DTD/xhtml1-transitional.dtd">
<html xmlns="http://www.w3.org/1999/xhtml" xml:lang="en" lang="en">
 <head>
  <title>
</title>
<meta http-equiv="Content-Type" content="text/html;charset=utf-8" />
  <meta name='ocr-system' content='tesseract 3.04.00' />
  <meta name='ocr-capabilities' content='ocr_page ocr_carea ocr_par ocr_line ocrx_word'/>
</head>
<body>
  <div class='ocr_page' id='page_1' title='image "./pcorneliitacitio01taciuoft_0388.png"; bbox 0 0 2254 3770; ppageno 0'>
   <div class='ocr_carea' id='block_1_1' title="bbox 287 268 1601 316">
    <p class='ocr_par' dir='ltr' id='par_1_1' title="bbox 287 268 1601 316">
     <span class='ocr_line' id='line_1_1' title="bbox 287 268 1601 316; baseline 0.003 -5"><span class='ocrx_word' id='word_1_1' title='bbox 287 268 371 312; x_wconf 80' lang='lat'>350</span> <span class='ocrx_word' id='word_1_2' title='bbox 776 271 820 314; x_wconf 88' lang='lat' dir='ltr'>P.</span> <span class='ocrx_word' id='word_1_3' title='bbox 853 270 1103 315; x_wconf 87' lang='lat' dir='ltr'>CORNELII</span> <span class='ocrx_word' id='word_1_4' title='bbox 1132 270 1302 315; x_wconf 85' lang='lat' dir='ltr'>TACITI</span> <span class='ocrx_word' id='word_1_5' title='bbox 1332 271 1601 316; x_wconf 81' lang='lat' dir='ltr'>ANNALIUM</span> 
     </span>
    </p>
   </div>
   <div class='ocr_carea' id='block_1_2' title="bbox 233 377 2076 1416">
    <p class='ocr_par' dir='ltr' id='par_1_2' title="bbox 252 377 2076 1024">
     <span class='ocr_line' id='line_1_2' title="bbox 285 377 2074 422; baseline 0.001 -3"><span class='ocrx_word' id='word_1_6' title='bbox 285 390 390 421; x_wconf 85' lang='lat' dir='ltr'>nam</span> <span class='ocrx_word' id='word_1_7' title='bbox 423 378 629 422; x_wconf 89' lang='lat' dir='ltr'>memoria</span> <span class='ocrx_word' id='word_1_8' title='bbox 669 377 863 422; x_wconf 84' lang='lat' dir='ltr'>beneficii</span> <span class='ocrx_word' id='word_1_9' title='bbox 903 385 945 421; x_wconf 91' lang='lat' dir='ltr'>et</span> <span class='ocrx_word' id='word_1_10' title='bbox 979 377 1168 421; x_wconf 87' lang='lat' dir='ltr'>infensus</span> <span class='ocrx_word' id='word_1_11' title='bbox 1200 377 1377 422; x_wconf 91' lang='lat' dir='ltr'>Claudio</span> <span class='ocrx_word' id='word_1_12' title='bbox 1408 377 1558 421; x_wconf 87' lang='lat' dir='ltr'>dolore</span> <span class='ocrx_word' id='word_1_13' title='bbox 1594 378 1774 422; x_wconf 86' lang='lat' dir='ltr'>iniuriae</span> <span class='ocrx_word' id='word_1_14' title='bbox 1805 377 2074 422; x_wconf 78' lang='lat' dir='ltr'>credebatur.</span> 
     </span>
     <span class='ocr_line' id='line_1_3' title="bbox 283 451 2075 510; baseline 0.001 -16"><span class='ocrx_word' id='word_1_15' title='bbox 283 451 339 509; x_wconf 88' lang='lat'>(9)</span> <span class='ocrx_word' id='word_1_16' title='bbox 371 453 570 510; x_wconf 89' lang='lat' dir='ltr'>placitum</span> <span class='ocrx_word' id='word_1_17' title='bbox 603 452 757 496; x_wconf 87' lang='lat' dir='ltr'>dehinc</span> <span class='ocrx_word' id='word_1_18' title='bbox 786 467 870 496; x_wconf 91' lang='lat' dir='ltr'>non</span> <span class='ocrx_word' id='word_1_19' title='bbox 901 453 1009 497; x_wconf 89' lang='lat' dir='ltr'>ultra</span> <span class='ocrx_word' id='word_1_20' title='bbox 1041 453 1246 504; x_wconf 80' lang='lat' dir='ltr'>cunctar1‚</span> <span class='ocrx_word' id='word_1_21' title='bbox 1288 452 1365 497; x_wconf 91' lang='lat' dir='ltr'>sed</span> <span class='ocrx_word' id='word_1_22' title='bbox 1397 452 1666 510; x_wconf 81' lang='lat' dir='ltr'>designatum</span> <span class='ocrx_word' id='word_1_23' title='bbox 1694 453 1914 498; x_wconf 87' lang='lat' dir='ltr'>consulem</span> <span class='ocrx_word' id='word_1_24' title='bbox 1945 454 2075 497; x_wconf 80' lang='lat' dir='ltr'>Mem·</span> 
     </span>
     <span class='ocr_line' id='line_1_4' title="bbox 284 528 2073 587; baseline 0.001 -16"><span class='ocrx_word' id='word_1_25' title='bbox 284 528 417 571; x_wconf 92' lang='lat' dir='ltr'>mium</span> <span class='ocrx_word' id='word_1_26' title='bbox 455 528 690 572; x_wconf 90' lang='lat' dir='ltr'>Pollionem</span> <span class='ocrx_word' id='word_1_27' title='bbox 728 528 971 585; x_wconf 77' lang='lat' dir='ltr'>ingentibus</span> <span class='ocrx_word' id='word_1_28' title='bbox 1009 529 1232 586; x_wconf 78' lang='lat' dir='ltr'>promissis</span> <span class='ocrx_word' id='word_1_29' title='bbox 1272 528 1478 572; x_wconf 90' lang='lat' dir='ltr'>inducunt</span> <span class='ocrx_word' id='word_1_30' title='bbox 1516 529 1768 573; x_wconf 77' lang='lat' dir='ltr'>sententiam</span> <span class='ocrx_word' id='word_1_31' title='bbox 1806 542 2073 587; x_wconf 78' lang='lat' dir='ltr'>expromere,</span> 
     </span>
     <span class='ocr_line' id='line_1_5' title="bbox 284 603 2076 662; baseline 0.001 -16"><span class='ocrx_word' id='word_1_32' title='bbox 284 617 371 662; x_wconf 88' lang='lat' dir='ltr'>qua</span> <span class='ocrx_word' id='word_1_33' title='bbox 400 611 596 647; x_wconf 89' lang='lat' dir='ltr'>oraretur</span> <span class='ocrx_word' id='word_1_34' title='bbox 618 603 821 648; x_wconf 90' lang='lat' dir='ltr'>Claudius</span> <span class='ocrx_word' id='word_1_35' title='bbox 852 604 1124 661; x_wconf 83' lang='lat' dir='ltr'>despondere</span> <span class='ocrx_word' id='word_1_36' title='bbox 1146 604 1366 647; x_wconf 90' lang='lat' dir='ltr'>Octaviam</span> <span class='ocrx_word' id='word_1_37' title='bbox 1397 604 1603 656; x_wconf 89' lang='lat' dir='ltr'>Domitio;</span> <span class='ocrx_word' id='word_1_38' title='bbox 1634 604 1751 662; x_wconf 87' lang='lat' dir='ltr'>quod</span> <span class='ocrx_word' id='word_1_39' title='bbox 1772 604 1898 649; x_wconf 87' lang='lat' dir='ltr'>aetati</span> <span class='ocrx_word' id='word_1_40' title='bbox 1920 603 2076 649; x_wconf 82' lang='lat' dir='ltr'>utrius-</span> 
     </span>
     <span class='ocr_line' id='line_1_6' title="bbox 252 678 2074 737; baseline 0.002 -18"><span class='ocrx_word' id='word_1_41' title='bbox 252 689 371 737; x_wconf 71' lang='lat' dir='ltr'>5que</span> <span class='ocrx_word' id='word_1_42' title='bbox 402 693 484 722; x_wconf 93' lang='lat' dir='ltr'>non</span> <span class='ocrx_word' id='word_1_43' title='bbox 516 678 751 722; x_wconf 88' lang='lat' dir='ltr'>absurdum</span> <span class='ocrx_word' id='word_1_44' title='bbox 782 686 824 722; x_wconf 93' lang='lat' dir='ltr'>et</span> <span class='ocrx_word' id='word_1_45' title='bbox 853 679 1014 722; x_wconf 90' lang='lat' dir='ltr'>maiora</span> <span class='ocrx_word' id='word_1_46' title='bbox 1044 679 1355 737; x_wconf 83' lang='lat' dir='ltr'>patefacturum</span> <span class='ocrx_word' id='word_1_47' title='bbox 1384 686 1486 722; x_wconf 89' lang='lat' dir='ltr'>erat.</span> <span class='ocrx_word' id='word_1_48' title='bbox 1534 679 1666 723; x_wconf 87' lang='lat' dir='ltr'>Pollio</span> <span class='ocrx_word' id='word_1_49' title='bbox 1696 680 1809 724; x_wconf 85' lang='lat' dir='ltr'>haud</span> <span class='ocrx_word' id='word_1_50' title='bbox 1830 679 2074 737; x_wconf 73' lang='lat' dir='ltr'>disparibus</span> 
     </span>
     <span class='ocr_line' id='line_1_7' title="bbox 284 753 2075 813; baseline 0.001 -16"><span class='ocrx_word' id='word_1_51' title='bbox 284 754 428 797; x_wconf 91' lang='lat' dir='ltr'>verbis</span> <span class='ocrx_word' id='word_1_52' title='bbox 458 768 508 798; x_wconf 89' lang='lat' dir='ltr'>ac</span> <span class='ocrx_word' id='word_1_53' title='bbox 537 767 677 811; x_wconf 83' lang='lat' dir='ltr'>nuper</span> <span class='ocrx_word' id='word_1_54' title='bbox 695 753 883 797; x_wconf 86' lang='lat' dir='ltr'>Vitellius</span> <span class='ocrx_word' id='word_1_55' title='bbox 904 762 1071 806; x_wconf 82' lang='lat' dir='ltr'>censet3</span> <span class='ocrx_word' id='word_1_56' title='bbox 1103 753 1484 812; x_wconf 85' lang='lat' dir='ltr'>despondeturque</span> <span class='ocrx_word' id='word_1_57' title='bbox 1506 755 1702 807; x_wconf 88' lang='lat' dir='ltr'>Octavia,</span> <span class='ocrx_word' id='word_1_58' title='bbox 1733 769 1783 799; x_wconf 87' lang='lat' dir='ltr'>ac</span> <span class='ocrx_word' id='word_1_59' title='bbox 1808 769 1940 813; x_wconf 89' lang='lat' dir='ltr'>snper</span> <span class='ocrx_word' id='word_1_60' title='bbox 1959 755 2075 813; x_wconf 83' lang='lat' dir='ltr'>prio-</span> 
     </span>
     <span class='ocr_line' id='line_1_8' title="bbox 284 828 2074 889; baseline 0.002 -17"><span class='ocrx_word' id='word_1_61' title='bbox 284 844 375 874; x_wconf 89' lang='lat' dir='ltr'>rem</span> <span class='ocrx_word' id='word_1_62' title='bbox 413 828 775 873; x_wconf 88' lang='lat' dir='ltr'>necessitudinem</span> <span class='ocrx_word' id='word_1_63' title='bbox 818 843 1002 887; x_wconf 89' lang='lat' dir='ltr'>sponsus</span> <span class='ocrx_word' id='word_1_64' title='bbox 1042 833 1123 873; x_wconf 90' lang='lat' dir='ltr'>iam</span> <span class='ocrx_word' id='word_1_65' title='bbox 1156 836 1198 873; x_wconf 86' lang='lat' dir='ltr'>et</span> <span class='ocrx_word' id='word_1_66' title='bbox 1227 843 1360 887; x_wconf 80' lang='lat' dir='ltr'>gener</span> <span class='ocrx_word' id='word_1_67' title='bbox 1389 830 1599 874; x_wconf 87' lang='lat' dir='ltr'>Domitius</span> <span class='ocrx_word' id='word_1_68' title='bbox 1628 831 1803 889; x_wconf 86' lang='lat' dir='ltr'>aequari</span> <span class='ocrx_word' id='word_1_69' title='bbox 1833 831 2074 875; x_wconf 85' lang='lat' dir='ltr'>Britannico</span> 
     </span>
     <span class='ocr_line' id='line_1_9' title="bbox 284 904 2073 964; baseline 0 -16"><span class='ocrx_word' id='word_1_70' title='bbox 284 904 435 948; x_wconf 88' lang='lat' dir='ltr'>studiis</span> <span class='ocrx_word' id='word_1_71' title='bbox 467 905 630 956; x_wconf 89' lang='lat' dir='ltr'>matris,</span> <span class='ocrx_word' id='word_1_72' title='bbox 674 911 764 949; x_wconf 90' lang='lat' dir='ltr'>arte</span> <span class='ocrx_word' id='word_1_73' title='bbox 804 920 955 950; x_wconf 91' lang='lat' dir='ltr'>eorum</span> <span class='ocrx_word' id='word_1_74' title='bbox 985 906 1082 964; x_wconf 90' lang='lat' dir='ltr'>quis</span> <span class='ocrx_word' id='word_1_75' title='bbox 1112 907 1168 949; x_wconf 93' lang='lat' dir='ltr'>ob</span> <span class='ocrx_word' id='word_1_76' title='bbox 1199 913 1443 950; x_wconf 82' lang='lat' dir='ltr'>accusatam</span> <span class='ocrx_word' id='word_1_77' title='bbox 1473 905 1740 950; x_wconf 89' lang='lat' dir='ltr'>Messalinam</span> <span class='ocrx_word' id='word_1_78' title='bbox 1770 906 1873 950; x_wconf 82' lang='lat' dir='ltr'>ultio</span> <span class='ocrx_word' id='word_1_79' title='bbox 1904 920 1958 950; x_wconf 86' lang='lat' dir='ltr'>ex</span> <span class='ocrx_word' id='word_1_80' title='bbox 1986 905 2073 949; x_wconf 84' lang='lat' dir='ltr'>filio</span> 
     </span>
     <span class='ocr_line' id='line_1_10' title="bbox 282 979 522 1024; baseline -0.004 -1"><span class='ocrx_word' id='word_1_81' title='bbox 282 979 522 1024; x_wconf 87' lang='lat' dir='ltr'>timebatur.</span> 
     </span>
    </p>

    <p class='ocr_par' dir='ltr' id='par_1_3' title="bbox 233 1055 2075 1416">
     <span class='ocr_line' id='line_1_11' title="bbox 233 1055 2071 1114; baseline 0.001 -17"><span class='ocrx_word' id='word_1_82' title='bbox 233 1069 270 1097; x_wconf 77' lang='lat' dir='ltr'>io</span> <span class='ocrx_word' id='word_1_83' title='bbox 397 1055 478 1111; x_wconf 78' lang='lat' dir='ltr'>(io)</span> <span class='ocrx_word' id='word_1_84' title='bbox 516 1056 600 1099; x_wconf 92' lang='lat' dir='ltr'>Per</span> <span class='ocrx_word' id='word_1_85' title='bbox 629 1055 744 1099; x_wconf 84' lang='lat' dir='ltr'>idem</span> <span class='ocrx_word' id='word_1_86' title='bbox 773 1063 942 1114; x_wconf 89' lang='lat' dir='ltr'>tempus</span> <span class='ocrx_word' id='word_1_87' title='bbox 974 1055 1097 1114; x_wconf 85' lang='lat' dir='ltr'>legati</span> <span class='ocrx_word' id='word_1_88' title='bbox 1129 1055 1378 1100; x_wconf 84' lang='lat' dir='ltr'>Parthorum</span> <span class='ocrx_word' id='word_1_89' title='bbox 1410 1055 1463 1099; x_wconf 91' lang='lat' dir='ltr'>ad</span> <span class='ocrx_word' id='word_1_90' title='bbox 1495 1057 1802 1114; x_wconf 85' lang='lat' dir='ltr'>expetendum,</span> <span class='ocrx_word' id='word_1_91' title='bbox 1846 1063 1890 1100; x_wconf 91' lang='lat' dir='ltr'>ut</span> <span class='ocrx_word' id='word_1_92' title='bbox 1919 1055 2071 1108; x_wconf 80' lang='lat' dir='ltr'>rettuli,</span> 
     </span>
     <span class='ocr_line' id='line_1_12' title="bbox 282 1130 2072 1190; baseline 0.001 -17"><span class='ocrx_word' id='word_1_93' title='bbox 282 1130 557 1174; x_wconf 87' lang='lat' dir='ltr'>Meherdaten</span> <span class='ocrx_word' id='word_1_94' title='bbox 603 1131 718 1174; x_wconf 89' lang='lat' dir='ltr'>missi</span> <span class='ocrx_word' id='word_1_95' title='bbox 765 1139 959 1174; x_wconf 88' lang='lat' dir='ltr'>senatum</span> <span class='ocrx_word' id='word_1_96' title='bbox 1004 1131 1301 1189; x_wconf 83' lang='lat' dir='ltr'>ingrediuntur</span> <span class='ocrx_word' id='word_1_97' title='bbox 1345 1132 1630 1190; x_wconf 87' lang='lat' dir='ltr'>mandataque</span> <span class='ocrx_word' id='word_1_98' title='bbox 1669 1133 1710 1174; x_wconf 92' lang='lat' dir='ltr'>in</span> <span class='ocrx_word' id='word_1_99' title='bbox 1750 1132 1862 1175; x_wconf 85' lang='lat' dir='ltr'>hunc</span> <span class='ocrx_word' id='word_1_100' title='bbox 1898 1132 2072 1175; x_wconf 86' lang='lat' dir='ltr'>modum</span> 
     </span>
     <span class='ocr_line' id='line_1_13' title="bbox 282 1206 2072 1264; baseline 0.001 -15"><span class='ocrx_word' id='word_1_101' title='bbox 282 1207 507 1264; x_wconf 84' lang='lat' dir='ltr'>incipiunt:</span> <span class='ocrx_word' id='word_1_102' title='bbox 549 1220 630 1249; x_wconf 91' lang='lat' dir='ltr'>non</span> <span class='ocrx_word' id='word_1_103' title='bbox 663 1221 710 1249; x_wconf 91' lang='lat' dir='ltr'>se</span> <span class='ocrx_word' id='word_1_104' title='bbox 742 1206 926 1250; x_wconf 88' lang='lat' dir='ltr'>foederis</span> <span class='ocrx_word' id='word_1_105' title='bbox 958 1206 1128 1263; x_wconf 78' lang='lat' dir='ltr'>ignaros</span> <span class='ocrx_word' id='word_1_106' title='bbox 1158 1221 1238 1250; x_wconf 89' lang='lat' dir='ltr'>nec</span> <span class='ocrx_word' id='word_1_107' title='bbox 1268 1207 1505 1251; x_wconf 84' lang='lat' dir='ltr'>defectione</span> <span class='ocrx_word' id='word_1_108' title='bbox 1535 1221 1559 1250; x_wconf 89' lang='lat' dir='ltr'>a</span> <span class='ocrx_word' id='word_1_109' title='bbox 1590 1207 1744 1251; x_wconf 83' lang='lat' dir='ltr'>familia</span> <span class='ocrx_word' id='word_1_110' title='bbox 1774 1207 2072 1251; x_wconf 77' lang='lat' dir='ltr'>Arsacidarum</span> 
     </span>
     <span class='ocr_line' id='line_1_14' title="bbox 283 1281 2075 1340; baseline 0 -14"><span class='ocrx_word' id='word_1_111' title='bbox 283 1282 446 1333; x_wconf 88' lang='lat' dir='ltr'>venire,</span> <span class='ocrx_word' id='word_1_112' title='bbox 486 1288 552 1325; x_wconf 89' lang='lat' dir='ltr'>set</span> <span class='ocrx_word' id='word_1_113' title='bbox 586 1281 717 1324; x_wconf 87' lang='lat' dir='ltr'>filium</span> <span class='ocrx_word' id='word_1_114' title='bbox 748 1283 954 1333; x_wconf 89' lang='lat' dir='ltr'>Vononis,</span> <span class='ocrx_word' id='word_1_115' title='bbox 997 1289 1198 1340; x_wconf 88' lang='lat' dir='ltr'>nepotem</span> <span class='ocrx_word' id='word_1_116' title='bbox 1235 1282 1427 1326; x_wconf 84' lang='lat' dir='ltr'>Phraatis</span> <span class='ocrx_word' id='word_1_117' title='bbox 1458 1282 1668 1326; x_wconf 87' lang='lat' dir='ltr'>accedere</span> <span class='ocrx_word' id='word_1_118' title='bbox 1699 1283 1909 1326; x_wconf 88' lang='lat' dir='ltr'>adversus</span> <span class='ocrx_word' id='word_1_119' title='bbox 1936 1282 2075 1326; x_wconf 77' lang='lat' dir='ltr'>domi·</span> 
     </span>
     <span class='ocr_line' id='line_1_15' title="bbox 280 1356 2071 1416; baseline 0.001 -16"><span class='ocrx_word' id='word_1_120' title='bbox 280 1357 496 1401; x_wconf 90' lang='lat' dir='ltr'>nationem</span> <span class='ocrx_word' id='word_1_121' title='bbox 541 1357 732 1400; x_wconf 88' lang='lat' dir='ltr'>Gotarzis</span> <span class='ocrx_word' id='word_1_122' title='bbox 776 1356 980 1400; x_wconf 84' lang='lat' dir='ltr'>nobilitati</span> <span class='ocrx_word' id='word_1_123' title='bbox 1025 1357 1229 1416; x_wconf 90' lang='lat' dir='ltr'>plebique</span> <span class='ocrx_word' id='word_1_124' title='bbox 1276 1358 1387 1401; x_wconf 88' lang='lat' dir='ltr'>iuxta</span> <span class='ocrx_word' id='word_1_125' title='bbox 1429 1357 1748 1401; x_wconf 88' lang='lat' dir='ltr'>intolerandam.</span> <span class='ocrx_word' id='word_1_126' title='bbox 1794 1359 1878 1402; x_wconf 85' lang='lat' dir='ltr'>iam</span> <span class='ocrx_word' id='word_1_127' title='bbox 1908 1358 2071 1409; x_wconf 85' lang='lat' dir='ltr'>fratres,</span> 
     </span>
    </p>
   </div>
   <div class='ocr_carea' id='block_1_3' title="bbox 232 1432 2096 1491">
    <p class='ocr_par' dir='ltr' id='par_1_4' title="bbox 232 1432 2096 1491">
     <span class='ocr_line' id='line_1_16' title="bbox 232 1432 2096 1491; baseline 0 -15"><span class='ocrx_word' id='word_1_128' title='bbox 232 1433 364 1476; x_wconf 63' lang='lat' dir='ltr'>tesiam</span> <span class='ocrx_word' id='word_1_129' title='bbox 403 1432 692 1491; x_wconf 82' lang='lat' dir='ltr'>propinquos,</span> <span class='ocrx_word' id='word_1_130' title='bbox 734 1433 819 1475; x_wconf 87' lang='lat' dir='ltr'>iam</span> <span class='ocrx_word' id='word_1_131' title='bbox 857 1432 1023 1489; x_wconf 80' lang='lat' dir='ltr'>longius</span> <span class='ocrx_word' id='word_1_132' title='bbox 1060 1436 1163 1477; x_wconf 90' lang='lat' dir='ltr'>sitos</span> <span class='ocrx_word' id='word_1_133' title='bbox 1194 1433 1400 1476; x_wconf 90' lang='lat' dir='ltr'>caedibus</span> <span class='ocrx_word' id='word_1_134' title='bbox 1430 1434 1683 1486; x_wconf 85' lang='lat' dir='ltr'>exhaustos;</span> <span class='ocrx_word' id='word_1_135' title='bbox 1723 1433 1834 1478; x_wconf 89' lang='lat' dir='ltr'>adici</span> <span class='ocrx_word' id='word_1_136' title='bbox 1867 1434 2096 1490; x_wconf 75' lang='lat' dir='ltr'>coniuges-</span> 
     </span>
    </p>
   </div>
   <div class='ocr_carea' id='block_1_4' title="bbox 229 1507 2072 1869">
    <p class='ocr_par' dir='ltr' id='par_1_5' title="bbox 229 1507 2072 1869">
     <span class='ocr_line' id='line_1_17' title="bbox 280 1507 2071 1567; baseline 0 -15"><span class='ocrx_word' id='word_1_137' title='bbox 280 1509 498 1567; x_wconf 81' lang='lat' dir='ltr'>gravidas,</span> <span class='ocrx_word' id='word_1_138' title='bbox 545 1507 705 1551; x_wconf 88' lang='lat' dir='ltr'>liberos</span> <span class='ocrx_word' id='word_1_139' title='bbox 741 1521 914 1565; x_wconf 88' lang='lat' dir='ltr'>parvos,</span> <span class='ocrx_word' id='word_1_140' title='bbox 961 1508 1063 1551; x_wconf 91' lang='lat' dir='ltr'>dum</span> <span class='ocrx_word' id='word_1_141' title='bbox 1103 1522 1251 1552; x_wconf 88' lang='lat' dir='ltr'>socors</span> <span class='ocrx_word' id='word_1_142' title='bbox 1294 1509 1427 1560; x_wconf 91' lang='lat' dir='ltr'>domi,</span> <span class='ocrx_word' id='word_1_143' title='bbox 1461 1508 1585 1552; x_wconf 89' lang='lat' dir='ltr'>bellis</span> <span class='ocrx_word' id='word_1_144' title='bbox 1624 1508 1831 1552; x_wconf 86' lang='lat' dir='ltr'>infaustus</span> <span class='ocrx_word' id='word_1_145' title='bbox 1860 1509 2071 1566; x_wconf 81' lang='lat' dir='ltr'>ignaviam</span> 
     </span>
     <span class='ocr_line' id='line_1_18' title="bbox 279 1583 2071 1641; baseline -0.001 -13"><span class='ocrx_word' id='word_1_146' title='bbox 279 1585 457 1629; x_wconf 83' lang='lat' dir='ltr'>saevitia</span> <span class='ocrx_word' id='word_1_147' title='bbox 487 1590 611 1641; x_wconf 82' lang='lat' dir='ltr'>tegat.</span> <span class='ocrx_word' id='word_1_148' title='bbox 658 1590 847 1627; x_wconf 89' lang='lat' dir='ltr'>veterem</span> <span class='ocrx_word' id='word_1_149' title='bbox 879 1583 959 1627; x_wconf 91' lang='lat' dir='ltr'>sibi</span> <span class='ocrx_word' id='word_1_150' title='bbox 989 1597 1040 1627; x_wconf 90' lang='lat' dir='ltr'>ac</span> <span class='ocrx_word' id='word_1_151' title='bbox 1070 1584 1242 1641; x_wconf 88' lang='lat' dir='ltr'>publice</span> <span class='ocrx_word' id='word_1_152' title='bbox 1273 1591 1470 1641; x_wconf 85' lang='lat' dir='ltr'>coeptam</span> <span class='ocrx_word' id='word_1_153' title='bbox 1501 1585 1726 1628; x_wconf 90' lang='lat' dir='ltr'>nobiscum</span> <span class='ocrx_word' id='word_1_154' title='bbox 1755 1584 1995 1635; x_wconf 85' lang='lat' dir='ltr'>amicitiam,</span> <span class='ocrx_word' id='word_1_155' title='bbox 2028 1590 2071 1628; x_wconf 86' lang='lat' dir='ltr'>et</span> 
     </span>
     <span class='ocr_line' id='line_1_19' title="bbox 280 1658 2070 1718; baseline -0.001 -14"><span class='ocrx_word' id='word_1_156' title='bbox 280 1658 621 1704; x_wconf 89' lang='lat' dir='ltr'>subveniendum</span> <span class='ocrx_word' id='word_1_157' title='bbox 666 1658 795 1702; x_wconf 90' lang='lat' dir='ltr'>sociis</span> <span class='ocrx_word' id='word_1_158' title='bbox 845 1659 998 1702; x_wconf 91' lang='lat' dir='ltr'>virium</span> <span class='ocrx_word' id='word_1_159' title='bbox 1041 1659 1221 1702; x_wconf 87' lang='lat' dir='ltr'>aemulis</span> <span class='ocrx_word' id='word_1_160' title='bbox 1266 1659 1605 1718; x_wconf 88' lang='lat' dir='ltr'>cedentibusque</span> <span class='ocrx_word' id='word_1_161' title='bbox 1655 1674 1734 1717; x_wconf 87' lang='lat' dir='ltr'>per</span> <span class='ocrx_word' id='word_1_162' title='bbox 1773 1660 2070 1704; x_wconf 87' lang='lat' dir='ltr'>reverentiam.</span> 
     </span>
     <span class='ocr_line' id='line_1_20' title="bbox 280 1733 2072 1793; baseline -0.001 -14"><span class='ocrx_word' id='word_1_163' title='bbox 280 1736 378 1780; x_wconf 89' lang='lat' dir='ltr'>ideo</span> <span class='ocrx_word' id='word_1_164' title='bbox 409 1750 559 1793; x_wconf 81' lang='lat' dir='ltr'>regum</span> <span class='ocrx_word' id='word_1_165' title='bbox 596 1733 771 1777; x_wconf 89' lang='lat' dir='ltr'>obsides</span> <span class='ocrx_word' id='word_1_166' title='bbox 810 1733 971 1777; x_wconf 89' lang='lat' dir='ltr'>liberos</span> <span class='ocrx_word' id='word_1_167' title='bbox 1011 1734 1103 1778; x_wconf 91' lang='lat' dir='ltr'>dari</span> <span class='ocrx_word' id='word_1_168' title='bbox 1147 1735 1217 1786; x_wconf 72' lang='lat' dir='ltr'>ut‚&#39;</span> <span class='ocrx_word' id='word_1_169' title='bbox 1249 1734 1285 1778; x_wconf 90' lang='lat' dir='ltr'>si</span> <span class='ocrx_word' id='word_1_170' title='bbox 1322 1734 1543 1779; x_wconf 83' lang='lat' dir='ltr'>domestici</span> <span class='ocrx_word' id='word_1_171' title='bbox 1583 1735 1749 1793; x_wconf 90' lang='lat' dir='ltr'>imperii</span> <span class='ocrx_word' id='word_1_172' title='bbox 1788 1735 1974 1786; x_wconf 86' lang='lat' dir='ltr'>taedeat,</span> <span class='ocrx_word' id='word_1_173' title='bbox 2018 1734 2072 1778; x_wconf 88' lang='lat' dir='ltr'>sit</span> 
     </span>
     <span class='ocr_line' id='line_1_21' title="bbox 229 1809 2071 1869; baseline -0.001 -13"><span class='ocrx_word' id='word_1_174' title='bbox 229 1826 266 1856; x_wconf 80' lang='lat'>20</span> <span class='ocrx_word' id='word_1_175' title='bbox 280 1825 504 1869; x_wconf 83' lang='lat' dir='ltr'>regressus</span> <span class='ocrx_word' id='word_1_176' title='bbox 533 1809 588 1854; x_wconf 88' lang='lat' dir='ltr'>ad</span> <span class='ocrx_word' id='word_1_177' title='bbox 618 1810 856 1868; x_wconf 87' lang='lat' dir='ltr'>principem</span> <span class='ocrx_word' id='word_1_178' title='bbox 885 1815 1133 1868; x_wconf 85' lang='lat' dir='ltr'>patresque,</span> <span class='ocrx_word' id='word_1_179' title='bbox 1165 1823 1348 1868; x_wconf 90' lang='lat' dir='ltr'>quorum</span> <span class='ocrx_word' id='word_1_180' title='bbox 1381 1810 1571 1854; x_wconf 91' lang='lat' dir='ltr'>moribus</span> <span class='ocrx_word' id='word_1_181' title='bbox 1601 1810 1865 1854; x_wconf 85' lang='lat' dir='ltr'>assuefactus</span> <span class='ocrx_word' id='word_1_182' title='bbox 1885 1824 1961 1854; x_wconf 89' lang='lat' dir='ltr'>rex</span> <span class='ocrx_word' id='word_1_183' title='bbox 1980 1824 2071 1855; x_wconf 81' lang='lat' dir='ltr'>me-</span> 
     </span>
    </p>
   </div>
   <div class='ocr_carea' id='block_1_5' title="bbox 276 1954 2071 2226">
    <p class='ocr_par' dir='ltr' id='par_1_6' title="bbox 276 1954 2071 2226">
     <span class='ocr_line' id='line_1_22' title="bbox 344 1954 2067 1998; baseline 0 -8"><span class='ocrx_word' id='word_1_184' title='bbox 344 1958 374 1991; x_wconf 87' lang='lat'>6.</span> <span class='ocrx_word' id='word_1_185' title='bbox 399 1965 499 1998; x_wconf 83' lang='lat' dir='ltr'>super</span> <span class='ocrx_word' id='word_1_186' title='bbox 521 1956 650 1989; x_wconf 89' lang='lat' dir='ltr'>eodem</span> <span class='ocrx_word' id='word_1_187' title='bbox 675 1955 887 1998; x_wconf 90' lang='lat' dir='ltr'>compendio</span> <span class='ocrx_word' id='word_1_188' title='bbox 910 1954 1019 1988; x_wconf 87' lang='lat' dir='ltr'>habet</span> <span class='ocrx_word' id='word_1_189' title='bbox 1042 1956 1093 1997; x_wconf 89' lang='lat' dir='ltr'>M,</span> <span class='ocrx_word' id='word_1_190' title='bbox 1125 1955 1220 1998; x_wconf 90' lang='lat' dir='ltr'>quod</span> <span class='ocrx_word' id='word_1_191' title='bbox 1245 1957 1299 1989; x_wconf 86' lang='lat' dir='ltr'>est</span> <span class='ocrx_word' id='word_1_192' title='bbox 1322 1957 1376 1997; x_wconf 79' lang='grc'>44,</span> <span class='ocrx_word' id='word_1_193' title='bbox 1401 1956 1443 1989; x_wconf 75' lang='lat'>28</span> <span class='ocrx_word' id='word_1_194' title='bbox 1466 1957 1501 1988; x_wconf 94' lang='lat' dir='ltr'>in</span> <span class='ocrx_word' id='word_1_195' title='bbox 1523 1965 1611 1989; x_wconf 86' lang='lat' dir='ltr'>voce</span> <span class='ocrx_word' id='word_1_196' title='bbox 1634 1960 1824 1998; x_wconf 76' lang='lat' dir='ltr'>superesset.</span> <span class='ocrx_word' id='word_1_197' title='bbox 1855 1956 1907 1990; x_wconf 81' lang='lat' dir='ltr'>Cf.</span> <span class='ocrx_word' id='word_1_198' title='bbox 1933 1957 1987 1996; x_wconf 91' lang='grc'>44,</span> <span class='ocrx_word' id='word_1_199' title='bbox 2013 1956 2067 1990; x_wconf 86' lang='grc'>46.</span> 
     </span>
     <span class='ocr_line' id='line_1_23' title="bbox 280 2011 2071 2055; baseline -0.001 -8"><span class='ocrx_word' id='word_1_200' title='bbox 280 2032 316 2038; x_wconf 87' lang='grc'><strong>-</strong></span> <span class='ocrx_word' id='word_1_201' title='bbox 343 2014 375 2048; x_wconf 91' lang='lat'>8.</span> <span class='ocrx_word' id='word_1_202' title='bbox 401 2014 475 2055; x_wconf 75' lang='lat' dir='ltr'>quis</span> <span class='ocrx_word' id='word_1_203' title='bbox 496 2013 552 2055; x_wconf 88' lang='lat' dir='ltr'>ob]</span> <span class='ocrx_word' id='word_1_204' title='bbox 579 2013 636 2053; x_wconf 79' lang='lat' dir='ltr'>qui</span> <span class='ocrx_word' id='word_1_205' title='bbox 658 2012 716 2044; x_wconf 82' lang='lat' dir='ltr'>sub</span> <span class='ocrx_word' id='word_1_206' title='bbox 740 2013 809 2054; x_wconf 81' lang='lat' dir='ltr'>(qui</span> <span class='ocrx_word' id='word_1_207' title='bbox 832 2021 896 2054; x_wconf 92' lang='lat' dir='ltr'>per</span> <span class='ocrx_word' id='word_1_208' title='bbox 920 2011 1182 2054; x_wconf 86' lang='lat' dir='ltr'>compendium)</span> <span class='ocrx_word' id='word_1_209' title='bbox 1207 2013 1241 2046; x_wconf 90' lang='lat' dir='ltr'>M</span> <span class='ocrx_word' id='word_1_210' title='bbox 1266 2029 1302 2035; x_wconf 95' lang='lat'>—-</span> <span class='ocrx_word' id='word_1_211' title='bbox 1327 2013 1410 2045; x_wconf 76' lang='lat' dir='ltr'>uitio</span> <span class='ocrx_word' id='word_1_212' title='bbox 1433 2013 1466 2046; x_wconf 92' lang='lat' dir='ltr'>M</span> <span class='ocrx_word' id='word_1_213' title='bbox 1493 2030 1527 2036; x_wconf 90' lang='lat'><em>-</em></span> <span class='ocrx_word' id='word_1_214' title='bbox 1555 2013 1608 2045; x_wconf 88' lang='grc'>40.</span> <span class='ocrx_word' id='word_1_215' title='bbox 1632 2013 1732 2046; x_wconf 77' lang='lat' dir='ltr'>retuli</span> <span class='ocrx_word' id='word_1_216' title='bbox 1753 2013 1787 2047; x_wconf 88' lang='lat' dir='ltr'>M</span> <span class='ocrx_word' id='word_1_217' title='bbox 1813 2031 1846 2036; x_wconf 89' lang='lat'><em>-</em></span> <span class='ocrx_word' id='word_1_218' title='bbox 1875 2013 1926 2046; x_wconf 76' lang='grc'>42.</span> <span class='ocrx_word' id='word_1_219' title='bbox 1950 2013 2071 2054; x_wconf 70' lang='lat' dir='ltr'>federis</span> 
     </span>
     <span class='ocr_line' id='line_1_24' title="bbox 277 2069 2070 2112; baseline -0.001 -8"><span class='ocrx_word' id='word_1_220' title='bbox 277 2073 311 2106; x_wconf 85' lang='lat' dir='ltr'>M</span> <span class='ocrx_word' id='word_1_221' title='bbox 336 2090 373 2096; x_wconf 95' lang='lat'>—</span> <span class='ocrx_word' id='word_1_222' title='bbox 399 2071 452 2104; x_wconf 88' lang='grc'>43.</span> <span class='ocrx_word' id='word_1_223' title='bbox 477 2071 533 2103; x_wconf 80' lang='lat' dir='ltr'>scd</span> <span class='ocrx_word' id='word_1_224' title='bbox 555 2070 709 2112; x_wconf 87' lang='lat' dir='ltr'>Lipsius:</span> <span class='ocrx_word' id='word_1_225' title='bbox 735 2070 790 2102; x_wconf 84' lang='lat' dir='ltr'>sed</span> <span class='ocrx_word' id='word_1_226' title='bbox 812 2072 842 2102; x_wconf 83' lang='lat' dir='ltr'>et</span> <span class='ocrx_word' id='word_1_227' title='bbox 864 2070 914 2106; x_wconf 83' lang='grc' dir='ltr'>Μ;</span> <span class='ocrx_word' id='word_1_228' title='bbox 939 2069 996 2102; x_wconf 76' lang='lat' dir='ltr'>sed</span> <span class='ocrx_word' id='word_1_229' title='bbox 1017 2070 1062 2102; x_wconf 81' lang='lat' dir='ltr'>ad</span> <span class='ocrx_word' id='word_1_230' title='bbox 1084 2070 1287 2103; x_wconf 88' lang='lat' dir='ltr'>Rhenanus.</span> <span class='ocrx_word' id='word_1_231' title='bbox 1315 2087 1351 2093; x_wconf 92' lang='lat'>—</span> <span class='ocrx_word' id='word_1_232' title='bbox 1373 2070 1509 2110; x_wconf 72' lang='lat' dir='ltr'>praati&#39;s</span> <span class='ocrx_word' id='word_1_233' title='bbox 1530 2070 1563 2103; x_wconf 84' lang='lat' dir='ltr'>M</span> <span class='ocrx_word' id='word_1_234' title='bbox 1588 2087 1623 2092; x_wconf 95' lang='lat'><strong>—</strong></span> <span class='ocrx_word' id='word_1_235' title='bbox 1650 2071 1804 2103; x_wconf 84' lang='lat' dir='ltr'>accedere</span> <span class='ocrx_word' id='word_1_236' title='bbox 1826 2070 1877 2103; x_wconf 85' lang='lat' dir='ltr'>M:</span> <span class='ocrx_word' id='word_1_237' title='bbox 1902 2077 2070 2102; x_wconf 57' lang='lat' dir='ltr'>accersere</span> 
     </span>
     <span class='ocr_line' id='line_1_25' title="bbox 276 2124 2065 2168; baseline -0.002 -7"><span class='ocrx_word' id='word_1_238' title='bbox 276 2126 509 2166; x_wconf 86' lang='lat' dir='ltr'>Puteolanus;</span> <span class='ocrx_word' id='word_1_239' title='bbox 542 2125 664 2159; x_wconf 86' lang='lat' dir='ltr'>malim</span> <span class='ocrx_word' id='word_1_240' title='bbox 693 2126 804 2158; x_wconf 77' lang='lat' dir='ltr'>accire</span> <span class='ocrx_word' id='word_1_241' title='bbox 829 2124 908 2158; x_wconf 92' lang='lat' dir='ltr'>coll.</span> <span class='ocrx_word' id='word_1_242' title='bbox 932 2126 971 2168; x_wconf 77' lang='lat'>2,</span> <span class='ocrx_word' id='word_1_243' title='bbox 996 2126 1038 2158; x_wconf 75' lang='lat'>2:</span> <span class='ocrx_word' id='word_1_244' title='bbox 1070 2134 1187 2159; x_wconf 85' lang='lat' dir='ltr'>venere</span> <span class='ocrx_word' id='word_1_245' title='bbox 1216 2126 1252 2158; x_wconf 77' lang='lat' dir='ltr'>in</span> <span class='ocrx_word' id='word_1_246' title='bbox 1279 2125 1395 2159; x_wconf 82' lang='lat' dir='ltr'>urbem</span> <span class='ocrx_word' id='word_1_247' title='bbox 1423 2126 1541 2168; x_wconf 66' lang='lat' dir='ltr'>legati,</span> <span class='ocrx_word' id='word_1_248' title='bbox 1572 2126 1630 2167; x_wconf 78' lang='lat' dir='ltr'>qai</span> <span class='ocrx_word' id='word_1_249' title='bbox 1655 2127 1818 2159; x_wconf 78' lang='lat' dir='ltr'>Vononem</span> <span class='ocrx_word' id='word_1_250' title='bbox 1845 2126 2001 2159; x_wconf 76' lang='lat' dir='ltr'>accirent.</span> <span class='ocrx_word' id='word_1_251' title='bbox 2028 2142 2065 2150; x_wconf 92' lang='lat'>—</span> 
     </span>
     <span class='ocr_line' id='line_1_26' title="bbox 277 2181 2066 2226; baseline -0.003 -7"><span class='ocrx_word' id='word_1_252' title='bbox 277 2186 331 2221; x_wconf 76' lang='grc'>44.</span> <span class='ocrx_word' id='word_1_253' title='bbox 355 2184 579 2218; x_wconf 80' lang='lat' dir='ltr'>intolleranda</span> <span class='ocrx_word' id='word_1_254' title='bbox 602 2182 674 2226; x_wconf 88' lang='lat' dir='ltr'>(sic)</span> <span class='ocrx_word' id='word_1_255' title='bbox 699 2184 732 2216; x_wconf 89' lang='lat' dir='ltr'>M</span> <span class='ocrx_word' id='word_1_256' title='bbox 756 2200 799 2206; x_wconf 89' lang='lat'><em>-</em></span> <span class='ocrx_word' id='word_1_257' title='bbox 822 2183 875 2216; x_wconf 90' lang='grc'>46.</span> <span class='ocrx_word' id='word_1_258' title='bbox 899 2191 1010 2216; x_wconf 86' lang='lat' dir='ltr'>socros</span> <span class='ocrx_word' id='word_1_259' title='bbox 1032 2183 1066 2217; x_wconf 91' lang='lat' dir='ltr'>M</span> <span class='ocrx_word' id='word_1_260' title='bbox 1090 2183 1213 2226; x_wconf 78' lang='lat' dir='ltr'>(socors</span> <span class='ocrx_word' id='word_1_261' title='bbox 1234 2192 1357 2226; x_wconf 85' lang='lat' dir='ltr'>margo</span> <span class='ocrx_word' id='word_1_262' title='bbox 1380 2183 1426 2216; x_wconf 89' lang='lat' dir='ltr'>ab</span> <span class='ocrx_word' id='word_1_263' title='bbox 1450 2183 1578 2217; x_wconf 91' lang='lat' dir='ltr'>eadem</span> <span class='ocrx_word' id='word_1_264' title='bbox 1601 2182 1720 2224; x_wconf 89' lang='lat' dir='ltr'>manu)</span> <span class='ocrx_word' id='word_1_265' title='bbox 1740 2200 1776 2206; x_wconf 93' lang='grc'><strong>-</strong></span> <span class='ocrx_word' id='word_1_266' title='bbox 1803 2182 1857 2215; x_wconf 90' lang='grc'>47.</span> <span class='ocrx_word' id='word_1_267' title='bbox 1881 2182 2001 2215; x_wconf 74' lang='lat' dir='ltr'>souitia</span> <span class='ocrx_word' id='word_1_268' title='bbox 2021 2181 2066 2215; x_wconf 80' lang='lat' dir='ltr'>M.</span> 
     </span>
    </p>
   </div>
   <div class='ocr_carea' id='block_1_6' title="bbox 1199 2307 2069 2350">
    <p class='ocr_par' dir='ltr' id='par_1_7' title="bbox 1199 2307 2069 2350">
     <span class='ocr_line' id='line_1_27' title="bbox 1199 2307 2069 2350; baseline -0.001 -9"><span class='ocrx_word' id='word_1_269' title='bbox 1199 2308 1287 2341; x_wconf 81' lang='lat' dir='ltr'>nous</span> <span class='ocrx_word' id='word_1_270' title='bbox 1295 2318 1302 2340; x_wconf 77' lang='grc' dir='ltr'>ε</span> <span class='ocrx_word' id='word_1_271' title='bbox 1329 2309 1386 2349; x_wconf 73' lang='lat' dir='ltr'>qni</span> <span class='ocrx_word' id='word_1_272' title='bbox 1406 2308 1535 2341; x_wconf 79' lang='lat' dir='ltr'>voulait</span> <span class='ocrx_word' id='word_1_273' title='bbox 1554 2308 1643 2350; x_wconf 75' lang='lat' dir='ltr'>faire</span> <span class='ocrx_word' id='word_1_274' title='bbox 1664 2308 1790 2341; x_wconf 74' lang='lat' dir='ltr'>oablier</span> <span class='ocrx_word' id='word_1_275' title='bbox 1803 2317 1843 2340; x_wconf 79' lang='lat' dir='ltr'>sa</span> <span class='ocrx_word' id='word_1_276' title='bbox 1857 2307 1984 2341; x_wconf 70' lang='lat' dir='ltr'>lachete</span> <span class='ocrx_word' id='word_1_277' title='bbox 1999 2315 2069 2349; x_wconf 75' lang='lat' dir='ltr'>par</span> 
     </span>
    </p>
   </div>
   <div class='ocr_carea' id='block_1_7' title="bbox 276 2307 2068 2400">
    <p class='ocr_par' dir='ltr' id='par_1_8' title="bbox 276 2307 2068 2400">
     <span class='ocr_line' id='line_1_28' title="bbox 276 2307 1148 2351; baseline -0.003 -7"><span class='ocrx_word' id='word_1_278' title='bbox 276 2309 523 2350; x_wconf 75' lang='lat' dir='ltr'>dominationis]</span> <span class='ocrx_word' id='word_1_279' title='bbox 546 2317 611 2351; x_wconf 88' lang='lat' dir='ltr'>per</span> <span class='ocrx_word' id='word_1_280' title='bbox 628 2307 882 2350; x_wconf 83' lang='lat' dir='ltr'>brachylogian</span> <span class='ocrx_word' id='word_1_281' title='bbox 901 2309 924 2341; x_wconf 91' lang='lat' dir='ltr'>i.</span> <span class='ocrx_word' id='word_1_282' title='bbox 944 2316 979 2349; x_wconf 87' lang='lat' dir='ltr'>q.</span> <span class='ocrx_word' id='word_1_283' title='bbox 999 2307 1065 2341; x_wconf 71' lang='lat' dir='ltr'>«ad</span> <span class='ocrx_word' id='word_1_284' title='bbox 1082 2308 1148 2341; x_wconf 93' lang='lat' dir='ltr'>do-</span> 
     </span>
     <span class='ocr_line' id='line_1_29' title="bbox 1197 2357 2068 2400; baseline 0 -8"><span class='ocrx_word' id='word_1_285' title='bbox 1197 2367 1246 2392; x_wconf 78' lang='lat' dir='ltr'>ses</span> <span class='ocrx_word' id='word_1_286' title='bbox 1259 2358 1443 2392; x_wconf 82' lang='lat' dir='ltr'>barbaries.</span> <span class='ocrx_word' id='word_1_287' title='bbox 1464 2374 1499 2382; x_wconf 91' lang='grc'><strong>-</strong></span> <span class='ocrx_word' id='word_1_288' title='bbox 1519 2357 1714 2400; x_wconf 70' lang='lat' dir='ltr'>cedentibus]</span> <span class='ocrx_word' id='word_1_289' title='bbox 1738 2359 1916 2391; x_wconf 80' lang='lat' dir='ltr'>Romanae</span> <span class='ocrx_word' id='word_1_290' title='bbox 1939 2358 2068 2400; x_wconf 81' lang='lat' dir='ltr'>poten-</span> 
     </span>
    </p>
   </div>
   <div class='ocr_carea' id='block_1_8' title="bbox 276 2359 1148 2401">
    <p class='ocr_par' dir='ltr' id='par_1_9' title="bbox 276 2359 1148 2401">
     <span class='ocr_line' id='line_1_30' title="bbox 276 2359 1148 2401; baseline -0.005 -5"><span class='ocrx_word' id='word_1_291' title='bbox 276 2363 525 2400; x_wconf 80' lang='lat' dir='ltr'>minationem,</span> <span class='ocrx_word' id='word_1_292' title='bbox 562 2367 670 2401; x_wconf 85' lang='lat' dir='ltr'>quam</span> <span class='ocrx_word' id='word_1_293' title='bbox 701 2359 914 2401; x_wconf 84' lang='lat' dir='ltr'>sperabant,</span> <span class='ocrx_word' id='word_1_294' title='bbox 947 2359 1148 2401; x_wconf 87' lang='lat' dir='ltr'>adipiscen-</span> 
     </span>
    </p>
   </div>
   <div class='ocr_carea' id='block_1_9' title="bbox 277 2412 396 2445">
    <p class='ocr_par' dir='ltr' id='par_1_10' title="bbox 277 2412 396 2445">
     <span class='ocr_line' id='line_1_31' title="bbox 277 2412 396 2445; baseline -0.008 0"><span class='ocrx_word' id='word_1_295' title='bbox 277 2412 396 2445; x_wconf 77' lang='lat' dir='ltr'>dam.»</span> 
     </span>
    </p>
   </div>
   <div class='ocr_carea' id='block_1_10' title="bbox 268 2483 1175 2878">
    <p class='ocr_par' dir='ltr' id='par_1_11' title="bbox 268 2483 1147 2878">
     <span class='ocr_line' id='line_1_32' title="bbox 318 2483 1147 2528; baseline -0.005 -8"><span class='ocrx_word' id='word_1_296' title='bbox 318 2487 350 2520; x_wconf 87' lang='grc'>9.</span> <span class='ocrx_word' id='word_1_297' title='bbox 376 2486 583 2528; x_wconf 67' lang='lat' dir='ltr'>designatam</span> <span class='ocrx_word' id='word_1_298' title='bbox 611 2484 789 2526; x_wconf 79' lang='lat' dir='ltr'>consulem]</span> <span class='ocrx_word' id='word_1_299' title='bbox 821 2484 855 2517; x_wconf 92' lang='lat' dir='ltr'>in</span> <span class='ocrx_word' id='word_1_300' title='bbox 882 2486 1019 2526; x_wconf 86' lang='lat' dir='ltr'>partem</span> <span class='ocrx_word' id='word_1_301' title='bbox 1043 2483 1147 2516; x_wconf 90' lang='lat' dir='ltr'>huius</span> 
     </span>
     <span class='ocr_line' id='line_1_33' title="bbox 275 2533 1147 2578; baseline -0.005 -8"><span class='ocrx_word' id='word_1_302' title='bbox 275 2537 375 2578; x_wconf 84' lang='lat' dir='ltr'>anni,</span> <span class='ocrx_word' id='word_1_303' title='bbox 402 2537 502 2570; x_wconf 90' lang='lat' dir='ltr'>cuius</span> <span class='ocrx_word' id='word_1_304' title='bbox 526 2533 689 2568; x_wconf 90' lang='lat' dir='ltr'>consules</span> <span class='ocrx_word' id='word_1_305' title='bbox 711 2534 850 2568; x_wconf 87' lang='lat' dir='ltr'>suffecti</span> <span class='ocrx_word' id='word_1_306' title='bbox 867 2536 968 2567; x_wconf 91' lang='lat' dir='ltr'>erant</span> <span class='ocrx_word' id='word_1_307' title='bbox 983 2535 1020 2567; x_wconf 88' lang='lat' dir='ltr'>L.</span> <span class='ocrx_word' id='word_1_308' title='bbox 1038 2535 1147 2567; x_wconf 90' lang='lat' dir='ltr'>Mem—</span> 
     </span>
     <span class='ocr_line' id='line_1_34' title="bbox 274 2583 1146 2626; baseline -0.007 -5"><span class='ocrx_word' id='word_1_309' title='bbox 274 2587 366 2621; x_wconf 86' lang='lat' dir='ltr'>mius</span> <span class='ocrx_word' id='word_1_310' title='bbox 389 2584 495 2619; x_wconf 89' lang='lat' dir='ltr'>Pollio</span> <span class='ocrx_word' id='word_1_311' title='bbox 519 2585 559 2624; x_wconf 87' lang='lat' dir='ltr'>Q.</span> <span class='ocrx_word' id='word_1_312' title='bbox 574 2583 681 2618; x_wconf 82' lang='lat' dir='ltr'>Allius</span> <span class='ocrx_word' id='word_1_313' title='bbox 704 2585 887 2618; x_wconf 84' lang='lat' dir='ltr'>Maximus.</span> <span class='ocrx_word' id='word_1_314' title='bbox 912 2602 947 2607; x_wconf 91' lang='lat'>—</span> <span class='ocrx_word' id='word_1_315' title='bbox 972 2584 1146 2626; x_wconf 79' lang='lat' dir='ltr'>inducunt]</span> 
     </span>
     <span class='ocr_line' id='line_1_35' title="bbox 274 2634 1145 2679; baseline -0.006 -8"><span class='ocrx_word' id='word_1_316' title='bbox 274 2637 463 2679; x_wconf 77' lang='lat' dir='ltr'>Agrippina</span> <span class='ocrx_word' id='word_1_317' title='bbox 479 2643 562 2668; x_wconf 90' lang='lat' dir='ltr'>cum</span> <span class='ocrx_word' id='word_1_318' title='bbox 577 2635 661 2667; x_wconf 90' lang='lat' dir='ltr'>suis.</span> <span class='ocrx_word' id='word_1_319' title='bbox 684 2652 719 2658; x_wconf 89' lang='lat'>-</span> <span class='ocrx_word' id='word_1_320' title='bbox 737 2635 874 2666; x_wconf 80' lang='lat' dir='ltr'>maiora</span> <span class='ocrx_word' id='word_1_321' title='bbox 885 2634 1145 2676; x_wconf 67' lang='lat' dir='ltr'>patefacturam]</span> 
     </span>
     <span class='ocr_line' id='line_1_36' title="bbox 274 2683 1144 2726; baseline -0.005 -6"><span class='ocrx_word' id='word_1_322' title='bbox 274 2688 296 2720; x_wconf 91' lang='lat' dir='ltr'>i.</span> <span class='ocrx_word' id='word_1_323' title='bbox 322 2696 354 2720; x_wconf 85' lang='lat' dir='ltr'>e.</span> <span class='ocrx_word' id='word_1_324' title='bbox 386 2684 587 2719; x_wconf 78' lang='lat' dir='ltr'>facultatem</span> <span class='ocrx_word' id='word_1_325' title='bbox 623 2684 797 2716; x_wconf 91' lang='lat' dir='ltr'>maiorum</span> <span class='ocrx_word' id='word_1_326' title='bbox 832 2683 1144 2726; x_wconf 85' lang='lat' dir='ltr'>perficiendorum</span> 
     </span>
     <span class='ocr_line' id='line_1_37' title="bbox 274 2734 1147 2774; baseline -0.006 -4"><span class='ocrx_word' id='word_1_327' title='bbox 274 2737 408 2770; x_wconf 86' lang='lat' dir='ltr'>aditum</span> <span class='ocrx_word' id='word_1_328' title='bbox 439 2735 484 2768; x_wconf 90' lang='lat' dir='ltr'>ad</span> <span class='ocrx_word' id='word_1_329' title='bbox 508 2735 639 2767; x_wconf 86' lang='lat' dir='ltr'>maiora</span> <span class='ocrx_word' id='word_1_330' title='bbox 665 2734 843 2766; x_wconf 88' lang='lat' dir='ltr'>daturum.</span> <span class='ocrx_word' id='word_1_331' title='bbox 869 2734 950 2766; x_wconf 71' lang='lat' dir='ltr'>Ean.</span> <span class='ocrx_word' id='word_1_332' title='bbox 980 2752 1015 2759; x_wconf 84' lang='lat'>-—</span> <span class='ocrx_word' id='word_1_333' title='bbox 1047 2742 1147 2774; x_wconf 78' lang='lat' dir='ltr'>super</span> 
     </span>
     <span class='ocr_line' id='line_1_38' title="bbox 268 2783 1175 2830; baseline -0.005 -9"><span class='ocrx_word' id='word_1_334' title='bbox 268 2788 420 2830; x_wconf 77' lang='lat' dir='ltr'>priorem</span> <span class='ocrx_word' id='word_1_335' title='bbox 448 2784 733 2826; x_wconf 77' lang='lat' dir='ltr'>necessitudinem]</span> <span class='ocrx_word' id='word_1_336' title='bbox 766 2783 931 2817; x_wconf 90' lang='lat' dir='ltr'>Claudius</span> <span class='ocrx_word' id='word_1_337' title='bbox 955 2785 1050 2817; x_wconf 90' lang='lat' dir='ltr'>enim</span> <span class='ocrx_word' id='word_1_338' title='bbox 1073 2785 1175 2817; x_wconf 93' lang='lat' dir='ltr'>Do—</span> 
     </span>
     <span class='ocr_line' id='line_1_39' title="bbox 274 2837 1098 2878; baseline -0.007 -4"><span class='ocrx_word' id='word_1_339' title='bbox 274 2841 363 2874; x_wconf 86' lang='lat' dir='ltr'>mitii</span> <span class='ocrx_word' id='word_1_340' title='bbox 385 2840 421 2872; x_wconf 80' lang='lat' dir='ltr'>et</span> <span class='ocrx_word' id='word_1_341' title='bbox 441 2838 585 2870; x_wconf 84' lang='lat' dir='ltr'>vitricus</span> <span class='ocrx_word' id='word_1_342' title='bbox 610 2838 685 2869; x_wconf 87' lang='lat' dir='ltr'>erat</span> <span class='ocrx_word' id='word_1_343' title='bbox 708 2837 743 2869; x_wconf 87' lang='lat' dir='ltr'>et</span> <span class='ocrx_word' id='word_1_344' title='bbox 766 2838 914 2878; x_wconf 90' lang='lat' dir='ltr'>patruus</span> <span class='ocrx_word' id='word_1_345' title='bbox 937 2845 1098 2878; x_wconf 86' lang='lat' dir='ltr'>magnus.</span> 
     </span>
    </p>
   </div>
   <div class='ocr_carea' id='block_1_11' title="bbox 318 2910 2066 3008">
    <p class='ocr_par' dir='ltr' id='par_1_12' title="bbox 318 2910 2066 3008">
     <span class='ocr_line' id='line_1_40' title="bbox 318 2910 1176 2953; baseline -0.004 -6"><span class='ocrx_word' id='word_1_346' title='bbox 318 2915 371 2948; x_wconf 92' lang='grc'>40.</span> <span class='ocrx_word' id='word_1_347' title='bbox 395 2916 433 2946; x_wconf 77' lang='lat' dir='ltr'>ut</span> <span class='ocrx_word' id='word_1_348' title='bbox 453 2911 584 2953; x_wconf 74' lang='lat' dir='ltr'>rettuli]</span> <span class='ocrx_word' id='word_1_349' title='bbox 609 2910 660 2944; x_wconf 82' lang='lat' dir='ltr'>Cf.</span> <span class='ocrx_word' id='word_1_350' title='bbox 686 2912 740 2950; x_wconf 86' lang='grc'>44,</span> <span class='ocrx_word' id='word_1_351' title='bbox 767 2911 819 2943; x_wconf 89' lang='grc'>40.</span> <span class='ocrx_word' id='word_1_352' title='bbox 848 2929 882 2934; x_wconf 87' lang='grc'><strong>-</strong></span> <span class='ocrx_word' id='word_1_353' title='bbox 908 2910 1066 2952; x_wconf 53' lang='lat' dir='ltr'>foederis]</span> <span class='ocrx_word' id='word_1_354' title='bbox 1090 2910 1141 2944; x_wconf 83' lang='lat' dir='ltr'>Cf.</span> <span class='ocrx_word' id='word_1_355' title='bbox 1173 2921 1176 2941; x_wconf 67' lang='grc' dir='ltr'>ι</span> 
     </span>
     <span class='ocr_line' id='line_1_41' title="bbox 1173 2956 2066 3008; baseline -0.002 -15"><span class='ocrx_word' id='word_1_356' title='bbox 1173 2975 1176 3008; x_wconf 58' lang='lat' dir='ltr'>f</span> <span class='ocrx_word' id='word_1_357' title='bbox 1238 2961 1291 2993; x_wconf 88' lang='grc'>44.</span> <span class='ocrx_word' id='word_1_358' title='bbox 1325 2960 1591 3001; x_wconf 68' lang='lat' dir='ltr'>Par-thomamque</span> <span class='ocrx_word' id='word_1_359' title='bbox 1623 2958 1801 3001; x_wconf 66' lang='lat' dir='ltr'>obsequiis]</span> <span class='ocrx_word' id='word_1_360' title='bbox 1839 2956 1944 2991; x_wconf 83' lang='lat' dir='ltr'>veluti</span> <span class='ocrx_word' id='word_1_361' title='bbox 1979 2964 2066 2991; x_wconf 73' lang='lat' dir='ltr'>cum</span> 
     </span>
    </p>
   </div>
   <div class='ocr_carea' id='block_1_12' title="bbox 272 2956 1176 3453">
    <p class='ocr_par' dir='ltr' id='par_1_13' title="bbox 272 2956 1176 3453">
     <span class='ocr_line' id='line_1_42' title="bbox 272 2956 1176 3004; baseline -0.005 -6"><span class='ocrx_word' id='word_1_362' title='bbox 272 2965 311 3004; x_wconf 74' lang='lat'>2,</span> <span class='ocrx_word' id='word_1_363' title='bbox 337 2965 351 2996; x_wconf 89' lang='grc'><strong>4</strong></span> <span class='ocrx_word' id='word_1_364' title='bbox 381 2964 416 2997; x_wconf 77' lang='lat' dir='ltr'>et</span> <span class='ocrx_word' id='word_1_365' title='bbox 438 2962 492 2996; x_wconf 78' lang='lat'>58.</span> <span class='ocrx_word' id='word_1_366' title='bbox 530 2962 673 2994; x_wconf 86' lang='lat' dir='ltr'>sueton.</span> <span class='ocrx_word' id='word_1_367' title='bbox 701 2959 807 3001; x_wconf 85' lang='lat' dir='ltr'>Calig.</span> <span class='ocrx_word' id='word_1_368' title='bbox 833 2960 886 2993; x_wconf 81' lang='grc'>44.</span> <span class='ocrx_word' id='word_1_369' title='bbox 915 2979 951 2986; x_wconf 84' lang='grc'><strong>-</strong></span> <span class='ocrx_word' id='word_1_370' title='bbox 985 2956 1176 3002; x_wconf 68' lang='lat' dir='ltr'>Vononi-³]</span> 
     </span>
     <span class='ocr_line' id='line_1_43' title="bbox 274 3010 1176 3054; baseline -0.006 -6"><span class='ocrx_word' id='word_1_371' title='bbox 274 3014 325 3048; x_wconf 76' lang='lat' dir='ltr'>Cf.</span> <span class='ocrx_word' id='word_1_372' title='bbox 349 3014 389 3054; x_wconf 73' lang='lat'>2,</span> <span class='ocrx_word' id='word_1_373' title='bbox 422 3014 435 3046; x_wconf 93' lang='grc'><strong>4</strong></span> <span class='ocrx_word' id='word_1_374' title='bbox 464 3020 546 3054; x_wconf 87' lang='lat' dir='ltr'>sqq.</span> <span class='ocrx_word' id='word_1_375' title='bbox 578 3011 633 3044; x_wconf 79' lang='lat'>56.</span> <span class='ocrx_word' id='word_1_376' title='bbox 663 3010 717 3043; x_wconf 88' lang='lat'>58.</span> <span class='ocrx_word' id='word_1_377' title='bbox 750 3011 803 3043; x_wconf 90' lang='lat'>68.</span> <span class='ocrx_word' id='word_1_378' title='bbox 831 3027 866 3035; x_wconf 90' lang='lat'>--</span> <span class='ocrx_word' id='word_1_379' title='bbox 900 3013 947 3044; x_wconf 84' lang='lat' dir='ltr'>set</span> <span class='ocrx_word' id='word_1_380' title='bbox 972 3011 1176 3053; x_wconf 67' lang='lat' dir='ltr'>filium--</span> 
     </span>
     <span class='ocr_line' id='line_1_44' title="bbox 272 3059 1175 3106; baseline -0.003 -9"><span class='ocrx_word' id='word_1_381' title='bbox 272 3062 439 3106; x_wconf 77' lang='lat' dir='ltr'>accedere]</span> <span class='ocrx_word' id='word_1_382' title='bbox 468 3061 664 3098; x_wconf 77' lang='lat' dir='ltr'>Defectioni</span> <span class='ocrx_word' id='word_1_383' title='bbox 685 3059 865 3101; x_wconf 85' lang='lat' dir='ltr'>eleganter</span> <span class='ocrx_word' id='word_1_384' title='bbox 887 3069 1055 3094; x_wconf 85' lang='lat' dir='ltr'>accessus</span> <span class='ocrx_word' id='word_1_385' title='bbox 1078 3069 1175 3103; x_wconf 85' lang='lat' dir='ltr'>op-</span> 
     </span>
     <span class='ocr_line' id='line_1_45' title="bbox 272 3110 1146 3156; baseline -0.003 -10"><span class='ocrx_word' id='word_1_386' title='bbox 272 3114 426 3156; x_wconf 87' lang='lat' dir='ltr'>ponitur.</span> <span class='ocrx_word' id='word_1_387' title='bbox 459 3113 592 3145; x_wconf 88' lang='lat' dir='ltr'>Sensus</span> <span class='ocrx_word' id='word_1_388' title='bbox 617 3110 689 3145; x_wconf 83' lang='lat' dir='ltr'>est:</span> <span class='ocrx_word' id='word_1_389' title='bbox 715 3111 827 3142; x_wconf 91' lang='lat' dir='ltr'>Nemo</span> <span class='ocrx_word' id='word_1_390' title='bbox 851 3118 916 3142; x_wconf 87' lang='lat' dir='ltr'>uos</span> <span class='ocrx_word' id='word_1_391' title='bbox 939 3111 1055 3151; x_wconf 83' lang='lat' dir='ltr'>potest</span> <span class='ocrx_word' id='word_1_392' title='bbox 1078 3110 1146 3144; x_wconf 83' lang='lat' dir='ltr'>dc-</span> 
     </span>
     <span class='ocr_line' id='line_1_46' title="bbox 274 3157 1142 3202; baseline -0.005 -6"><span class='ocrx_word' id='word_1_393' title='bbox 274 3162 433 3196; x_wconf 77' lang='lat' dir='ltr'>lectionis</span> <span class='ocrx_word' id='word_1_394' title='bbox 457 3168 626 3202; x_wconf 86' lang='lat' dir='ltr'>arguere,</span> <span class='ocrx_word' id='word_1_395' title='bbox 658 3167 741 3192; x_wconf 89' lang='lat' dir='ltr'>cum</span> <span class='ocrx_word' id='word_1_396' title='bbox 765 3157 809 3190; x_wconf 89' lang='lat' dir='ltr'>ad</span> <span class='ocrx_word' id='word_1_397' title='bbox 841 3157 949 3190; x_wconf 88' lang='lat' dir='ltr'>filium</span> <span class='ocrx_word' id='word_1_398' title='bbox 974 3159 1142 3199; x_wconf 77' lang='lat' dir='ltr'>Venonis,</span> 
     </span>
     <span class='ocr_line' id='line_1_47' title="bbox 273 3207 1144 3255; baseline -0.005 -9"><span class='ocrx_word' id='word_1_399' title='bbox 273 3214 440 3255; x_wconf 88' lang='lat' dir='ltr'>nepotem</span> <span class='ocrx_word' id='word_1_400' title='bbox 457 3211 627 3249; x_wconf 81' lang='lat' dir='ltr'>Phraatis,</span> <span class='ocrx_word' id='word_1_401' title='bbox 645 3208 869 3242; x_wconf 84' lang='lat' dir='ltr'>accedamus.</span> <span class='ocrx_word' id='word_1_402' title='bbox 897 3207 1041 3242; x_wconf 86' lang='lat' dir='ltr'>Subiicit</span> <span class='ocrx_word' id='word_1_403' title='bbox 1058 3218 1144 3242; x_wconf 87' lang='lat' dir='ltr'>cau-</span> 
     </span>
     <span class='ocr_line' id='line_1_48' title="bbox 273 3257 1143 3295; baseline -0.005 0"><span class='ocrx_word' id='word_1_404' title='bbox 273 3270 351 3295; x_wconf 91' lang='lat' dir='ltr'>sam</span> <span class='ocrx_word' id='word_1_405' title='bbox 377 3262 536 3294; x_wconf 76' lang='lat' dir='ltr'>adversus</span> <span class='ocrx_word' id='word_1_406' title='bbox 564 3259 822 3293; x_wconf 67' lang='lat' dir='ltr'>domtnationom</span> <span class='ocrx_word' id='word_1_407' title='bbox 851 3257 1020 3290; x_wconf 75' lang='lat' dir='ltr'>Gotarzis.</span> <span class='ocrx_word' id='word_1_408' title='bbox 1050 3259 1143 3292; x_wconf 74' lang='lat' dir='ltr'>Run-</span> 
     </span>
     <span class='ocr_line' id='line_1_49' title="bbox 272 3306 1143 3344; baseline -0.005 0"><span class='ocrx_word' id='word_1_409' title='bbox 272 3320 389 3344; x_wconf 71' lang='lat' dir='ltr'>NANUS.</span> <span class='ocrx_word' id='word_1_410' title='bbox 411 3310 571 3344; x_wconf 85' lang='lat' dir='ltr'>Verbum</span> <span class='ocrx_word' id='word_1_411' title='bbox 586 3310 741 3343; x_wconf 83' lang='lat' dir='ltr'>accedere</span> <span class='ocrx_word' id='word_1_412' title='bbox 752 3316 834 3342; x_wconf 89' lang='lat' dir='ltr'>cum</span> <span class='ocrx_word' id='word_1_413' title='bbox 850 3306 928 3343; x_wconf 85' lang='lat' dir='ltr'>solo</span> <span class='ocrx_word' id='word_1_414' title='bbox 942 3309 1143 3341; x_wconf 83' lang='lat' dir='ltr'>accusativo</span> 
     </span>
     <span class='ocr_line' id='line_1_50' title="bbox 273 3358 1138 3400; baseline -0.003 -6"><span class='ocrx_word' id='word_1_415' title='bbox 273 3362 432 3395; x_wconf 82' lang='lat' dir='ltr'>iunctum</span> <span class='ocrx_word' id='word_1_416' title='bbox 453 3360 566 3394; x_wconf 84' lang='lat' dir='ltr'>habes</span> <span class='ocrx_word' id='word_1_417' title='bbox 590 3361 697 3395; x_wconf 74' lang='lat' dir='ltr'>etiam</span> <span class='ocrx_word' id='word_1_418' title='bbox 720 3360 762 3400; x_wconf 70' lang='lat'>2,</span> <span class='ocrx_word' id='word_1_419' title='bbox 783 3358 841 3392; x_wconf 73' lang='lat'>58.</span> <span class='ocrx_word' id='word_1_420' title='bbox 870 3358 931 3397; x_wconf 71' lang='lat'>⁴2,</span> <span class='ocrx_word' id='word_1_421' title='bbox 962 3358 999 3391; x_wconf 84' lang='grc'>34</span> <span class='ocrx_word' id='word_1_422' title='bbox 1028 3359 1064 3390; x_wconf 78' lang='lat' dir='ltr'>et</span> <span class='ocrx_word' id='word_1_423' title='bbox 1086 3358 1138 3391; x_wconf 90' lang='lat'>33.</span> 
     </span>
     <span class='ocr_line' id='line_1_51' title="bbox 274 3406 1144 3453; baseline -0.005 -9"><span class='ocrx_word' id='word_1_424' title='bbox 274 3410 329 3453; x_wconf 80' lang='grc'>44,</span> <span class='ocrx_word' id='word_1_425' title='bbox 353 3411 407 3445; x_wconf 74' lang='lat'>35.</span> <span class='ocrx_word' id='word_1_426' title='bbox 432 3410 519 3444; x_wconf 75' lang='lat' dir='ltr'>nist.</span> <span class='ocrx_word' id='word_1_427' title='bbox 544 3409 579 3451; x_wconf 77' lang='lat'>3,</span> <span class='ocrx_word' id='word_1_428' title='bbox 594 3409 649 3443; x_wconf 73' lang='lat'>24.</span> <span class='ocrx_word' id='word_1_429' title='bbox 677 3425 713 3435; x_wconf 88' lang='grc'>--</span> <span class='ocrx_word' id='word_1_430' title='bbox 738 3407 845 3452; x_wconf 66' lang='lat' dir='ltr'>102⁰ss</span> <span class='ocrx_word' id='word_1_431' title='bbox 869 3406 1032 3442; x_wconf 70' lang='lat' dir='ltr'>occultet.</span> <span class='ocrx_word' id='word_1_432' title='bbox 1057 3407 1144 3444; x_wconf 51' lang='lat' dir='ltr'>But»</span> 
     </span>
    </p>
   </div>
   <div class='ocr_carea' id='block_1_13' title="bbox 1163 2305 1181 2780">
    <p class='ocr_par' dir='ltr' id='par_1_14' title="bbox 1163 2305 1181 2780">
     <span class='ocr_line' id='line_1_52' title="bbox 1163 2305 1181 2780; baseline 0 990"><span class='ocrx_word' id='word_1_433' title='bbox 1163 2305 1181 2780; x_wconf 95' lang='lat' dir='ltr'> </span> 
     </span>
    </p>
   </div>
   <div class='ocr_carea' id='block_1_14' title="bbox 1162 2880 1180 2930">
    <p class='ocr_par' dir='ltr' id='par_1_15' title="bbox 1162 2880 1180 2930">
     <span class='ocr_line' id='line_1_53' title="bbox 1162 2880 1180 2930; baseline 0 840"><span class='ocrx_word' id='word_1_434' title='bbox 1162 2880 1180 2930; x_wconf 95' lang='lat' dir='ltr'> </span> 
     </span>
    </p>
   </div>
   <div class='ocr_carea' id='block_1_15' title="bbox 1196 2408 2068 2769">
    <p class='ocr_par' dir='ltr' id='par_1_16' title="bbox 1196 2408 2068 2756">
     <span class='ocr_line' id='line_1_54' title="bbox 1198 2408 2068 2451; baseline -0.002 -9"><span class='ocrx_word' id='word_1_435' title='bbox 1198 2410 1286 2450; x_wconf 87' lang='lat' dir='ltr'>tiae⁷</span> <span class='ocrx_word' id='word_1_436' title='bbox 1322 2409 1387 2443; x_wconf 92' lang='lat' dir='ltr'>sed</span> <span class='ocrx_word' id='word_1_437' title='bbox 1416 2408 1507 2442; x_wconf 78' lang='lat' dir='ltr'>ultro</span> <span class='ocrx_word' id='word_1_438' title='bbox 1536 2410 1682 2451; x_wconf 84' lang='lat' dir='ltr'>propter</span> <span class='ocrx_word' id='word_1_439' title='bbox 1707 2409 1967 2448; x_wconf 81' lang='lat' dir='ltr'>reverentiam,</span> <span class='ocrx_word' id='word_1_440' title='bbox 1997 2415 2068 2450; x_wconf 81' lang='lat' dir='ltr'>qna</span> 
     </span>
     <span class='ocr_line' id='line_1_55' title="bbox 1198 2457 2068 2500; baseline 0 -8"><span class='ocrx_word' id='word_1_441' title='bbox 1198 2468 1279 2492; x_wconf 88' lang='lat' dir='ltr'>eam</span> <span class='ocrx_word' id='word_1_442' title='bbox 1310 2459 1488 2498; x_wconf 78' lang='lat' dir='ltr'>colerent3</span> <span class='ocrx_word' id='word_1_443' title='bbox 1526 2467 1596 2500; x_wconf 89' lang='lat' dir='ltr'>qua</span> <span class='ocrx_word' id='word_1_444' title='bbox 1626 2459 1662 2491; x_wconf 91' lang='lat' dir='ltr'>in</span> <span class='ocrx_word' id='word_1_445' title='bbox 1687 2458 1845 2491; x_wconf 86' lang='lat' dir='ltr'>oratione</span> <span class='ocrx_word' id='word_1_446' title='bbox 1868 2457 2068 2500; x_wconf 73' lang='lat' dir='ltr'>arrogantia</span> 
     </span>
     <span class='ocr_line' id='line_1_56' title="bbox 1197 2508 2064 2551; baseline -0.001 -9"><span class='ocrx_word' id='word_1_447' title='bbox 1197 2510 1373 2551; x_wconf 86' lang='lat' dir='ltr'>quaedam</span> <span class='ocrx_word' id='word_1_448' title='bbox 1398 2518 1480 2544; x_wconf 88' lang='lat' dir='ltr'>cum</span> <span class='ocrx_word' id='word_1_449' title='bbox 1497 2509 1671 2543; x_wconf 83' lang='lat' dir='ltr'>modestia</span> <span class='ocrx_word' id='word_1_450' title='bbox 1687 2508 1812 2542; x_wconf 88' lang='lat' dir='ltr'>callide</span> <span class='ocrx_word' id='word_1_451' title='bbox 1829 2508 2010 2542; x_wconf 77' lang='lat' dir='ltr'>miscetur.</span> <span class='ocrx_word' id='word_1_452' title='bbox 2027 2524 2064 2531; x_wconf 99' lang='lat'><strong>—</strong></span> 
     </span>
     <span class='ocr_line' id='line_1_57' title="bbox 1196 2557 2066 2600; baseline -0.001 -8"><span class='ocrx_word' id='word_1_453' title='bbox 1196 2559 1321 2593; x_wconf 73' lang='lat' dir='ltr'>obsides</span> <span class='ocrx_word' id='word_1_454' title='bbox 1342 2560 1459 2594; x_wconf 73' lang='lat' dir='ltr'>liberos</span> <span class='ocrx_word' id='word_1_455' title='bbox 1481 2559 1559 2592; x_wconf 74' lang='lat' dir='ltr'>dari</span> <span class='ocrx_word' id='word_1_456' title='bbox 1579 2562 1618 2591; x_wconf 79' lang='lat' dir='ltr'>at</span> <span class='ocrx_word' id='word_1_457' title='bbox 1638 2557 1721 2600; x_wconf 88' lang='lat' dir='ltr'>cet.]</span> <span class='ocrx_word' id='word_1_458' title='bbox 1746 2558 1871 2592; x_wconf 86' lang='lat' dir='ltr'>Strabo</span> <span class='ocrx_word' id='word_1_459' title='bbox 1894 2558 1948 2598; x_wconf 89' lang='grc'>46,</span> <span class='ocrx_word' id='word_1_460' title='bbox 1975 2559 2007 2599; x_wconf 88' lang='grc'>4,</span> <span class='ocrx_word' id='word_1_461' title='bbox 2022 2557 2066 2591; x_wconf 80' lang='lat'>28</span> 
     </span>
     <span class='ocr_line' id='line_1_58' title="bbox 1198 2606 2066 2643; baseline -0.001 -1"><span class='ocrx_word' id='word_1_462' title='bbox 1198 2610 1384 2643; x_wconf 83' lang='lat' dir='ltr'>Phraatem</span> <span class='ocrx_word' id='word_1_463' title='bbox 1418 2610 1563 2643; x_wconf 86' lang='lat' dir='ltr'>obsides</span> <span class='ocrx_word' id='word_1_464' title='bbox 1597 2608 1728 2642; x_wconf 85' lang='lat' dir='ltr'>liberos</span> <span class='ocrx_word' id='word_1_465' title='bbox 1759 2609 1901 2642; x_wconf 84' lang='lat' dir='ltr'>dedisse</span> <span class='ocrx_word' id='word_1_466' title='bbox 1932 2609 1980 2642; x_wconf 81' lang='lat' dir='ltr'>ait</span> <span class='ocrx_word' id='word_1_467' title='bbox 2004 2606 2066 2642; x_wconf 73' lang='grc' dir='ltr'>δε-</span> 
     </span>
     <span class='ocr_line' id='line_1_59' title="bbox 1196 2655 2066 2702; baseline -0.002 -10"><span class='ocrx_word' id='word_1_468' title='bbox 1196 2657 1305 2692; x_wconf 81' lang='grc' dir='ltr'><strong><em>διότα</em></strong></span> <span class='ocrx_word' id='word_1_469' title='bbox 1327 2657 1397 2702; x_wconf 78' lang='grc' dir='ltr'>τὰς</span> <span class='ocrx_word' id='word_1_470' title='bbox 1419 2657 1575 2700; x_wconf 79' lang='grc' dir='ltr'><strong><em>στάσεις</em></strong></span> <span class='ocrx_word' id='word_1_471' title='bbox 1594 2659 1659 2692; x_wconf 82' lang='grc' dir='ltr'>καὶ</span> <span class='ocrx_word' id='word_1_472' title='bbox 1674 2655 1766 2699; x_wconf 70' lang='grc' dir='ltr'><strong><em>τοὺς</em></strong></span> <span class='ocrx_word' id='word_1_473' title='bbox 1780 2657 2066 2700; x_wconf 74' lang='grc' dir='ltr'><strong><em>ἐπιτιθεμένους</em></strong></span> 
     </span>
     <span class='ocr_line' id='line_1_60' title="bbox 1196 2703 2063 2769; baseline -0.002 -27"><span class='ocrx_word' id='word_1_474' title='bbox 1196 2706 1321 2753; x_wconf 75' lang='grc' dir='ltr'><strong><em>αὐτῷ·</em></strong></span> <span class='ocrx_word' id='word_1_475' title='bbox 1350 2703 1435 2769; x_wconf 74' lang='grc' dir='ltr'>ᾔδει</span> <span class='ocrx_word' id='word_1_476' title='bbox 1460 2706 1534 2756; x_wconf 77' lang='grc' dir='ltr'>γὰρ</span> <span class='ocrx_word' id='word_1_477' title='bbox 1562 2707 1711 2752; x_wconf 77' lang='grc' dir='ltr'><strong><em>μηδένα</em></strong></span> <span class='ocrx_word' id='word_1_478' title='bbox 1741 2705 1954 2748; x_wconf 68' lang='grc' dir='ltr'><strong><em>ἰσχύσοπα</em></strong></span> <span class='ocrx_word' id='word_1_479' title='bbox 1974 2707 2063 2740; x_wconf 67' lang='grc' dir='ltr'>καθ’</span> 
     </span>
    </p>
   </div>
   <div class='ocr_carea' id='block_1_16' title="bbox 1173 2754 2065 2855">
    <p class='ocr_par' dir='ltr' id='par_1_17' title="bbox 1173 2754 2065 2855">
     <span class='ocr_line' id='line_1_61' title="bbox 1173 2754 2065 2805; baseline -0.001 -14"><span class='ocrx_word' id='word_1_480' title='bbox 1173 2780 1176 2791; x_wconf 87' lang='grc'><strong>.</strong></span> <span class='ocrx_word' id='word_1_481' title='bbox 1195 2759 1354 2801; x_wconf 81' lang='grc' dir='ltr'><em>ἑαυτόν,</em></span> <span class='ocrx_word' id='word_1_482' title='bbox 1385 2755 1435 2793; x_wconf 75' lang='grc' dir='ltr'>ἄν</span> <span class='ocrx_word' id='word_1_483' title='bbox 1455 2757 1513 2803; x_wconf 81' lang='grc' dir='ltr'>μή</span> <span class='ocrx_word' id='word_1_484' title='bbox 1535 2769 1622 2792; x_wconf 73' lang='grc' dir='ltr'><strong><em>τινα</em></strong></span> <span class='ocrx_word' id='word_1_485' title='bbox 1643 2755 1821 2805; x_wconf 77' lang='grc' dir='ltr'><strong><em>ὑπολάβῃ</em></strong></span> <span class='ocrx_word' id='word_1_486' title='bbox 1843 2756 1912 2791; x_wconf 72' lang='grc' dir='ltr'>τοῦ</span> <span class='ocrx_word' id='word_1_487' title='bbox 1932 2754 2065 2804; x_wconf 74' lang='grc' dir='ltr'><strong><em>Ἄρσα-</em></strong></span> 
     </span>
     <span class='ocr_line' id='line_1_62' title="bbox 1173 2793 2058 2855; baseline -0.005 -11"><span class='ocrx_word' id='word_1_488' title='bbox 1173 2819 1176 2854; x_wconf 60' lang='lat'>5&#39;</span> <span class='ocrx_word' id='word_1_489' title='bbox 1194 2811 1281 2844; x_wconf 77' lang='grc' dir='ltr'>κίου</span> <span class='ocrx_word' id='word_1_490' title='bbox 1305 2812 1459 2854; x_wconf 78' lang='grc' dir='ltr'><em>γένους,</em></span> <span class='ocrx_word' id='word_1_491' title='bbox 1483 2807 1546 2843; x_wconf 85' lang='grc' dir='ltr'>διὰ</span> <span class='ocrx_word' id='word_1_492' title='bbox 1567 2806 1614 2842; x_wconf 87' lang='grc' dir='ltr'>τὸ</span> <span class='ocrx_word' id='word_1_493' title='bbox 1636 2805 1734 2842; x_wconf 74' lang='grc' dir='ltr'><strong><em>εἶναι</em></strong></span> <span class='ocrx_word' id='word_1_494' title='bbox 1756 2793 1911 2855; x_wconf 76' lang='grc' dir='ltr'><strong><em>σφόδρα</em></strong></span> <span class='ocrx_word' id='word_1_495' title='bbox 1925 2807 2058 2855; x_wconf 66' lang='grc' dir='ltr'><strong><em>φιλαρ-</em></strong></span> 
     </span>
    </p>
   </div>
   <div class='ocr_carea' id='block_1_17' title="bbox 1194 2857 1713 2907">
    <p class='ocr_par' dir='ltr' id='par_1_18' title="bbox 1194 2857 1713 2907">
     <span class='ocr_line' id='line_1_63' title="bbox 1194 2857 1713 2907; baseline -0.002 -13"><span class='ocrx_word' id='word_1_496' title='bbox 1194 2858 1318 2902; x_wconf 71' lang='grc' dir='ltr'><strong><em>σάκας</em></strong></span> <span class='ocrx_word' id='word_1_497' title='bbox 1339 2857 1432 2901; x_wconf 77' lang='grc' dir='ltr'><strong><em>τοὺς</em></strong></span> <span class='ocrx_word' id='word_1_498' title='bbox 1453 2859 1713 2907; x_wconf 71' lang='grc' dir='ltr'>Παρθυαίους.</span> 
     </span>
    </p>
   </div>
   <div class='ocr_carea' id='block_1_18' title="bbox 1173 3006 2064 3449">
    <p class='ocr_par' dir='ltr' id='par_1_19' title="bbox 1173 3006 2064 3449">
     <span class='ocr_line' id='line_1_64' title="bbox 1194 3006 2064 3050; baseline -0.005 -7"><span class='ocrx_word' id='word_1_499' title='bbox 1194 3009 1361 3045; x_wconf 79' lang='lat' dir='ltr'>Phraates</span> <span class='ocrx_word' id='word_1_500' title='bbox 1384 3018 1416 3042; x_wconf 87' lang='lat' dir='ltr'>a.</span> <span class='ocrx_word' id='word_1_501' title='bbox 1440 3018 1476 3043; x_wconf 90' lang='lat' dir='ltr'>u.</span> <span class='ocrx_word' id='word_1_502' title='bbox 1501 3009 1565 3043; x_wconf 81' lang='grc'><strong>734</strong></span> <span class='ocrx_word' id='word_1_503' title='bbox 1588 3009 1686 3050; x_wconf 82' lang='lat' dir='ltr'>signa</span> <span class='ocrx_word' id='word_1_504' title='bbox 1709 3008 1838 3041; x_wconf 80' lang='lat' dir='ltr'>Crasso</span> <span class='ocrx_word' id='word_1_505' title='bbox 1861 3006 1988 3040; x_wconf 80' lang='lat' dir='ltr'>ablata</span> <span class='ocrx_word' id='word_1_506' title='bbox 2001 3014 2064 3039; x_wconf 69' lang='lat' dir='ltr'>ca·</span> 
     </span>
     <span class='ocr_line' id='line_1_65' title="bbox 1195 3057 2064 3105; baseline -0.001 -13"><span class='ocrx_word' id='word_1_507' title='bbox 1195 3060 1380 3105; x_wconf 79' lang='lat' dir='ltr'>ptivosque</span> <span class='ocrx_word' id='word_1_508' title='bbox 1403 3061 1581 3093; x_wconf 75' lang='lat' dir='ltr'>Romanos</span> <span class='ocrx_word' id='word_1_509' title='bbox 1600 3060 1758 3100; x_wconf 80' lang='lat' dir='ltr'>Augusto</span> <span class='ocrx_word' id='word_1_510' title='bbox 1781 3058 1973 3093; x_wconf 63' lang='lat' dir='ltr'>remiserat</span> <span class='ocrx_word' id='word_1_511' title='bbox 1991 3057 2064 3091; x_wconf 72' lang='lat' dir='ltr'>oet.</span> 
     </span>
     <span class='ocr_line' id='line_1_66' title="bbox 1174 3105 2062 3151; baseline -0.009 -5"><span class='ocrx_word' id='word_1_512' title='bbox 1174 3115 1176 3146; x_wconf 68' lang='lat' dir='ltr'>i</span> <span class='ocrx_word' id='word_1_513' title='bbox 1196 3128 1232 3136; x_wconf 83' lang='lat'>-·—</span> <span class='ocrx_word' id='word_1_514' title='bbox 1255 3111 1394 3151; x_wconf 73' lang='lat' dir='ltr'>potuum</span> <span class='ocrx_word' id='word_1_515' title='bbox 1416 3109 1461 3142; x_wconf 79' lang='lat' dir='ltr'>ab</span> <span class='ocrx_word' id='word_1_516' title='bbox 1481 3118 1518 3142; x_wconf 81' lang='lat' dir='ltr'>ao</span> <span class='ocrx_word' id='word_1_517' title='bbox 1539 3108 1660 3151; x_wconf 65' lang='lat' dir='ltr'>ream]</span> <span class='ocrx_word' id='word_1_518' title='bbox 1686 3108 1871 3143; x_wconf 82' lang='lat' dir='ltr'>Vononen</span> <span class='ocrx_word' id='word_1_519' title='bbox 1893 3105 1948 3142; x_wconf 67' lang='lat' dir='ltr'>Cf..</span> <span class='ocrx_word' id='word_1_520' title='bbox 1969 3107 2003 3146; x_wconf 74' lang='lat'>2,</span> <span class='ocrx_word' id='word_1_521' title='bbox 2026 3106 2062 3139; x_wconf 92' lang='grc'>4.</span> 
     </span>
     <span class='ocr_line' id='line_1_67' title="bbox 1174 3155 2060 3202; baseline -0.005 -10"><span class='ocrx_word' id='word_1_522' title='bbox 1174 3182 1175 3187; x_wconf 65' lang='lat'>,</span> <span class='ocrx_word' id='word_1_523' title='bbox 1195 3177 1230 3185; x_wconf 81' lang='lat'>--</span> <span class='ocrx_word' id='word_1_524' title='bbox 1250 3160 1279 3192; x_wconf 76' lang='lat' dir='ltr'>is</span> <span class='ocrx_word' id='word_1_525' title='bbox 1300 3167 1430 3200; x_wconf 76' lang='lat' dir='ltr'>quoquo</span> <span class='ocrx_word' id='word_1_526' title='bbox 1449 3159 1598 3202; x_wconf 61' lang='lat' dir='ltr'>morat]</span> <span class='ocrx_word' id='word_1_527' title='bbox 1619 3159 1792 3192; x_wconf 82' lang='lat' dir='ltr'>Phraaten</span> <span class='ocrx_word' id='word_1_528' title='bbox 1815 3159 1854 3193; x_wconf 78' lang='lat' dir='ltr'>at</span> <span class='ocrx_word' id='word_1_529' title='bbox 1870 3155 2060 3192; x_wconf 76' lang='lat' dir='ltr'>Tiridaten.</span> 
     </span>
     <span class='ocr_line' id='line_1_68' title="bbox 1195 3205 2063 3248; baseline -0.005 -6"><span class='ocrx_word' id='word_1_530' title='bbox 1195 3209 1246 3243; x_wconf 84' lang='lat' dir='ltr'>Cf.</span> <span class='ocrx_word' id='word_1_531' title='bbox 1271 3210 1309 3248; x_wconf 85' lang='grc'>6.</span> <span class='ocrx_word' id='word_1_532' title='bbox 1333 3209 1371 3242; x_wconf 85' lang='grc'>34</span> <span class='ocrx_word' id='word_1_533' title='bbox 1399 3209 1513 3243; x_wconf 66' lang='lat' dir='ltr'>etas.</span> <span class='ocrx_word' id='word_1_534' title='bbox 1549 3226 1586 3233; x_wconf 89' lang='lat'>—-</span> <span class='ocrx_word' id='word_1_535' title='bbox 1617 3205 2063 3247; x_wconf 65' lang='lat' dir='ltr'>roetormatcitmoeat-</span> 
     </span>
     <span class='ocr_line' id='line_1_69' title="bbox 1173 3259 2062 3301; baseline -0.007 -7"><span class='ocrx_word' id='word_1_536' title='bbox 1173 3259 1296 3301; x_wconf 59' lang='lat' dir='ltr'>{tarot}</span> <span class='ocrx_word' id='word_1_537' title='bbox 1324 3259 1346 3291; x_wconf 90' lang='lat' dir='ltr'>i.</span> <span class='ocrx_word' id='word_1_538' title='bbox 1374 3267 1405 3291; x_wconf 82' lang='lat' dir='ltr'>a.</span> <span class='ocrx_word' id='word_1_539' title='bbox 1430 3259 1602 3300; x_wconf 77' lang='lat' dir='ltr'>cogitaret</span> <span class='ocrx_word' id='word_1_540' title='bbox 1622 3260 1784 3291; x_wconf 74' lang='lat' dir='ltr'>rectorem</span> <span class='ocrx_word' id='word_1_541' title='bbox 1806 3264 1886 3291; x_wconf 72' lang='lat' dir='ltr'>sese</span> <span class='ocrx_word' id='word_1_542' title='bbox 1910 3263 1992 3289; x_wconf 81' lang='lat' dir='ltr'>essa</span> <span class='ocrx_word' id='word_1_543' title='bbox 2017 3262 2062 3288; x_wconf 84' lang='lat' dir='ltr'>ac</span> 
     </span>
     <span class='ocr_line' id='line_1_70' title="bbox 1173 3306 2062 3348; baseline -0.004 -6"><span class='ocrx_word' id='word_1_544' title='bbox 1173 3323 1175 3329; x_wconf 48' lang='lat'><strong>¹</strong></span> <span class='ocrx_word' id='word_1_545' title='bbox 1193 3316 1340 3342; x_wconf 78' lang='lat' dir='ltr'>manere</span> <span class='ocrx_word' id='word_1_546' title='bbox 1354 3307 1488 3341; x_wconf 68' lang='lat' dir='ltr'>dehere</span> <span class='ocrx_word' id='word_1_547' title='bbox 1498 3333 1509 3348; x_wconf 81' lang='grc'>,</span> <span class='ocrx_word' id='word_1_548' title='bbox 1531 3316 1602 3341; x_wconf 88' lang='lat' dir='ltr'>non</span> <span class='ocrx_word' id='word_1_549' title='bbox 1617 3307 1814 3346; x_wconf 77' lang='lat' dir='ltr'>dominum.</span> <span class='ocrx_word' id='word_1_550' title='bbox 1837 3306 1924 3339; x_wconf 75' lang='lat' dir='ltr'>cives</span> <span class='ocrx_word' id='word_1_551' title='bbox 1937 3306 2062 3339; x_wconf 72' lang='lat' dir='ltr'>autem</span> 
     </span>
     <span class='ocr_line' id='line_1_71' title="bbox 1192 3355 2063 3399; baseline -0.005 -8"><span class='ocrx_word' id='word_1_552' title='bbox 1192 3366 1293 3397; x_wconf 83' lang='lat' dir='ltr'>esse.</span> <span class='ocrx_word' id='word_1_553' title='bbox 1327 3366 1398 3392; x_wconf 84' lang='lat' dir='ltr'>non</span> <span class='ocrx_word' id='word_1_554' title='bbox 1431 3357 1625 3399; x_wconf 65' lang='lat' dir='ltr'>mancipia.</span> <span class='ocrx_word' id='word_1_555' title='bbox 1664 3355 1821 3390; x_wconf 63' lang='lat' dir='ltr'>Parthos.</span> <span class='ocrx_word' id='word_1_556' title='bbox 1861 3372 1895 3378; x_wconf 89' lang='lat'>—</span> <span class='ocrx_word' id='word_1_557' title='bbox 1934 3357 2063 3394; x_wconf 69' lang='lat' dir='ltr'>quanto</span> 
     </span>
     <span class='ocr_line' id='line_1_72' title="bbox 1189 3403 2062 3449; baseline -0.002 -8"><span class='ocrx_word' id='word_1_558' title='bbox 1189 3406 1318 3449; x_wconf 61' lang='lat' dir='ltr'>innota]</span> <span class='ocrx_word' id='word_1_559' title='bbox 1340 3407 1556 3448; x_wconf 73' lang='lat' dir='ltr'>Depositivo</span> <span class='ocrx_word' id='word_1_560' title='bbox 1573 3404 1811 3445; x_wconf 43' lang='lat' dir='ltr'>videnda&amp;</span> <span class='ocrx_word' id='word_1_561' title='bbox 1833 3403 2062 3439; x_wconf 64' lang='lat' dir='ltr'>—alumnun</span> 
     </span>
    </p>
   </div>
  </div>
 </body>
</html>
