<?xml version="1.0" encoding="UTF-8"?>
<!DOCTYPE html PUBLIC "-//W3C//DTD XHTML 1.0 Transitional//EN"
    "http://www.w3.org/TR/xhtml1/DTD/xhtml1-transitional.dtd">
<html xmlns="http://www.w3.org/1999/xhtml" xml:lang="en" lang="en">
 <head>
  <title>
</title>
<meta http-equiv="Content-Type" content="text/html;charset=utf-8" />
  <meta name='ocr-system' content='tesseract 3.04.00' />
  <meta name='ocr-capabilities' content='ocr_page ocr_carea ocr_par ocr_line ocrx_word'/>
</head>
<body>
  <div class='ocr_page' id='page_1' title='image "./pcorneliitacitio01taciuoft_0356.png"; bbox 0 0 2254 3770; ppageno 0'>
   <div class='ocr_carea' id='block_1_1' title="bbox 307 284 1602 334">
    <p class='ocr_par' dir='ltr' id='par_1_1' title="bbox 307 284 1602 334">
     <span class='ocr_line' id='line_1_1' title="bbox 307 284 1602 334; baseline 0.002 -2"><span class='ocrx_word' id='word_1_1' title='bbox 307 284 390 333; x_wconf 74' lang='grc'>318</span> <span class='ocrx_word' id='word_1_2' title='bbox 787 286 831 330; x_wconf 94' lang='grc' dir='ltr'>Ρ.</span> <span class='ocrx_word' id='word_1_3' title='bbox 862 285 1111 331; x_wconf 88' lang='lat' dir='ltr'>CORNELII</span> <span class='ocrx_word' id='word_1_4' title='bbox 1139 286 1308 331; x_wconf 76' lang='lat' dir='ltr'>TACITI</span> <span class='ocrx_word' id='word_1_5' title='bbox 1335 287 1602 334; x_wconf 76' lang='lat' dir='ltr'>ANNALIUM</span> 
     </span>
    </p>
   </div>
   <div class='ocr_carea' id='block_1_2' title="bbox 242 391 2077 1735">
    <p class='ocr_par' dir='ltr' id='par_1_2' title="bbox 242 391 2077 1735">
     <span class='ocr_line' id='line_1_2' title="bbox 305 391 2077 456; baseline 0.002 -17"><span class='ocrx_word' id='word_1_6' title='bbox 305 394 498 441; x_wconf 85' lang='lat' dir='ltr'>fraudem</span> <span class='ocrx_word' id='word_1_7' title='bbox 527 394 789 439; x_wconf 91' lang='lat' dir='ltr'>inimicorum</span> <span class='ocrx_word' id='word_1_8' title='bbox 819 391 967 437; x_wconf 91' lang='lat' dir='ltr'>ulcisci</span> <span class='ocrx_word' id='word_1_9' title='bbox 995 398 1124 452; x_wconf 86' lang='lat' dir='ltr'>atque</span> <span class='ocrx_word' id='word_1_10' title='bbox 1152 393 1232 452; x_wconf 90' lang='lat' dir='ltr'>ipsi</span> <span class='ocrx_word' id='word_1_11' title='bbox 1254 393 1362 438; x_wconf 90' lang='lat' dir='ltr'>inter</span> <span class='ocrx_word' id='word_1_12' title='bbox 1381 408 1429 439; x_wconf 88' lang='lat' dir='ltr'>se</span> <span class='ocrx_word' id='word_1_13' title='bbox 1449 395 1702 441; x_wconf 80' lang='lat' dir='ltr'>concedere.</span> <span class='ocrx_word' id='word_1_14' title='bbox 1731 397 1958 456; x_wconf 88' lang='lat' dir='ltr'>potiorque</span> <span class='ocrx_word' id='word_1_15' title='bbox 1975 399 2077 444; x_wconf 51' lang='lat' dir='ltr'>Var-¹</span> 
     </span>
     <span class='ocr_line' id='line_1_3' title="bbox 305 467 2074 528; baseline 0.002 -14"><span class='ocrx_word' id='word_1_16' title='bbox 305 470 440 515; x_wconf 91' lang='lat' dir='ltr'>danes</span> <span class='ocrx_word' id='word_1_17' title='bbox 467 470 585 514; x_wconf 90' lang='lat' dir='ltr'>visus</span> <span class='ocrx_word' id='word_1_18' title='bbox 614 467 837 514; x_wconf 90' lang='lat' dir='ltr'>retinendo</span> <span class='ocrx_word' id='word_1_19' title='bbox 861 482 1014 525; x_wconf 84' lang='lat' dir='ltr'>regno:</span> <span class='ocrx_word' id='word_1_20' title='bbox 1045 475 1088 513; x_wconf 92' lang='lat' dir='ltr'>at</span> <span class='ocrx_word' id='word_1_21' title='bbox 1106 469 1320 520; x_wconf 83' lang='lat' dir='ltr'>Gotarzes,</span> <span class='ocrx_word' id='word_1_22' title='bbox 1352 483 1406 514; x_wconf 92' lang='lat' dir='ltr'>ne</span> <span class='ocrx_word' id='word_1_23' title='bbox 1426 470 1531 528; x_wconf 89' lang='lat' dir='ltr'>quid</span> <span class='ocrx_word' id='word_1_24' title='bbox 1551 471 1845 517; x_wconf 79' lang='lat' dir='ltr'><strong>aemulationis</strong></span> <span class='ocrx_word' id='word_1_25' title='bbox 1865 473 2074 526; x_wconf 77' lang='lat' dir='ltr'>existeret,</span> 
     </span>
     <span class='ocr_line' id='line_1_4' title="bbox 303 543 2076 604; baseline 0.003 -15"><span class='ocrx_word' id='word_1_26' title='bbox 303 546 474 604; x_wconf 86' lang='lat' dir='ltr'>penitus</span> <span class='ocrx_word' id='word_1_27' title='bbox 503 545 545 588; x_wconf 91' lang='lat' dir='ltr'>in</span> <span class='ocrx_word' id='word_1_28' title='bbox 574 543 832 604; x_wconf 80' lang='lat' dir='ltr'>Hyrcaniam</span> <span class='ocrx_word' id='word_1_29' title='bbox 865 543 988 602; x_wconf 76' lang='lat' dir='ltr'>abiit.</span> <span class='ocrx_word' id='word_1_30' title='bbox 1024 557 1311 602; x_wconf 83' lang='lat' dir='ltr'>regressoque</span> <span class='ocrx_word' id='word_1_31' title='bbox 1340 545 1532 590; x_wconf 90' lang='lat' dir='ltr'>Vardane</span> <span class='ocrx_word' id='word_1_32' title='bbox 1559 545 1729 591; x_wconf 84' lang='lat' dir='ltr'>deditur</span> <span class='ocrx_word' id='word_1_33' title='bbox 1756 548 1969 599; x_wconf 79' lang='lat' dir='ltr'>Seleucia,</span> <span class='ocrx_word' id='word_1_34' title='bbox 2007 563 2076 594; x_wconf 88' lang='lat' dir='ltr'>se-</span> 
     </span>
     <span class='ocr_line' id='line_1_5' title="bbox 303 618 2076 682; baseline 0.003 -18"><span class='ocrx_word' id='word_1_35' title='bbox 303 621 434 679; x_wconf 91' lang='lat' dir='ltr'>ptimo</span> <span class='ocrx_word' id='word_1_36' title='bbox 462 626 561 678; x_wconf 90' lang='lat' dir='ltr'>post</span> <span class='ocrx_word' id='word_1_37' title='bbox 588 618 870 664; x_wconf 80' lang='lat' dir='ltr'>defectionem</span> <span class='ocrx_word' id='word_1_38' title='bbox 899 633 1026 669; x_wconf 84' lang='lat' dir='ltr'>anno.</span> <span class='ocrx_word' id='word_1_39' title='bbox 1067 633 1151 663; x_wconf 90' lang='lat' dir='ltr'>non</span> <span class='ocrx_word' id='word_1_40' title='bbox 1186 619 1278 663; x_wconf 92' lang='lat' dir='ltr'>sine</span> <span class='ocrx_word' id='word_1_41' title='bbox 1308 619 1522 665; x_wconf 85' lang='lat' dir='ltr'>dedecore</span> <span class='ocrx_word' id='word_1_42' title='bbox 1551 621 1816 675; x_wconf 79' lang='lat' dir='ltr'>Parthorum,</span> <span class='ocrx_word' id='word_1_43' title='bbox 1853 638 1964 682; x_wconf 92' lang='lat' dir='ltr'>quos</span> <span class='ocrx_word' id='word_1_44' title='bbox 1992 638 2076 671; x_wconf 89' lang='lat' dir='ltr'>una</span> 
     </span>
     <span class='ocr_line' id='line_1_6' title="bbox 269 694 2077 754; baseline 0.002 -14"><span class='ocrx_word' id='word_1_45' title='bbox 269 696 451 741; x_wconf 73' lang='lat' dir='ltr'>scivitas</span> <span class='ocrx_word' id='word_1_46' title='bbox 480 703 566 740; x_wconf 92' lang='lat' dir='ltr'>tam</span> <span class='ocrx_word' id='word_1_47' title='bbox 595 694 894 739; x_wconf 88' lang='lat' dir='ltr'>diu-eluserat.</span> <span class='ocrx_word' id='word_1_48' title='bbox 945 694 1027 751; x_wconf 73' lang='lat'>(40)</span> <span class='ocrx_word' id='word_1_49' title='bbox 1062 695 1159 738; x_wconf 85' lang='lat' dir='ltr'>exin</span> <span class='ocrx_word' id='word_1_50' title='bbox 1193 694 1476 740; x_wconf 90' lang='lat' dir='ltr'>validissimas</span> <span class='ocrx_word' id='word_1_51' title='bbox 1509 697 1796 754; x_wconf 80' lang='lat' dir='ltr'>praefecturas</span> <span class='ocrx_word' id='word_1_52' title='bbox 1832 700 1984 744; x_wconf 86' lang='lat' dir='ltr'>invisit.</span> <span class='ocrx_word' id='word_1_53' title='bbox 2034 707 2077 744; x_wconf 89' lang='lat' dir='ltr'>et</span> 
     </span>
     <span class='ocr_line' id='line_1_7' title="bbox 302 769 2074 831; baseline 0.002 -16"><span class='ocrx_word' id='word_1_54' title='bbox 302 785 558 830; x_wconf 90' lang='lat' dir='ltr'>recuperare</span> <span class='ocrx_word' id='word_1_55' title='bbox 588 771 827 815; x_wconf 86' lang='lat' dir='ltr'>Armeniam</span> <span class='ocrx_word' id='word_1_56' title='bbox 856 769 1025 820; x_wconf 87' lang='lat' dir='ltr'>avebat,</span> <span class='ocrx_word' id='word_1_57' title='bbox 1066 770 1108 814; x_wconf 92' lang='lat' dir='ltr'>ni</span> <span class='ocrx_word' id='word_1_58' title='bbox 1139 783 1164 813; x_wconf 88' lang='lat' dir='ltr'>a</span> <span class='ocrx_word' id='word_1_59' title='bbox 1194 769 1314 814; x_wconf 92' lang='lat' dir='ltr'>Vibio</span> <span class='ocrx_word' id='word_1_60' title='bbox 1344 771 1500 822; x_wconf 89' lang='lat' dir='ltr'>Marso,</span> <span class='ocrx_word' id='word_1_61' title='bbox 1540 772 1692 831; x_wconf 84' lang='lat' dir='ltr'>Syriae</span> <span class='ocrx_word' id='word_1_62' title='bbox 1719 773 1877 831; x_wconf 82' lang='lat' dir='ltr'>legato,</span> <span class='ocrx_word' id='word_1_63' title='bbox 1915 774 2074 819; x_wconf 90' lang='lat' dir='ltr'>bellum</span> 
     </span>
     <span class='ocr_line' id='line_1_8' title="bbox 299 845 2075 905; baseline 0.002 -15"><span class='ocrx_word' id='word_1_64' title='bbox 299 848 535 898; x_wconf 85' lang='lat' dir='ltr'>minitante,</span> <span class='ocrx_word' id='word_1_65' title='bbox 575 846 784 891; x_wconf 89' lang='lat' dir='ltr'>cohibitus</span> <span class='ocrx_word' id='word_1_66' title='bbox 822 845 941 890; x_wconf 89' lang='lat' dir='ltr'>soret.</span> <span class='ocrx_word' id='word_1_67' title='bbox 979 851 1108 904; x_wconf 90' lang='lat' dir='ltr'>atque</span> <span class='ocrx_word' id='word_1_68' title='bbox 1146 845 1315 889; x_wconf 89' lang='lat' dir='ltr'>interim</span> <span class='ocrx_word' id='word_1_69' title='bbox 1351 846 1552 891; x_wconf 83' lang='lat' dir='ltr'>Gotarzes</span> <span class='ocrx_word' id='word_1_70' title='bbox 1588 849 1845 905; x_wconf 88' lang='lat' dir='ltr'>paenitentia</span> <span class='ocrx_word' id='word_1_71' title='bbox 1880 850 2075 895; x_wconf 78' lang='lat' dir='ltr'>concessi</span> 
     </span>
     <span class='ocr_line' id='line_1_9' title="bbox 298 920 2077 980; baseline 0.002 -14"><span class='ocrx_word' id='word_1_72' title='bbox 298 922 418 980; x_wconf 85' lang='lat' dir='ltr'>regni</span> <span class='ocrx_word' id='word_1_73' title='bbox 448 929 494 967; x_wconf 90' lang='lat' dir='ltr'>et·</span> <span class='ocrx_word' id='word_1_74' title='bbox 517 927 696 967; x_wconf 88' lang='lat' dir='ltr'>vocante</span> <span class='ocrx_word' id='word_1_75' title='bbox 729 921 963 972; x_wconf 88' lang='lat' dir='ltr'>nobilitate,</span> <span class='ocrx_word' id='word_1_76' title='bbox 1003 921 1071 965; x_wconf 90' lang='lat' dir='ltr'>cui</span> <span class='ocrx_word' id='word_1_77' title='bbox 1108 921 1151 964; x_wconf 93' lang='lat' dir='ltr'>in</span> <span class='ocrx_word' id='word_1_78' title='bbox 1185 934 1292 979; x_wconf 90' lang='lat' dir='ltr'>pace</span> <span class='ocrx_word' id='word_1_79' title='bbox 1323 920 1469 965; x_wconf 89' lang='lat' dir='ltr'>durius</span> <span class='ocrx_word' id='word_1_80' title='bbox 1499 922 1718 966; x_wconf 91' lang='lat' dir='ltr'>servitium</span> <span class='ocrx_word' id='word_1_81' title='bbox 1746 930 1830 975; x_wconf 90' lang='lat' dir='ltr'>est,</span> <span class='ocrx_word' id='word_1_82' title='bbox 1870 925 2077 969; x_wconf 83' lang='lat' dir='ltr'>contrahit</span> 
     </span>
     <span class='ocr_line' id='line_1_10' title="bbox 299 995 2074 1059; baseline 0.002 -17"><span class='ocrx_word' id='word_1_83' title='bbox 299 998 457 1056; x_wconf 88' lang='lat' dir='ltr'>copias.</span> <span class='ocrx_word' id='word_1_84' title='bbox 503 1004 546 1042; x_wconf 92' lang='lat' dir='ltr'>et</span> <span class='ocrx_word' id='word_1_85' title='bbox 580 997 680 1042; x_wconf 92' lang='lat' dir='ltr'>huic</span> <span class='ocrx_word' id='word_1_86' title='bbox 714 1003 860 1042; x_wconf 89' lang='lat' dir='ltr'>contra</span> <span class='ocrx_word' id='word_1_87' title='bbox 896 997 1000 1040; x_wconf 89' lang='lat' dir='ltr'>itum</span> <span class='ocrx_word' id='word_1_88' title='bbox 1034 995 1088 1041; x_wconf 90' lang='lat' dir='ltr'>ad</span> <span class='ocrx_word' id='word_1_89' title='bbox 1127 1010 1295 1041; x_wconf 90' lang='lat' dir='ltr'>amnem</span> <span class='ocrx_word' id='word_1_90' title='bbox 1333 996 1536 1050; x_wconf 83' lang='lat' dir='ltr'>Erinden3</span> <span class='ocrx_word' id='word_1_91' title='bbox 1578 998 1621 1042; x_wconf 90' lang='lat' dir='ltr'>in</span> <span class='ocrx_word' id='word_1_92' title='bbox 1650 999 1771 1043; x_wconf 89' lang='lat' dir='ltr'>ouius</span> <span class='ocrx_word' id='word_1_93' title='bbox 1806 1007 2074 1059; x_wconf 87' lang='lat' dir='ltr'>transgressu</span> 
     </span>
     <span class='ocr_line' id='line_1_11' title="bbox 247 1071 2074 1131; baseline 0.002 -13"><span class='ocrx_word' id='word_1_94' title='bbox 247 1088 284 1118; x_wconf 67' lang='grc' dir='ltr'>ιο</span> <span class='ocrx_word' id='word_1_95' title='bbox 297 1073 476 1118; x_wconf 89' lang='lat' dir='ltr'>multum</span> <span class='ocrx_word' id='word_1_96' title='bbox 503 1079 664 1118; x_wconf 90' lang='lat' dir='ltr'>certato</span> <span class='ocrx_word' id='word_1_97' title='bbox 694 1072 873 1131; x_wconf 88' lang='lat' dir='ltr'>pervicit</span> <span class='ocrx_word' id='word_1_98' title='bbox 890 1071 1118 1121; x_wconf 85' lang='lat' dir='ltr'>Vardanes,</span> <span class='ocrx_word' id='word_1_99' title='bbox 1149 1072 1456 1130; x_wconf 87' lang='lat' dir='ltr'>prosperisque</span> <span class='ocrx_word' id='word_1_100' title='bbox 1486 1073 1660 1131; x_wconf 88' lang='lat' dir='ltr'>proeliis</span> <span class='ocrx_word' id='word_1_101' title='bbox 1683 1075 1852 1120; x_wconf 82' lang='lat' dir='ltr'>medias</span> <span class='ocrx_word' id='word_1_102' title='bbox 1881 1076 2074 1121; x_wconf 83' lang='lat' dir='ltr'>nationes</span> 
     </span>
     <span class='ocr_line' id='line_1_12' title="bbox 296 1147 2073 1207; baseline 0.002 -14"><span class='ocrx_word' id='word_1_103' title='bbox 296 1149 466 1207; x_wconf 84' lang='lat' dir='ltr'>subegit</span> <span class='ocrx_word' id='word_1_104' title='bbox 494 1149 548 1193; x_wconf 89' lang='lat' dir='ltr'>ad</span> <span class='ocrx_word' id='word_1_105' title='bbox 578 1148 736 1192; x_wconf 89' lang='lat' dir='ltr'>flumen</span> <span class='ocrx_word' id='word_1_106' title='bbox 766 1147 938 1198; x_wconf 91' lang='lat' dir='ltr'>Sinden,</span> <span class='ocrx_word' id='word_1_107' title='bbox 969 1147 1085 1205; x_wconf 90' lang='lat' dir='ltr'>quod</span> <span class='ocrx_word' id='word_1_108' title='bbox 1115 1147 1256 1191; x_wconf 88' lang='lat' dir='ltr'>Dahas</span> <span class='ocrx_word' id='word_1_109' title='bbox 1286 1148 1494 1206; x_wconf 88' lang='lat' dir='ltr'>Ariosque</span> <span class='ocrx_word' id='word_1_110' title='bbox 1524 1148 1799 1194; x_wconf 86' lang='lat' dir='ltr'>disterminat.</span> <span class='ocrx_word' id='word_1_111' title='bbox 1830 1151 1887 1195; x_wconf 91' lang='lat' dir='ltr'>ibi</span> <span class='ocrx_word' id='word_1_112' title='bbox 1917 1151 2073 1196; x_wconf 88' lang='lat' dir='ltr'>modus</span> 
     </span>
     <span class='ocr_line' id='line_1_13' title="bbox 295 1222 2070 1285; baseline 0.001 -15"><span class='ocrx_word' id='word_1_113' title='bbox 295 1225 425 1270; x_wconf 89' lang='lat' dir='ltr'>rebus</span> <span class='ocrx_word' id='word_1_114' title='bbox 461 1223 662 1269; x_wconf 91' lang='lat' dir='ltr'>secundis</span> <span class='ocrx_word' id='word_1_115' title='bbox 698 1223 883 1281; x_wconf 87' lang='lat' dir='ltr'>positus:</span> <span class='ocrx_word' id='word_1_116' title='bbox 921 1236 1019 1266; x_wconf 89' lang='lat' dir='ltr'>nam</span> <span class='ocrx_word' id='word_1_117' title='bbox 1055 1222 1218 1273; x_wconf 88' lang='lat' dir='ltr'>Parthi,</span> <span class='ocrx_word' id='word_1_118' title='bbox 1259 1237 1517 1281; x_wconf 89' lang='lat' dir='ltr'>quamquam</span> <span class='ocrx_word' id='word_1_119' title='bbox 1555 1225 1756 1276; x_wconf 86' lang='lat' dir='ltr'>victores,</span> <span class='ocrx_word' id='word_1_120' title='bbox 1799 1225 2070 1285; x_wconf 82' lang='lat' dir='ltr'>longinquam</span> 
     </span>
     <span class='ocr_line' id='line_1_14' title="bbox 294 1298 2073 1359; baseline 0.002 -15"><span class='ocrx_word' id='word_1_121' title='bbox 294 1300 484 1346; x_wconf 87' lang='lat' dir='ltr'>militiam</span> <span class='ocrx_word' id='word_1_122' title='bbox 513 1299 860 1358; x_wconf 86' lang='lat' dir='ltr'>aspernabantur.</span> <span class='ocrx_word' id='word_1_123' title='bbox 905 1298 1031 1356; x_wconf 80' lang='lat' dir='ltr'>igitur</span> <span class='ocrx_word' id='word_1_124' title='bbox 1061 1298 1283 1342; x_wconf 87' lang='lat' dir='ltr'>exstructis</span> <span class='ocrx_word' id='word_1_125' title='bbox 1319 1299 1608 1350; x_wconf 88' lang='lat' dir='ltr'>monimentis,</span> <span class='ocrx_word' id='word_1_126' title='bbox 1649 1300 1807 1358; x_wconf 89' lang='lat' dir='ltr'>quibus</span> <span class='ocrx_word' id='word_1_127' title='bbox 1834 1315 1943 1359; x_wconf 90' lang='lat' dir='ltr'>opes</span> <span class='ocrx_word' id='word_1_128' title='bbox 1972 1315 2073 1347; x_wconf 85' lang='lat' dir='ltr'>suas</span> 
     </span>
     <span class='ocr_line' id='line_1_15' title="bbox 293 1373 2070 1435; baseline 0.001 -15"><span class='ocrx_word' id='word_1_129' title='bbox 293 1375 527 1421; x_wconf 88' lang='lat' dir='ltr'>testabatur</span> <span class='ocrx_word' id='word_1_130' title='bbox 556 1389 638 1421; x_wconf 92' lang='lat' dir='ltr'>nec</span> <span class='ocrx_word' id='word_1_131' title='bbox 666 1374 865 1432; x_wconf 91' lang='lat' dir='ltr'>cuiquam</span> <span class='ocrx_word' id='word_1_132' title='bbox 894 1380 992 1419; x_wconf 84' lang='lat' dir='ltr'>ante</span> <span class='ocrx_word' id='word_1_133' title='bbox 1018 1373 1316 1419; x_wconf 83' lang='lat' dir='ltr'>Arsacidarum</span> <span class='ocrx_word' id='word_1_134' title='bbox 1344 1374 1499 1419; x_wconf 89' lang='lat' dir='ltr'>tributa</span> <span class='ocrx_word' id='word_1_135' title='bbox 1528 1374 1608 1419; x_wconf 92' lang='lat' dir='ltr'>illis</span> <span class='ocrx_word' id='word_1_136' title='bbox 1628 1375 1683 1419; x_wconf 89' lang='lat' dir='ltr'>de</span> <span class='ocrx_word' id='word_1_137' title='bbox 1713 1376 1910 1433; x_wconf 86' lang='lat' dir='ltr'>gentibus</span> <span class='ocrx_word' id='word_1_138' title='bbox 1937 1384 2070 1435; x_wconf 88' lang='lat' dir='ltr'>parta,</span> 
     </span>
     <span class='ocr_line' id='line_1_16' title="bbox 242 1448 2071 1512; baseline 0.002 -18"><span class='ocrx_word' id='word_1_139' title='bbox 242 1464 280 1494; x_wconf 72' lang='lat' dir='ltr'>is</span> <span class='ocrx_word' id='word_1_140' title='bbox 292 1451 534 1510; x_wconf 82' lang='lat' dir='ltr'>regreditur</span> <span class='ocrx_word' id='word_1_141' title='bbox 563 1451 712 1508; x_wconf 83' lang='lat' dir='ltr'>ingens</span> <span class='ocrx_word' id='word_1_142' title='bbox 741 1449 876 1507; x_wconf 86' lang='lat' dir='ltr'>gloria</span> <span class='ocrx_word' id='word_1_143' title='bbox 903 1455 1032 1507; x_wconf 88' lang='lat' dir='ltr'>atque</span> <span class='ocrx_word' id='word_1_144' title='bbox 1064 1462 1117 1492; x_wconf 92' lang='lat' dir='ltr'>eo</span> <span class='ocrx_word' id='word_1_145' title='bbox 1149 1448 1331 1493; x_wconf 86' lang='lat' dir='ltr'>ferocior</span> <span class='ocrx_word' id='word_1_146' title='bbox 1354 1456 1397 1494; x_wconf 93' lang='lat' dir='ltr'>et</span> <span class='ocrx_word' id='word_1_147' title='bbox 1425 1450 1628 1495; x_wconf 89' lang='lat' dir='ltr'>subiectis</span> <span class='ocrx_word' id='word_1_148' title='bbox 1658 1451 1967 1504; x_wconf 88' lang='lat' dir='ltr'>intolerantior;</span> <span class='ocrx_word' id='word_1_149' title='bbox 1997 1454 2071 1512; x_wconf 91' lang='lat' dir='ltr'>qui</span> 
     </span>
     <span class='ocr_line' id='line_1_17' title="bbox 292 1524 2071 1586; baseline 0.001 -14"><span class='ocrx_word' id='word_1_150' title='bbox 292 1527 392 1572; x_wconf 92' lang='lat' dir='ltr'>dolo</span> <span class='ocrx_word' id='word_1_151' title='bbox 421 1533 519 1572; x_wconf 89' lang='lat' dir='ltr'>ante</span> <span class='ocrx_word' id='word_1_152' title='bbox 539 1525 761 1584; x_wconf 90' lang='lat' dir='ltr'>conposito</span> <span class='ocrx_word' id='word_1_153' title='bbox 792 1525 1008 1570; x_wconf 89' lang='lat' dir='ltr'>incautum</span> <span class='ocrx_word' id='word_1_154' title='bbox 1033 1524 1334 1582; x_wconf 87' lang='lat' dir='ltr'>venationique</span> <span class='ocrx_word' id='word_1_155' title='bbox 1364 1525 1569 1569; x_wconf 91' lang='lat' dir='ltr'>intentum</span> <span class='ocrx_word' id='word_1_156' title='bbox 1598 1526 1860 1579; x_wconf 82' lang='lat' dir='ltr'>interfecere,</span> <span class='ocrx_word' id='word_1_157' title='bbox 1891 1529 2071 1586; x_wconf 88' lang='lat' dir='ltr'>primam</span> 
     </span>
     <span class='ocr_line' id='line_1_18' title="bbox 291 1599 2069 1662; baseline 0.001 -15"><span class='ocrx_word' id='word_1_158' title='bbox 291 1604 400 1649; x_wconf 87' lang='lat' dir='ltr'>intra</span> <span class='ocrx_word' id='word_1_159' title='bbox 429 1603 663 1652; x_wconf 89' lang='lat' dir='ltr'>iuventam,</span> <span class='ocrx_word' id='word_1_160' title='bbox 705 1600 784 1645; x_wconf 91' lang='lat' dir='ltr'>sed</span> <span class='ocrx_word' id='word_1_161' title='bbox 814 1599 1064 1644; x_wconf 86' lang='lat' dir='ltr'>claritudine</span> <span class='ocrx_word' id='word_1_162' title='bbox 1099 1613 1262 1657; x_wconf 89' lang='lat' dir='ltr'>paucos</span> <span class='ocrx_word' id='word_1_163' title='bbox 1292 1600 1402 1645; x_wconf 87' lang='lat' dir='ltr'>inter</span> <span class='ocrx_word' id='word_1_164' title='bbox 1430 1615 1582 1645; x_wconf 88' lang='lat' dir='ltr'>senum</span> <span class='ocrx_word' id='word_1_165' title='bbox 1611 1615 1777 1660; x_wconf 86' lang='lat' dir='ltr'>regum,</span> <span class='ocrx_word' id='word_1_166' title='bbox 1817 1604 1854 1647; x_wconf 93' lang='lat' dir='ltr'>si</span> <span class='ocrx_word' id='word_1_167' title='bbox 1890 1604 2069 1662; x_wconf 87' lang='lat' dir='ltr'>perinde</span> 
     </span>
     <span class='ocr_line' id='line_1_19' title="bbox 290 1675 2069 1735; baseline 0.001 -12"><span class='ocrx_word' id='word_1_168' title='bbox 290 1692 481 1723; x_wconf 90' lang='lat' dir='ltr'>amorem</span> <span class='ocrx_word' id='word_1_169' title='bbox 518 1677 628 1721; x_wconf 91' lang='lat' dir='ltr'>inter</span> <span class='ocrx_word' id='word_1_170' title='bbox 663 1675 892 1734; x_wconf 90' lang='lat' dir='ltr'>populares</span> <span class='ocrx_word' id='word_1_171' title='bbox 929 1688 1059 1733; x_wconf 89' lang='lat' dir='ltr'>quam</span> <span class='ocrx_word' id='word_1_172' title='bbox 1096 1681 1255 1719; x_wconf 91' lang='lat' dir='ltr'>metum</span> <span class='ocrx_word' id='word_1_173' title='bbox 1288 1675 1402 1733; x_wconf 92' lang='lat' dir='ltr'>apud</span> <span class='ocrx_word' id='word_1_174' title='bbox 1437 1676 1583 1721; x_wconf 91' lang='lat' dir='ltr'>hostes</span> <span class='ocrx_word' id='word_1_175' title='bbox 1618 1678 1914 1735; x_wconf 79' lang='lat' dir='ltr'>quaesivisset.</span> <span class='ocrx_word' id='word_1_176' title='bbox 1962 1693 2069 1724; x_wconf 91' lang='lat' dir='ltr'>nece</span> 
     </span>
    </p>
   </div>
   <div class='ocr_carea' id='block_1_3' title="bbox 238 1803 2084 2306">
    <p class='ocr_par' dir='ltr' id='par_1_3' title="bbox 284 1803 2084 2249">
     <span class='ocr_line' id='line_1_20' title="bbox 355 1803 2084 1855; baseline 0.001 -10"><span class='ocrx_word' id='word_1_177' title='bbox 355 1804 392 1846; x_wconf 57' lang='lat'>3.</span> <span class='ocrx_word' id='word_1_178' title='bbox 411 1810 575 1852; x_wconf 72' lang='lat' dir='ltr'>hyrcania</span> <span class='ocrx_word' id='word_1_179' title='bbox 595 1809 713 1843; x_wconf 78' lang='lat' dir='ltr'>mabiit</span> <span class='ocrx_word' id='word_1_180' title='bbox 733 1817 788 1851; x_wconf 87' lang='lat' dir='ltr'>pr.</span> <span class='ocrx_word' id='word_1_181' title='bbox 813 1809 846 1843; x_wconf 99' lang='lat' dir='ltr'><strong>M</strong></span> <span class='ocrx_word' id='word_1_182' title='bbox 870 1803 1049 1850; x_wconf 69' lang='lat' dir='ltr'>(hyrcania</span> <span class='ocrx_word' id='word_1_183' title='bbox 1067 1808 1149 1842; x_wconf 71' lang='lat' dir='ltr'>abiit</span> <span class='ocrx_word' id='word_1_184' title='bbox 1171 1817 1262 1842; x_wconf 87' lang='lat' dir='ltr'>corr.</span> <span class='ocrx_word' id='word_1_185' title='bbox 1287 1808 1338 1850; x_wconf 88' lang='grc' dir='ltr'>Μ)</span> <span class='ocrx_word' id='word_1_186' title='bbox 1366 1826 1402 1832; x_wconf 91' lang='grc'>-</span> <span class='ocrx_word' id='word_1_187' title='bbox 1430 1809 1583 1844; x_wconf 71' lang='lat' dir='ltr'>aurdane</span> <span class='ocrx_word' id='word_1_188' title='bbox 1604 1810 1655 1844; x_wconf 84' lang='lat' dir='ltr'>M:</span> <span class='ocrx_word' id='word_1_189' title='bbox 1684 1811 1833 1845; x_wconf 74' lang='lat' dir='ltr'>Vardani</span> <span class='ocrx_word' id='word_1_190' title='bbox 1854 1812 2002 1855; x_wconf 85' lang='lat' dir='ltr'>Lipsius.</span> <span class='ocrx_word' id='word_1_191' title='bbox 2029 1806 2084 1841; x_wconf 83' lang='lat'>-&#39;</span> 
     </span>
     <span class='ocr_line' id='line_1_21' title="bbox 288 1863 2064 1911; baseline -0.003 -8"><span class='ocrx_word' id='word_1_192' title='bbox 288 1870 423 1911; x_wconf 73' lang='lat' dir='ltr'>septimo</span> <span class='ocrx_word' id='word_1_193' title='bbox 445 1869 498 1903; x_wconf 86' lang='lat' dir='ltr'>M:</span> <span class='ocrx_word' id='word_1_194' title='bbox 530 1867 720 1901; x_wconf 69' lang='lat' dir='ltr'>duodecimo</span> <span class='ocrx_word' id='word_1_195' title='bbox 745 1865 964 1908; x_wconf 85' lang='lat' dir='ltr'>Nipperdey,</span> <span class='ocrx_word' id='word_1_196' title='bbox 990 1863 1068 1898; x_wconf 92' lang='lat' dir='ltr'>coll.</span> <span class='ocrx_word' id='word_1_197' title='bbox 1093 1865 1124 1905; x_wconf 87' lang='grc'>6,</span> <span class='ocrx_word' id='word_1_198' title='bbox 1150 1864 1204 1899; x_wconf 74' lang='grc'>42.</span> <span class='ocrx_word' id='word_1_199' title='bbox 1232 1881 1268 1890; x_wconf 89' lang='grc'><strong>-</strong></span> <span class='ocrx_word' id='word_1_200' title='bbox 1302 1866 1336 1898; x_wconf 83' lang='grc'>5.</span> <span class='ocrx_word' id='word_1_201' title='bbox 1360 1866 1478 1898; x_wconf 80' lang='lat' dir='ltr'>tandiu</span> <span class='ocrx_word' id='word_1_202' title='bbox 1499 1866 1533 1899; x_wconf 86' lang='lat' dir='ltr'><strong>M</strong></span> <span class='ocrx_word' id='word_1_203' title='bbox 1558 1884 1594 1890; x_wconf 93' lang='lat'>—</span> <span class='ocrx_word' id='word_1_204' title='bbox 1618 1866 1736 1900; x_wconf 65' lang='lat' dir='ltr'>invisit</span> <span class='ocrx_word' id='word_1_205' title='bbox 1756 1868 1808 1901; x_wconf 86' lang='lat' dir='ltr'>M:</span> <span class='ocrx_word' id='word_1_206' title='bbox 1832 1868 1954 1903; x_wconf 70' lang='lat' dir='ltr'>invasit</span> <span class='ocrx_word' id='word_1_207' title='bbox 1976 1870 2004 1902; x_wconf 85' lang='lat' dir='ltr'>G</span> <span class='ocrx_word' id='word_1_208' title='bbox 2027 1886 2064 1898; x_wconf 76' lang='lat'>.-</span> 
     </span>
     <span class='ocr_line' id='line_1_22' title="bbox 287 1922 2067 1968; baseline 0.001 -9"><span class='ocrx_word' id='word_1_209' title='bbox 287 1925 321 1959; x_wconf 83' lang='lat'>6.</span> <span class='ocrx_word' id='word_1_210' title='bbox 345 1925 464 1959; x_wconf 79' lang='lat' dir='ltr'>avebat</span> <span class='ocrx_word' id='word_1_211' title='bbox 485 1923 649 1968; x_wconf 84' lang='lat' dir='ltr'>(havebat)</span> <span class='ocrx_word' id='word_1_212' title='bbox 674 1924 827 1966; x_wconf 84' lang='lat' dir='ltr'>Lipsius:</span> <span class='ocrx_word' id='word_1_213' title='bbox 858 1922 976 1955; x_wconf 83' lang='lat' dir='ltr'>habeat</span> <span class='ocrx_word' id='word_1_214' title='bbox 1005 1923 1087 1963; x_wconf 90' lang='lat' dir='ltr'>(non</span> <span class='ocrx_word' id='word_1_215' title='bbox 1108 1922 1258 1964; x_wconf 85' lang='lat' dir='ltr'>habebat)</span> <span class='ocrx_word' id='word_1_216' title='bbox 1282 1923 1332 1961; x_wconf 91' lang='lat' dir='ltr'>M;</span> <span class='ocrx_word' id='word_1_217' title='bbox 1359 1922 1506 1964; x_wconf 81' lang='lat' dir='ltr'>parabat</span> <span class='ocrx_word' id='word_1_218' title='bbox 1534 1923 1746 1963; x_wconf 89' lang='lat' dir='ltr'>Beroaldus;</span> <span class='ocrx_word' id='word_1_219' title='bbox 1777 1923 1906 1959; x_wconf 85' lang='lat' dir='ltr'>delevit</span> <span class='ocrx_word' id='word_1_220' title='bbox 1926 1926 2067 1960; x_wconf 80' lang='lat' dir='ltr'>Rhena—</span> 
     </span>
     <span class='ocr_line' id='line_1_23' title="bbox 287 1968 2065 2024; baseline 0.002 -10"><span class='ocrx_word' id='word_1_221' title='bbox 287 1990 368 2015; x_wconf 89' lang='lat' dir='ltr'>nus.</span> <span class='ocrx_word' id='word_1_222' title='bbox 386 1999 421 2005; x_wconf 92' lang='lat'>—-</span> <span class='ocrx_word' id='word_1_223' title='bbox 447 1982 479 2015; x_wconf 83' lang='lat'>7.</span> <span class='ocrx_word' id='word_1_224' title='bbox 502 1981 683 2023; x_wconf 74' lang='lat' dir='ltr'>penitentia</span> <span class='ocrx_word' id='word_1_225' title='bbox 704 1981 738 2015; x_wconf 88' lang='lat' dir='ltr'>M</span> <span class='ocrx_word' id='word_1_226' title='bbox 759 1968 799 2004; x_wconf 59' lang='grc'>-·”</span> <span class='ocrx_word' id='word_1_227' title='bbox 827 1979 859 2013; x_wconf 86' lang='grc'>9.</span> <span class='ocrx_word' id='word_1_228' title='bbox 883 1979 958 2012; x_wconf 76' lang='lat' dir='ltr'>huic</span> <span class='ocrx_word' id='word_1_229' title='bbox 980 1980 1025 2011; x_wconf 91' lang='lat' dir='ltr'>G:</span> <span class='ocrx_word' id='word_1_230' title='bbox 1051 1979 1126 2011; x_wconf 78' lang='lat' dir='ltr'>hinc</span> <span class='ocrx_word' id='word_1_231' title='bbox 1142 1979 1175 2013; x_wconf 88' lang='lat' dir='ltr'>M</span> <span class='ocrx_word' id='word_1_232' title='bbox 1193 1997 1227 2002; x_wconf 87' lang='lat'><em>-</em></span> <span class='ocrx_word' id='word_1_233' title='bbox 1253 1979 1400 2012; x_wconf 71' lang='lat' dir='ltr'>Erinden</span> <span class='ocrx_word' id='word_1_234' title='bbox 1422 1979 1472 2012; x_wconf 91' lang='lat' dir='ltr'>M:</span> <span class='ocrx_word' id='word_1_235' title='bbox 1499 1978 1701 2013; x_wconf 68' lang='lat' dir='ltr'>Char-indam</span> <span class='ocrx_word' id='word_1_236' title='bbox 1724 1979 1879 2014; x_wconf 86' lang='lat' dir='ltr'>malebat</span> <span class='ocrx_word' id='word_1_237' title='bbox 1900 1982 2065 2024; x_wconf 81' lang='lat' dir='ltr'>Ryckius.</span> 
     </span>
     <span class='ocr_line' id='line_1_24' title="bbox 289 2033 2067 2080; baseline 0.001 -9"><span class='ocrx_word' id='word_1_238' title='bbox 289 2056 326 2062; x_wconf 93' lang='lat'>—</span> <span class='ocrx_word' id='word_1_239' title='bbox 351 2041 560 2080; x_wconf 70' lang='lat' dir='ltr'>transqressu</span> <span class='ocrx_word' id='word_1_240' title='bbox 581 2046 636 2080; x_wconf 92' lang='lat' dir='ltr'>pr.</span> <span class='ocrx_word' id='word_1_241' title='bbox 661 2037 714 2070; x_wconf 87' lang='lat' dir='ltr'>M:</span> <span class='ocrx_word' id='word_1_242' title='bbox 740 2033 950 2077; x_wconf 60' lang='lat' dir='ltr'>transgressis</span> <span class='ocrx_word' id='word_1_243' title='bbox 967 2043 1058 2068; x_wconf 91' lang='lat' dir='ltr'>corr.</span> <span class='ocrx_word' id='word_1_244' title='bbox 1084 2035 1118 2068; x_wconf 95' lang='lat' dir='ltr'><strong>M</strong></span> <span class='ocrx_word' id='word_1_245' title='bbox 1144 2053 1180 2059; x_wconf 92' lang='lat'><em>-</em></span> <span class='ocrx_word' id='word_1_246' title='bbox 1207 2035 1259 2068; x_wconf 84' lang='grc'>40.</span> <span class='ocrx_word' id='word_1_247' title='bbox 1284 2035 1449 2068; x_wconf 78' lang='lat' dir='ltr'>bardanes</span> <span class='ocrx_word' id='word_1_248' title='bbox 1470 2043 1524 2077; x_wconf 90' lang='lat' dir='ltr'>pr.</span> <span class='ocrx_word' id='word_1_249' title='bbox 1541 2035 1574 2069; x_wconf 90' lang='lat' dir='ltr'><strong>M</strong></span> <span class='ocrx_word' id='word_1_250' title='bbox 1594 2053 1629 2059; x_wconf 94' lang='lat'><strong>—</strong></span> <span class='ocrx_word' id='word_1_251' title='bbox 1653 2033 1730 2075; x_wconf 64' lang='lat' dir='ltr'>feliis</span> <span class='ocrx_word' id='word_1_252' title='bbox 1751 2037 1785 2070; x_wconf 88' lang='lat' dir='ltr'><strong>M</strong></span> <span class='ocrx_word' id='word_1_253' title='bbox 1810 2055 1847 2061; x_wconf 92' lang='lat'>—</span> <span class='ocrx_word' id='word_1_254' title='bbox 1873 2038 1926 2071; x_wconf 79' lang='grc' dir='ltr'>Η.</span> <span class='ocrx_word' id='word_1_255' title='bbox 1943 2038 2067 2073; x_wconf 64' lang='lat' dir='ltr'>Stridet</span> 
     </span>
     <span class='ocr_line' id='line_1_25' title="bbox 285 2091 2067 2137; baseline 0.001 -8"><span class='ocrx_word' id='word_1_256' title='bbox 285 2094 338 2129; x_wconf 93' lang='lat' dir='ltr'>M:</span> <span class='ocrx_word' id='word_1_257' title='bbox 365 2094 501 2135; x_wconf 73' lang='lat' dir='ltr'>Gynden</span> <span class='ocrx_word' id='word_1_258' title='bbox 523 2091 751 2132; x_wconf 72' lang='lat' dir='ltr'>Puteolanus,</span> <span class='ocrx_word' id='word_1_259' title='bbox 778 2092 905 2126; x_wconf 78' lang='lat' dir='ltr'>Ginden</span> <span class='ocrx_word' id='word_1_260' title='bbox 926 2092 1127 2125; x_wconf 85' lang='lat' dir='ltr'>Rhenanus.</span> <span class='ocrx_word' id='word_1_261' title='bbox 1154 2109 1189 2115; x_wconf 88' lang='lat'><strong>—</strong></span> <span class='ocrx_word' id='word_1_262' title='bbox 1227 2091 1281 2125; x_wconf 82' lang='grc'>43.</span> <span class='ocrx_word' id='word_1_263' title='bbox 1305 2091 1566 2132; x_wconf 79' lang='lat' dir='ltr'>aspernebantur</span> <span class='ocrx_word' id='word_1_264' title='bbox 1587 2100 1642 2134; x_wconf 87' lang='lat' dir='ltr'>pr.</span> <span class='ocrx_word' id='word_1_265' title='bbox 1666 2093 1701 2126; x_wconf 87' lang='lat' dir='ltr'><strong>M</strong></span> <span class='ocrx_word' id='word_1_266' title='bbox 1725 2110 1761 2118; x_wconf 90' lang='lat'>-</span> <span class='ocrx_word' id='word_1_267' title='bbox 1786 2094 1936 2128; x_wconf 66' lang='lat' dir='ltr'>astruatis</span> <span class='ocrx_word' id='word_1_268' title='bbox 1954 2103 2009 2137; x_wconf 88' lang='lat' dir='ltr'>pr.</span> <span class='ocrx_word' id='word_1_269' title='bbox 2031 2096 2067 2130; x_wconf 79' lang='lat' dir='ltr'><strong>M</strong></span> 
     </span>
     <span class='ocr_line' id='line_1_26' title="bbox 287 2147 2063 2192; baseline 0 -8"><span class='ocrx_word' id='word_1_270' title='bbox 287 2169 323 2175; x_wconf 96' lang='lat'><strong>—</strong></span> <span class='ocrx_word' id='word_1_271' title='bbox 348 2151 555 2184; x_wconf 77' lang='lat' dir='ltr'>monimentis</span> <span class='ocrx_word' id='word_1_272' title='bbox 575 2150 730 2192; x_wconf 88' lang='lat' dir='ltr'>Lipsius:</span> <span class='ocrx_word' id='word_1_273' title='bbox 755 2149 965 2182; x_wconf 79' lang='lat' dir='ltr'>mwnimentis</span> <span class='ocrx_word' id='word_1_274' title='bbox 986 2149 1020 2183; x_wconf 92' lang='lat' dir='ltr'><strong>M</strong></span> <span class='ocrx_word' id='word_1_275' title='bbox 1046 2166 1080 2173; x_wconf 96' lang='lat'>—</span> <span class='ocrx_word' id='word_1_276' title='bbox 1109 2147 1162 2181; x_wconf 73' lang='lat'>44.</span> <span class='ocrx_word' id='word_1_277' title='bbox 1187 2148 1311 2188; x_wconf 70' lang='lat' dir='ltr'>cuiqua</span> <span class='ocrx_word' id='word_1_278' title='bbox 1333 2149 1366 2182; x_wconf 90' lang='lat' dir='ltr'><strong>M</strong></span> <span class='ocrx_word' id='word_1_279' title='bbox 1390 2166 1425 2171; x_wconf 97' lang='lat'><strong>—</strong></span> <span class='ocrx_word' id='word_1_280' title='bbox 1450 2148 1516 2181; x_wconf 77' lang='lat' dir='ltr'>illis</span> <span class='ocrx_word' id='word_1_281' title='bbox 1538 2148 1725 2190; x_wconf 74' lang='lat' dir='ltr'>deyentibus</span> <span class='ocrx_word' id='word_1_282' title='bbox 1746 2149 1780 2182; x_wconf 82' lang='lat' dir='ltr'><strong>M</strong></span> <span class='ocrx_word' id='word_1_283' title='bbox 1805 2167 1841 2172; x_wconf 97' lang='lat'><em>-</em></span> <span class='ocrx_word' id='word_1_284' title='bbox 1860 2153 1967 2191; x_wconf 78' lang='lat' dir='ltr'>parta</span> <span class='ocrx_word' id='word_1_285' title='bbox 1982 2150 2063 2184; x_wconf 87' lang='lat' dir='ltr'>cod.</span> 
     </span>
     <span class='ocr_line' id='line_1_27' title="bbox 284 2205 2062 2249; baseline -0.002 -7"><span class='ocrx_word' id='word_1_286' title='bbox 284 2207 457 2242; x_wconf 88' lang='lat' dir='ltr'>Budensis</span> <span class='ocrx_word' id='word_1_287' title='bbox 490 2216 534 2240; x_wconf 85' lang='lat' dir='ltr'>ex</span> <span class='ocrx_word' id='word_1_288' title='bbox 563 2206 804 2240; x_wconf 84' lang='lat' dir='ltr'>correctione:</span> <span class='ocrx_word' id='word_1_289' title='bbox 834 2208 960 2247; x_wconf 83' lang='lat' dir='ltr'>parata</span> <span class='ocrx_word' id='word_1_290' title='bbox 982 2206 1015 2239; x_wconf 89' lang='lat' dir='ltr'><strong>M</strong></span> <span class='ocrx_word' id='word_1_291' title='bbox 1042 2223 1078 2229; x_wconf 97' lang='lat'>—</span> <span class='ocrx_word' id='word_1_292' title='bbox 1103 2205 1155 2238; x_wconf 67' lang='lat'>⁴5.</span> <span class='ocrx_word' id='word_1_293' title='bbox 1179 2205 1423 2239; x_wconf 75' lang='lat' dir='ltr'>intollerantior</span> <span class='ocrx_word' id='word_1_294' title='bbox 1443 2214 1497 2248; x_wconf 88' lang='lat' dir='ltr'>pr.</span> <span class='ocrx_word' id='word_1_295' title='bbox 1522 2205 1556 2240; x_wconf 92' lang='lat' dir='ltr'><strong>M</strong></span> <span class='ocrx_word' id='word_1_296' title='bbox 1581 2223 1616 2228; x_wconf 95' lang='lat'>—</span> <span class='ocrx_word' id='word_1_297' title='bbox 1643 2205 1697 2238; x_wconf 77' lang='lat'>⁴6.</span> <span class='ocrx_word' id='word_1_298' title='bbox 1725 2205 1864 2240; x_wconf 68' lang='lat' dir='ltr'>incauta</span> <span class='ocrx_word' id='word_1_299' title='bbox 1889 2207 2002 2249; x_wconf 73' lang='lat' dir='ltr'>pr.,M</span> <span class='ocrx_word' id='word_1_300' title='bbox 2024 2224 2062 2233; x_wconf 89' lang='lat'>—</span> 
     </span>
    </p>

    <p class='ocr_par' dir='ltr' id='par_1_4' title="bbox 238 2261 1216 2306">
     <span class='ocr_line' id='line_1_28' title="bbox 238 2261 1216 2306; baseline -0.004 -7"><span class='ocrx_word' id='word_1_301' title='bbox 238 2282 251 2298; x_wconf 69' lang='grc' dir='ltr'>ι</span> <span class='ocrx_word' id='word_1_302' title='bbox 284 2266 339 2300; x_wconf 79' lang='grc' dir='ltr'>Π.</span> <span class='ocrx_word' id='word_1_303' title='bbox 362 2265 500 2298; x_wconf 73' lang='lat' dir='ltr'>imwnta</span> <span class='ocrx_word' id='word_1_304' title='bbox 521 2272 575 2306; x_wconf 93' lang='lat' dir='ltr'>pr.</span> <span class='ocrx_word' id='word_1_305' title='bbox 598 2263 633 2298; x_wconf 93' lang='lat' dir='ltr'><strong>M</strong></span> <span class='ocrx_word' id='word_1_306' title='bbox 658 2280 694 2287; x_wconf 91' lang='lat'><em>-</em></span> <span class='ocrx_word' id='word_1_307' title='bbox 719 2262 806 2296; x_wconf 80' lang='lat' dir='ltr'>inter</span> <span class='ocrx_word' id='word_1_308' title='bbox 825 2271 861 2297; x_wconf 81' lang='lat' dir='ltr'>se</span> <span class='ocrx_word' id='word_1_309' title='bbox 880 2270 1053 2304; x_wconf 73' lang='lat' dir='ltr'>amreaam</span> <span class='ocrx_word' id='word_1_310' title='bbox 1075 2261 1147 2304; x_wconf 91' lang='lat' dir='ltr'>(sic)</span> <span class='ocrx_word' id='word_1_311' title='bbox 1171 2262 1216 2295; x_wconf 90' lang='lat' dir='ltr'>M.</span> 
     </span>
    </p>
   </div>
   <div class='ocr_carea' id='block_1_4' title="bbox 279 2372 2063 3024">
    <p class='ocr_par' dir='ltr' id='par_1_5' title="bbox 279 2372 2063 3024">
     <span class='ocr_line' id='line_1_29' title="bbox 327 2372 2063 2419; baseline -0.001 -7"><span class='ocrx_word' id='word_1_312' title='bbox 327 2379 381 2412; x_wconf 80' lang='grc'>40.</span> <span class='ocrx_word' id='word_1_313' title='bbox 405 2376 534 2419; x_wconf 74' lang='lat' dir='ltr'>invisit]</span> <span class='ocrx_word' id='word_1_314' title='bbox 565 2376 726 2419; x_wconf 83' lang='lat' dir='ltr'>suspecti</span> <span class='ocrx_word' id='word_1_315' title='bbox 750 2377 851 2409; x_wconf 89' lang='lat' dir='ltr'>erant</span> <span class='ocrx_word' id='word_1_316' title='bbox 877 2374 1046 2418; x_wconf 79' lang='lat' dir='ltr'>praefecti</span> <span class='ocrx_word' id='word_1_317' title='bbox 1069 2375 1148 2417; x_wconf 86' lang='lat' dir='ltr'>qui·</span> <span class='ocrx_word' id='word_1_318' title='bbox 1198 2382 1282 2407; x_wconf 92' lang='lat' dir='ltr'>men</span> <span class='ocrx_word' id='word_1_319' title='bbox 1303 2373 1373 2407; x_wconf 88' lang='lat' dir='ltr'>hoe</span> <span class='ocrx_word' id='word_1_320' title='bbox 1394 2382 1466 2406; x_wconf 93' lang='lat' dir='ltr'>uno</span> <span class='ocrx_word' id='word_1_321' title='bbox 1488 2372 1566 2407; x_wconf 87' lang='lat' dir='ltr'>loco</span> <span class='ocrx_word' id='word_1_322' title='bbox 1589 2375 1920 2409; x_wconf 88' lang='lat' dir='ltr'>commemoratum.</span> <span class='ocrx_word' id='word_1_323' title='bbox 1947 2393 1984 2399; x_wconf 97' lang='lat'><strong>—</strong></span> <span class='ocrx_word' id='word_1_324' title='bbox 2006 2377 2063 2411; x_wconf 69' lang='lat' dir='ltr'>in-</span> 
     </span>
     <span class='ocr_line' id='line_1_30' title="bbox 284 2423 2058 2470; baseline -0.002 -7"><span class='ocrx_word' id='word_1_325' title='bbox 284 2429 384 2470; x_wconf 91' lang='lat' dir='ltr'>dam,</span> <span class='ocrx_word' id='word_1_326' title='bbox 417 2430 453 2462; x_wconf 91' lang='lat' dir='ltr'>et</span> <span class='ocrx_word' id='word_1_327' title='bbox 475 2427 690 2470; x_wconf 83' lang='lat' dir='ltr'>cognoverat</span> <span class='ocrx_word' id='word_1_328' title='bbox 711 2426 892 2459; x_wconf 88' lang='lat' dir='ltr'>Vardanes</span> <span class='ocrx_word' id='word_1_329' title='bbox 915 2434 981 2468; x_wconf 90' lang='lat' dir='ltr'>per</span> <span class='ocrx_word' id='word_1_330' title='bbox 1003 2425 1147 2459; x_wconf 84' lang='lat' dir='ltr'>fratrem</span> <span class='ocrx_word' id='word_1_331' title='bbox 1197 2424 1403 2465; x_wconf 76' lang='lat' dir='ltr'>tolerantior]</span> <span class='ocrx_word' id='word_1_332' title='bbox 1428 2425 1543 2458; x_wconf 92' lang='lat' dir='ltr'>minus</span> <span class='ocrx_word' id='word_1_333' title='bbox 1567 2423 1781 2458; x_wconf 87' lang='lat' dir='ltr'>tolerandus.</span> <span class='ocrx_word' id='word_1_334' title='bbox 1807 2425 1858 2459; x_wconf 75' lang='lat' dir='ltr'>Cf.</span> <span class='ocrx_word' id='word_1_335' title='bbox 1882 2425 1915 2467; x_wconf 86' lang='lat'>3,</span> <span class='ocrx_word' id='word_1_336' title='bbox 1939 2425 1994 2462; x_wconf 75' lang='lat'>45.</span> <span class='ocrx_word' id='word_1_337' title='bbox 2021 2443 2058 2454; x_wconf 92' lang='lat'>-</span> 
     </span>
     <span class='ocr_line' id='line_1_31' title="bbox 282 2474 2059 2521; baseline -0.002 -8"><span class='ocrx_word' id='word_1_338' title='bbox 282 2479 426 2514; x_wconf 84' lang='lat' dir='ltr'>insidias</span> <span class='ocrx_word' id='word_1_339' title='bbox 455 2476 687 2521; x_wconf 87' lang='lat' dir='ltr'>popularium.</span> <span class='ocrx_word' id='word_1_340' title='bbox 725 2477 812 2511; x_wconf 91' lang='lat' dir='ltr'>Hinc</span> <span class='ocrx_word' id='word_1_341' title='bbox 840 2476 951 2508; x_wconf 72' lang='lat' dir='ltr'>invisit</span> <span class='ocrx_word' id='word_1_342' title='bbox 973 2474 1147 2510; x_wconf 82' lang='lat' dir='ltr'>validissi—</span> <span class='ocrx_word' id='word_1_343' title='bbox 1196 2475 1395 2508; x_wconf 54' lang='lat' dir='ltr'>claritudine</span> <span class='ocrx_word' id='word_1_344' title='bbox 1402 2483 1532 2516; x_wconf 75' lang='lat' dir='ltr'>paucos</span> <span class='ocrx_word' id='word_1_345' title='bbox 1544 2476 1643 2516; x_wconf 77' lang='lat' dir='ltr'>inter]</span> <span class='ocrx_word' id='word_1_346' title='bbox 1655 2476 1677 2508; x_wconf 95' lang='lat' dir='ltr'>i.</span> <span class='ocrx_word' id='word_1_347' title='bbox 1687 2484 1719 2509; x_wconf 91' lang='lat' dir='ltr'>e.</span> <span class='ocrx_word' id='word_1_348' title='bbox 1734 2474 1940 2510; x_wconf 83' lang='lat' dir='ltr'>claritudine</span> <span class='ocrx_word' id='word_1_349' title='bbox 1950 2476 2059 2519; x_wconf 70' lang='lat' dir='ltr'>tanta,</span> 
     </span>
     <span class='ocr_line' id='line_1_32' title="bbox 282 2525 2061 2572; baseline -0.002 -9"><span class='ocrx_word' id='word_1_350' title='bbox 282 2538 361 2563; x_wconf 86' lang='lat' dir='ltr'>mas</span> <span class='ocrx_word' id='word_1_351' title='bbox 399 2528 661 2572; x_wconf 78' lang='lat' dir='ltr'>praefecturas,</span> <span class='ocrx_word' id='word_1_352' title='bbox 702 2527 737 2559; x_wconf 89' lang='lat' dir='ltr'>h.</span> <span class='ocrx_word' id='word_1_353' title='bbox 771 2535 803 2559; x_wconf 91' lang='lat' dir='ltr'>e.</span> <span class='ocrx_word' id='word_1_354' title='bbox 836 2526 1074 2568; x_wconf 88' lang='lat' dir='ltr'>percucurrit,</span> <span class='ocrx_word' id='word_1_355' title='bbox 1108 2526 1148 2558; x_wconf 87' lang='lat' dir='ltr'>ut</span> <span class='ocrx_word' id='word_1_356' title='bbox 1197 2525 1326 2566; x_wconf 88' lang='lat' dir='ltr'>quanta</span> <span class='ocrx_word' id='word_1_357' title='bbox 1349 2525 1462 2567; x_wconf 87' lang='lat' dir='ltr'>pauci.</span> <span class='ocrx_word' id='word_1_358' title='bbox 1496 2525 1547 2559; x_wconf 84' lang='lat' dir='ltr'>Cf.</span> <span class='ocrx_word' id='word_1_359' title='bbox 1573 2525 1645 2558; x_wconf 89' lang='lat' dir='ltr'>Liv.</span> <span class='ocrx_word' id='word_1_360' title='bbox 1671 2526 1732 2566; x_wconf 75' lang='lat'>22,</span> <span class='ocrx_word' id='word_1_361' title='bbox 1757 2525 1795 2558; x_wconf 82' lang='lat'>7:</span> <span class='ocrx_word' id='word_1_362' title='bbox 1826 2526 1914 2560; x_wconf 73' lang='lat' dir='ltr'>inter</span> <span class='ocrx_word' id='word_1_363' title='bbox 1930 2534 2061 2568; x_wconf 65' lang='lat' dir='ltr'>puteas</span> 
     </span>
     <span class='ocr_line' id='line_1_33' title="bbox 283 2575 2060 2622; baseline -0.002 -9"><span class='ocrx_word' id='word_1_364' title='bbox 283 2579 516 2622; x_wconf 82' lang='lat' dir='ltr'>cognosceret</span> <span class='ocrx_word' id='word_1_365' title='bbox 549 2579 585 2610; x_wconf 90' lang='lat' dir='ltr'>et</span> <span class='ocrx_word' id='word_1_366' title='bbox 617 2576 796 2610; x_wconf 89' lang='lat' dir='ltr'>ordinaret</span> <span class='ocrx_word' id='word_1_367' title='bbox 827 2583 909 2615; x_wconf 89' lang='lat' dir='ltr'>res,</span> <span class='ocrx_word' id='word_1_368' title='bbox 944 2584 1036 2617; x_wconf 86' lang='lat' dir='ltr'>quae</span> <span class='ocrx_word' id='word_1_369' title='bbox 1070 2576 1145 2608; x_wconf 86' lang='lat' dir='ltr'>sine</span> <span class='ocrx_word' id='word_1_370' title='bbox 1194 2578 1380 2608; x_wconf 64' lang='lat' dir='ltr'>mernor-ata</span> <span class='ocrx_word' id='word_1_371' title='bbox 1408 2575 1524 2616; x_wconf 80' lang='lat' dir='ltr'>populi</span> <span class='ocrx_word' id='word_1_372' title='bbox 1557 2576 1594 2608; x_wconf 86' lang='lat' dir='ltr'>R.</span> <span class='ocrx_word' id='word_1_373' title='bbox 1628 2576 1747 2608; x_wconf 60' lang='lat' dir='ltr'>clades</span> <span class='ocrx_word' id='word_1_374' title='bbox 1792 2575 1851 2616; x_wconf 82' lang='lat'>38,</span> <span class='ocrx_word' id='word_1_375' title='bbox 1875 2577 1936 2610; x_wconf 79' lang='lat'>⁴5:</span> <span class='ocrx_word' id='word_1_376' title='bbox 1971 2578 2060 2610; x_wconf 71' lang='lat' dir='ltr'>inter</span> 
     </span>
     <span class='ocr_line' id='line_1_34' title="bbox 282 2625 2056 2668; baseline -0.002 -5"><span class='ocrx_word' id='word_1_377' title='bbox 282 2639 368 2664; x_wconf 88' lang='lat' dir='ltr'>cura</span> <span class='ocrx_word' id='word_1_378' title='bbox 400 2627 525 2661; x_wconf 88' lang='lat' dir='ltr'>haberi</span> <span class='ocrx_word' id='word_1_379' title='bbox 556 2626 783 2665; x_wconf 82' lang='lat' dir='ltr'>viderentur,</span> <span class='ocrx_word' id='word_1_380' title='bbox 822 2627 929 2667; x_wconf 90' lang='lat' dir='ltr'>atque</span> <span class='ocrx_word' id='word_1_381' title='bbox 963 2626 1147 2658; x_wconf 75' lang='lat' dir='ltr'>coerceret</span> <span class='ocrx_word' id='word_1_382' title='bbox 1189 2634 1321 2666; x_wconf 75' lang='lat' dir='ltr'>pancas</span> <span class='ocrx_word' id='word_1_383' title='bbox 1341 2626 1490 2658; x_wconf 74' lang='lat' dir='ltr'>munitae</span> <span class='ocrx_word' id='word_1_384' title='bbox 1510 2625 1612 2658; x_wconf 72' lang='lat' dir='ltr'>urbis.</span> <span class='ocrx_word' id='word_1_385' title='bbox 1634 2643 1670 2648; x_wconf 89' lang='lat'>—</span> <span class='ocrx_word' id='word_1_386' title='bbox 1687 2625 1909 2668; x_wconf 74' lang='lat' dir='ltr'>Meherdaten]</span> <span class='ocrx_word' id='word_1_387' title='bbox 1932 2627 1983 2660; x_wconf 74' lang='lat' dir='ltr'>Cf.</span> <span class='ocrx_word' id='word_1_388' title='bbox 2002 2627 2056 2668; x_wconf 61' lang='grc' dir='ltr'>Β,</span> 
     </span>
     <span class='ocr_line' id='line_1_35' title="bbox 281 2674 2059 2725; baseline -0.003 -10"><span class='ocrx_word' id='word_1_389' title='bbox 281 2679 496 2725; x_wconf 78' lang='lat' dir='ltr'>praefectos,</span> <span class='ocrx_word' id='word_1_390' title='bbox 521 2685 673 2718; x_wconf 90' lang='lat' dir='ltr'>quorum</span> <span class='ocrx_word' id='word_1_391' title='bbox 689 2675 795 2709; x_wconf 87' lang='lat' dir='ltr'>dubia</span> <span class='ocrx_word' id='word_1_392' title='bbox 811 2675 901 2708; x_wconf 89' lang='lat' dir='ltr'>fides</span> <span class='ocrx_word' id='word_1_393' title='bbox 924 2675 1143 2708; x_wconf 86' lang='lat' dir='ltr'>innotuisset.</span> <span class='ocrx_word' id='word_1_394' title='bbox 1195 2675 1236 2707; x_wconf 77' lang='grc'>40</span> <span class='ocrx_word' id='word_1_395' title='bbox 1259 2683 1340 2716; x_wconf 84' lang='lat' dir='ltr'>sqq.</span> <span class='ocrx_word' id='word_1_396' title='bbox 1361 2692 1396 2700; x_wconf 88' lang='lat'>-</span> <span class='ocrx_word' id='word_1_397' title='bbox 1416 2674 1556 2717; x_wconf 79' lang='lat' dir='ltr'>prolem]</span> <span class='ocrx_word' id='word_1_398' title='bbox 1572 2683 1643 2708; x_wconf 90' lang='lat' dir='ltr'>non</span> <span class='ocrx_word' id='word_1_399' title='bbox 1658 2674 1787 2715; x_wconf 85' lang='lat' dir='ltr'>filium,</span> <span class='ocrx_word' id='word_1_400' title='bbox 1811 2675 1876 2708; x_wconf 86' lang='lat' dir='ltr'>sed</span> <span class='ocrx_word' id='word_1_401' title='bbox 1890 2677 2059 2718; x_wconf 85' lang='lat' dir='ltr'>nepotem</span> 
     </span>
     <span class='ocr_line' id='line_1_36' title="bbox 282 2724 2058 2766; baseline -0.003 -1"><span class='ocrx_word' id='word_1_402' title='bbox 282 2733 414 2765; x_wconf 83' lang='lat' dir='ltr'>Graece</span> <span class='ocrx_word' id='word_1_403' title='bbox 443 2727 678 2762; x_wconf 80' lang='grc' dir='ltr'><strong><em>ἐπισκοπεῖν.</em></strong></span> <span class='ocrx_word' id='word_1_404' title='bbox 714 2726 810 2758; x_wconf 91' lang='lat' dir='ltr'>Curt.</span> <span class='ocrx_word' id='word_1_405' title='bbox 835 2724 874 2765; x_wconf 77' lang='lat'>4,</span> <span class='ocrx_word' id='word_1_406' title='bbox 899 2724 936 2765; x_wconf 92' lang='lat'>8,</span> <span class='ocrx_word' id='word_1_407' title='bbox 961 2724 999 2757; x_wconf 88' lang='lat'>3:</span> <span class='ocrx_word' id='word_1_408' title='bbox 1029 2724 1145 2765; x_wconf 75' lang='lat' dir='ltr'>cupido</span> <span class='ocrx_word' id='word_1_409' title='bbox 1195 2733 1237 2759; x_wconf 81' lang='lat' dir='ltr'>ex</span> <span class='ocrx_word' id='word_1_410' title='bbox 1253 2725 1411 2758; x_wconf 86' lang='lat' dir='ltr'>Vonone.</span> <span class='ocrx_word' id='word_1_411' title='bbox 1433 2742 1468 2748; x_wconf 90' lang='lat'><em>-</em></span> <span class='ocrx_word' id='word_1_412' title='bbox 1494 2724 1628 2766; x_wconf 75' lang='lat' dir='ltr'>obsidio]</span> <span class='ocrx_word' id='word_1_413' title='bbox 1651 2724 1768 2758; x_wconf 87' lang='lat' dir='ltr'>Subst.</span> <span class='ocrx_word' id='word_1_414' title='bbox 1787 2725 1950 2759; x_wconf 67' lang='grc' dir='ltr'>οὸείάᾶαω</span> <span class='ocrx_word' id='word_1_415' title='bbox 1963 2733 2058 2760; x_wconf 83' lang='lat' dir='ltr'>nunc</span> 
     </span>
     <span class='ocr_line' id='line_1_37' title="bbox 279 2769 2059 2818; baseline -0.004 -2"><span class='ocrx_word' id='word_1_416' title='bbox 279 2781 456 2815; x_wconf 74' lang='lat' dir='ltr'>incesserat</span> <span class='ocrx_word' id='word_1_417' title='bbox 470 2777 672 2818; x_wconf 72' lang='lat' dir='ltr'>Aethiopiam</span> <span class='ocrx_word' id='word_1_418' title='bbox 685 2776 836 2809; x_wconf 77' lang='lat' dir='ltr'>invisere.</span> <span class='ocrx_word' id='word_1_419' title='bbox 853 2775 996 2808; x_wconf 72' lang='lat' dir='ltr'>WALru.</span> <span class='ocrx_word' id='word_1_420' title='bbox 1014 2792 1050 2798; x_wconf 92' lang='lat'>—-</span> <span class='ocrx_word' id='word_1_421' title='bbox 1069 2783 1146 2808; x_wconf 79' lang='lat' dir='ltr'>ave-</span> <span class='ocrx_word' id='word_1_422' title='bbox 1195 2774 1340 2816; x_wconf 89' lang='lat' dir='ltr'>quidem</span> <span class='ocrx_word' id='word_1_423' title='bbox 1371 2775 1426 2807; x_wconf 90' lang='lat' dir='ltr'>est</span> <span class='ocrx_word' id='word_1_424' title='bbox 1453 2769 1557 2816; x_wconf 77' lang='grc' dir='ltr'><em>ἅπαξ</em></span> <span class='ocrx_word' id='word_1_425' title='bbox 1585 2772 1791 2818; x_wconf 73' lang='grc' dir='ltr'><em>λεγόμενον</em></span> <span class='ocrx_word' id='word_1_426' title='bbox 1816 2783 1858 2808; x_wconf 86' lang='lat' dir='ltr'>ea</span> <span class='ocrx_word' id='word_1_427' title='bbox 1880 2774 2059 2817; x_wconf 75' lang='lat' dir='ltr'>significa-</span> 
     </span>
     <span class='ocr_line' id='line_1_38' title="bbox 280 2824 2057 2872; baseline -0.002 -9"><span class='ocrx_word' id='word_1_428' title='bbox 280 2832 352 2872; x_wconf 79' lang='lat' dir='ltr'>bat,</span> <span class='ocrx_word' id='word_1_429' title='bbox 375 2827 584 2869; x_wconf 75' lang='lat' dir='ltr'>nt--foretJ</span> <span class='ocrx_word' id='word_1_430' title='bbox 610 2826 661 2860; x_wconf 79' lang='lat' dir='ltr'>Cf.</span> <span class='ocrx_word' id='word_1_431' title='bbox 685 2825 719 2868; x_wconf 75' lang='lat'>4,</span> <span class='ocrx_word' id='word_1_432' title='bbox 744 2826 806 2860; x_wconf 74' lang='lat'>7⁴:</span> <span class='ocrx_word' id='word_1_433' title='bbox 831 2826 875 2859; x_wconf 75' lang='lat' dir='ltr'>Ni</span> <span class='ocrx_word' id='word_1_434' title='bbox 896 2825 976 2858; x_wconf 71' lang='lat' dir='ltr'>miln&#39;</span> <span class='ocrx_word' id='word_1_435' title='bbox 997 2826 1144 2859; x_wconf 76' lang='lat' dir='ltr'>destina-</span> <span class='ocrx_word' id='word_1_436' title='bbox 1193 2825 1307 2865; x_wconf 89' lang='lat' dir='ltr'>tione,</span> <span class='ocrx_word' id='word_1_437' title='bbox 1340 2833 1410 2866; x_wconf 88' lang='lat' dir='ltr'>qua</span> <span class='ocrx_word' id='word_1_438' title='bbox 1442 2825 1676 2866; x_wconf 86' lang='lat' dir='ltr'>posteriorem</span> <span class='ocrx_word' id='word_1_439' title='bbox 1706 2824 1857 2859; x_wconf 82' lang='lat' dir='ltr'>formam</span> <span class='ocrx_word' id='word_1_440' title='bbox 1890 2824 2057 2859; x_wconf 69' lang='lat' dir='ltr'>obsimus</span> 
     </span>
     <span class='ocr_line' id='line_1_39' title="bbox 279 2874 2057 2923; baseline -0.004 -7"><span class='ocrx_word' id='word_1_441' title='bbox 279 2887 350 2916; x_wconf 78' lang='lat' dir='ltr'>tum</span> <span class='ocrx_word' id='word_1_442' title='bbox 376 2877 681 2923; x_wconf 74' lang='lat' dir='ltr'>foret--ret&#39;erre,</span> <span class='ocrx_word' id='word_1_443' title='bbox 713 2876 830 2910; x_wconf 82' lang='lat' dir='ltr'>avebat</span> <span class='ocrx_word' id='word_1_444' title='bbox 858 2876 988 2910; x_wconf 76' lang='lat' dir='ltr'>animus</span> <span class='ocrx_word' id='word_1_445' title='bbox 1020 2877 1141 2909; x_wconf 79' lang='lat' dir='ltr'>antire.</span> <span class='ocrx_word' id='word_1_446' title='bbox 1192 2874 1376 2916; x_wconf 83' lang='lat' dir='ltr'>usurpavit</span> <span class='ocrx_word' id='word_1_447' title='bbox 1403 2875 1609 2908; x_wconf 87' lang='lat' dir='ltr'>Ammianus</span> <span class='ocrx_word' id='word_1_448' title='bbox 1642 2875 1747 2907; x_wconf 83' lang='lat' dir='ltr'>Marc.</span> <span class='ocrx_word' id='word_1_449' title='bbox 1781 2875 1841 2914; x_wconf 76' lang='lat'>⁴6,</span> <span class='ocrx_word' id='word_1_450' title='bbox 1867 2874 1924 2907; x_wconf 75' lang='lat'>⁴2:</span> <span class='ocrx_word' id='word_1_451' title='bbox 1954 2878 2057 2916; x_wconf 69' lang='lat' dir='ltr'>pater</span> 
     </span>
     <span class='ocr_line' id='line_1_40' title="bbox 280 2924 2052 2969; baseline -0.003 -4"><span class='ocrx_word' id='word_1_452' title='bbox 280 2949 317 2956; x_wconf 98' lang='lat'>—</span> <span class='ocrx_word' id='word_1_453' title='bbox 346 2930 436 2965; x_wconf 71' lang='lat' dir='ltr'>Vibio</span> <span class='ocrx_word' id='word_1_454' title='bbox 457 2926 582 2969; x_wconf 78' lang='lat' dir='ltr'>Marso]</span> <span class='ocrx_word' id='word_1_455' title='bbox 605 2927 692 2959; x_wconf 89' lang='lat' dir='ltr'>Vide</span> <span class='ocrx_word' id='word_1_456' title='bbox 716 2926 762 2959; x_wconf 91' lang='lat' dir='ltr'>ad</span> <span class='ocrx_word' id='word_1_457' title='bbox 783 2927 821 2966; x_wconf 75' lang='lat'>2,</span> <span class='ocrx_word' id='word_1_458' title='bbox 847 2926 902 2960; x_wconf 72' lang='lat'>74.</span> <span class='ocrx_word' id='word_1_459' title='bbox 923 2942 958 2953; x_wconf 86' lang='lat'>-··</span> <span class='ocrx_word' id='word_1_460' title='bbox 984 2926 1141 2968; x_wconf 75' lang='lat' dir='ltr'>Erinden]</span> <span class='ocrx_word' id='word_1_461' title='bbox 1191 2927 1261 2959; x_wconf 74' lang='lat' dir='ltr'>eius</span> <span class='ocrx_word' id='word_1_462' title='bbox 1282 2925 1340 2958; x_wconf 76' lang='lat' dir='ltr'>dia</span> <span class='ocrx_word' id='word_1_463' title='bbox 1354 2924 1524 2958; x_wconf 73' lang='lat' dir='ltr'>obsidatus</span> <span class='ocrx_word' id='word_1_464' title='bbox 1540 2925 1680 2967; x_wconf 70' lang='lat' dir='ltr'>piqnore</span> <span class='ocrx_word' id='word_1_465' title='bbox 1693 2927 1801 2958; x_wconf 75' lang='lat' dir='ltr'>tentus</span> <span class='ocrx_word' id='word_1_466' title='bbox 1813 2926 1851 2958; x_wconf 74' lang='lat' dir='ltr'>in</span> <span class='ocrx_word' id='word_1_467' title='bbox 1865 2925 1994 2959; x_wconf 70' lang='lat' dir='ltr'>Galliis.</span> <span class='ocrx_word' id='word_1_468' title='bbox 2014 2942 2052 2951; x_wconf 91' lang='lat'><em>-</em></span> 
     </span>
     <span class='ocr_line' id='line_1_41' title="bbox 280 2975 2054 3024; baseline -0.003 -10"><span class='ocrx_word' id='word_1_469' title='bbox 280 2984 482 3024; x_wconf 72' lang='lat' dir='ltr'>«Nusquam</span> <span class='ocrx_word' id='word_1_470' title='bbox 503 2977 599 3020; x_wconf 81' lang='lat' dir='ltr'>quod</span> <span class='ocrx_word' id='word_1_471' title='bbox 615 2977 725 3010; x_wconf 87' lang='lat' dir='ltr'>sciam</span> <span class='ocrx_word' id='word_1_472' title='bbox 741 2978 855 3010; x_wconf 86' lang='lat' dir='ltr'>exstat</span> <span class='ocrx_word' id='word_1_473' title='bbox 868 2977 1023 3010; x_wconf 87' lang='lat' dir='ltr'>fluminis</span> <span class='ocrx_word' id='word_1_474' title='bbox 1037 2976 1142 3009; x_wconf 87' lang='lat' dir='ltr'>huius</span> <span class='ocrx_word' id='word_1_475' title='bbox 1186 2976 1336 3017; x_wconf 74' lang='lat' dir='ltr'>permitti</span> <span class='ocrx_word' id='word_1_476' title='bbox 1358 2975 1440 3017; x_wconf 90' lang='lat' dir='ltr'>cet.]</span> <span class='ocrx_word' id='word_1_477' title='bbox 1470 2976 1510 3008; x_wconf 88' lang='lat' dir='ltr'>ut</span> <span class='ocrx_word' id='word_1_478' title='bbox 1531 2976 1743 3018; x_wconf 85' lang='lat' dir='ltr'>potestatem</span> <span class='ocrx_word' id='word_1_479' title='bbox 1765 2975 1867 3010; x_wconf 83' lang='lat' dir='ltr'>daret</span> <span class='ocrx_word' id='word_1_480' title='bbox 1889 2975 1997 3011; x_wconf 81' lang='lat' dir='ltr'>eundi</span> <span class='ocrx_word' id='word_1_481' title='bbox 2017 2977 2054 3010; x_wconf 91' lang='lat' dir='ltr'>in</span> 
     </span>
    </p>
   </div>
   <div class='ocr_carea' id='block_1_5' title="bbox 275 3025 1142 3471">
    <p class='ocr_par' dir='ltr' id='par_1_6' title="bbox 275 3025 1142 3471">
     <span class='ocr_line' id='line_1_42' title="bbox 277 3025 1142 3074; baseline -0.009 -8"><span class='ocrx_word' id='word_1_482' title='bbox 277 3032 410 3066; x_wconf 87' lang='lat' dir='ltr'>mentio</span> <span class='ocrx_word' id='word_1_483' title='bbox 439 3029 689 3074; x_wconf 84' lang='lat' dir='ltr'>praeterquam</span> <span class='ocrx_word' id='word_1_484' title='bbox 717 3027 786 3059; x_wconf 89' lang='lat' dir='ltr'>hoc</span> <span class='ocrx_word' id='word_1_485' title='bbox 813 3025 902 3059; x_wconf 82' lang='lat' dir='ltr'>ioco.</span> <span class='ocrx_word' id='word_1_486' title='bbox 949 3025 1046 3060; x_wconf 90' lang='lat' dir='ltr'>Unde</span> <span class='ocrx_word' id='word_1_487' title='bbox 1079 3033 1142 3059; x_wconf 91' lang='lat' dir='ltr'>su-</span> 
     </span>
     <span class='ocr_line' id='line_1_43' title="bbox 277 3075 1140 3125; baseline -0.01 -8"><span class='ocrx_word' id='word_1_488' title='bbox 277 3083 399 3125; x_wconf 77' lang='lat' dir='ltr'>specta</span> <span class='ocrx_word' id='word_1_489' title='bbox 421 3079 507 3115; x_wconf 89' lang='lat' dir='ltr'>mihi</span> <span class='ocrx_word' id='word_1_490' title='bbox 529 3078 700 3120; x_wconf 85' lang='lat' dir='ltr'>scriptura</span> <span class='ocrx_word' id='word_1_491' title='bbox 715 3075 975 3118; x_wconf 83' lang='lat' dir='ltr'>legendumque</span> <span class='ocrx_word' id='word_1_492' title='bbox 991 3076 1140 3109; x_wconf 84' lang='lat' dir='ltr'>fortasse</span> 
     </span>
     <span class='ocr_line' id='line_1_44' title="bbox 278 3126 1139 3167; baseline -0.008 0"><span class='ocrx_word' id='word_1_493' title='bbox 278 3133 491 3167; x_wconf 70' lang='lat' dir='ltr'>Char-indam.</span> <span class='ocrx_word' id='word_1_494' title='bbox 523 3131 613 3163; x_wconf 89' lang='lat' dir='ltr'>Nam</span> <span class='ocrx_word' id='word_1_495' title='bbox 628 3126 803 3161; x_wconf 84' lang='lat' dir='ltr'>Charinda</span> <span class='ocrx_word' id='word_1_496' title='bbox 819 3135 839 3159; x_wconf 86' lang='lat' dir='ltr'>a</span> <span class='ocrx_word' id='word_1_497' title='bbox 855 3126 1054 3160; x_wconf 85' lang='lat' dir='ltr'>Ptolemaeo</span> <span class='ocrx_word' id='word_1_498' title='bbox 1069 3126 1102 3166; x_wconf 81' lang='lat'>6,</span> <span class='ocrx_word' id='word_1_499' title='bbox 1119 3127 1139 3160; x_wconf 78' lang='lat'><strong>2</strong></span> 
     </span>
     <span class='ocr_line' id='line_1_45' title="bbox 276 3177 1140 3226; baseline -0.008 -10"><span class='ocrx_word' id='word_1_500' title='bbox 276 3184 419 3226; x_wconf 85' lang='lat' dir='ltr'>ponitur</span> <span class='ocrx_word' id='word_1_501' title='bbox 439 3181 531 3215; x_wconf 88' lang='lat' dir='ltr'>inter</span> <span class='ocrx_word' id='word_1_502' title='bbox 552 3177 701 3213; x_wconf 89' lang='lat' dir='ltr'>Mediam</span> <span class='ocrx_word' id='word_1_503' title='bbox 718 3178 760 3210; x_wconf 77' lang='lat' dir='ltr'>‘et</span> <span class='ocrx_word' id='word_1_504' title='bbox 782 3177 994 3218; x_wconf 87' lang='lat' dir='ltr'>Hyrcaniam</span> <span class='ocrx_word' id='word_1_505' title='bbox 1016 3177 1140 3210; x_wconf 90' lang='lat' dir='ltr'>termi-</span> 
     </span>
     <span class='ocr_line' id='line_1_46' title="bbox 277 3225 1135 3272; baseline -0.008 -6"><span class='ocrx_word' id='word_1_506' title='bbox 277 3242 363 3272; x_wconf 90' lang='lat' dir='ltr'>nus,</span> <span class='ocrx_word' id='word_1_507' title='bbox 394 3231 540 3272; x_wconf 87' lang='lat' dir='ltr'>eiusque</span> <span class='ocrx_word' id='word_1_508' title='bbox 563 3229 653 3262; x_wconf 86' lang='lat' dir='ltr'>ostia</span> <span class='ocrx_word' id='word_1_509' title='bbox 674 3226 740 3262; x_wconf 85' lang='lat' dir='ltr'>sub</span> <span class='ocrx_word' id='word_1_510' title='bbox 766 3225 980 3267; x_wconf 84' lang='lat' dir='ltr'>longitudine</span> <span class='ocrx_word' id='word_1_511' title='bbox 1005 3236 1056 3268; x_wconf 83' lang='lat' dir='ltr'>gr.</span> <span class='ocrx_word' id='word_1_512' title='bbox 1082 3226 1135 3266; x_wconf 85' lang='lat'>93,</span> 
     </span>
     <span class='ocr_line' id='line_1_47' title="bbox 276 3274 1138 3323; baseline -0.009 -7"><span class='ocrx_word' id='word_1_513' title='bbox 276 3283 331 3322; x_wconf 74' lang='lat'>40,</span> <span class='ocrx_word' id='word_1_514' title='bbox 355 3282 409 3322; x_wconf 83' lang='lat'>30,</span> <span class='ocrx_word' id='word_1_515' title='bbox 434 3281 494 3323; x_wconf 84' lang='lat' dir='ltr'>qui</span> <span class='ocrx_word' id='word_1_516' title='bbox 528 3279 626 3314; x_wconf 88' lang='lat' dir='ltr'>locus</span> <span class='ocrx_word' id='word_1_517' title='bbox 659 3278 743 3312; x_wconf 83' lang='lat' dir='ltr'>satis</span> <span class='ocrx_word' id='word_1_518' title='bbox 772 3277 938 3310; x_wconf 89' lang='lat' dir='ltr'>convenit</span> <span class='ocrx_word' id='word_1_519' title='bbox 963 3285 1027 3318; x_wconf 92' lang='lat' dir='ltr'>pro</span> <span class='ocrx_word' id='word_1_520' title='bbox 1054 3274 1138 3309; x_wconf 85' lang='lat' dir='ltr'>belli</span> 
     </span>
     <span class='ocr_line' id='line_1_48' title="bbox 275 3325 1138 3373; baseline -0.008 -8"><span class='ocrx_word' id='word_1_521' title='bbox 275 3331 361 3365; x_wconf 90' lang='lat' dir='ltr'>sede</span> <span class='ocrx_word' id='word_1_522' title='bbox 385 3332 421 3365; x_wconf 80' lang='lat' dir='ltr'>et</span> <span class='ocrx_word' id='word_1_523' title='bbox 442 3328 564 3373; x_wconf 85' lang='lat' dir='ltr'>proelii</span> <span class='ocrx_word' id='word_1_524' title='bbox 585 3327 663 3362; x_wconf 91' lang='lat' dir='ltr'>loco</span> <span class='ocrx_word' id='word_1_525' title='bbox 685 3327 776 3361; x_wconf 80' lang='lat' dir='ltr'>inter</span> <span class='ocrx_word' id='word_1_526' title='bbox 796 3325 995 3358; x_wconf 85' lang='lat' dir='ltr'>Vardanem</span> <span class='ocrx_word' id='word_1_527' title='bbox 1019 3327 1055 3358; x_wconf 88' lang='lat' dir='ltr'>et</span> <span class='ocrx_word' id='word_1_528' title='bbox 1073 3327 1138 3358; x_wconf 89' lang='lat' dir='ltr'>Go—</span> 
     </span>
     <span class='ocr_line' id='line_1_49' title="bbox 275 3375 1137 3415; baseline -0.01 0"><span class='ocrx_word' id='word_1_529' title='bbox 275 3383 422 3415; x_wconf 86' lang='lat' dir='ltr'>tarzem.</span> <span class='ocrx_word' id='word_1_530' title='bbox 457 3379 615 3415; x_wconf 86' lang='lat' dir='ltr'>Meminit</span> <span class='ocrx_word' id='word_1_531' title='bbox 637 3375 833 3412; x_wconf 78' lang='lat' dir='ltr'>Charindas</span> <span class='ocrx_word' id='word_1_532' title='bbox 857 3375 963 3408; x_wconf 88' lang='lat' dir='ltr'>etiam</span> <span class='ocrx_word' id='word_1_533' title='bbox 984 3376 1137 3409; x_wconf 81' lang='lat' dir='ltr'>Ammia-</span> 
     </span>
     <span class='ocr_line' id='line_1_50' title="bbox 275 3423 1136 3471; baseline -0.007 -6"><span class='ocrx_word' id='word_1_534' title='bbox 275 3439 342 3465; x_wconf 85' lang='lat' dir='ltr'>nus</span> <span class='ocrx_word' id='word_1_535' title='bbox 364 3430 471 3465; x_wconf 83' lang='lat' dir='ltr'>Marc.</span> <span class='ocrx_word' id='word_1_536' title='bbox 495 3428 550 3471; x_wconf 78' lang='lat'>23,</span> <span class='ocrx_word' id='word_1_537' title='bbox 574 3428 607 3462; x_wconf 79' lang='lat'>6.</span> <span class='ocrx_word' id='word_1_538' title='bbox 631 3428 733 3461; x_wconf 74' lang='lat' dir='ltr'>chx.</span> <span class='ocrx_word' id='word_1_539' title='bbox 754 3442 791 3456; x_wconf 59' lang='grc' dir='ltr'>μ-</span> <span class='ocrx_word' id='word_1_540' title='bbox 814 3423 947 3467; x_wconf 66' lang='grc' dir='ltr'>Βὼιᾱοη]</span> <span class='ocrx_word' id='word_1_541' title='bbox 971 3424 1057 3459; x_wconf 85' lang='lat' dir='ltr'>item</span> <span class='ocrx_word' id='word_1_542' title='bbox 1071 3424 1136 3459; x_wconf 82' lang='lat' dir='ltr'>tlu-</span> 
     </span>
    </p>
   </div>
   <div class='ocr_carea' id='block_1_6' title="bbox 1189 3025 1775 3068">
    <p class='ocr_par' dir='ltr' id='par_1_7' title="bbox 1189 3025 1775 3068">
     <span class='ocr_line' id='line_1_51' title="bbox 1189 3025 1775 3068; baseline 0 -9"><span class='ocrx_word' id='word_1_543' title='bbox 1189 3026 1340 3068; x_wconf 88' lang='lat' dir='ltr'>patriam</span> <span class='ocrx_word' id='word_1_544' title='bbox 1361 3025 1531 3067; x_wconf 81' lang='lat' dir='ltr'>regnique</span> <span class='ocrx_word' id='word_1_545' title='bbox 1555 3025 1775 3068; x_wconf 84' lang='lat' dir='ltr'>capessendi.</span> 
     </span>
    </p>
   </div>
   <div class='ocr_carea' id='block_1_7' title="bbox 1183 3124 2052 3468">
    <p class='ocr_par' dir='ltr' id='par_1_8' title="bbox 1183 3124 2052 3468">
     <span class='ocr_line' id='line_1_52' title="bbox 1233 3124 2052 3168; baseline 0.002 -10"><span class='ocrx_word' id='word_1_546' title='bbox 1233 3127 1285 3159; x_wconf 78' lang='grc'>44.</span> <span class='ocrx_word' id='word_1_547' title='bbox 1301 3126 1408 3159; x_wconf 80' lang='lat' dir='ltr'>Isdem</span> <span class='ocrx_word' id='word_1_548' title='bbox 1429 3124 1680 3158; x_wconf 56' lang='lat' dir='ltr'>consulibus„</span> <span class='ocrx_word' id='word_1_549' title='bbox 1694 3125 1958 3168; x_wconf 59' lang='lat' dir='ltr'>octingentesimo</span> <span class='ocrx_word' id='word_1_550' title='bbox 1973 3129 2052 3167; x_wconf 63' lang='lat' dir='ltr'>pou</span> 
     </span>
     <span class='ocr_line' id='line_1_53' title="bbox 1190 3173 2051 3215; baseline 0.001 -7"><span class='ocrx_word' id='word_1_551' title='bbox 1190 3176 1326 3208; x_wconf 82' lang='lat' dir='ltr'>Romam</span> <span class='ocrx_word' id='word_1_552' title='bbox 1355 3175 1543 3215; x_wconf 75' lang='lat' dir='ltr'>conditam]</span> <span class='ocrx_word' id='word_1_553' title='bbox 1577 3173 1651 3210; x_wconf 89' lang='lat' dir='ltr'>scil.</span> <span class='ocrx_word' id='word_1_554' title='bbox 1680 3183 1785 3208; x_wconf 90' lang='lat' dir='ltr'>anno.</span> <span class='ocrx_word' id='word_1_555' title='bbox 1823 3176 2051 3210; x_wconf 73' lang='lat' dir='ltr'>Demonstrat</span> 
     </span>
     <span class='ocr_line' id='line_1_54' title="bbox 1187 3224 2047 3267; baseline 0 -8"><span class='ocrx_word' id='word_1_556' title='bbox 1187 3225 1244 3260; x_wconf 88' lang='lat' dir='ltr'>hic</span> <span class='ocrx_word' id='word_1_557' title='bbox 1265 3224 1364 3259; x_wconf 87' lang='lat' dir='ltr'>locus</span> <span class='ocrx_word' id='word_1_558' title='bbox 1384 3225 1542 3259; x_wconf 89' lang='lat' dir='ltr'>Tacitum</span> <span class='ocrx_word' id='word_1_559' title='bbox 1556 3225 1808 3259; x_wconf 84' lang='lat' dir='ltr'>Varroniauam</span> <span class='ocrx_word' id='word_1_560' title='bbox 1821 3224 2047 3267; x_wconf 86' lang='lat' dir='ltr'>computandi</span> 
     </span>
     <span class='ocr_line' id='line_1_55' title="bbox 1187 3274 2047 3315; baseline 0.001 -7"><span class='ocrx_word' id='word_1_561' title='bbox 1187 3284 1298 3310; x_wconf 91' lang='lat' dir='ltr'>annos</span> <span class='ocrx_word' id='word_1_562' title='bbox 1319 3275 1418 3308; x_wconf 89' lang='lat' dir='ltr'>urbis</span> <span class='ocrx_word' id='word_1_563' title='bbox 1441 3275 1602 3310; x_wconf 85' lang='lat' dir='ltr'>conditae</span> <span class='ocrx_word' id='word_1_564' title='bbox 1624 3276 1814 3315; x_wconf 86' lang='lat' dir='ltr'>rationem,</span> <span class='ocrx_word' id='word_1_565' title='bbox 1843 3283 1914 3308; x_wconf 90' lang='lat' dir='ltr'>non</span> <span class='ocrx_word' id='word_1_566' title='bbox 1935 3274 2047 3309; x_wconf 73' lang='lat' dir='ltr'>tasto-</span> 
     </span>
     <span class='ocr_line' id='line_1_56' title="bbox 1185 3323 2046 3367; baseline 0 -9"><span class='ocrx_word' id='word_1_567' title='bbox 1185 3333 1266 3358; x_wconf 89' lang='lat' dir='ltr'>rum</span> <span class='ocrx_word' id='word_1_568' title='bbox 1289 3323 1579 3367; x_wconf 86' lang='lat' dir='ltr'>Capitolinorum,</span> <span class='ocrx_word' id='word_1_569' title='bbox 1611 3326 1772 3359; x_wconf 78' lang='lat' dir='ltr'>secutum</span> <span class='ocrx_word' id='word_1_570' title='bbox 1795 3332 1886 3357; x_wconf 84' lang='lat' dir='ltr'>esse.</span> <span class='ocrx_word' id='word_1_571' title='bbox 1913 3341 1950 3348; x_wconf 89' lang='lat'>—</span> <span class='ocrx_word' id='word_1_572' title='bbox 1974 3325 2046 3358; x_wconf 70' lang='lat' dir='ltr'>luat</span> 
     </span>
     <span class='ocr_line' id='line_1_57' title="bbox 1183 3373 2042 3415; baseline 0.002 -8"><span class='ocrx_word' id='word_1_573' title='bbox 1183 3375 1382 3415; x_wconf 71' lang='lat' dir='ltr'>saeculares]</span> <span class='ocrx_word' id='word_1_574' title='bbox 1416 3375 1465 3408; x_wconf 86' lang='lat' dir='ltr'>De</span> <span class='ocrx_word' id='word_1_575' title='bbox 1494 3374 1550 3408; x_wconf 86' lang='lat' dir='ltr'>his</span> <span class='ocrx_word' id='word_1_576' title='bbox 1579 3374 1661 3409; x_wconf 83' lang='lat' dir='ltr'>vide</span> <span class='ocrx_word' id='word_1_577' title='bbox 1692 3374 1730 3407; x_wconf 93' lang='lat' dir='ltr'>C.</span> <span class='ocrx_word' id='word_1_578' title='bbox 1753 3374 1792 3407; x_wconf 90' lang='lat' dir='ltr'>L.</span> <span class='ocrx_word' id='word_1_579' title='bbox 1815 3373 1980 3408; x_wconf 80' lang='lat' dir='ltr'>Rothium</span> <span class='ocrx_word' id='word_1_580' title='bbox 2005 3375 2042 3409; x_wconf 82' lang='lat' dir='ltr'>iu</span> 
     </span>
     <span class='ocr_line' id='line_1_58' title="bbox 1183 3423 2036 3468; baseline -0.001 -8"><span class='ocrx_word' id='word_1_581' title='bbox 1183 3425 1304 3461; x_wconf 79' lang='lat' dir='ltr'>Museo</span> <span class='ocrx_word' id='word_1_582' title='bbox 1325 3425 1492 3460; x_wconf 78' lang='lat' dir='ltr'>Rhenano</span> <span class='ocrx_word' id='word_1_583' title='bbox 1513 3425 1555 3460; x_wconf 75' lang='lat' dir='ltr'>N.</span> <span class='ocrx_word' id='word_1_584' title='bbox 1578 3425 1614 3459; x_wconf 85' lang='lat' dir='ltr'>S.</span> <span class='ocrx_word' id='word_1_585' title='bbox 1637 3423 1731 3466; x_wconf 83' lang='lat' dir='ltr'>vm,</span> <span class='ocrx_word' id='word_1_586' title='bbox 1754 3431 1791 3466; x_wconf 85' lang='lat' dir='ltr'>p.</span> <span class='ocrx_word' id='word_1_587' title='bbox 1814 3423 1878 3459; x_wconf 67' lang='lat'>635</span> <span class='ocrx_word' id='word_1_588' title='bbox 1900 3432 1979 3468; x_wconf 83' lang='lat' dir='ltr'>sqq.</span> <span class='ocrx_word' id='word_1_589' title='bbox 1997 3439 2036 3452; x_wconf 68' lang='grc'>«-</span> 
     </span>
    </p>
   </div>
   <div class='ocr_carea' id='block_1_8' title="bbox 2206 2529 2254 3770">
    <p class='ocr_par' dir='ltr' id='par_1_9' title="bbox 2206 2529 2254 3770">
     <span class='ocr_line' id='line_1_59' title="bbox 2206 2529 2254 3770; baseline 0 0"><span class='ocrx_word' id='word_1_590' title='bbox 2206 2529 2254 3770; x_wconf 95' lang='lat' dir='ltr'> </span> 
     </span>
    </p>
   </div>
  </div>
 </body>
</html>
