2254 3770
803 247 959 290 LIBER
987 247 1017 289 Ι.
1063 246 1163 303 Cap.
1194 246 1261 289 60.
1291 245 1358 289 70.
1390 244 1458 289 7⁴.
1968 243 2023 286 59

243 356 423 400 editiora
451 354 596 398 enisus
634 352 789 397 eodem
826 365 979 410 agmen
1015 350 1230 396 subduxit.
1281 356 1586 408 pernoctavere
1627 349 1720 393 sine
1758 347 2021 399 utensilibus

243 431 333 474 sine
362 429 466 486 igni,
500 442 652 485 magna
671 442 769 486 pars
790 426 904 470 nudo
925 433 997 471 aut
1016 425 1200 470 mulcato
1222 439 1423 484 corpore,
1455 424 1568 469 haud
1594 425 1734 468 minus
1754 423 2022 467 miserabiles

241 509 368 564 quam
397 518 506 562 quos
538 503 671 547 hostis
701 502 991 547 circumsidet:
1030 501 1191 559 quippe
1221 500 1306 544 illic
1335 501 1463 544 etiam
1493 500 1697 544 honestae
1726 499 1874 543 mortis
1903 512 2020 549 usus,

239 580 304 623 his
342 578 567 636 inglorium
603 578 790 622 exitium.
840 577 910 620 lux
938 576 1126 621 reddidit
1160 582 1337 625 terram,
1380 581 1735 633 penetratumque
1770 574 1824 619 ad
1855 587 2024 618 amnem

239 653 488 714 [Visurgin],
528 667 615 712 quo
648 653 805 697 Caesar
833 652 970 696 classe
999 651 1286 696 contenderat.
1328 651 1552 708 impositae
1578 650 1678 694 dein
1704 649 1917 708 legiones,
1949 662 2055 692 va-5

236 735 360 787 gante
390 729 500 773 sama
518 728 785 780 submersas3
817 741 898 773 nec
917 727 1026 771 fides
1049 726 1196 771 salutis
1230 732 1327 770 ante
1355 739 1487 784 quam
1514 726 1742 769 Caesarem
1770 724 2025 768 exercitum-

237 818 322 863 que
351 803 556 848 reducem
585 803 743 847 videre.
795 802 876 859 (7⁴)
907 803 991 846 iam
1012 802 1254 852 Stertinius,
1287 801 1341 844 ad
1372 800 1669 858 accipiendum
1700 800 1742 843 in
1763 799 2025 843 deditionem

238 880 502 937 Segimerum
523 879 694 922 fratrem
713 878 901 936 Segestis
922 877 1202 935 praemissus,
1236 877 1379 934 ipsum
1409 882 1451 920 et
1478 875 1613 919 filium
1634 875 1729 919 eius
1750 875 1794 918 in
1813 874 2026 918 civitatem

238 954 441 999 Ubiorum
479 954 746 1012 perduxerat.
798 953 896 996 data
933 953 1102 1010 utrique
1137 952 1281 1003 venia,
1325 951 1447 995 facile
1478 951 1717 1008 Segimero,
1761 949 2025 994 cunctantius

237 1028 336 1079 filio,
359 1029 459 1087 quia
480 1029 695 1082 Quinctilii
717 1029 812 1073 Vari
835 1042 991 1097 corpus
1011 1027 1212 1070 inlusisse
1235 1026 1467 1070 dicebatur.
1498 1032 1690 1070 ceterum
1711 1025 1764 1068 ad
1787 1022 2075 1082 supplendam

238 1104 450 1148 exercitus
479 1103 633 1148 damna
661 1110 878 1148 certavere
900 1102 1058 1147 Galliae
1089 1102 1317 1160 Hispaniae
1348 1101 1485 1151 Italia,
1547 1100 1664 1159 quod
1696 1100 1851 1158 cuique
1883 1113 2026 1156 prom-

238 1186 374 1237 ptum,
406 1193 522 1223 arma
542 1193 679 1238 equos
699 1193 867 1226 aurum.
899 1173 1139 1222 offerentes.
1172 1191 1356 1235 quorum
1375 1176 1546 1221 laudato
1568 1175 1709 1219 studio
1732 1175 2023 1224 Germanicus,

238 1254 366 1298 armis
394 1253 523 1297 modo
554 1260 596 1298 et
626 1254 749 1312 equis
779 1253 832 1297 ad
863 1253 1022 1297 bellum
1051 1253 1252 1310 sumptis,
1284 1252 1456 1310 propria
1485 1251 1670 1309 pecunia
1699 1249 1876 1293 militem
1907 1249 2022 1292 iuvit.

237 1335 368 1388 utque
400 1328 532 1373 cladis
561 1329 811 1372 memoriam
841 1329 972 1372 etiam·
997 1328 1193 1372 comitate
1223 1327 1391 1379 leniret,
1435 1326 1660 1370 circumire
1690 1325 1879 1373 saucios,
1916 1324 2026 1368 facta

280 1463 311 1495 4.
336 1462 495 1494 editiorae
515 1461 606 1494 nisus
627 1462 660 1494 M
687 1477 722 1484 —
749 1462 782 1494 2.
806 1461 950 1493 mulcato
973 1469 1028 1503 pr.
1053 1461 1104 1494 M:
1137 1460 1295 1493 mulctato
1319 1468 1410 1492 corr.
1436 1460 1467 1492 M
1493 1458 1657 1501 (mutilato
1680 1457 1816 1499 margo)
1843 1475 1878 1481 —
1905 1456 1935 1490 3.
1961 1456 2028 1489 illic

238 1527 292 1561 pr.
317 1519 367 1551 M:
399 1518 464 1550 illis
487 1526 578 1550 corr.
603 1518 636 1551 M
661 1535 696 1541 -
729 1517 761 1551 4.
788 1519 832 1550 ad
855 1527 986 1550 amnem
1008 1518 1161 1559 uisurqin
1183 1518 1232 1551 M:
1267 1518 1312 1550 ad
1335 1526 1468 1549 amnem
1493 1517 1651 1558 Unsinqin
1674 1515 1769 1557 (ficto
1793 1514 1935 1547 nomine
1960 1515 2026 1546 La-

239 1575 310 1607 tino
340 1574 494 1607 fluminis
518 1574 613 1616 quod
642 1574 746 1607 hodie
771 1575 872 1614 Unse,
907 1575 1032 1614 Hunse,
1065 1574 1270 1616 Groeninqer
1291 1574 1396 1614 Diepe
1421 1573 1577 1613 vocatur)
1610 1571 1796 1613 Altingius3
1829 1572 1873 1603 ad
1896 1578 2026 1603 amnem

242 1630 524 1671 Vidmmqhodie
555 1630 611 1662 vel
637 1630 748 1669 Vecht,
774 1629 829 1662 vel
848 1630 1022 1671 Wymerz)
1050 1631 1204 1672 Lipsius;
1237 1631 1282 1662 ad
1310 1629 1472 1662 Amisiam
1494 1629 1662 1667 Ritterus;
1689 1629 1734 1660 ad
1757 1636 1887 1660 amnem
1911 1625 2026 1659 deleto

180 1711 184 1716 ·
238 1688 380 1722 nomine
411 1688 601 1721 Mercerus.
643 1688 714 1719 Nos
742 1695 851 1729 pravo
882 1686 1129 1729 supplemento
1159 1686 1298 1720 secluso
1327 1695 1459 1719 amnem
1489 1694 1559 1718 non
1583 1694 1665 1718 cum
1688 1685 1847 1718 Mercero
1871 1684 2026 1722 Rhenum,

238 1744 304 1778 sed
332 1752 414 1776 cum
452 1743 582 1775 Rittero
610 1743 769 1775 Amisiam
800 1751 879 1776 esse
910 1744 1106 1785 opinamur.
1133 1761 1167 1765 —
1200 1744 1234 1780 5,
1258 1743 1394 1775 classem
1418 1742 1544 1784 (littera
1566 1751 1601 1774 m
1622 1742 1754 1784 puncto
1777 1739 1908 1780 notata)
1931 1740 1964 1773 M
1989 1757 2025 1762 —

238 1801 384 1841 leqeones
406 1800 439 1831 M
466 1817 499 1822 —-
527 1798 579 1830 40.
605 1799 766 1841 quinctitii
790 1800 822 1832 M
845 1799 913 1832 hoc
935 1808 1006 1831 uno
1029 1798 1125 1838 loco;
1151 1800 1194 1832 cf.
1222 1800 1252 1839 i,
1279 1798 1310 1831 3.
1337 1799 1390 1831 65.
1415 1799 1452 1838 2,
1477 1797 1531 1832 45.
1557 1797 1594 1837 4,
1612 1797 1664 1832 66.
1688 1797 1776 1834 Hist,
1799 1796 1838 1836 4,
1865 1797 1919 1834 47,
1943 1797 1975 1836 5,
1994 1795 2027 1828 9.

239 1855 373 1888 Eadem
397 1855 590 1896 scripturae
614 1855 766 1887 varietas
791 1857 844 1887 est
873 1855 909 1887 in
936 1854 1241 1897 inscriptionibus;
1273 1855 1353 1887 vide
1379 1864 1411 1887 n.
1437 1854 1523 1887 2863
1554 1855 1589 1886 et
1617 1854 1716 1890 5752,
1743 1871 1777 1876 —
1809 1853 1940 1885 inlussis
1972 1861 2027 1895 pr.

238 1912 290 1951 M;
314 1911 462 1944 inlussise
483 1919 574 1943 corr.
601 1911 635 1943 M
661 1928 695 1934 -
721 1914 888 1943 caeterum
909 1911 942 1944 M
967 1928 1001 1933 —
1030 1909 1083 1948 44,
1107 1914 1230 1953 atquae
1253 1910 1380 1953 (littera
1403 1920 1426 1943 a
1447 1910 1587 1953 punctis
1605 1909 1737 1951 notata)
1762 1909 1807 1943 M.

239 2020 402 2071 χρειώδη
427 2024 658 2063 Graecorum,
684 2022 719 2055 id
736 2024 790 2055 est
806 2031 897 2064 quae
914 2022 959 2056 ad
975 2023 1109 2056 victum

240 2075 322 2108 sunt
345 2074 559 2106 necessaria.
597 2072 648 2105 Cf.
673 2074 711 2112 2,
738 2073 797 2105 60:
828 2082 977 2114 quasque
999 2075 1111 2114 copias

1160 2025 1299 2063 auctor,
1325 2022 1504 2064 quomodo
1528 2022 1574 2055 ad
1589 2022 1760 2055 Amisiam
1776 2021 1943 2054 reductae
1960 2021 2030 2053 sint

1160 2076 1326 2116 quattuor
1349 2074 1546 2106 Germanici
1570 2072 1747 2114 legiones,
1775 2071 1957 2113 impedivit
1979 2072 2029 2103 in-

238 2125 395 2166 frwmenti
418 2126 450 2156 et
471 2124 617 2155 omnium
639 2124 829 2155 utensilium
844 2132 994 2164 quaeque
1017 2125 1110 2158 natio

235 2175 404 2216 penderet.
430 2174 462 2212 3,
481 2174 540 2206 52:
566 2174 757 2206 utensilium
773 2174 887 2214 pretia
903 2175 939 2206 in
961 2176 1029 2207 dies
1050 2184 1110 2207 au-

239 2225 323 2267 aeri.
350 2225 402 2263 45,
427 2223 487 2256 39:
518 2223 738 2264 subvectaque
759 2225 917 2256 utensilia
938 2225 980 2257 ab
1004 2225 1108 2257 Ostia.

240 2276 382 2308 WALm.
419 2274 533 2307 Minus
563 2275 659 2306 recte
694 2274 953 2307 Freinshemius
977 2275 1020 2307 de
1049 2283 1110 2307 su-

242 2323 413 2367 pellectile
430 2324 576 2365 accepit.
599 2342 633 2346 —
659 2323 878 2365 circumsidet]
903 2325 1027 2366 quovis
1043 2324 1109 2357 alio

242 2375 402 2415 tempore
431 2374 465 2405 in
497 2373 614 2415 aliquo
643 2373 792 2415 oppido;
824 2375 878 2406 est
908 2375 1002 2407 enim
1027 2383 1109 2407 sen-

243 2424 350 2456 tentia
379 2422 551 2464 generalis
582 2431 696 2464 neque
727 2422 897 2464 intelligo,
932 2425 1109 2464 quomodo

243 2471 451 2506 Doederlein
469 2472 642 2514 explicare
659 2473 831 2514 potuerit:
859 2473 957 2505 «Scil.
975 2475 1008 2506 in
1026 2483 1111 2516 pon-

244 2522 336 2555 tibus
359 2522 489 2564 longis,
515 2532 545 2555 c.
570 2523 646 2554 65.»
671 2524 714 2555 At
736 2521 782 2554 illi
805 2523 947 2556 iamiam
969 2525 1051 2556 enisi
1075 2526 1111 2557 in

243 2577 361 2615 aperta
387 2576 419 2605 et
446 2574 571 2614 solida,
607 2573 735 2605 deinde
766 2577 887 2605 cuncta
912 2575 948 2606 in
969 2576 1112 2608 victoria

242 2624 402 2661 habuere;
439 2632 523 2664 ergo
554 2633 624 2656 non
653 2624 724 2656 iam
755 2623 1020 2657 obsidebantur.
1058 2626 1108 2658 Cf.

244 2683 275 2706 c.
301 2674 342 2706 65
373 2674 409 2705 et
437 2673 490 2706 68.
526 2690 560 2695 —
595 2673 673 2714 illie]
703 2673 725 2705 i.
752 2682 784 2705 e.
810 2674 905 2715 apud
932 2673 1019 2707 illos.
1058 2675 1109 2708 Cf.

245 2724 330 2756 Hist.
356 2724 388 2761 5,
414 2722 451 2756 4:
484 2724 633 2763 profana
662 2724 730 2755 illic
753 2725 884 2764 omnia,
915 2734 1000 2764 quae
1022 2726 1112 2765 apud

244 2783 304 2807 nos
326 2783 427 2806 sacra
434 2783 445 2812 ,·
476 2783 614 2806 rursum
635 2783 789 2806 concessa
812 2769 902 2815 apud
915 2775 1001 2815 illos,
1027 2784 1113 2816 quae

245 2824 336 2858 nobis
355 2825 490 2856 incesta.
510 2841 546 2847 -
566 2827 843 2865 penetratumque
859 2825 940 2866 cet.]
964 2826 1112 2866 Insignis

246 2874 324 2907 libri
347 2873 493 2907 Medicei
518 2873 717 2915 corruptela
742 2875 794 2906 tot
816 2875 971 2907 virorum
995 2876 1113 2907 acuto-

247 2932 326 2955 rum
349 2924 463 2955 aciem
486 2932 557 2955 non
581 2923 708 2955 frustra
733 2925 964 2964 exercuisset,
994 2924 1022 2957 si
1046 2925 1113 2956 Ta-

248 2973 305 3004 citi
328 2972 474 3005 modum
498 2973 683 3005 enarrandi
699 2972 801 3014 paulo
819 2973 1016 3014 diligentius
1033 2982 1114 3005 con-

247 3022 473 3055 siderassent.
498 3023 669 3054 Nimirum
687 3021 742 3054 ille
758 3024 884 3055 Germa
913 3023 972 3059 ici.
1001 3032 1111 3064 paene

249 3081 360 3113 usque
384 3071 428 3104 ad
445 3072 619 3113 Visurgim
642 3073 677 3104 in
700 3073 768 3105 hac
791 3033 1010 3114 expegitione
1036 3082 1114 3114 pro-

249 3123 376 3163 gressi,
409 3121 562 3154 reditum
590 3124 712 3163 paucis
735 3124 788 3155 his
811 3123 930 3155 verbis
954 3122 1113 3164 comple-

249 3172 353 3204 ctitur
387 3173 423 3203 et
457 3171 625 3204 describit
652 3181 682 3203 c.
708 3172 766 3204 63:
803 3181 884 3204 moa)
914 3173 1048 3204 reducto
1071 3174 1114 3205 ad

249 3222 408 3254 Amisiam
435 3222 584 3254 exercitu
615 3222 665 3262 (h.
692 3231 724 3254 e.
757 3231 799 3254 eo
827 3223 984 3255 exercitu
1007 3232 1114 3264 quem

253 3272 479 3304 Germanicus
509 3271 678 3310 ducebat,
711 3281 780 3304 non
812 3273 918 3304 etiam
942 3273 1113 3305 Caecinae

253 3320 372 3360 milite)
405 3322 547 3363 leqiones
586 3324 706 3362 classe,
743 3326 781 3355 ut
818 3323 1019 3362 advexerat,
1058 3332 1114 3355 re-

245 3373 370 3409 portat.
418 3371 488 3404 Sed
521 3380 591 3413 quo
626 3373 740 3405 minus
774 3372 892 3405 statim
923 3373 1116 3414 exponeret

1159 2125 1327 2166 tei-posita
1358 2123 1494 2164 longior
1523 2123 1568 2156 de
1599 2123 1772 2155 Caecinae
1797 2122 1950 2154 exercitu
1976 2130 2029 2153 re-

1159 2174 1240 2207 latio
1265 2176 1306 2214 (c.
1334 2174 1375 2206 63
1391 2189 1425 2196 —
1442 2174 1508 2214 69).
1546 2174 1620 2212 Quo
1648 2172 1808 2214 episodio
1832 2171 1928 2204 finito
1954 2180 2030 2203 nar-

1160 2226 1254 2257 rator
1283 2224 1373 2257 redit
1401 2224 1446 2256 ad
1475 2223 1573 2256 filum
1604 2232 1634 2256 c.
1660 2223 1701 2255 63
1730 2223 1900 2255 omissum
1923 2223 2029 2262 atque

1159 2276 1194 2307 in
1225 2274 1512 2316 supplementum
1542 2274 1655 2316 capite
1686 2273 1948 2315 septuagesimo
1973 2280 2030 2304 ex-

1161 2325 1338 2365 sequitur,
1370 2323 1550 2365 quomodo
1581 2324 1746 2365 quattuor
1767 2322 1923 2363 legiones
1948 2322 2030 2354 Ger-

1160 2375 1288 2407 manici
1323 2374 1367 2406 ad
1403 2375 1571 2407 Amisiam
1606 2376 1642 2406 et
1675 2373 1757 2406 inde
1793 2373 1838 2405 ad
1869 2373 2029 2405 Rhenum

1160 2425 1327 2458 reductae
1352 2425 1430 2457 sint.
1467 2425 1602 2466 Nempe
1627 2432 1750 2456 earum
1767 2423 1857 2456 duae
1881 2422 2030 2455 navibus

1161 2476 1343 2518 impositae
1375 2475 1421 2507 ad
1449 2475 1618 2507 Amisiam
1646 2475 1769 2506 vectae
1803 2474 1901 2513 sunt,
1937 2472 2028 2505 duae

1160 2525 1295 2558 Vitellio
1319 2525 1464 2557 traditae
1495 2525 1655 2556 terrestri
1676 2524 1802 2557 itinere
1826 2532 1869 2555 ex
1891 2524 1932 2556 iis
1956 2522 2029 2555 fere
2095 2533 2097 2536 ⁴

1161 2575 1264 2614 locis,
1300 2574 1359 2606 ubi
1391 2574 1546 2615 Visurgis
1577 2574 1611 2606 in
1642 2582 1740 2606 mare
1780 2574 1947 2615 erumpit,
1984 2573 2029 2605 ad

1163 2624 1317 2656 eundem
1334 2632 1478 2656 amnem
1492 2624 1779 2665 penetraverunt,
1797 2623 1892 2655 unde
1905 2630 2029 2655 omnes

1162 2673 1311 2706 navibus
1332 2682 1397 2715 per
1418 2672 1516 2706 lacus
1540 2673 1585 2705 ad
1608 2673 1769 2705 Rhenum
1793 2673 2026 2715 reportantur.

1162 2726 1294 2757 Rrrrizn.

1205 2775 1257 2806 Ἡ.
1284 2773 1498 2815 Segimerum]
1524 2774 1617 2807 Unus
1639 2772 1791 2806 Velleius
1807 2775 1844 2813 Ξ,
1869 2774 1943 2806 448.
1968 2774 2030 2805 Ar-

1162 2826 1309 2858 minium
1344 2825 1450 2858 iuisse
1485 2824 1594 2856 filium
1628 2825 1782 2866 Siyimeri
1813 2825 1875 2864 (sic
1906 2824 2027 2863 codex)

1163 2876 1356 2908 memoriae
1387 2874 1559 2917 prodidit;
1596 2875 1652 2907 hic
1682 2875 1784 2915 igitur
1812 2875 1917 2907 Taciti
1939 2875 2030 2916 Segi-

1162 2935 1273 2958 merus
1297 2925 1407 2965 (idem
1424 2934 1509 2957 sane
1531 2933 1660 2957 nomen
1685 2926 1762 2964 est),
1789 2924 1940 2965 Segestis
1964 2923 2030 2955 ira-

1164 2979 1235 3015 ter,
1269 2974 1313 3007 ah
1344 2974 1399 3007 illo
1428 2975 1588 3007 diversus
1619 2977 1682 3008 est.
1729 2975 1778 3007 Cf.
1811 2974 1952 3016 Ruperti
1983 2974 2027 3007 ad

1164 3034 1194 3057 c.
1215 3026 1268 3057 55.
1298 3042 1331 3046 —-
1357 3025 1465 3064 silizum
1487 3023 1566 3065 eius]
1591 3025 1822 3057 Sesithacum.
1848 3023 1971 3055 Strabo
1995 3024 2027 3063 7,

1165 3076 1196 3116 i,
1222 3074 1254 3107 4.
1282 3083 1315 3116 p.
1342 3074 1417 3106 292.
1446 3093 1482 3098 —
1509 3076 1653 3115 propria
1668 3074 1823 3115 pecunia]
1849 3076 2028 3107 Generoso

1164 3126 1280 3157 animo
1304 3124 1432 3157 ductus
1455 3123 1580 3162 noluit,
1607 3126 1645 3157 ut
1666 3133 1835 3166 umquam
1859 3123 1941 3155 Galli
1965 3132 2028 3156 au-

1165 3182 1243 3205 rum
1257 3174 1425 3206 donatum
1438 3175 1615 3213 Romanis,
1634 3174 1783 3206 dominis
1799 3174 1886 3212 suis,
1911 3174 2028 3215 impu-

1164 3224 1238 3255 tare
1252 3226 1409 3264 possent.
1423 3242 1455 3246 -
1473 3224 1649 3255 circumire
1665 3222 1805 3263 saucios]
1819 3223 1852 3254 in
1870 3223 2027 3255 tentoriis

1165 3272 1356 3310 cubantes3
1383 3282 1463 3305 nam
1482 3275 1565 3306 tunc
1581 3273 1749 3314 temporis
1767 3282 1882 3314 neque
1898 3273 2026 3306 medici

1165 3331 1280 3364 neque
1311 3323 1562 3356 valetudinaria
1586 3332 1614 3355 s.
1633 3324 1835 3355 nosocomia
1868 3323 2026 3356 militaria

1165 3375 1286 3413 erant,
1323 3383 1473 3416 quorum
1513 3374 1663 3415 primam
1697 3374 1914 3407 mentionem
1947 3374 2028 3407 facit
