2254 3770
853 273 1009 321 LIBER
1033 273 1103 320 XI.
1147 276 1250 335 Cap.
1279 274 1319 321 ⁴.
1894 270 1971 317 3⁴⁴

204 384 390 443 iungitur
408 382 613 435 Sosibius,
644 382 869 427 Britannici
889 382 1106 434 educator,
1136 382 1210 440 qui
1230 395 1308 441 per
1326 384 1516 442 speciem
1535 382 1860 428 benevolentiae
1884 394 1978 425 mo-

204 465 326 504 neret
342 458 566 503 Claudium
585 471 738 503 cavere
765 458 850 502 vim
880 463 1007 516 atque
1031 470 1138 516 opes
1165 458 1429 517 principibus
1458 458 1666 503 infensas:
1696 456 1978 516 praecipuum
2041 458 2044 461 ’

203 541 422 580 auctorem
448 533 676 579 Asiaticum
704 532 983 578 interficiendi
1014 533 1055 576 G.
1077 533 1273 577 Caesaris
1302 547 1387 578 non
1406 529 1654 578 extimuisse
1673 532 1871 578 contione
1899 544 1978 589 po-

202 610 290 670 puli
329 611 504 654 Romani
542 609 664 653 fateri
704 608 967 667 gloriamque
1003 607 1201 652 facinoris
1229 607 1340 652 ultro
1369 615 1540 666 petere3
1578 608 1742 653 clarum
1769 619 1824 651 ex
1852 619 1905 651 eo
1934 605 1979 649 in

201 685 326 736 urbe,
366 684 497 728 didita
525 697 603 742 per
632 684 872 742 provincias
901 683 1027 734 fama,
1067 696 1221 741 parare
1252 683 1332 728 iter
1360 683 1416 727 ad
1446 684 1721 729 Germanicos
1749 681 2009 732 exercitus,5

201 759 373 819 quando
402 759 569 817 genitus
597 759 784 804 Viennae
820 758 1050 816 multisque
1079 764 1121 802 et
1154 758 1306 803 validis
1345 758 1732 817 propinquitatibus
1769 756 1977 802 subnixus

199 835 372 879 turbare
401 833 580 891 gentiles
609 834 802 877 nationes
833 839 1075 891 promptum
1103 833 1290 878 haberet.
1321 840 1364 878 at
1383 833 1585 880 Claudius
1605 833 1708 877 nihil
1728 832 1839 878 ultra
1857 846 1978 877 scru-

200 916 329 958 tatus.
369 909 463 954 citis
492 923 590 954 cum
618 908 819 952 militibus
847 914 1065 966 tamquam
1094 909 1377 967 opprimendo
1406 909 1520 954 bello
1551 909 1810 967 Crispinum,
1851 920 1978 966 prae-

198 985 294 1029 torii
322 983 594 1043 praesectum,
626 984 760 1036 misit3
791 996 816 1027 a
835 997 922 1041 quo
951 990 1149 1042 repertus
1178 991 1244 1029 est
1272 985 1386 1043 apud
1415 984 1538 1028 Baias
1567 983 1804 1042 vinclisque
1833 982 1977 1027 inditis

263 1126 294 1158 ⁴.
318 1123 510 1158 brittannici
531 1122 565 1157 M
589 1140 626 1146 —
650 1123 683 1156 2.
706 1131 825 1156 cavere
846 1123 891 1156 G:
916 1123 1032 1165 caueri
1053 1124 1087 1158 M
1112 1142 1147 1147 —
1167 1124 1365 1166 precipuum
1386 1125 1420 1159 M
1445 1141 1482 1148 -
1507 1123 1540 1156 3.
1565 1123 1601 1157 C.
1626 1122 1831 1166 Rupertius:
1856 1122 1978 1156 om.M

201 1199 238 1206 —
261 1181 386 1214 cesaris
407 1180 442 1214 M
472 1198 508 1203 —
539 1179 688 1212 contione
714 1180 869 1222 Lipsius:
899 1179 1081 1213 contionem
1110 1181 1143 1214 Μ
1155 1191 1162 1221 ;
1193 1181 1229 1213 in
1258 1181 1408 1214 contione
1430 1182 1474 1219 G;
1507 1180 1656 1214 contione
1684 1180 1721 1212 in
1742 1177 1911 1213 Halmius.
1938 1196 1974 1203 —

199 1237 231 1270 6.
253 1237 372 1270 uienne
393 1237 427 1270 M
452 1254 488 1260 —
518 1235 551 1268 7.
575 1235 707 1269 haberet
729 1237 774 1269 G:
810 1235 929 1269 habere
950 1242 973 1277 ·‚·
1000 1236 1072 1279 (sic)
1096 1237 1130 1271 M
1155 1255 1190 1260 —
1222 1237 1324 1270 nichil
1345 1238 1379 1271 M
1409 1254 1446 1261 -
1482 1237 1515 1270 9.
1538 1239 1706 1278 repertus,
1737 1234 1978 1278 superscripto

197 1293 372 1334 asiaticus,
397 1292 431 1327 M
454 1308 492 1316 -
519 1291 618 1325 balas
638 1293 683 1334 Μ,
707 1293 744 1326 in
766 1301 837 1335 quo
859 1301 924 1336 pro
946 1294 960 1327 i
981 1301 1089 1337 saepe
1111 1295 1130 1326 1
1149 1294 1320 1337 scriptum
1341 1295 1411 1327 est.

197 1421 271 1445 ται.
318 1411 448 1444 Eorum
479 1411 632 1444 maxime
663 1420 769 1445 causa
799 1413 957 1446 occisum
980 1421 1060 1447 esse

196 1462 387 1496 Asiaticum
410 1462 559 1495 testatur
581 1462 685 1495 etiam
708 1463 772 1495 Dio
792 1462 844 1502 60,
863 1462 917 1496 3⁴.
937 1481 973 1487 -
997 1472 1062 1496 ea>-

197 1513 339 1553 tollebat]
363 1513 569 1554 insigniores
591 1513 782 1553 reddebat,
811 1513 971 1547 ornabat.
1006 1515 1062 1547 Sic

198 1563 251 1603 ⁴3,
275 1563 311 1595 ‘2⁴
328 1572 335 1594 ε
360 1563 525 1595 Baiarum
546 1571 686 1595 suarum
704 1564 851 1604 piscinas
872 1564 1057 1597 emtollebat.

201 1632 235 1637 -
254 1614 377 1655 insiqni
391 1613 649 1656 magnificentia]
666 1613 822 1656 Intellige
840 1615 1061 1656 potissimum

197 1663 242 1696 de
266 1663 402 1703 statuis,
426 1662 631 1705 porticibus,
657 1663 909 1705 gestationibus
933 1665 1001 1697 cet.
1024 1681 1058 1688 -

196 1713 360 1755 Suillium]
385 1714 583 1746 Germanici
606 1713 720 1747 fuerat
742 1715 910 1756 quaestor
927 1714 970 1755 (4,
987 1714 1058 1755 3⁴);

197 1763 342 1796 tandem
372 1763 408 1796 in
430 1762 592 1796 Baleares
614 1763 748 1797 insulas
770 1763 893 1806 pulsus
917 1765 972 1797 est
994 1763 1058 1805 (⁴3,

196 1812 263 1853 ⁴3).
282 1828 319 1836 -
338 1812 494 1853 Sosibius]
509 1811 734 1854 paedagogus
749 1811 897 1846 libertus
911 1812 967 1846 vel
984 1822 1062 1847 ser-

195 1871 261 1895 vus
278 1862 384 1895 etiam
400 1864 503 1901 tunc;
522 1862 726 1896 interfectus
741 1864 865 1905 postea
880 1862 926 1896 ab
942 1864 1063 1905 Agrip-

197 1913 289 1955 pina.
315 1913 380 1945 Dio
404 1913 457 1953 60,
475 1912 528 1945 32.
556 1912 607 1946 Cf.
626 1912 679 1953 44,
698 1913 736 1946 3:
762 1912 915 1946 Anicetus
928 1913 1064 1946 libertus

196 1979 215 1987 -
227 1980 247 1986 -
260 1962 425 2003 pueritiae
441 1963 582 1995 Neronis
597 1963 773 2003 educator,
798 1972 906 2004 quem
921 1964 1062 1996 Neronis

191 2013 426 2054 paedaqoyum
440 2013 546 2044 vocat
561 2012 747 2046 Suetonius
763 2014 844 2045 Ner.
859 2013 912 2046 35.
929 2031 972 2037 —
987 2013 1062 2045 Bri-

195 2061 331 2104 tannici]
356 2061 490 2095 Claudii
512 2062 582 2095 filii.
611 2081 646 2085 —
682 2064 817 2106 cavere]
843 2063 894 2096 Cf.
919 2063 973 2103 ⁴3,
999 2064 1058 2096 ⁴3:

195 2112 403 2152 orabantque
426 2112 625 2154 (Neronem)
647 2121 764 2146 cavere
786 2113 926 2146 insidias
947 2113 1062 2146 mulie-

194 2162 254 2194 ris.
275 2179 311 2185 —
336 2161 416 2201 vim]
440 2162 650 2203 potentiam,
675 2163 715 2195 ut
727 2163 761 2203 2,
780 2163 839 2195 6οτ
864 2163 900 2195 vi
919 2163 1060 2195 Partho-

195 2221 284 2244 mn.
307 2228 352 2235 —-
374 2211 467 2253 opes]
497 2213 561 2244 Dio
584 2212 637 2250 60,
659 2213 720 2245 27:
754 2209 776 2245 ὁ
798 2211 830 2245 δ’
850 2210 1061 2254 Ἀσιατικὸς

194 2258 325 2304 ἀφῆκε
346 2258 417 2305 τὴν
432 2257 556 2308 ἀρχὴν
573 2261 734 2304 (alterum
749 2263 980 2304 consulatum)
997 2260 1059 2297 ὑπ’

195 2309 315 2345 αὐτοῦ
338 2310 407 2345 τοῦ
431 2310 617 2353 πλούτου,
646 2308 712 2353 ὑφ’
737 2306 855 2360 οὗπερ
877 2314 942 2347 καὶ
964 2310 1059 2347 ἀπέ-

194 2361 323 2394 θανεν.
353 2378 386 2384 -
414 2363 634 2403 praecipuum
662 2364 847 2406 auctorem]
879 2364 1059 2398 Manifesta

195 2411 463 2452 exaggeratione
486 2412 592 2444 utitur
614 2412 788 2454 Sosibius,
811 2412 936 2446 collato
953 2414 1059 2446 etiam

195 2461 346 2502 Iosepho
369 2462 447 2494 Ant.
474 2461 527 2501 ⁴9,
553 2462 584 2500 ⁴,
609 2463 668 2500 20,
701 2463 762 2503 qui
792 2463 938 2496 minime
962 2463 1057 2503 dicit,

194 2513 234 2543 ut
256 2509 329 2542 vult
343 2510 535 2550 Ernestius,
562 2510 737 2544 Valerium
755 2513 845 2545 inter
860 2514 1059 2546 coniuratos

195 2559 322 2600 fuisse,
352 2559 417 2592 sed
447 2561 486 2593 ut
512 2561 576 2593 Dio
603 2561 694 2601 (vide
721 2562 820 2603 infra)
851 2561 947 2595 illum
974 2562 1060 2595 faci-

194 2618 262 2642 nus
284 2611 526 2652 perpetratum
541 2610 770 2652 approbasse.
800 2612 922 2646 Totam
940 2615 1059 2645 autem

196 2659 376 2692 Chaereae
393 2660 672 2693 coniurationem
686 2661 905 2703 caedemque
922 2663 1060 2703 tyranni

195 2708 244 2741 ibi
263 2709 360 2750 fuse,
385 2710 494 2742 immo
509 2709 760 2744 verbosissime
777 2713 896 2744 narrat
909 2713 1061 2753 scriptor

195 2759 363 2799 Iudaeus,
396 2760 456 2802 qui
486 2760 721 2794 conferendus
751 2762 857 2795 etiam
887 2764 941 2795 est
973 2762 1057 2796 Bell.

196 2809 272 2842 Iud.
289 2809 322 2848 2,
341 2810 394 2841 ⁴⁴.
421 2827 457 2834 —-
482 2810 517 2843 G.
537 2810 700 2853 Caesaris]
718 2810 904 2853 Caligulae.
931 2814 1059 2845 «Prae-

195 2867 327 2892 nomen
349 2858 477 2892 abesse
501 2860 620 2901 utique
644 2869 713 2893 non
737 2863 859 2903 potuit.
882 2861 935 2895 Cf.
955 2863 986 2903 ⁴,
1003 2863 1057 2896 32.

195 2911 228 2948 5,
254 2910 286 2942 ⁴.
311 2908 344 2947 6,
368 2908 400 2942 3.
425 2908 457 2942 9.
483 2909 537 2942 20.
561 2910 615 2943 32.
640 2909 694 2943 45.
720 2912 773 2952 50..
799 2913 853 2951 44,
875 2911 907 2944 3.
933 2912 1056 2951 42,22.

197 2958 251 2998 43,
277 2959 307 2990 4.
333 2958 365 2990 3.
398 2958 451 2997 ⁴5,
475 2959 529 2991 72.
563 2959 649 2993 Hist.
675 2961 706 2999 4,
730 2959 783 2993 48.
817 2961 854 3001 3,
880 2962 933 2994 68.
965 2962 998 3001 5,
1024 2962 1057 2994 9.

195 3009 276 3048 Agr.
302 3007 355 3040 ⁴3.
381 3008 497 3040 Germ.
523 3007 578 3040 37.
617 3010 742 3043 caesar
763 3010 968 3053 simpliciter
990 3012 1059 3045 dici

195 3058 313 3099 potest
327 3057 356 3089 is
370 3057 550 3099 princeps,
567 3059 667 3093 cuius
682 3068 740 3092 res
755 3061 875 3101 gestae
891 3061 926 3093 in
942 3062 1060 3103 operis

196 3108 362 3139 contextu
386 3108 588 3147 narrantur,
623 3110 663 3140 ut
684 3109 717 3148 3,
735 3110 788 3142 75.
814 3109 852 3149 4,
878 3110 909 3142 6.
935 3110 988 3143 59.
1018 3110 1059 3143 64

197 3157 280 3197 cet.,
310 3155 368 3189 vel
398 3158 426 3189 is
450 3158 509 3198 qui
537 3159 695 3199 proxime
719 3158 786 3191 alio
809 3160 951 3192 nomine
974 3162 1059 3194 satis

198 3208 295 3239 certe
329 3206 532 3247 designatus
565 3208 638 3246 est;
673 3210 712 3240 ut
743 3209 829 3242 Hist.
853 3210 886 3249 5,
911 3210 950 3242 9:
986 3211 1061 3243 dein

197 3258 281 3290 iussi
306 3266 329 3289 a
359 3257 444 3290 Gaio
466 3257 606 3290 Caesare
631 3258 772 3299 effigiem
792 3260 864 3291 eius
885 3261 922 3292 in
943 3262 1061 3302 templo

200 3306 310 3338 locare
338 3315 437 3339 amia
459 3308 573 3347 potius
599 3316 780 3348 sumpsere,
812 3317 908 3348 quem
936 3313 1061 3343 motum

202 3355 354 3388 caesaris
372 3365 463 3389 mors
484 3357 634 3395 dircmm
659 3356 702 3389 ef.
727 3357 766 3397 2,
789 3358 822 3390 2.
847 3358 879 3390 3.
907 3358 964 3391 ubi
987 3362 1060 3392 Au-

202 3406 323 3445 gustus
341 3408 426 3446 ,ante
450 3408 649 3440 nominatus
672 3416 754 3440 mox
770 3408 893 3442 Caesar
908 3408 1061 3451 appella-

1111 1413 1186 1454 tur3
1215 1414 1248 1453 5,
1273 1413 1306 1446 4.
1340 1412 1403 1445 ubi
1431 1412 1608 1446 Caesarem
1638 1420 1718 1445 esse
1748 1410 1977 1444 Octavianum

1112 1473 1155 1496 ex
1170 1464 1336 1497 contextu
1346 1462 1540 1496 verborum
1556 1464 1592 1495 et
1606 1460 1844 1505 praecedente
1856 1460 1979 1493 trium-

1109 1515 1267 1546 virorum
1289 1514 1431 1546 nomine
1453 1512 1582 1554 liquet;
1607 1513 1640 1553 6,
1660 1512 1715 1545 50.
1739 1510 1801 1543 ubi
1823 1510 1977 1553 primum

1111 1564 1217 1597 Gaius
1231 1564 1366 1603 Caesar,
1384 1565 1461 1596 tum
1477 1562 1611 1596 Caesar.
1642 1561 1743 1594 Idem
1758 1568 1978 1603 praenomen

1111 1622 1141 1646 c.
1167 1613 1209 1646 29
1238 1615 1411 1646 omissum
1439 1613 1474 1645 in
1502 1611 1686 1645 codicibus
1708 1612 1745 1644 et
1774 1609 1977 1652 suppleam

1110 1672 1129 1696 a
1154 1664 1308 1702 Faerno,
1332 1664 1519 1705 praeterea
1536 1671 1568 1695 c.
1586 1662 1619 1702 8,
1643 1661 1705 1694 ubi
1727 1669 1749 1693 a
1771 1668 1830 1693 me
1855 1659 1976 1702 [immo

1111 1714 1156 1747 ab
1191 1713 1343 1755 Heinsio]
1371 1713 1565 1755 additum.»
1592 1713 1725 1746 erren.
1760 1728 1797 1735 ·—·
1827 1711 1978 1743 contione

1104 1765 1220 1806 populi
1230 1764 1381 1806 Romani]
1398 1762 1572 1796 Invidiosa
1588 1763 1657 1795 hoc
1669 1762 1803 1795 dictum
1814 1760 1859 1794 de
1870 1759 1976 1803 plebe

1111 1814 1344 1848 tumultuante
1373 1823 1416 1847 ac
1443 1814 1688 1856 praetorianos
1711 1811 1975 1851 circumstante,

1111 1866 1149 1898 ut
1171 1865 1257 1898 Hist.
1276 1865 1308 1905 3,
1327 1864 1380 1898 68.
1405 1864 1469 1897 Dio
1484 1863 1539 1904 59,
1557 1863 1618 1896 30:
1644 1861 1726 1896 ἐπεὶ
1747 1860 1788 1895 δὲ
1802 1858 1848 1894 τὸ
1863 1859 1976 1908 δορυ-

1110 1913 1274 1962 φορικὸν
1296 1911 1521 1961 ἐταράττετο
1544 1913 1611 1946 καὶ
1631 1912 1850 1952 διαθέοντες
1863 1910 1976 1944 ἐπυν-

1110 1964 1296 2006 θάνοντο,
1325 1966 1382 2006 τίς
1411 1961 1528 1997 Γάϊον
1551 1958 1739 2005 ἔσφαξεν,
1771 1958 1977 2007 Οὐαλέριος

1107 2012 1332 2057 Ἀσιατικός,
1362 2011 1462 2062 ἀνὴρ
1484 2010 1724 2055 ὑπατευκώς,
1747 2008 1977 2055 θαυμαστὸν

1110 2064 1157 2109 δή
1187 2075 1272 2100 τινα
1299 2063 1444 2112 τρόπον
1474 2061 1616 2106 αὐτοὺς
1645 2060 1846 2108 ἡσύχασεν
1867 2058 1978 2095 ἀνελ-

1110 2113 1191 2149 θών
1217 2115 1257 2157 ἐς
1285 2116 1489 2162 περιφανές
1516 2124 1552 2148 τι
1581 2115 1724 2162 χωρίον
1746 2113 1812 2146 καὶ
1833 2109 1976 2155 ἐκβοή-

1111 2177 1200 2208 σας,
1230 2164 1324 2199 Εἴθε
1346 2162 1418 2210 ἐγώ
1445 2160 1564 2199 αὐτὸν
1585 2161 1830 2198 dammum!
1858 2179 1895 2186 —-
1920 2161 1977 2203 fa-

1110 2218 1192 2258 teri]
1221 2215 1295 2250 scil.
1321 2225 1360 2249 se
1392 2214 1567 2257 Caligulae
1596 2215 1716 2248 caedis
1743 2203 1976 2256 ptfaecipuum

1110 2268 1217 2301 fuisse
1230 2267 1468 2299 auctorem.—
1481 2262 1690 2308 gloriamque
1703 2262 1874 2307 facinoris]
1888 2270 1975 2295 con-

1109 2317 1291 2350 iurationis
1321 2316 1451 2354 factae;
1483 2315 1659 2357 siquidem
1683 2312 1832 2347 caedem
1860 2312 1975 2354 ipsam

1110 2368 1311 2409 patraverat
1326 2366 1497 2405 Chaerea,
1521 2364 1684 2398 tribunus
1699 2361 1860 2403 militum,
1886 2369 1975 2394 con-

1109 2415 1263 2456 tumelia,
1288 2424 1357 2457 qua
1381 2414 1534 2456 Caligula
1550 2423 1633 2448 eum
1649 2413 1827 2452 affecerat,
1847 2411 1976 2444 acriter

1110 2466 1283 2499 offensus:
1308 2465 1366 2498 Ille
1382 2466 1515 2506 prunus
1530 2466 1620 2498 inter
1634 2464 1824 2496 coniuratos
1836 2469 1976 2494 manum

1108 2515 1259 2554 sustulit;
1275 2515 1330 2547 ille
1344 2516 1505 2548 cervicem
1517 2515 1662 2547 mediam
1675 2521 1743 2546 unc
1755 2514 1827 2546 ictu
1841 2511 1973 2551 decidit,

1110 2566 1156 2598 ait
1185 2566 1321 2598 Seneca
1351 2564 1396 2597 de
1427 2565 1548 2597 Const.
1574 2563 1634 2602 48,
1670 2562 1731 2595 ubi
1766 2562 1856 2594 haec
1887 2560 1973 2593 item

1098 2615 1213 2657 ,digna
1236 2614 1330 2648 lectu
1353 2614 1398 2647 de
1413 2614 1579 2647 Asiatico:
1603 2613 1789 2646 Asiaticum
1806 2611 1975 2645 Valerium

1108 2667 1145 2698 in
1162 2665 1284 2706 primis
1305 2665 1420 2697 amicis
1440 2664 1582 2696 habebat
1596 2662 1743 2706 (Gaius),
1765 2662 1906 2704 ferocem
1920 2660 1975 2692 vi—

1108 2724 1186 2748 rum
1207 2718 1240 2748 et
1259 2717 1320 2749 via:
1342 2724 1448 2755 aequo
1471 2715 1584 2747 animo
1606 2714 1734 2747 alienas
1760 2711 1976 2745 contumelias

1109 2767 1269 2799 latumano.
1299 2766 1384 2798 Huic
1409 2767 1446 2798 in
1467 2765 1637 2805 convivio,
1668 2765 1748 2797 item
1767 2763 1804 2795 in
1825 2761 1974 2794 contione

1108 2825 1185 2849 voce
1199 2815 1406 2855 clarissima,
1428 2815 1539 2855 qualis
1551 2815 1589 2847 in
1604 2813 1777 2846 concubitu
1790 2814 1870 2845 esset
1883 2819 1974 2843 uxor

1109 2867 1197 2905 eius,
1232 2865 1360 2897 obiecit.
1407 2864 1452 2897 Di
1473 2864 1568 2904 boni,
1602 2864 1663 2896 hoc
1690 2863 1804 2895 virum
1836 2861 1972 2900 audere,

1102 2916 1292 2957 principem
1320 2915 1404 2946 scire
1433 2917 1465 2947 et
1485 2922 1589 2954 usque
1610 2923 1648 2946 eo
1669 2913 1837 2947 licentiam
1852 2918 1973 2952 perve-

1107 2967 1205 3005 nisse,
1228 2967 1283 3004 ut,
1307 2973 1374 2996 non
1388 2964 1461 2996 dico
1475 2964 1663 3004 consulari,
1683 2973 1752 2996 non
1765 2963 1838 2995 dico
1852 2959 1972 3000 amico,

1108 3015 1163 3048 sed
1195 3017 1326 3046 tantum
1357 3015 1481 3047 marito
1520 3014 1677 3055 princeps
1709 3017 1740 3046 et
1771 3010 1974 3045 adulterium

1107 3073 1204 3097 suum
1223 3066 1342 3096 narret
1361 3065 1394 3096 et
1412 3063 1607 3105 fastidium!
1631 3081 1668 3087 —
1701 3062 1818 3104 didita]
1841 3057 1971 3102 Vergil.

1109 3116 1195 3147 Aen.
1213 3113 1246 3153 8,
1267 3113 1346 3146 ⁴32:
1371 3116 1431 3146 tua
1447 3110 1548 3146 terris
1561 3113 1668 3146 didita
1680 3113 1792 3155 fama,
1810 3111 1849 3143 ut
1864 3118 1971 3152 saepe

1109 3161 1385 3204 Vergilianarum
1402 3160 1582 3209 φράσειαν
1597 3170 1736 3195 memor
1751 3162 1806 3194 est
1820 3160 1970 3193 Tacitus.

1113 3229 1149 3236 -
1173 3215 1196 3245 t.
1220 3213 1356 3254 qentiles
1374 3214 1524 3246 nationes
1539 3215 1733 3253 promptum
1753 3209 1897 3250 haberet]
1918 3208 1972 3242 fa·-

1110 3261 1174 3295 cile
1199 3263 1231 3295 ei
1254 3262 1328 3296 sore
1351 3264 1387 3296 et
1403 3272 1470 3305 ope
1487 3260 1806 3300 necessitudinum,
1831 3268 1922 3301 quae
1938 3260 1971 3292 ei

1110 3319 1193 3344 cum
1206 3312 1485 3352 Viennensibus,
1510 3309 1737 3353 popularibus
1753 3309 1843 3350 suis,
1866 3309 1972 3342 inter-

1110 3360 1293 3401 cederent,
1319 3364 1354 3395 et
1377 3362 1491 3395 Gallos
1513 3362 1549 3394 et
1563 3361 1696 3394 vicinos
1709 3361 1907 3393 Germanos
1924 3358 1971 3392 ad

1109 3410 1344 3446 defectionem
1364 3411 1562 3446 sollicitare.
1583 3429 1620 3436 —
1645 3410 1852 3453 Crispinum,
1867 3417 1971 3451 prae-
