2254 3770
735 279 1124 325 CHRONOLOGIA
1151 278 1433 324 ANNALIUM.
1903 286 1980 317 xxv

191 399 232 433 A.
247 399 285 433 U.
299 398 337 432 C.
361 399 397 432 P.
415 398 497 431 CER.
613 396 728 430 COSS.
1870 389 1956 423 Am.

235 461 298 495 776
408 459 450 493 23
526 461 563 493 C.
587 459 726 493 Asinius
748 456 824 490 Pol·
899 458 936 490 L.
960 454 1078 489 Aelius
1109 455 1275 494 Seianus,
1307 463 1389 487 cum
1412 454 1551 487 Tiberio
1577 453 1826 497 persuasisset,
1886 451 1943 484 Ν.

524 509 581 550 lio,
607 509 714 542 Asinii
738 505 823 540 Galli
854 508 893 540 ut
915 507 994 539 unis
1018 506 1142 539 castris
1169 505 1413 547 praetorianas
1437 504 1622 543 cohortes,
1653 503 1828 536 hactenus
1854 503 1906 535 4-
1922 501 1975 533 46.

525 558 676 592 consulis
703 567 735 590 a.
759 557 823 591 746
855 568 920 602 per
934 557 1084 599 hospitia
1105 558 1139 589 in
1155 556 1245 589 urbe
1262 556 1462 598 dispersas,
1488 548 1730 595 coniungeret,
1756 553 1827 585 iam

525 608 631 642 filius.
661 609 700 642 C.
725 607 823 640 Anti·
854 607 1092 642 benivolentia
1127 608 1162 639 et
1195 605 1345 639 militum
1380 607 1415 638 et
1447 604 1670 648 imperatoris
1704 602 1825 642 fretus,

560 659 647 692 stius
669 658 790 691 Vetus.
854 657 976 691 altiora
1000 656 1238 698 concupiscit:
1265 656 1418 696 Liviam,
1443 656 1549 689 Drusi
1571 661 1737 691 uxorem,
1763 651 1828 685 ad-

853 707 980 741 ulterio
995 709 1030 741 et
1044 707 1221 749 promisso
1235 706 1473 747 matrimonio,
1488 712 1705 748 quamquam
1721 702 1827 735 trium

853 757 1007 791 liberum
1031 758 1201 796 matrem,
1227 757 1442 798 corrumpit,
1467 766 1510 789 ac
1531 765 1598 798 per
1613 763 1693 788 eam
1710 753 1829 795 ipsum

854 808 1027 846 Drusum,
1054 806 1149 840 haud
1172 806 1280 839 dubie
1308 814 1558 839 successorem
1581 804 1740 848 imperii,
1764 811 1828 835 ve-

854 865 948 890 neno
982 855 1081 889 tollit.
1122 856 1282 890 Tiberius
1316 864 1396 889 eam
1429 858 1582 889 mortem
1611 864 1682 888 non
1712 854 1828 896 gravi-

854 909 909 940 ter
932 907 1011 940 fert.

232 975 295 1008 777
407 973 449 1007 24
535 974 609 1006 Ser,
629 972 811 1006 Comefius
840 965 842 967 “
897 964 935 995 In
965 962 1077 996 Africa
1109 962 1308 1002 Tacfarinas
1339 971 1486 1005 semper
1514 961 1656 996 rebellis
1683 961 1827 996 tandem
1853 959 1976 994 47-33.

546 1023 736 1064 Cethegus,
760 1022 798 1053 L.
853 1014 1036 1048 occiditur.

523 1072 683 1107 Visellius
697 1073 820 1105 varro.
1195 1093 1198 1097 .

896 1117 1028 1150 Romae
1052 1117 1300 1150 accusatorum
1317 1116 1424 1154 natio,
1450 1115 1616 1157 praemiis
1638 1113 1766 1152 illecta,
1791 1114 1826 1148 in

854 1168 993 1200 veteres
1023 1166 1221 1199 Germanici
1252 1166 1387 1198 amicos
1422 1166 1638 1206 immittitur,
1674 1174 1827 1207 quorum

855 1218 991 1260 primus
1007 1217 1046 1250 C.
1061 1215 1163 1249 Silius
1179 1215 1386 1249 criminibus
1403 1216 1665 1249 circumventus
1680 1224 1827 1258 pessum

534 1292 537 1294 v
852 1267 970 1300 datur.

154 1337 161 1343 -
231 1327 294 1360 778
404 1327 448 1360 25
563 1327 608 1359 M,
637 1325 777 1358 Asinius
896 1317 1097 1350 Cremutius
1115 1316 1269 1356 Cordus,
1295 1316 1521 1348 historiarum
1542 1317 1705 1358 scriptor,
1730 1314 1826 1357 quod
1853 1317 1975 1352 34-45.

520 1376 688 1418 Agrippa,
713 1374 820 1407 Asinii
851 1368 998 1399 Brutum
1022 1368 1058 1399 et
1074 1366 1236 1399 Cassium
1253 1367 1492 1399 Romanorum
1508 1364 1650 1398 ultimos
1667 1365 1825 1405 dixisset,

520 1425 604 1459 Gaui
617 1424 721 1465 filius¹
737 1425 821 1457 Cos.
851 1418 1054 1456 accusatus,
1087 1415 1322 1449 damnationis
1340 1418 1458 1449 certus
1475 1417 1582 1448 vitam
1605 1415 1722 1448 inedia
1738 1415 1824 1448 finit.

540 1484 600 1509 sus
620 1473 803 1508 Cornelius
852 1467 921 1500 Sed
944 1466 1112 1506 Seianus,
1146 1465 1300 1508 alioquin
1323 1467 1611 1508 potentissimus,
1642 1465 1826 1499 matrimo-

577 1525 755 1558 Leutulus,
852 1518 949 1550 nium
967 1517 1094 1554 Liviae.
1112 1517 1216 1549 Drusi
1233 1516 1374 1556 viduae,
1391 1516 1519 1549 frustra
1537 1517 1623 1558 petit
1638 1525 1657 1548 a
1671 1515 1823 1549 Tiberio.

229 1580 292 1613 779
400 1579 443 1612 26
518 1577 556 1610 (2,
573 1575 744 1609 Calvisius
760 1576 821 1607 Sa-
894 1566 1053 1599 Tiberius
1077 1567 1197 1608 specie
1220 1565 1397 1608 religionis
1427 1567 1463 1599 in
1487 1567 1717 1608 Campaniam
1741 1565 1824 1604 abit,
1851 1569 1975 1603 ,μὶ-64,

516 1626 634 1666 binus,
653 1626 717 1658 Cn,
735 1625 821 1657 Cor.
850 1617 998 1649 Romam
1030 1625 1101 1648 non
1129 1615 1329 1653 rediturus,
1363 1625 1432 1658 qua
1465 1625 1580 1658 usque
1604 1616 1649 1649 ad
1673 1617 1825 1648 mortem

518 1675 630 1709 „elius
650 1674 817 1709 Lenuflus
850 1665 964 1699 libens
988 1668 1097 1698 caret.
1135 1666 1204 1699 Sed
1228 1667 1343 1699 saevis
1367 1667 1444 1699 eius
1461 1666 1504 1698 ad
1522 1668 1686 1699 senatum
1702 1665 1826 1698 litteris

527 1724 738 1765 Gaetulicus,
765 1725 807 1758 fi-
851 1716 983 1758 optimo
1013 1717 1142 1757 cuique
1173 1717 1348 1759 pernicies
1376 1717 1531 1759 paratur,
1558 1716 1825 1749 administrante

547 1775 612 1809 nus
636 1775 789 1810 consulis
850 1767 987 1799 Seiano.
1025 1768 1099 1799 lam
1129 1766 1319 1799 familiares
1348 1768 1561 1809 Agrippinae
1590 1767 1826 1809 corripiuntur

604 1834 623 1858 a
651 1825 728 1858 753,
851 1817 933 1857 (quo
963 1816 999 1849 in
1029 1816 1145 1849 studio
1175 1816 1315 1849 excellit
1343 1818 1517 1850 Domitius
1548 1816 1647 1857 Afer,
1680 1816 1824 1859 orator),

849 1866 979 1899 Neroni
1003 1868 1038 1898 et
1061 1867 1175 1899 Druso
1199 1865 1278 1899 filiis
1303 1867 1378 1899 eius
1402 1867 1550 1900 insidiae
1574 1869 1768 1900 struuntur.

892 1915 1067 1948 Thracum
1091 1916 1126 1948 iu
1150 1917 1270 1949 monte
1295 1917 1430 1949 Haemo
1448 1916 1689 1950 deficientium
1708 1918 1824 1950 motus

850 1974 869 1998 a
894 1967 1058 2007 Poppaeo
1082 1965 1212 1999 Sabino
1237 1965 1352 2007 legato
1375 1968 1484 2000 armis
1509 1967 1743 2000 vindicantur.

226 2017 290 2051 780
400 2019 443 2052 27
554 2021 600 2054 M.
625 2021 779 2054 Licinius
892 2016 1000 2048 Ruina
1032 2016 1159 2048 theatri
1190 2016 1286 2058 apud
1309 2016 1458 2050 Fidenas
1482 2026 1592 2059 super
1613 2017 1736 2056 20,000
1759 2017 1826 2050 ho-
1852 2022 1974 2055 62-67,
1994 2039 1997 2042 ψ

519 2071 679 2110 Crassus,
694 2069 819 2103 L,Cal-
850 2066 963 2098 mines
987 2068 1156 2108 pereunt,
1189 2067 1324 2099 Romae
1348 2075 1451 2100 mons
1476 2064 1614 2100 Caelius
1638 2067 1822 2109 deflagrat.

539 2121 686 2163 purnius
709 2121 799 2153 Piso.
849 2116 1008 2149 Tiberius
1031 2117 1066 2148 in
1090 2114 1242 2148 insulam
1266 2117 1421 2158 Capreas
1445 2117 1600 2158 secedit,
1631 2119 1730 2151 cuius
1753 2117 1826 2150 adi-

849 2168 925 2199 tum
948 2165 1086 2198 militari
1109 2166 1287 2207 praesidio
1311 2165 1453 2199 claudit.

227 2219 284 2251 78⁴
401 2221 444 2253 28
518 2222 580 2263 Ap,
615 2221 733 2254 lunius
764 2221 818 2253 Si·
892 2216 982 2258 Ipsis
1004 2214 1076 2248 Kal.
1095 2216 1166 2248 Ian.
1187 2216 1294 2249 Titius
1314 2215 1476 2256 Sabinus,
1503 2226 1614 2258 eques
1632 2219 1822 2259 Romanus,
1852 2221 1973 2255 68-75.

518 2270 634 2309 lanus,
660 2273 697 2304 Ρ,
716 2270 817 2305 Silius
850 2265 895 2298 ob
921 2266 1146 2307 Agrippinam
1170 2266 1317 2307 eiusque
1341 2265 1488 2299 domum
1520 2266 1672 2301 fideliter
1694 2268 1825 2302 cultam

601 2322 727 2354 Nerva.
851 2317 885 2348 in
909 2324 1093 2348 carcerem
1116 2315 1291 2357 abripitur
1314 2318 1349 2348 et
1372 2318 1532 2349 necatur.

891 2366 989 2399 Frisii
1012 2368 1157 2408 propter
1181 2366 1399 2407 iniquitatem
1415 2367 1679 2408 praefectorum
1696 2370 1825 2402 Roma-

850 2425 976 2448 norum
993 2415 1162 2449 deficiunt
1184 2424 1252 2448 nec
1269 2415 1382 2457 subigi
1400 2418 1548 2458 possunt
1564 2427 1583 2450 a
1601 2419 1635 2451 L.
1655 2420 1821 2461 Apronio,

849 2465 963 2508 legato
987 2466 1195 2499 Germaniae
1219 2465 1405 2499 inferioris.

227 2516 291 2549 782
401 2515 443 2549 29
540 2521 576 2553 L.
602 2519 792 2559 Rubellius,
893 2516 976 2549 iulia
999 2517 1155 2557 Augusta
1180 2514 1274 2558 (olim
1293 2516 1400 2557 Livia)
1425 2519 1605 2551 extremae
1629 2520 1822 2553 senectutis
1894 2517 1933 2549 V.

519 2570 556 2603 C.
585 2569 700 2602 Fufius
730 2570 816 2612 (duo
849 2567 1008 2599 LXXXVI
1033 2574 1208 2599 annorum
1232 2567 1391 2599 moritur.
1418 2567 1492 2600 lam
1515 2568 1688 2609 Tiberius,
1715 2569 1821 2602 etiam
1870 2567 1953 2600 4-5.

590 2620 749 2661 Gemini).
850 2617 917 2649 hac
940 2615 1098 2648 custodia
1122 2615 1310 2655 liberatus,
1342 2617 1454 2649 totum
1484 2618 1609 2651 Seiano
1639 2627 1678 2651 se
1702 2619 1820 2660 tradit,

849 2668 912 2709 qui
932 2665 1033 2699 foeda
1058 2665 1257 2698 adulatione
1282 2675 1301 2698 a
1326 2669 1452 2699 senatu
1476 2667 1612 2701 colitur.

227 2717 290 2751 783
400 2717 442 2750 30
545 2720 590 2752 Μ.
617 2720 783 2762 Vinicius,
894 2718 980 2759 (Hoc
1005 2725 1096 2749 anno
1116 2715 1285 2756 Velleius,
1312 2716 1473 2750 adulator
1488 2719 1615 2759 Seiani,
1639 2719 1821 2752 historiam
1852 2718 1971 2751 Deest.

519 2770 553 2802 L.
570 2769 712 2803 Cassius
728 2772 816 2804 Lon.
849 2766 1072 2809 composuit.)
1093 2766 1232 2799 Asinius
1249 2765 1377 2807 Gallus,
1403 2767 1576 2802 adversus
1593 2778 1700 2811 quem
1717 2769 1823 2803 Tibe-

609 2822 722 2863 ginus.
848 2819 919 2851 rius
954 2816 1037 2849 olim
1068 2815 1190 2848 odium
1218 2818 1446 2858 susceperat,
1485 2819 1566 2860 quia
1595 2828 1744 2852 uxorem
1775 2820 1820 2852 ab

848 2869 924 2909 ipso
950 2866 1134 2899 dimissam
1151 2865 1316 2905 duxerat,
1342 2874 1362 2897 a
1385 2868 1511 2899 senatu
1533 2869 1631 2902 iussu
1654 2870 1821 2911 principis

848 2918 1038 2950 damnatur
1072 2918 1107 2948 et
1139 2916 1175 2948 in
1208 2914 1348 2948 vincula
1380 2916 1554 2950 conditur.
1590 2919 1822 2953 Miserabilius

848 2968 954 3000 etiam
977 2968 1012 2999 in
1033 2967 1105 3008 ipsa
1123 2965 1290 3007 principis
1306 2965 1414 2998 domo
1431 2968 1603 3000 saevitur:
1629 2977 1712 3001 nam
1729 2970 1821 3002 Nero

848 3020 884 3050 et
905 3018 1056 3055 Drusus,
1083 3013 1283 3048 Germanici
1305 3015 1382 3055 filii,
1407 3016 1528 3050 hostes
1547 3019 1759 3059 iudicantur,
1785 3021 1821 3052 et

848 3067 936 3100 alter
958 3068 994 3099 in
1011 3067 1170 3100 Pontiam
1192 3065 1343 3099 insulam
1357 3065 1537 3107 relegatur
1551 3077 1594 3101 ac
1615 3068 1720 3110 paulo
1741 3070 1823 3111 post

850 3118 1008 3156 necatur,
1032 3115 1121 3148 alter
1135 3116 1170 3149 in
1187 3118 1326 3150 secreto
1343 3126 1488 3151 carcere
1505 3118 1623 3152 Palatii
1639 3122 1818 3152 servatur:

849 3167 1038 3208 Agrippina
1073 3166 1174 3208 inops
1204 3168 1363 3201 omnium
1393 3177 1514 3202 rerum
1544 3170 1580 3201 in
1614 3170 1821 3202 Pandataria

850 3215 962 3248 insula
985 3217 1136 3248 tenetur.
1169 3216 1268 3250 Solus
1285 3218 1389 3251 Gaius
1413 3220 1498 3251 natu
1514 3219 1680 3251 minimus
1697 3217 1821 3250 callida

850 3264 1050 3298 adulatione
1074 3265 1253 3298 Tiberium
1276 3266 1409 3309 placat,
1435 3270 1472 3301 et
1494 3269 1651 3310 Capreas
1674 3269 1819 3302 accitur.

849 3316 980 3348 Verum
1007 3316 1114 3348 etiam
1136 3317 1282 3349 Seianus
1306 3317 1445 3351 Tiberio
1469 3319 1584 3360 gravis
1608 3317 1665 3357 fit,
1690 3317 1821 3360 quippe

850 3374 958 3407 quem
980 3364 1025 3397 ab
1049 3365 1214 3399 omnibus
1244 3375 1359 3408 paene
1383 3367 1450 3401 sibi
1482 3369 1552 3400 iam
1577 3367 1746 3409 praeferri
1770 3368 1821 3400 vi-

848 3414 948 3449 deat:
975 3413 1056 3448 dolo
1079 3415 1182 3458 igitur
1204 3416 1394 3458 adgressus
