2254 3770
765 278 920 324 Lmen
946 277 1048 325 xiv.
1092 277 1194 336 Cap.
1222 279 1290 324 27.
1318 278 1387 323 28.

1880 274 1963 318 459

193 402 291 433 cum
317 387 496 432 tribunis
524 392 568 430 et
596 384 915 431 centurionibus
945 390 988 429 et
1014 384 1079 428 sui
1111 384 1318 442 cuiusque
1347 384 1509 428 ordinis
1538 381 1752 433 militibus,
1790 386 1834 424 ut
1862 393 1964 424 con-

191 477 321 507 sensu
351 469 395 507 et
421 462 594 506 caritate
614 475 707 505 rem
725 475 767 519 p.
787 460 1017 511 efficerent,
1046 458 1123 503 sed
1144 459 1272 515 ignoti
1303 460 1411 504 inter
1430 472 1490 510 se,
1521 457 1704 503 diversis
1722 454 1961 513 manipulis,

190 538 281 582 sine
302 543 481 587 rectore,
502 536 595 580 sine
614 535 835 580 affectibus
855 534 1024 586 mutuis,
1044 535 1167 592 quasi
1187 547 1240 577 ex
1259 534 1342 578 alio
1362 547 1522 592 genere
1534 532 1771 578 mortalium
1785 536 1963 589 repente

189 613 232 656 in
259 626 390 656 unum
421 611 598 662 collecti,
629 624 831 655 numerus
858 610 993 668 magis
1020 622 1150 667 quam
1178 608 1357 653 colonia.

300 687 383 743 (28)
414 686 592 731 Comitia
620 692 866 744 praetorum
894 684 1067 728 arbitrio
1096 690 1270 728 senatus
1291 684 1439 728 haberi
1458 683 1601 735 solita,
1633 681 1834 741 quoniam
1855 681 1995 725 acri-⁵

187 777 265 808 ore
283 762 444 807 ambitu
463 767 720 812 exarserant,
750 761 953 818 princeps
972 759 1221 817 composuit,
1243 760 1331 810 tris,
1354 760 1428 817 qui
1448 772 1579 817 supra
1598 771 1825 802 numerum
1843 763 1965 815 pete-

187 839 299 888 bant,
329 836 485 894 legioni
514 835 816 894 praeficiendo.
847 835 1048 893 auxitque
1078 841 1246 892 patrum
1275 834 1482 878 honorem
1500 833 1726 878 statuendo
1754 839 1812 883 ut,
1843 832 1917 890 qui
1939 845 1965 875 a

186 912 360 975 privatis
381 911 593 955 iudicibus
613 910 667 954 ad
687 917 881 954 senatum
902 910 1269 968 provocavissent,
1289 909 1483 953 eiusdem
1503 909 1710 967 pecuniae
1725 907 1965 966 periculum

185 988 391 1038 facerent,
414 988 536 1031 cuius
555 986 603 1037 ii,
625 986 698 1044 qui
720 986 1020 1044 imperatorem
1034 984 1317 1042 appellavere.
1336 998 1432 1028 nam
1445 992 1569 1028 antea
1584 998 1765 1028 vacuum
1785 982 1827 1026 id
1847 981 1964 1026 solu-

185 1070 362 1122 tumque
381 1075 522 1120 poena
541 1061 689 1105 fuerat.
705 1060 791 1105 fine
812 1061 910 1104 anni
922 1060 1067 1104 Vibius
1083 1059 1324 1111 Secundus,
1347 1073 1483 1117 eques
1504 1062 1736 1110 RomanuS,
1758 1067 2023 1123 accusan-w·

184 1138 300 1183 tibus
328 1138 484 1181 Mauris
512 1135 846 1194 repetundarum
877 1135 1100 1183 damnatur
1136 1142 1264 1193 atque
1293 1134 1411 1178 Italia
1440 1135 1637 1192 exigitur,
1675 1148 1730 1178 ne
1767 1132 1963 1193 graviore

183 1227 324 1272 poena
351 1212 602 1264 afficeretur,
633 1211 740 1256 Vibii
773 1211 909 1269 Crispi
939 1211 1078 1254 fratris
1106 1211 1260 1268 opibus
1290 1211 1449 1254 enisus,

249 1415 284 1448 5.
307 1414 466 1455 quoniam
487 1413 585 1456 (ηαδ)
609 1414 739 1447 Haase:
766 1422 832 1454 quo
853 1414 906 1451 M3
931 1414 1018 1453 quod
1038 1411 1260 1446 Puteolanus.
1281 1430 1318 1436 —
1343 1412 1374 1445 9.
1400 1412 1426 1445 ii
1441 1413 1487 1446 G:
1511 1413 1540 1445 is
1555 1413 1605 1451 M;
1628 1412 1658 1444 si
1673 1411 1842 1444 Halmius.
1867 1412 1960 1444 Fort.

181 1473 213 1505 is
240 1472 296 1504 ost
315 1479 416 1504 mera
445 1471 632 1512 geminatio
660 1469 950 1511 praecedentium
971 1468 1178 1501 litterarum.
1203 1487 1246 1492 —
1269 1469 1323 1501 40.
1353 1468 1466 1501 uiuius
1486 1469 1519 1501 M
1543 1485 1579 1491 —
1607 1468 1660 1501 44.
1685 1465 1843 1500 dannatur
1864 1468 1897 1502 M
1922 1483 1957 1491 --

184 1528 282 1575 ital&
303 1528 336 1561 M
358 1545 403 1551 —
425 1527 478 1560 42.
499 1533 592 1573 Ρςηα
614 1527 647 1559 Μ
671 1543 707 1549 -
731 1526 851 1567 fratris
871 1525 985 1567 opibus
1007 1525 1175 1558 Pichena:
1205 1524 1382 1566 fri-§oribus
1402 1525 1448 1558 M.

183 1710 235 1742 De
259 1707 395 1741 colonia
413 1708 556 1741 Antium
578 1709 685 1742 missa
708 1707 814 1740 tradit
835 1708 941 1741 etiam
964 1708 1048 1740 Sue-

182 1760 300 1791 tonius
327 1759 409 1791 Ner.
434 1758 464 1791 9.
510 1759 636 1799 Porro,
671 1758 767 1800 quod
788 1758 825 1790 in
848 1759 1047 1800 provincias

184 1807 310 1850 dilapsi
324 1808 424 1847 sunt,
448 1808 484 1840 in
499 1807 628 1849 quibus
643 1808 817 1850 stipendia
833 1807 1045 1850 explessent,

185 1867 291 1891 causa
315 1858 394 1897 fuit,
428 1858 523 1900 quod
546 1858 594 1891 ibi
616 1857 744 1892 multas
767 1858 1047 1891 necessitudines

182 1907 358 1942 haberent
379 1909 416 1940 et
437 1908 608 1949 negotiari
631 1917 674 1941 ec
690 1907 815 1941 similia
831 1907 947 1941 facere
963 1917 1047 1941 sue-

180 1959 321 1992 vissent.
347 1958 428 1991 Em«.
464 1955 623 1999 (Antium
654 1957 790 1991 colonia
817 1958 968 1991 deducta
993 1960 1047 1992 est

179 2008 334 2050 primum
356 2016 388 2040 a.
413 2016 448 2040 u.
466 2007 551 2047 287,
575 2009 671 2040 initio
694 2009 770 2041 sine
793 2007 902 2040 dubio
927 2008 1046 2040 Latina

180 2058 302 2090 civitas
318 2066 338 2089 a
354 2058 537 2097 Romanis,
562 2058 710 2097 Latinis,
736 2058 1046 2102 Herniciswconsti-

179 2109 271 2146 tuta,
303 2109 445 2149 postea,
471 2116 503 2140 a.
528 2116 563 2141 u.
588 2107 665 2148 4⁴4,
698 2108 827 2141 civium
857 2107 1043 2140 maritima.

179 2156 318 2197 Madvig
339 2158 489 2198 Opuscc.
506 2158 536 2197 1,
562 2166 594 2199 p.
615 2158 703 2199 296.)
731 2175 767 2181 -
792 2157 964 2199 adscripti]
989 2158 1044 2190 Li-

178 2206 256 2239 vius
271 2206 325 2245 32,
342 2206 380 2238 7:
405 2207 602 2249 colonosque·
621 2216 658 2240 eo
680 2210 839 2240 trecentos
858 2208 1045 2247 adscripse-

177 2258 270 2288 runt.
294 2255 393 2288 Idem
415 2255 470 2295 34,
494 2255 554 2288 42:
582 2257 731 2289 Puteolos
752 2257 994 2298 Salernumque
1015 2259 1048 2289 et

177 2306 367 2338 Buxentum
388 2306 547 2346 adscripti
568 2307 693 2346 coloni,
717 2308 775 2347 qui
796 2309 933 2339 nomina
948 2308 1045 2339 dede-

176 2358 267 2388 rant.
291 2373 326 2378 —
351 2363 419 2387 non
441 2356 545 2396 enim,
570 2359 607 2388 ut
628 2356 725 2396 olim,
748 2357 923 2389 universae
944 2357 1044 2398 leqio-

177 2413 235 2437 nes
257 2405 304 2446 d.]
328 2405 485 2446 Hyginus
501 2407 654 2438 Gromat.
672 2406 766 2447 apud
784 2407 887 2439 Goes.
906 2415 940 2448 p.
960 2407 1040 2439 46οε

179 2456 294 2488 Multis
305 2454 484 2496 leqionibus
494 2456 629 2496 contigit
641 2455 759 2488 bellum
768 2456 907 2496 feliciter·
917 2457 1044 2488 transi-

178 2514 256 2546 μονα
283 2507 315 2537 et
344 2505 390 2537 ad
418 2505 620 2537 laboriosam
642 2505 870 2546 ayriculturae
898 2508 1046 2546 requiem

175 2556 286 2596 primo
317 2556 463 2588 tirocinii
493 2556 604 2596 yradu
633 2557 817 2596 pervenire.
856 2557 944 2588 Nam
970 2565 1045 2589 cum

177 2605 280 2647 siquis
301 2608 332 2637 et
352 2605 470 2645 aquila
485 2608 517 2637 et
533 2605 652 2645 primis
667 2605 836 2637 ordinibus
850 2614 891 2637 ac
905 2605 1046 2638 tribunis

178 2654 432 2687 deducebantur.
464 2672 499 2676 —
535 2655 588 2686 sui
617 2654 790 2696 cuiusque]
826 2655 906 2687 Sine
937 2663 1044 2688 causa

177 2704 357 2737 Bekkerus
387 2703 542 2736 malebat
563 2704 615 2736 sui
636 2703 834 2744 quibusque,
864 2705 972 2737 Ritter
992 2706 1044 2737 sui

177 2755 325 2795 quisque.
364 2754 503 2787 Codicis
526 2753 711 2786 lectionem
735 2756 832 2786 recte
855 2754 1044 2787 vindicavit

178 2803 316 2844 Madvig
344 2803 391 2835 ad
414 2804 484 2836 Cic.
511 2803 556 2836 de
579 2804 676 2836 Finn.
700 2804 721 2836 5
744 2803 764 2844 5
787 2803 848 2837 46:
879 2804 961 2846 quia
982 2813 1044 2836 cu-

176 2854 293 2892 iusque
308 2853 418 2893 partis
430 2856 575 2888 naturae
590 2857 620 2885 et
634 2854 669 2885 in
684 2862 822 2893 corpore
837 2857 868 2886 et
881 2854 916 2885 in
932 2854 1043 2886 animo

177 2910 240 2934 sua
255 2911 404 2942 quaeque
418 2903 468 2934 vis
481 2903 534 2935 sit.
561 2903 671 2935 -Cum
683 2903 795 2935 Latini
812 2904 1044 2936 consuessent

178 2951 214 2984 in
248 2950 492 2984 distribuendo
526 2960 584 2984 res
619 2961 861 2994 personasque
889 2953 980 2984 inter
1003 2960 1042 2984 se

177 3000 306 3034 relatas
330 3001 596 3043 pronominibus
617 3012 698 3035 suus
720 3005 755 3035 et
777 3004 915 3043 quisque
936 3003 1043 3044 signi—

178 3050 305 3090 ficare,
338 3051 492 3092 primum
522 3053 628 3084 etiam
658 3051 726 3091 ihi,
760 3052 821 3085 ubi
843 3052 974 3093 aliquid
997 3052 1041 3085 de

177 3099 319 3142 singulis
333 3100 443 3133 rebus
456 3102 662 3142 personisve
675 3101 949 3143 intellegendum
962 3111 1041 3134 esse

178 3150 422 3183 tantummodo
447 3151 492 3182 ita
515 3150 775 3191 significabant,
800 3153 839 3183 ut
861 3160 902 3182 ea
918 3151 1041 3184 divisio

178 3200 222 3232 ad
246 3199 358 3233 nullas
380 3199 465 3232 alias
484 3208 541 3233 res
557 3203 653 3232 certa
670 3200 915 3233 distributione
932 3201 1042 3234 refer-

178 3251 295 3290 retur,
327 3251 446 3282 tamen
475 3258 554 3281 suus
575 3249 772 3287 addebant,
808 3258 962 3290 cumque
992 3250 1039 3290 id,

178 3300 234 3332 cui
257 3301 486 3342 grammatice
506 3300 766 3341 adiungeretur,
794 3308 863 3332 non
879 3299 1039 3340 haberet,

177 3357 257 3381 suus
276 3351 413 3391 quisque
427 3349 556 3382 eodem
572 3358 658 3382 casu
673 3349 773 3391 quasi
789 3358 853 3390 pro
869 3358 936 3382 una
953 3358 1040 3382 voce

178 3399 448 3442 coniungebant.
484 3398 692 3433 Huiusmodi
717 3401 772 3432 est
792 3398 847 3440 id,
872 3399 967 3441 quod
985 3399 1040 3433 bis

1097 1709 1132 1740 in
1154 1707 1272 1740 tabula
1295 1706 1520 1741 Heracleensi
1542 1707 1713 1749 scriptum
1737 1708 1792 1740 est
1812 1715 1846 1740 v.
1865 1707 1907 1740 92
1925 1708 1961 1740 et

1099 1758 1155 1790 404
1172 1767 1179 1789 t
1205 1766 1291 1800 quoe
1312 1758 1473 1798 stipendia
1493 1759 1530 1790 in
1552 1758 1670 1789 castris
1691 1758 1767 1790 inve
1782 1757 1962 1798 provincia

1096 1808 1258 1840 maiorem
1286 1811 1420 1848 partem
1452 1808 1504 1840 sui
1533 1808 1690 1848 cuiusque
1716 1808 1798 1840 anisi
1825 1807 1958 1847 [οιτοήες

1097 1861 1171 1890 tum
1195 1857 1277 1890 illud
1301 1857 1394 1900 apud
1419 1858 1491 1891 Cic.
1517 1857 1624 1890 Acad.
1649 1857 1688 1896 2,
1715 1857 1774 1889 ⁴9:
1799 1857 1836 1888 in
1857 1857 1961 1888 sensi—

1096 1907 1155 1939 bus
1182 1908 1234 1939 sui
1260 1908 1418 1949 cuiusque
1445 1908 1591 1949 poneris,
1628 1909 1665 1939 et
1686 1906 1780 1948 apud
1802 1906 1959 1939 Tacitum

1097 1958 1132 1990 h.
1156 1956 1178 1989 l.
1222 1957 1357 1990 Eodem
1391 1956 1498 1989 modo
1533 1957 1718 1989 Suetonius
1752 1956 1872 1988 octav.
1897 1955 1956 1989 40:

1096 2007 1257 2039 concessit
1274 2005 1389 2049 (plebi)
1405 2015 1535 2046 rursus,
1552 2010 1590 2039 ut
1604 2007 1655 2039 sui
1671 2006 1828 2046 cuiusque
1841 2005 1961 2038 mensis

1096 2057 1332 2098 (frumentum)
1357 2058 1537 2097 acciperet,
1561 2057 1630 2089 hoc
1653 2057 1724 2094 est,
1751 2057 1786 2088 in
1804 2054 1959 2097 singulos

1096 2115 1255 2146 menses;
1281 2115 1348 2139 nec
1371 2106 1471 2139 aliter
1493 2107 1608 2139 Livius
1631 2105 1684 2146 33,
1710 2105 1770 2139 46:
1801 2106 1957 2146 pecunia,

1095 2165 1181 2197 quae
1201 2159 1237 2190 in
1258 2158 1455 2197 stipendium
1475 2157 1630 2189 Romanis
1650 2165 1710 2189 suo
1729 2165 1857 2197 quoque
1871 2166 1959 2189 anno

1091 2207 1324 2247 penderetur.»
1350 2224 1386 2230 —
1413 2207 1555 2249 ordinis]
1578 2207 1647 2239 hoc
1673 2206 1768 2239 loco:
1805 2208 1959 2239 «centu-

1095 2258 1166 2289 riae
1177 2270 1205 2290 n.
1233 2274 1268 2279 —
1305 2266 1463 2289 consensu
1490 2261 1521 2289 et
1547 2256 1700 2299 caritate]
1733 2258 1810 2290 Non
1842 2258 1895 2290 est
1918 2253 1959 2289 ἓν

1093 2304 1157 2340 διὰ
1178 2305 1303 2345 δυοῖν,
1328 2306 1391 2339 sed
1414 2316 1573 2339 consensu
1587 2307 1738 2340 refertur
1753 2307 1798 2339 ad
1815 2315 1959 2339 concor-

1095 2357 1188 2389 diam
1214 2358 1247 2389 in
1273 2356 1424 2390 consiliis
1447 2357 1628 2399 capiendis
1644 2358 1749 2398 atque
1765 2358 1906 2389 omnino
1922 2358 1958 2390 in

1094 2407 1203 2440 rebus
1217 2406 1375 2440 civilibus
1387 2407 1559 2449 cuiusque
1571 2407 1728 2440 coloniae
1741 2407 1956 2448 ordinandis,

1093 2459 1232 2490 caritate
1255 2457 1300 2490 ad
1323 2458 1430 2489 animi
1453 2459 1593 2490 mutuos
1616 2457 1764 2490 affectus
1784 2458 1875 2490 inter
1889 2458 1957 2490 sin-

1093 2506 1193 2548 gulos
1216 2506 1372 2540 colonos.
1396 2525 1432 2530 —
1456 2507 1623 2549 numerus]
1648 2507 1833 2540 multitudo
1857 2507 1957 2549 quasi

1093 2557 1233 2590 fortuito
1267 2558 1470 2598 aggregata.
1513 2557 1589 2590 sine
1624 2556 1740 2598 legum
1773 2557 1887 2590 vinclo
1922 2559 1958 2589 et

1093 2609 1188 2640 certa
1223 2607 1275 2638 rei
1309 2605 1471 2648 publicae
1506 2606 1637 2646 forma,
1674 2606 1814 2649 qualem
1848 2607 1958 2640 habet

1093 2657 1208 2689 omnis
1243 2655 1378 2689 colonia
1414 2657 1557 2698 antiquo
1587 2666 1630 2689 ex
1658 2666 1758 2690 more
1790 2657 1953 2690 deducta.

1092 2706 1165 2748 (Les
1197 2708 1353 2738 veteratis
1381 2706 1471 2739 alors
1496 2706 1672 2746 sormaient
1699 2708 1754 2740 des
1785 2711 1956 2747 altr-oupe-

1091 2766 1182 2789 mens
1198 2757 1309 2797 pluent
1330 2765 1392 2796 que
1415 2757 1470 2789 des
1491 2758 1641 2790 colonies.
1669 2757 1870 2795 Loumnmz.)

1135 2806 1188 2838 28.
1213 2805 1354 2838 arbitrio
1375 2810 1509 2838 senatus
1528 2806 1643 2839 haberi
1663 2807 1771 2849 solita]
1798 2806 1887 2839 Vide
1910 2805 1955 2839 ad

1092 2857 1124 2893 4,
1151 2857 1210 2888 45;
1243 2864 1261 2887 e
1289 2864 1406 2896 campo
1428 2857 1564 2889 comitia
1584 2857 1630 2888 ad
1654 2860 1769 2897 patres
1790 2856 1956 2888 translata

1090 2908 1176 2937 sunt.
1203 2922 1239 2927 —
1267 2905 1463 2947 composuit]
1493 2906 1527 2938 in
1551 2906 1712 2939 ordinem
1741 2906 1887 2947 redegit.
1916 2924 1951 2930 -

1091 2955 1210 2997 legioni
1230 2956 1462 2998 praeficiendo]
1485 2957 1580 2988 Suet.
1598 2957 1680 2989 Ner.
1698 2957 1759 2989 45:
1785 2957 1955 2989 Candide-

1091 3009 1156 3043 tos,
1192 3005 1250 3044 qui
1271 3014 1376 3045 supra
1395 3015 1570 3039 numerum
1593 3010 1711 3046 essent,
1744 3007 1779 3039 in
1801 3007 1954 3038 solatium

1091 3055 1258 3087 dilationis
1279 3064 1320 3087 ac
1340 3064 1455 3088 morae
1476 3056 1657 3098 leyionibus
1683 3057 1886 3097 praeposuit.
1914 3074 1951 3080 —

1089 3104 1232 3136 eiusdem
1243 3105 1413 3147 pecuniae]
1429 3104 1535 3139 Iulius
1552 3105 1678 3139 Paulus
1694 3107 1836 3147 Recept.
1855 3106 1950 3138 sent.

1091 3155 1123 3193 5,
1148 3154 1203 3192 33,
1225 3154 1244 3186 7
1268 3154 1325 3187 ed.
1342 3155 1472 3188 Arndts
1494 3165 1528 3198 p.
1547 3156 1628 3188 ⁴60:
1653 3156 1804 3189 Assertor
1825 3156 1852 3188 si
1872 3164 1954 3196 pro-

1090 3207 1197 3243 vocet,
1227 3205 1265 3236 in
1293 3205 1453 3237 eiusmodi
1480 3206 1613 3238 tertiam
1635 3204 1811 3246 (partem)
1835 3214 1953 3239 cavere

1091 3252 1198 3292 debet,
1223 3255 1342 3295 quanti
1356 3263 1459 3286 causa
1474 3256 1651 3287 aestimata
1666 3258 1723 3286 est.
1747 3273 1782 3278 —
1796 3255 1952 3296 graviore

1088 3301 1205 3343 poena]
1229 3304 1267 3335 ut
1282 3303 1320 3336 C.
1338 3302 1474 3336 Silanus
1491 3303 1533 3344 (3,
1552 3304 1624 3343 68),
1651 3305 1705 3335 cui
1722 3312 1813 3345 aqua
1831 3306 1867 3337 et
1881 3305 1950 3346 igni

1089 3352 1314 3386 interdictum
1329 3353 1605 3395 repetundarum
1621 3353 1799 3387 damnato.
1813 3371 1847 3378 —
1869 3355 1951 3388 Vibii

1089 3401 1207 3444 Crispi]
1230 3402 1317 3436 Vide
1340 3403 1385 3435 ad
1407 3401 1493 3436 Dial.
1519 3402 1563 3436 de
1588 3403 1645 3436 Or.
1669 3402 1701 3436 8.
