2254 3770
252 466 290 498 40

267 1635 287 1664 ὅ

247 2015 285 2046 10

247 2392 284 2422 15

247 2772 286 2803 20

305 269 389 313 576
725 270 1097 317 MONUMENTUM
1125 271 1446 316 ANCYRANUM
1475 271 1676 315 LATINE.

357 375 496 432 ficium
523 378 854 422 anniversarium
881 378 1067 436 facerent
1220 404 1241 411 -
1353 405 1373 411 -
1486 404 1507 410 -
1618 403 1639 410 -
1751 403 1772 410 -
1884 403 1904 410 -
2019 403 2038 409 -

387 477 408 484 -
519 479 539 485 -
651 479 672 486 -
784 479 806 486 -
919 468 1095 498 cussum
1125 460 1235 497 esset
1348 478 1368 485 -
1481 478 1502 485 -
1613 478 1635 485 -
1751 477 1772 484 -
1884 478 1905 484 -
2016 478 2037 485 -

386 551 406 559 -
517 553 539 561 -
651 555 672 561 -
700 529 798 588 quia
819 544 898 587 per
928 536 1063 573 totum
1091 529 1308 587 imperium
1337 528 1484 586 populi
1504 528 1680 573 Romani
1706 534 1833 586 parta
1862 534 1951 571 erat
1980 534 2095 571 terra

357 603 544 661 ‘marique
574 617 674 662 pax.
716 605 917 663 ‚Cumque
952 605 1005 649 ab
1039 605 1139 649 urbe
1177 604 1343 648 condita
1381 610 1476 647 ante
1511 617 1576 646 me
1606 604 1751 647 Ianum
1783 603 2000 656 Quirinum
2028 602 2095 647 bis

1625 679 1797 723 omnino
1828 678 2021 723 clausum

356 754 489 811 fuisse
526 754 732 812 prodatur
767 755 1009 807 memoriae,
1047 761 1112 800 ter
1150 768 1219 799 me
1255 755 1450 813 principe
1486 760 1654 798 senatus
1682 753 1966 799 claudendum
1997 767 2095 798 esse

1621 830 1786 873 censuit.

358 904 487 949 Filios
516 919 657 954 meos,
689 919 801 964 quos
831 906 1001 950 sinistra
1028 906 1199 964 fortuna
1228 904 1329 949 mihi
1361 904 1535 963 eripuit,
1576 919 1728 949 eorum
1760 905 1911 950 Gaium
1941 913 1983 950 et
2012 907 2093 951 Lu-

1624 981 1737 1025 cium
1769 982 1947 1026 Caesar-

358 1070 406 1101 es
420 1091 429 1109 ‚
456 1063 679 1115 postquam
706 1062 926 1114 utrumque
955 1056 1097 1101 consul
1123 1057 1208 1114 ipse
1235 1057 1279 1100 in
1305 1056 1444 1114 forum
1473 1056 1646 1110 dedumi,

1074 1213 1205 1274 TAB.
1241 1214 1325 1274 ΠΙ.

359 1321 535 1366 honoris
554 1322 640 1366 mei
662 1335 793 1367 causa
812 1329 986 1367 senatus
1006 1322 1280 1381 populusque
1296 1324 1512 1367 Romanus
1533 1336 1690 1366 annum
1705 1321 1900 1380 quintum
1920 1327 1963 1365 et
1977 1319 2095 1366 deci-

358 1412 475 1440 mum
499 1397 665 1456 agentis
685 1397 885 1442 consules
907 1398 1157 1456 designavit,
1180 1405 1227 1442 ut
1246 1412 1345 1442 eum
1365 1399 1658 1456 magistratum
1679 1397 1831 1440 inirent
1850 1402 1947 1455 post
1971 1397 2095 1455 quin-

357 1473 608 1531 quennium,
637 1481 680 1518 et
699 1488 754 1518 ex
773 1488 827 1519 eo
848 1474 918 1518 die
939 1488 1026 1533 quo
1048 1474 1218 1519 deducti
1242 1481 1341 1518 sunt
1360 1474 1403 1517 in
1423 1474 1560 1517 forum
1580 1479 1627 1516 ut
1645 1474 1903 1516 interessent
1922 1471 2094 1516 consilis

356 1547 557 1606 publicis,
590 1548 783 1596 decrevit
811 1557 999 1594 senatus.
1052 1550 1228 1609 Equites
1258 1556 1402 1593 autem
1431 1549 1606 1593 Romani
1637 1548 1824 1592 universi
1855 1547 2093 1606 principem

354 1623 586 1669 iuventutis
614 1631 838 1683 utrumque
867 1640 1010 1669 eorum
1038 1626 1196 1684 parmis
1224 1632 1262 1669 et
1290 1615 1422 1670 hastis
1452 1623 1667 1682 argenteis
1696 1622 1901 1667 donatum
1929 1636 2004 1681 ap-

355 1699 634 1758 pellaverunt.

296 1774 443 1820 Plebei
473 1777 689 1822 Romanae
720 1777 874 1821 viritim
902 1777 973 1821 HS
1003 1783 1202 1822 trecenos
1232 1776 1453 1820 numeravi
1484 1790 1537 1820 ex
1567 1782 1820 1820 testamento
1849 1776 1980 1834 patris

353 1852 437 1895 mei
468 1858 511 1896 et
539 1853 712 1897 nomine
741 1866 840 1897 meo
870 1852 1189 1911 quadringenos
1219 1866 1271 1897 ex
1301 1852 1511 1897 bellorum
1541 1851 1739 1895 manibiis
1770 1851 1919 1896 consul

354 1928 551 1985 quintum
580 1929 702 1982 dedi3
734 1929 887 1973 iterum
916 1935 1059 1972 autem
1089 1928 1132 1971 in
1162 1927 1386 1972 consulatu
1416 1927 1583 1972 decimo
1614 1941 1669 1971 ex
1696 1927 1951 1986 patrimonio

353 2017 452 2048 meo
482 2004 550 2048 HS
580 2004 900 2063 quadringenos
931 2004 1118 2062 congiari
1149 2004 1304 2047 viritim
1332 2003 1634 2062 pernumeravi
1664 2010 1707 2048 et
1736 2002 1885 2048 consul

356 2079 633 2125 undecimum
663 2081 893 2125 duodecim
925 2080 1274 2125 frumentationes
1304 2079 1516 2124 frumento
1547 2079 1741 2137 privatim
1771 2085 1969 2137 coempto

354 2171 556 2202 emensus
587 2170 685 2200 sum
715 2163 758 2202 et
786 2156 1012 2201 tribunicia
1040 2162 1252 2214 potestate
1283 2155 1590 2201 duodecimum
1618 2155 1936 2214 quadringenos

353 2247 553 2277 nummos
583 2233 753 2277 tertium
783 2233 940 2277 viritim
970 2232 1092 2284 dedi,
1124 2246 1235 2292 quae
1265 2246 1364 2277 mea
1393 2231 1609 2290 congiaria
1639 2236 1926 2289 pervenerunt

353 2309 410 2353 ad
437 2309 649 2353 hominum
677 2309 808 2353 millia
837 2323 1056 2367 nunquam
1086 2309 1228 2352 minus
1259 2307 1567 2366 quinquaginta
1597 2313 1639 2351 et
1669 2306 1865 2351 ducenta.

354 2385 622 2430 Tribuniciae
651 2385 874 2443 potestatis
905 2384 1328 2429 duodevicensimum
1358 2383 1507 2428 consul
1536 2383 1612 2426 XII
1642 2382 1842 2427 trecentis
1874 2387 1916 2426 et
1946 2380 2091 2439 viginti

354 2460 541 2506 millibus
569 2460 713 2520 plebei
743 2460 935 2505 urbanae
965 2474 1204 2518 sexagenos
1234 2460 1433 2504 denarios
1463 2459 1619 2502 viritim
1648 2458 1763 2502 dedi.

352 2538 405 2581 In
432 2537 590 2581 colonis
619 2536 799 2580 militum
827 2550 1025 2581 meorum
1055 2535 1205 2581 consul
1234 2536 1430 2594 quintum
1460 2548 1514 2579 ex
1542 2534 1739 2578 manibiis
1768 2533 1924 2577 viritim

354 2612 484 2656 millia
513 2627 735 2656 nummum
764 2612 932 2670 singula
961 2611 1088 2656 dedi:
1124 2618 1384 2669 acceperunt
1413 2610 1457 2654 id
1486 2609 1742 2668 triumphale
1772 2608 2034 2667 congiarium

356 2689 398 2732 in
428 2688 591 2733 colonis
620 2688 839 2732 hominum
869 2688 1040 2732 circiter
1069 2694 1241 2732 centum
1269 2693 1313 2732 et
1341 2686 1487 2744 viginti
1518 2685 1661 2729 millia.
1706 2670 1865 2730 Consul
1893 2691 1979 2729 ter-

355 2765 462 2808 tium
481 2764 698 2809 decimum
712 2777 952 2822 sexagenos
969 2762 1170 2808 denarios
1188 2762 1343 2821 plebei,
1363 2775 1475 2820 quae
1492 2767 1581 2805 tum
1597 2746 1854 2805 frumentum
1870 2759 2091 2819 publicum

354 2846 627 2899 acceperunt,
649 2839 771 2884 dedi:
800 2852 853 2883 ea
872 2838 1003 2883 millia
1023 2839 1242 2884 hominum
1262 2837 1391 2897 paulo
1413 2837 1535 2896 plura
1555 2851 1684 2896 quam
1705 2836 1888 2882 ducenta
1907 2835 2089 2880 fuerunt.

385 2975 440 3009 39.
467 3000 476 3008 .
493 2999 501 3008 .
518 3000 526 3008 .
544 2983 625 3008 .1V1
643 2999 650 3007 .
668 2999 677 3008 .
694 3000 701 3008 .
719 2983 796 3008 cm
819 2974 1034 3018 apographa.
1062 2991 1097 2997 -
1124 2973 1166 3007 40
1184 2991 1219 2996 —
1235 2971 1289 3006 42.
1319 2973 1359 3005 In
1390 2971 1516 3005 lacuna
1547 2971 1650 3005 deest
1678 2970 1811 3004 mentio
1841 2968 1985 3003 alterius
2007 2975 2090 3002 arae

298 3032 397 3065 Pacis
420 3032 616 3074 Augustae,
642 3030 687 3064 de
711 3040 782 3073 qua
805 3031 883 3065 fasti
906 3031 1125 3065 Praenestini
1148 3039 1180 3062 a.
1199 3029 1233 3062 d.
1252 3029 1309 3062 111.
1334 3027 1409 3062 Kal.
1435 3027 1556 3061 Febr.:
1581 3028 1700 3061 Furiae
1721 3035 1766 3060 ex
1787 3026 1823 3060 S.
1849 3026 1884 3060 C.
1909 3024 2011 3068 quo(d
2033 3023 2088 3065 eo)

297 3090 349 3123 dio
370 3097 437 3122 ara
456 3088 552 3121 Pacis
572 3087 756 3130 Auqustaoe
779 3088 816 3120 in
839 3087 981 3129 campo)
1003 3087 1129 3121 Martio
1152 3086 1306 3119 dedicata
1328 3085 1404 3128 (e)st
1425 3085 1537 3118 Druso
1555 3087 1586 3117 et
1602 3083 1755 3125 Crispino
1768 3083 1864 3125 c(os).
1883 3083 1926 3123 (a.
1945 3091 1980 3115 u.
1997 3079 2088 3121 745.)

300 3162 336 3168 —
362 3144 418 3178 42.
447 3152 492 3177 Ax
518 3151 620 3177 crum
637 3167 820 3177 ........
839 3152 859 3176 ο
873 3168 881 3176 .
898 3168 906 3175 .
926 3152 988 3177 ms
1020 3151 1106 3177 cnr.
1123 3152 1164 3177 .1³
1179 3165 1341 3175 .......
1358 3149 1413 3176 ms
1441 3141 1467 3174 L
1498 3158 1533 3164 -
1567 3140 1622 3174 42.
1649 3141 1769 3173 Ianum
1800 3139 1978 3181 Quirinum
2005 3137 2088 3178 cet]

297 3201 485 3234 Suetonius
513 3202 600 3242 Aug.
626 3199 687 3233 22:
721 3199 840 3233 Ianum
869 3200 1066 3240 Quirinum,
1098 3199 1197 3232 somd
1223 3201 1323 3239 atque
1351 3198 1473 3231 iterum
1496 3206 1519 3230 a
1539 3196 1675 3230 condita
1695 3195 1777 3229 urbe
1797 3199 1875 3229 ants
1894 3194 2089 3228 memoriam

296 3265 393 3290 suam
420 3257 589 3297 clausum,
619 3257 656 3289 in
682 3256 785 3288 multo
814 3254 964 3288 breviore
991 3256 1147 3296 temporis
1172 3254 1281 3296 spatio
1307 3257 1402 3287 terra
1429 3253 1584 3294 mar-ique
1606 3261 1691 3294 paco
1714 3255 1820 3294 parta
1844 3254 1895 3285 ter
1914 3250 2021 3284 clusit.
2047 3267 2084 3273 —

297 3312 352 3346 44,
376 3313 479 3346 Filios
498 3321 588 3346 moos
601 3329 651 3336 —-
665 3311 798 3354 eripuit]
828 3311 1015 3344 Suetonius
1044 3310 1119 3344 Tib.
1145 3310 1205 3343 23:
1244 3310 1436 3343 Testamenti
1461 3309 1627 3351 (Augusti)
1649 3308 1781 3341 initium
1803 3307 1887 3350 fuit:
1922 3307 2087 3348 Quoniam

297 3371 402 3401 atrooe
421 3369 560 3410 fortuna
583 3368 706 3402 Gaium
727 3371 758 3401 et
779 3367 919 3401 Lucium
938 3367 1025 3409 filios
1045 3367 1126 3400 mihi
1149 3367 1271 3408 eripuit
1293 3367 1361 3400 cet.
1386 3365 1474 3398 Vide
1498 3365 1543 3398 ad
1566 3364 1673 3398 Taciti
1697 3366 1785 3397 Anu.
1810 3364 1842 3403 4,
1867 3362 1899 3396 3.

385 3424 463 3458 Tu.
489 3424 546 3458 111.
583 3426 614 3458 4.
639 3431 759 3459 cussa
782 3425 808 3457 L
833 3440 869 3447 -
894 3424 928 3457 2.
953 3430 1107 3457 consms
1130 3423 1155 3456 B
1170 3423 1234 3457 CL
1258 3439 1300 3447 —
1323 3422 1355 3456 4.
1379 3427 1781 3456 oncannnmsmarrs
1803 3418 1868 3452 BC
1888 3435 1924 3443 —
1949 3419 1981 3452 7.
1998 3418 2086 3452 viri-
