2254 3770
239 333 323 378 478
721 336 767 380 P.
798 333 1049 380 CORNELII
1074 334 1247 380 TACITI
1276 334 1543 381 ANNALIUM

242 447 406 486 ratores
424 447 522 487 tuos
542 442 840 493 administrari,
871 442 913 485 in
932 448 1047 486 tuam
1070 442 1278 486 fortunam
1298 441 1444 499 recipi.
1476 455 1557 486 nec
1576 456 1645 487 me
1664 442 1706 485 in
1726 449 2023 501 paupertatem

240 516 334 574 ipse
364 516 608 570 detrudam,
641 517 718 562 sed
748 517 929 570 traditis,
962 531 1142 576 quorum
1164 517 1326 576 fulgore
1345 517 1648 575 praestringor,
1679 517 1796 576 quod
1818 519 2023 576 temporis

238 591 458 637 hortorum
497 600 569 637 aut
603 592 800 636 villarum
828 606 958 637 curae
988 593 1227 651 seponitur,
1266 593 1306 635 in
1338 593 1524 636 animum
1554 593 1781 638 revocabo.
1827 600 2025 652 superest

237 667 313 712 tibi
352 669 486 713 robur
520 675 563 712 et
597 674 658 712 tot
689 682 767 726 per
795 682 929 712 annos
958 668 1097 712 visum
1126 668 1278 726 fastigii
1309 668 1522 726 regimen:
1565 681 1796 727 possumus
1830 669 2024 714 seniores

205 744 362 788 samici
400 744 589 802 quietem
627 757 872 802 reposcere.
921 743 1003 788 hoc
1030 756 1206 802 quoque
1243 743 1286 786 in
1316 750 1432 787 tuam
1460 743 1638 802 gloriam
1667 744 1812 797 cedet,
1857 757 1934 789 eos
1970 744 2024 789 ad

238 833 405 863 summa
433 819 622 871 vexisse,
655 819 728 878 qui
759 825 802 863 et
830 818 1001 863 modica
1029 818 1298 862 tolerarent.»
1342 819 1425 875 (55)
1456 819 1509 863 ad
1530 833 1642 878 quae
1661 820 1774 864 Nero
1803 820 1867 864 sic
1892 819 2025 864 ferme

238 894 480 953 respondit:
516 894 658 953 «quod
687 894 916 939 meditatae
938 894 1118 938 orationi
1143 900 1242 938 tuae
1262 894 1401 938 statim
1422 908 1665 947 occurram,
1699 895 1741 939 id
1762 895 1946 953 primum
1964 895 2023 939 tui

237 971 426 1015 muneris
464 970 623 1022 habeo,
660 971 734 1028 qui
771 984 840 1014 me
870 983 956 1013 non
988 975 1150 1013 tantum
1180 970 1395 1028 praevisa,
1436 969 1512 1014 sed
1544 971 1682 1014 subita
1712 963 1917 1028 expedire
1947 969 2026 1015 do-

236 1046 372 1090 cuisti.
418 1044 580 1089 abavus
609 1058 733 1090 meus
752 1046 967 1103 Augustus
985 1045 1197 1103 Agrippae
1226 1051 1269 1089 et
1289 1045 1520 1090 Maecenati
1541 1030 1753 1104 usurpasse
1773 1046 1907 1090 otium
1927 1051 2026 1104 post

186 1134 222 1164 ιο
236 1120 407 1165 labores
437 1120 668 1173 concessit,
702 1120 778 1164 sed
810 1120 852 1163 in
882 1133 935 1164 ea
965 1120 1058 1177 ipse
1089 1127 1246 1172 aetate,
1278 1121 1401 1165 cuius
1431 1122 1660 1165 auctoritas
1689 1127 1881 1165 tueretur
1904 1121 2025 1180 quie-

236 1195 339 1255 quid
370 1196 472 1240 illud
502 1202 546 1240 et
575 1195 891 1254 qualecumque
920 1195 1159 1248 tribuisset3
1191 1209 1242 1240 ac
1270 1202 1412 1240 tamen
1438 1203 1636 1241 neutrum
1655 1196 1764 1240 datis
1786 1210 1810 1240 a
1831 1211 1879 1241 se
1898 1209 2025 1255 prae-

235 1272 331 1316 miis
373 1272 501 1316 exuit.
546 1270 660 1315 bello
699 1277 741 1315 et
778 1270 982 1328 periculis
1019 1277 1284 1315 meruerant:
1331 1271 1373 1314 in
1414 1271 1466 1315 iis
1497 1272 1609 1316 enim
1648 1272 1820 1316 iuventa
1847 1271 2023 1330 Augusti

235 1354 402 1392 versata
432 1354 509 1392 est.
555 1360 638 1391 nec
666 1346 769 1390 mihi
799 1345 883 1390 tela
913 1352 956 1390 et
980 1360 1135 1390 manus
1164 1352 1264 1390 tuae
1285 1346 1519 1391 defuissent
1547 1347 1589 1390 in
1611 1347 1740 1391 armis
1760 1347 1913 1406 agenti.
1945 1346 2025 1391 sed

235 1423 353 1483 quod
382 1436 589 1482 praesens
620 1421 816 1466 condicio
845 1414 1070 1479 poscebat,
1107 1422 1272 1466 ratione
1304 1421 1483 1466 consilio
1512 1422 1754 1481 praeceptis
1782 1423 2022 1481 pueritiam,

186 1511 222 1541 15
236 1500 336 1544 dein
366 1499 580 1543 iuventam
610 1511 750 1542 meam
780 1497 931 1540 fovisti.
974 1503 1018 1541 et
1046 1503 1117 1540 tua
1147 1496 1323 1555 quidem
1352 1511 1455 1555 erga
1484 1511 1552 1542 me
1581 1511 1781 1550 munera,
1813 1497 1914 1541 dum
1939 1497 2024 1541 vita

235 1580 452 1633 suppetet,
484 1579 659 1618 aeterna
688 1578 832 1616 erunt:
864 1585 976 1630 quae
1007 1585 1033 1616 a
1060 1586 1130 1616 me
1160 1572 1317 1625 habes,
1349 1573 1458 1616 horti
1484 1579 1527 1617 et
1554 1573 1704 1617 faenus
1725 1578 1767 1617 et
1785 1571 1921 1624 villae,
1953 1586 2025 1617 ca·-

234 1651 355 1695 sibus
385 1649 570 1695 obnoxia
599 1648 709 1692 s'unt.
741 1661 792 1693 ac
811 1647 911 1692 licet
929 1646 1062 1691 multa
1080 1647 1321 1699 videantur,
1353 1648 1548 1706 plerique
1570 1647 1904 1707 haudquaquam
1923 1648 2026 1692 arti-

234 1726 315 1770 bus
345 1726 428 1770 tuis
458 1738 586 1783 pares
615 1723 739 1782 plura
767 1729 1014 1775 tenuerunt,
1046 1722 1127 1766 nisi
1157 1723 1264 1768 forte
1295 1730 1367 1769 aut
1396 1731 1436 1767 te
1467 1723 1632 1768 Vitellio
1662 1727 1729 1768 ter
1758 1722 1922 1768 consuli
1952 1729 2025 1768 aut

232 1815 303 1846 me
343 1801 521 1847 Claudio
558 1799 802 1859 postponis,
842 1805 886 1843 et
913 1805 1119 1857 quantum
1147 1798 1319 1843 Volusio
1354 1798 1481 1857 longa
1509 1799 1771 1858 parsimonia
1799 1798 2021 1858 quaesivit,

298 1924 330 1956 4.
355 1922 564 1956 ministrari
586 1921 621 1955 M
646 1939 683 1944 —
708 1921 740 1953 2.
762 1920 998 1962 praestrinyor
1020 1919 1315 1961 Cannegieterus:
1342 1919 1554 1961 perstrinqor
1580 1919 1653 1964 (per
1677 1919 1900 1962 compendio)
1923 1920 1958 1953 M
1982 1936 2020 1942 —

232 1979 266 2014 4.
289 1980 399 2013 uisiam
420 1979 474 2013 M:
497 1978 618 2020 fultum
639 1977 855 2020 Nipperdey.
876 1995 911 2001 —
938 1978 970 2010 5.
989 1977 1130 2018 quietem
1150 1984 1320 2017 reposcere
1342 1975 1500 2009 Halmius
1517 1977 1553 2009 et
1568 1975 1858 2020 Oehlschlaeger:
1883 1976 2025 2018 quietem

231 2036 428 2080 respondere
449 2036 501 2075 M;
527 2035 633 2077 quiete
653 2034 850 2076 respondere
866 2033 942 2073 alii:
968 2035 1107 2075 quietem
1121 2033 1281 2074 respicere
1295 2033 1460 2066 Ritterus.
1485 2032 1645 2075 (regimen
1664 2042 1839 2075 possumus
1852 2050 1902 2057 --
1917 2032 2025 2075 quiete

230 2102 390 2136 reponere
410 2091 611 2132 Acidalius.)
639 2108 676 2115 —
702 2090 734 2124 6.
760 2099 823 2133 que
844 2091 878 2124 M
903 2108 940 2114 —
965 2090 998 2123 7.
1022 2090 1209 2131 respondit:
1239 2089 1327 2130 quod
1349 2089 1503 2132 Lipsius:
1537 2089 1704 2131 respondit
1725 2093 1757 2123 et
1779 2089 1867 2130 quod
1888 2089 1940 2128 M3
1965 2096 2024 2122 re—

230 2151 362 2193 spondit
381 2150 431 2184 ei:
455 2149 544 2190 quod
566 2146 728 2191 Spengel.
755 2164 791 2171 —
818 2147 851 2181 9.
875 2146 1003 2180 abavus
1024 2146 1178 2190 Lipsius:
1208 2154 1296 2178 auus
1316 2146 1363 2179 M.
1387 2145 1476 2179 Vide
1499 2144 1546 2178 ad
1569 2155 1600 2179 c.
1624 2146 1678 2180 53.
1707 2164 1744 2170 —
1767 2132 1821 2179 ἦ
1839 2146 1875 2180 Μ
1892 2163 1928 2170 —·
1951 2153 2025 2179 me-

230 2207 339 2242 cenati
360 2207 395 2240 M
418 2223 455 2229 —
481 2205 535 2238 40.
558 2206 628 2246 ipse
649 2203 729 2238 cod.
753 2202 956 2246 Agricolae:
979 2204 1054 2245 ipsa
1075 2203 1110 2237 M
1133 2221 1170 2227 —
1196 2202 1358 2236 actorum
1377 2202 1413 2236 M
1437 2220 1474 2226 -
1500 2202 1554 2236 46.
1571 2205 1686 2236 etema
1700 2203 1735 2236 M
1755 2220 1790 2226 -
1810 2202 1863 2236 47.
1881 2201 2024 2248 obnoxie

230 2264 266 2298 M
290 2281 328 2288 -
353 2263 408 2297 48.
431 2262 498 2295 nisi
528 2261 824 2304 forw--explere
849 2270 917 2293 non
941 2263 1048 2302 potest
1075 2260 1143 2293 hoc
1167 2258 1247 2293 loco
1277 2259 1396 2301 posuit
1417 2259 1472 2292 Fr.
1497 2258 1630 2292 Haase:
1665 2260 1748 2301 post
1767 2257 1879 2292 verba
1901 2257 2023 2299 inperii

228 2321 343 2363 spatia
361 2319 570 2362 ingredimur
592 2318 638 2361 (p.
661 2317 739 2359 479,
760 2317 792 2359 ὅ)
814 2317 914 2360 ponit
936 2317 987 2357 M:
1011 2318 1093 2360 post
1113 2315 1225 2350 verba
1246 2315 1386 2358 fortuna
1406 2315 1574 2350 antecellis
1595 2315 1634 2348 L.
1657 2313 1821 2358 Spengel.
1850 2330 1886 2339 —
1913 2313 1966 2348 49.
1990 2316 2024 2348 et

230 2377 426 2414 Acidalius:
451 2377 507 2411 sed
527 2376 562 2410 M
586 2393 623 2400 -
646 2375 788 2417 quesivit
808 2375 855 2409 Μ.

231 2487 346 2512 am.—
360 2486 504 2521 quornm
517 2476 797 2519 fipraestrinqor]
815 2476 981 2509 «Animus
997 2483 1099 2508 meus
1151 2474 1222 2516 egit
1243 2474 1279 2507 et
1301 2482 1367 2517 per
1389 2481 1497 2516 quos,
1523 2480 1743 2515 quamquam
1761 2471 1919 2506 nondum
1943 2471 2021 2515 ipse

230 2530 511 2573 praestringitur,
532 2530 574 2561 ut
589 2526 712 2561 oculus
734 2526 888 2570 fulgore,
914 2528 1020 2569 atque
1039 2527 1102 2560 he·
1151 2524 1298 2558 civitatis
1331 2525 1470 2565 rector,
1503 2523 1621 2556 vidit
1642 2518 1763 2556 tameh
1793 2523 1831 2555 et
1858 2521 2022 2564 cognovit

229 2581 390 2621 betatur,
415 2580 498 2622 quia
513 2587 608 2612 nunc
629 2578 724 2611 haud
738 2587 886 2621 prorsus
901 2576 1013 2611 libere
1029 2578 1101 2611 stu-

230 2631 297 2665 diis
324 2630 517 2674 sapientiae
541 2637 668 2662 vacare
692 2637 804 2670 queo,
838 2629 977 2661 tantum
1007 2630 1100 2661 tem-

229 2682 327 2724 poris
357 2689 440 2715 cum
466 2679 552 2713 mihi
573 2678 765 2712 absumant
786 2677 997 2721 multiplices
1020 2676 1099 2710 illae

230 2739 353 2765 rerum
383 2738 546 2765 mearum
577 2737 719 2762 curae.»
751 2728 876 2761 Cicero
899 2728 1012 2761 vatin.
1039 2728 1095 2760 4οε

229 2781 388 2824 Dianitas
409 2784 440 2814 et
461 2779 614 2821 splendor
624 2778 894 2820 praestringebat
907 2778 1019 2811 oculos
1037 2778 1099 2810 Va·

230 2832 317 2865 tinii.
341 2829 463 2864 Vellei.
488 2830 528 2870 Ξ,
554 2829 635 2869 448,
668 2828 705 2862 4:
742 2837 871 2861 omnem
896 2828 1001 2861 animi
1030 2828 1101 2861 eius

230 2882 336 2915 aciem
353 2880 661 2923 praesti-imorem,
698 2878 810 2911 Etiam
834 2877 917 2911 Plin.
943 2879 983 2911 N.
1010 2878 1052 2911 H.
1077 2878 1098 2911 2

231 2931 251 2974 S
266 2932 309 2965 80
331 2940 397 2974 pro
418 2930 498 2964 solis
517 2930 607 2962 radii
621 2930 712 2963 visus
726 2929 957 2970 perstrinxere
970 2931 1101 2961 nostros

230 2981 462 3016 scribendum
476 2979 616 3014 videtur
632 2979 897 3020 praestrinxere.
918 2996 954 3002 —
975 2979 1012 3011 in
1027 2979 1100 3012 ani-

229 3041 322 3065 mum
352 3030 526 3072 revocabo]
561 3038 607 3062 «a
641 3029 735 3062 curis
769 3028 834 3062 illis
867 3028 1026 3062 avocabo
1053 3028 1098 3061 ad

230 3083 387 3116 animum
412 3079 644 3115 excolendum
661 3080 768 3120 atque
783 3079 892 3112 vitam
907 3078 1100 3112 emendan-

231 3132 348 3165 dam.»
369 3149 405 3156 —
428 3132 537 3165 visum
556 3129 686 3172 fastigii
705 3128 862 3170 reqimen]
886 3130 964 3162 Non
986 3129 1100 3162 innuit

230 3183 409 3215 Neronem
432 3181 670 3224 spectatorem
695 3179 833 3211 tentum
856 3178 965 3212 fuisse
987 3179 1022 3212 in
1045 3179 1098 3212 rei

231 3230 394 3274 publicae
417 3230 610 3273 regimine3
635 3227 702 3262 sed
722 3228 830 3261 visum
851 3226 955 3260 alicui
970 3229 1026 3261 est
1047 3228 1094 3269 id,

231 3281 328 3322 quod
349 3281 490 3324 penitus
513 3279 684 3322 inspexit,
709 3276 805 3321 quod
829 3278 1007 3319 cognitum
1030 3278 1094 3310 ha-

230 3330 310 3371 bet,
336 3331 432 3373 quod
455 3337 628 3374 praesens
642 3327 751 3362 oculis
768 3326 939 3361 lustravit.
967 3328 1097 3369 Exqui-

232 3382 299 3415 site
323 3382 442 3414 autem
464 3380 522 3414 hic
545 3380 686 3423 ponitur
706 3378 833 3418 mum,
857 3377 898 3409 ut
919 3385 963 3410 eo
985 3376 1096 3409 verbo

232 3430 337 3465 simul
368 3429 717 3473 comprehendantur
748 3427 847 3468 anni,
883 3434 974 3468 quos
1003 3427 1096 3459 Nero

233 3481 315 3515 ante
330 3487 436 3514 suum
449 3479 687 3522 principatum
700 3477 737 3511 in
748 3476 856 3511 domo
870 3475 1095 3519 imperatoria

1150 2574 1274 2616 fastigii
1290 2574 1463 2616 regimen.
1480 2574 1623 2607 wama.
1645 2591 1681 2597 -
1699 2569 1842 2615 eeaeim]
1857 2572 1880 2606 i.
1898 2580 1932 2606 e.
1949 2579 2022 2606 eoe-

1148 2625 1238 2657 oeisse
1258 2623 1315 2657 vel
1331 2624 1540 2665 provooeisse.

1192 2700 1246 2733 55.
1281 2697 1477 2740 occurram]
1509 2696 1761 2740 respondeam.
1799 2696 1851 2732 Cf.
1875 2697 2018 2731 sueton.

1149 2750 1236 2791 Aug.
1252 2750 1293 2782 45
1307 2758 1314 2781 :
1339 2758 1409 2782 una
1422 2757 1501 2781 voce
1516 2756 1705 2788 occurrens,
1717 2747 1926 2780 moriendum
1939 2754 2019 2780 esee.

1150 2799 1221 2832 Cic.
1248 2799 1293 2832 de
1317 2799 1400 2832 Fato
1424 2807 1455 2831 c.
1475 2798 1527 2831 48,
1546 2815 1588 2822 -
1613 2797 1771 2839 quicquid
1792 2796 1942 2830 illua-m
1956 2796 2022 2830 tri-

1149 2849 1280 2890 buisset]
1303 2848 1355 2883 Cf.
1381 2849 1435 2889 42,
1460 2847 1521 2881 36:
1548 2847 1622 2889 qais
1642 2847 1698 2881 ille
1722 2847 1847 2889 (esset,
1873 2846 1949 2889 qui)
1973 2849 2022 2880 tot

1141 2908 1207 2941 per
1228 2907 1334 2932 annos
1355 2906 1430 2940 opes
1450 2900 1583 2931 nostras
1596 2898 1782 2939 sprevisset.
1803 2914 1840 2921 —
1857 2897 1922 2929 nisi
1934 2896 2021 2938 forte

1149 2950 1232 2990 cet.]
1262 2949 1391 2982 Amara
1421 2955 1503 2981 cum
1534 2948 1695 2981 irrisione
1726 2947 1796 2979 hoc
1818 2945 1920 2980 dicit:
1952 2946 2020 2981 nisi

1148 3000 1237 3033 forte
1253 3000 1289 3032 te
1306 2999 1480 3032 minorem
1496 2999 1642 3042 reputas
1656 2995 1793 3031 Vitellio
1804 3022 1812 3038 ,
1837 3005 1896 3030 me
1913 2995 2019 3031 Clau-

1148 3050 1206 3084 dio
1219 3075 1228 3092 ,
1258 3058 1341 3083 cum
1371 3050 1521 3091 uterque
1552 3047 1654 3082 nobis
1677 3046 1791 3090 probe
1814 3047 1947 3081 conscii
1967 3046 2018 3080 si-

1147 3109 1245 3141 mus,
1278 3100 1409 3143 quanto
1437 3100 1476 3132 tu
1503 3097 1657 3140 Vitellio,
1689 3098 1754 3132 etsi
1787 3098 1843 3130 ter
1867 3096 2015 3138 consuli,

1148 3160 1213 3193 ego
1229 3151 1322 3185 fatuo
1337 3149 1384 3183 illi
1400 3148 1546 3184 Claudio
1561 3149 1796 3192 praestemus.
1816 3164 1853 3172 —
1874 3145 2015 3189 Volane]

1146 3202 1198 3235 De
1222 3202 1260 3234 L.
1278 3199 1421 3234 Volusio
1445 3201 1630 3234 Saturnino
1653 3198 1734 3232 vide
1758 3197 1804 3231 ad
1822 3197 1876 3238 43,
1893 3196 1948 3230 30.
1975 3213 2013 3220 -

1145 3250 1326 3293 libertinos]
1357 3252 1397 3285 ut
1423 3249 1617 3284 Pallantem
1645 3250 1731 3283 tunc
1761 3247 1919 3283 nondum
1947 3254 2014 3281 ne-

1147 3302 1276 3335 catum.

1189 3377 1243 3410 56.
1267 3383 1385 3409 verum
1410 3379 1442 3409 et
1467 3375 1527 3409 ubi
1548 3375 1635 3415 cet.]
1663 3374 1724 3407 Hie
1745 3371 1865 3406 verbis
1887 3370 2011 3406 callide

1146 3427 1239 3459 Nero
1267 3426 1539 3468 praeceptorem
1568 3422 1612 3457 ed
1642 3422 1784 3456 καίοι-43
1806 3422 1913 3455 etiam
1938 3420 2012 3454 lar-

1146 3475 1283 3517 gitionis
1311 3482 1394 3518 spes
1417 3472 1666 3517 concipiendas
1688 3472 1826 3514 erigere
1849 3472 2007 3514 conatur,
