2254 3770
311 287 395 332 448

798 290 843 333 Ρ.
875 288 1126 334 CORNELII
1153 290 1325 335 TACITI
1353 251 1622 338 ANNALIUM

247 438 255 440 -
310 396 512 448 tietatem,
543 401 591 439 ut
619 395 835 448 rebantur,
867 395 947 440 sed
975 396 1295 442 incitamentum
1314 397 1462 442 attulit.
1493 405 1699 458 ratusque
1720 399 1914 446 dedecus
1937 400 2103 454 molliri,

311 471 348 515 si
387 471 534 530 plures
571 471 808 524 foedasset,
853 471 1061 517 nobilium
1099 473 1352 518 familiarum
1396 480 1594 532 posteros
1632 482 1822 534 egestate
1851 476 2026 521 venales
2062 477 2106 521 in

310 561 513 592 scaenam
540 547 740 600 deduxit3
773 561 884 605 quos
913 547 998 592 fato
1027 549 1275 607 perfunctos
1305 563 1359 593 ne
1387 550 1634 594 nominatim
1661 551 1839 604 tradam,
1870 552 2106 597 maioribus

310 636 463 668 eorum
485 622 761 668 tribuendum
783 629 901 682 puto.
942 638 1041 669 nam
1066 630 1109 668 et
1135 624 1230 668 eius
1255 624 1461 682 flagitium
1490 631 1575 678 est,
1609 627 1682 685 qui
1706 627 1934 686 pecuniam
1954 628 2010 672 ob
2031 627 2109 673 de-

277 697 407 744 elicta
436 699 579 756 potius
609 699 729 744 dedit
758 713 889 758 quam
918 714 972 744 ne
1003 699 1315 759 delinquerent.
1353 707 1477 745 notos
1508 716 1684 760 quoque
1705 703 1874 762 equites
1894 705 2108 748 Romanos

309 788 465 833 operas
495 788 652 819 arenae
681 775 930 833 promittere
961 775 1130 834 subegit
1162 775 1286 820 donis
1317 776 1581 834 ingentibus,
1614 778 1695 822 nisi
1725 778 1844 837 quod
1864 792 2032 824 merces
2052 778 2107 824 ab

308 863 374 903 eo,
406 852 479 909 qui
510 851 661 896 iubere
682 857 835 909 potest,
857 852 945 895 vim
965 851 1232 896 necessitatis
1253 851 1388 896 affert.
1431 852 1463 909 (l
1474 853 1514 910 5)
1535 867 1590 897 ne
1609 860 1750 898 tamen
1771 853 1914 899 adhuc
1933 854 2107 913 publico

306 926 472 971 theatro
513 926 887 979 dehonestaretur,
932 927 1110 971 instituit
1154 927 1281 971 ludos
1326 928 1591 972 Iuvenalium
1631 929 1863 982 vocabulo,
1910 930 1954 974 in
1994 944 2106 989 quos

306 1002 470 1060 passim
499 1002 672 1047 nomina
700 1002 810 1047 data.
842 1017 928 1047 non
958 1002 1157 1047 nobilitas
1189 1003 1408 1061 cuiquam,
1441 1018 1527 1048 non
1557 1010 1675 1049 aetas
1705 1011 1777 1049 aut
1807 1005 1888 1049 acti
1917 1004 2106 1050 honores

256 1078 629 1136 ioimpedimento,
662 1092 749 1136 quo
776 1078 917 1122 minus
939 1078 1090 1122 Graeci
1119 1078 1311 1123 Latinive
1341 1078 1557 1124 histrionis
1587 1087 1723 1125 artem
1752 1088 2004 1126 exercerent
2031 1095 2105 1125 us-

306 1167 392 1212 que
423 1153 479 1198 ad
509 1160 655 1212 gestus
686 1153 927 1212 modosque
958 1153 1073 1198 haud
1103 1154 1261 1198 viriles.
1294 1155 1397 1213 quin
1419 1162 1461 1199 et
1480 1155 1662 1201 feminae
1690 1155 1877 1201 illustres
1899 1157 2106 1202 deformia

304 1229 523 1283 meditari;
555 1236 835 1288 extructaque
865 1229 980 1288 apud
1010 1243 1180 1281 nemus,
1214 1230 1331 1288 quod
1360 1230 1499 1275 navali
1524 1237 1674 1290 stagno
1695 1232 2001 1290 circumposuit
2020 1234 2106 1276 Au-

304 1312 467 1363 gustus,
500 1305 797 1350 conventicula
817 1312 859 1350 et
878 1319 1111 1363 cauponae,
1144 1311 1186 1350 et
1206 1306 1345 1364 posita
1367 1320 1477 1351 veno
1498 1307 1760 1352 irritamenta
1778 1307 1909 1351 luxui.
1941 1307 2106 1352 daban-

305 1387 461 1440 turque
491 1382 644 1440 stipes,
676 1396 786 1440 quas
815 1381 917 1425 boni
947 1381 1221 1437 necessitate,
1260 1382 1593 1440 intemperantes
1623 1383 1759 1441 gloria
1788 1389 2104 1428 consumerent.

254 1457 406 1502 winde
445 1457 629 1518 gliscere
667 1458 826 1517 flagitia
863 1464 906 1502 et
945 1458 1135 1511 infamia3
1176 1472 1257 1503 nec
1293 1458 1380 1503 ulla
1408 1458 1601 1503 moribus
1631 1458 1733 1503 olim
1763 1460 1976 1518 corruptis
2005 1459 2103 1517 plus

368 1598 401 1631 2.
425 1598 570 1645 fydasset
591 1598 625 1632 M
651 1615 687 1622 -
713 1598 745 1631 3.
771 1606 904 1631 scenam
926 1598 960 1632 M
979 1616 1015 1623 —
1040 1598 1072 1631 7.
1095 1598 1229 1640 puplico
1251 1599 1285 1632 M
1302 1615 1339 1622 —
1365 1598 1397 1632 8.
1421 1598 1630 1632 Iuvenalium
1653 1598 1884 1633 Puteolanus:
1908 1599 2103 1633 iuuenilium

302 1656 350 1690 M.
376 1655 427 1689 ct.
454 1656 517 1697 45,
541 1654 596 1688 33.
624 1673 661 1678 -
687 1655 741 1688 40.
765 1656 857 1698 yreci
879 1656 913 1689 M
941 1673 976 1679 —
1002 1656 1056 1689 44.
1081 1659 1253 1697 motusque
1275 1656 1452 1689 Heinsius.
1480 1674 1514 1680 —
1543 1656 1596 1689 43.
1622 1665 1772 1697 caupone
1792 1657 1837 1690 M.

301 1784 367 1818 pro
391 1773 523 1817 «vulgo
547 1775 649 1817 quasi
671 1774 828 1817 praedae
853 1773 990 1807 datus.»
1016 1791 1052 1798 —
1080 1775 1177 1808 dede-

301 1835 360 1859 cus
381 1825 516 1868 molliri]
541 1825 593 1859 Cf.
619 1825 652 1867 4,
677 1826 740 1859 3οε
765 1826 929 1858 invidiam
950 1825 1090 1858 mollire.
1121 1826 1174 1866 44,

300 1876 364 1909 25:
396 1877 618 1919 ignominiam
639 1876 781 1909 mollire.
810 1893 853 1899 -
885 1875 1047 1909 nobilium
1073 1876 1178 1918 fami-

300 1926 426 1960 liarum
453 1926 837 1969 posteros--deduoeitJ
873 1926 1062 1959 Suetonius
1091 1927 1175 1959 Ner.

302 1977 362 2010 ⁴2:
390 1973 554 2011 Exhibuit
575 1978 621 2010 ad
641 1977 771 2019 ferrum
793 1978 896 2011 etiam
918 1977 1178 2019 quadringentos

299 2031 468 2061 senatores
498 2031 734 2069 sexcentosque
754 2028 879 2070 equites
901 2029 938 2060 R.
962 2030 994 2060 et
1017 2028 1177 2068 quosdam

297 2077 456 2119 fortunae
478 2082 577 2120 atque
593 2078 849 2112 existimationis
864 2078 1031 2120 integrae,
1057 2087 1100 2111 ex
1114 2078 1177 2110 iis-

299 2129 373 2162 dem
395 2129 566 2162 ordinibus
595 2129 795 2169 confectores
818 2137 948 2169 quoque
972 2128 1125 2168 ferarum
1146 2131 1178 2160 et

298 2181 402 2213 varia
424 2189 550 2213 arenae
570 2180 768 2213 ministeria.
795 2180 859 2212 Dio
883 2180 937 2220 64,
964 2179 1024 2211 ⁴7:
1050 2177 1175 2212 ἐκεῖνο

298 2228 340 2263 δὲ
354 2231 420 2264 καὶ
436 2228 641 2271 αισχιστον
660 2230 726 2263 καὶ
748 2226 969 2263 δεινότατον
993 2223 1078 2272 ἅμα
1093 2227 1175 2272 ἐγέ-

298 2290 404 2323 νετο,
441 2275 500 2315 ὅτι
533 2281 598 2315 καὶ
626 2276 760 2339 α’νδρες
788 2281 855 2314 καὶ
880 2282 1058 2324 γυναῖκες
1100 2275 1174 2319 οὔχ

300 2326 405 2374 ὅπως
427 2331 495 2366 τοῦ
521 2330 679 2365 ἱππικοῦ
703 2328 801 2364 ἀλλὰ
830 2332 896 2364 καὶ
918 2329 987 2363 τοῦ
1010 2328 1174 2370 βουλευ-

298 2382 407 2416 τικοῦ
439 2379 660 2426 ἀξιώματος
692 2381 731 2424 ἐς
764 2379 835 2425 τὴν
865 2377 1085 2440 ὀρχήστραν
1107 2380 1174 2414 καὶ

299 2433 340 2475 ἐς
361 2431 430 2467 τὸν
454 2431 695 2492 ἱππόδρομον
717 2430 762 2466 τό
786 2442 827 2466 τε
850 2432 1014 2489 θέατρον
1037 2428 1081 2464 τὸ
1105 2441 1174 2464 κυ-

298 2481 498 2528 νηγετικὸν
522 2482 708 2528 εἰσῆλθον
731 2477 860 2541 ὥσπερ
884 2483 925 2516 οἱ
945 2478 1173 2526 ἀτιμότατοι

297 2536 365 2568 καὶ
387 2531 564 2578 ηύλησάν
586 2544 685 2576 τινες
708 2530 836 2568 αὐτῶν
857 2534 922 2566 καὶ
929 2529 1172 2591 ὠρχήσαντο

297 2584 509 2634 τραγῳδίας
537 2595 579 2618 τε
608 2586 674 2618 καὶ
696 2583 899 2629 κωμῳδίας
919 2579 1171 2629 ὑπεκρίναντο

297 2636 365 2669 καὶ
387 2633 691 2696 ἐκιθαρῴδησαν,
717 2634 858 2676 ἵππους
879 2644 919 2667 τε
939 2630 1090 2677 ήλασαν
1105 2634 1171 2666 καὶ

296 2686 416 2734 θηρία
444 2681 670 2720 ἀπέκτειναν
698 2686 763 2719 καὶ
787 2682 1106 2744 ἐμονομάχησαν,
1133 2683 1173 2716 οἱ

294 2736 368 2782 μὲν
396 2735 611 2777 ἐθελονταί,
646 2736 687 2769 οἱ
712 2735 754 2770 δὲ
782 2737 848 2769 καὶ
871 2733 971 2768 πάνυ
996 2731 1166 2775 α’κοντες.

298 2806 335 2812 -
353 2797 395 2822 ne
414 2788 613 2821 nominatim
631 2787 777 2829 tradam]
802 2787 845 2819 At
860 2788 924 2819 Dio
941 2786 1098 2818 nominat
1114 2785 1168 2824 64,

297 2839 358 2872 ⁴7:
395 2835 497 2872 εἶδον
526 2838 567 2870 οἱ
593 2834 681 2870 τότε
711 2833 927 2896 ανθρωποι
937 2834 986 2869 τὰ
1008 2836 1098 2880 γένη
1121 2831 1169 2868 τὰ

294 2886 463 2949 μεγάλα,
496 2885 588 2930 τοὺς
618 2888 826 2948 Φουρίους,
863 2884 954 2929 τοὺς
985 2886 1166 2927 Φαβίους,

294 2937 388 2982 τοὺς
409 2939 622 2999 Πορκίους,
653 2937 744 2980 τοὺς
768 2935 1016 2999 Οὐαλερίους,
1048 2931 1169 2970 τᾶλλα

294 2989 421 3023 πάντα
442 2984 497 3023 ὦν
519 2986 567 3023 τὰ
588 2988 656 3037 τρί·
659 2999 766 3029 παια,
792 2982 846 3022 ὧν
863 2989 904 3022 οἱ
916 2989 1004 3022 ναοὶ
1020 2987 1169 3034 ἑωρῶν-

293 3050 358 3082 το,
384 3038 487 3074 κάτω
510 3049 551 3073 τε
567 3037 708 3083 ἕστηκέ
712 3049 779 3080 τας
799 3040 865 3072 καὶ
880 3039 1040 3072 τοιαῦτα
1055 3037 1169 3085 δρῶν-

292 3100 378 3133 τας,
415 3084 470 3124 ὦν
502 3100 586 3124 ενια
619 3086 698 3123 οῦδ
732 3085 794 3122 ὑπ’
824 3085 949 3122 ἄλλων
983 3087 1168 3133 γινόμενα

293 3137 497 3188 ἐθεώρουν.
518 3158 555 3165 -
576 3148 658 3173 nam
679 3142 710 3172 et
732 3139 802 3171 eius
817 3139 898 3181 cet.]
924 3138 1060 3181 Duplex
1078 3139 1166 3171 ratio

293 3190 421 3225 silentii
444 3190 607 3231 affertur,
639 3189 774 3232 prima,
803 3191 843 3221 ut
865 3189 1058 3222 maioribus
1080 3197 1165 3231 par—

294 3242 405 3282 catur,
431 3239 560 3274 deinde
572 3265 580 3279 .
606 3239 688 3282 quia
703 3239 874 3281 flagitium
890 3239 1002 3280 magis
1017 3239 1165 3272 Neronis

294 3299 402 3332 quam
418 3291 589 3334 ipsorum.
607 3290 688 3323 Em«.
705 3306 740 3312 —
759 3289 826 3321 vim
841 3289 1044 3321 necessitatis
1055 3287 1164 3331 affert]

293 3341 345 3373 Cf.
363 3340 520 3377 Macrob.
546 3341 684 3373 Saturn.
703 3340 741 3380 2,
760 3339 799 3371 7:
824 3338 1002 3371 Laberium
1024 3347 1166 3379 asperae

292 3390 454 3423 libertatis
476 3391 616 3432 equitem
638 3391 824 3423 Romanum
839 3387 963 3421 Caesar
980 3389 1166 3430 quinyentis

291 3440 423 3473 milibus
435 3440 609 3482 invitavit,
633 3443 671 3473 ut
689 3439 841 3482 prodiret
854 3438 890 3471 in
905 3446 1037 3471 scenam
1050 3441 1082 3471 et
1094 3439 1165 3479 ipse

1227 1778 1340 1817 ageret
1367 1774 1485 1808 mimos
1507 1784 1588 1816 quos
1608 1775 1830 1817 scriptitabat.
1867 1775 1932 1809 Sed
1955 1779 2102 1817 potestas

1225 1835 1291 1858 non
1325 1826 1433 1859 solum
1462 1826 1490 1858 si
1511 1826 1646 1867 invitet,
1678 1826 1734 1883 sed
1756 1826 1857 1859 etiam
1877 1826 1906 1859 si
1926 1827 2098 1869 supplicet,

1225 1876 1324 1918 cepit.

1219 1925 1221 1931 '
1270 1927 1324 1960 45.
1345 1926 1477 1968 publico
1492 1926 1631 1969 theatro]
1654 1926 1881 1968 Pompeiano.
1907 1925 2038 1960 Plinius
2055 1927 2097 1961 37

1226 1975 1245 2018 ἓ
1269 1977 1308 2009 7:
1334 1980 1431 2010 tanta
1452 1977 1517 2019 fuit
1541 1976 1793 2019 (murrinorum
1817 1975 2003 2010 multitudo
2021 1978 2098 2011 viro

1226 2027 1419 2068 consulari,
1458 2037 1566 2070 quem
1602 2027 1698 2060 haud
1728 2028 1936 2060 nominatim
1967 2027 2096 2071 tradit),

1225 2081 1263 2110 ut
1284 2080 1454 2120 auferente
1484 2079 1595 2112 liberis
1623 2079 1692 2111 eius
1713 2079 1845 2112 Nerone
1866 2080 2019 2120 eoeposita
2040 2088 2099 2112 oe-

1225 2132 1386 2170 cuparent
1408 2130 1574 2162 theatrum
1594 2129 1764 2170 peculiare
1786 2132 1881 2161 trans
1901 2129 2041 2162 Tiberim
2062 2130 2098 2162 in

1223 2179 1339 2220 hortis,
1364 2180 1453 2222 quod
1475 2189 1498 2212 a
1514 2179 1640 2220 populo
1654 2179 1785 2219 impleri
1803 2182 1940 2212 canente
1955 2188 2000 2221 se,
2018 2181 2098 2213 dum

1222 2230 1422 2270 Pompeiano
1441 2230 1628 2271 praeludit,
1653 2229 1755 2261 etiam
1769 2229 1895 2263 Neroni
1913 2230 1994 2263 satis
2008 2233 2093 2264 erat.

1224 2298 1267 2304 --
1281 2279 1500 2322 Iuvenalium]
1526 2279 1577 2313 Cf.
1599 2280 1651 2319 ⁴5,
1669 2279 1731 2312 33:
1756 2279 1865 2313 adhue
1883 2288 1945 2321 per
1963 2281 2097 2313 domum

1223 2333 1284 2363 aut
1305 2331 1418 2363 hortos
1432 2331 1597 2363 cecinerat
1611 2329 1822 2362 Iuvenalibus
1836 2330 1934 2363 ludis.
1959 2330 2045 2365 Hist.
2059 2330 2092 2371 3,

1223 2381 1276 2413 62.
1303 2382 1366 2414 Dio
1391 2381 1446 2421 64,
1471 2380 1532 2412 49;
1560 2377 1664 2412 Μετὰ
1685 2377 1727 2412 δὲ
1748 2377 1871 2413 ταῦτα
1892 2374 2022 2426 ἕτερον
2043 2373 2095 2414 αὖ

1223 2427 1323 2472 εἶδος
1346 2429 1482 2490 ἑορτῆς
1505 2426 1647 2474 ἤγαγεν
1669 2427 1877 2473 (ἐπεκλήθη
1899 2428 1941 2463 δὲ
1952 2390 2095 2471 Ἰουβε-

1221 2479 1353 2522 νάλια,
1389 2476 1518 2528 ὥσπερ
1553 2477 1638 2514 τινὰ
1675 2478 1995 2524 νεανισκεύματα)
2027 2481 2094 2515 καὶ

1222 2531 1403 2575 ἐτελέσθη
1438 2531 1499 2565 επὶ
1527 2529 1579 2575 τῷ
1610 2532 1739 2575 γενείῳ
1762 2526 1896 2565 αὐτοῦ.
1931 2531 1997 2564 καὶ

1221 2581 1338 2616 τοῦτο
1367 2579 1455 2615 τότε
1487 2580 1636 2629 πρῶτον
1659 2579 1844 2629 ἐξύρατο·
1873 2581 1940 2615 καὶ
1962 2579 2031 2623 τάς
2051 2590 2094 2615 τε

1220 2635 1355 2690 τρίχας
1383 2633 1423 2675 ἐς
1437 2634 1638 2690 σφαιρίον
1659 2642 1696 2666 τι
1719 2630 1891 2680 χρυσοῦν
1913 2629 2094 2676 ἐμβαλών

1220 2680 1387 2745 ἀνέθηκε
1401 2682 1454 2728 τῷ
1471 2683 1531 2716 Διὶ
1553 2681 1605 2727 τῷ
1623 2682 1871 2727 Καπιτωλίνω
1886 2683 1951 2716 καὶ
1966 2682 2006 2724 ἐς
2021 2679 2094 2726 τὴν

1219 2732 1358 2793 ἑορτὴν
1391 2733 1433 2767 οἵ
1461 2743 1502 2767 τε
1532 2716 1645 2766 αλλοι
1672 2734 1738 2766 καὶ
1769 2733 1810 2766 οἱ
1830 2729 2093 2777 εὐγενέστατοι

1219 2784 1371 2827 πάντως
1393 2794 1429 2818 τι
1443 2782 1695 2826 ἐπεδείξαντο.
1716 2801 1751 2807 -
1774 2784 1914 2816 nomina
1934 2783 2027 2826 data]
2051 2791 2092 2817 se

1218 2837 1255 2870 in
1279 2836 1400 2869 album
1423 2845 1567 2876 eorum,
1594 2836 1655 2878 qui
1677 2834 1769 2867 ludis
1785 2834 1849 2868 illis
1865 2834 2090 2876 adsisterent,

1218 2887 1426 2920 referendos
1451 2885 1635 2919 curabant.
1661 2885 1793 2918 Eadem
1818 2883 1967 2918 formula
1983 2884 2092 2918 utitur

1218 2938 1289 2970 Liv.
1301 2940 1314 2970 4
1326 2963 1333 2978 ,
1346 2937 1463 2970 4438.
1475 2936 1529 2970 45.
1545 2935 1596 2970 Cf.
1608 2937 1660 2975 45,
1672 2935 1768 2968 48.-
1781 2935 2092 2969 Graeci--histrio-

1216 2988 1279 3030 nis]
1294 2990 1382 3020 Prae
1393 2986 1559 3020 omnibus
1573 2985 1699 3018 nobilis
1712 2985 1880 3019 Eucharis
1892 2983 1948 3018 illa
1962 2985 2091 3018 formo·

1217 3038 1355 3071 sissima
1366 3062 1374 3077 ‚
1400 3045 1491 3079 quae
1508 3035 1721 3068 NOBILIVM
1733 3035 1876 3068 LVDOS
1890 3034 1982 3077 (ipsa
1997 3034 2088 3067 haec

1215 3086 1403 3128 Iuvenalia)
1434 3086 1652 3119 DECORAVI
1678 3085 1815 3118 CHORO
1844 3085 1901 3117 ΕΤ
1921 3083 2087 3118 GRAECA

1214 3138 1265 3170 IN
1289 3137 1455 3171 SCAENA
1483 3135 1611 3169 PRIMA
1645 3135 1804 3168 POPVLO
1824 3134 2016 3174 APPARVI,
2046 3134 2088 3167 ut

1216 3189 1393 3221 memorat
1425 3188 1459 3220 in
1491 3185 1671 3228 epitaphio
1700 3193 1764 3218 suo
1793 3185 1920 3217 lnscrr.
1948 3185 2023 3217 Lat.
2047 3192 2084 3218 n.

1215 3238 1315 3271 2602.
1343 3255 1380 3261 —
1404 3235 1592 3278 modosque]
1617 3232 1775 3278 νόμους,
1797 3232 1915 3277 μέλη,
1942 3234 2084 3276 Weisen,

1214 3287 1388 3320 Melodien.
1411 3305 1446 3311 —
1461 3286 1605 3327 feminae
1624 3283 1779 3326 illustres]
1802 3282 1999 3316 Ridiculum
2015 3285 2083 3326 est,

1217 3337 1314 3379 quod
1334 3334 1572 3369 narratDiol
1590 3334 1636 3368 1..
1661 3332 1771 3367 Azata
1786 3331 1970 3373 Κατέλλα,
1993 3330 2085 3368 τοῦ·

1213 3396 1258 3419 το
1272 3385 1345 3429 μὲν
1359 3386 1458 3430 γένει
1470 3385 1537 3418 καὶ
1548 3381 1700 3428 πλούτῳ
1712 3380 1952 3440 προήκουσα,
1965 3381 2084 3417 τοῦτο

1212 3435 1254 3470 δὲ
1269 3436 1336 3471 καὶ
1350 3432 1481 3482 ἡλικίᾳ
1497 3435 1748 3483 προφέρουσα
1763 3429 2085 3478 ὀγδοηκοντοῦτις
