2254 3770
312 269 394 314 372

790 274 834 316 P.
867 261 1118 318 CORNELII
1148 275 1317 320 TACITI
1347 275 1614 321 ANNALIUM

313 376 580 421 subventum.
627 386 668 422 at
705 379 886 423 Hercule
926 380 1024 424 olim
1065 381 1183 425 Italia
1222 381 1463 439 legionibus
1503 382 1756 442 longinquas
1787 384 1827 427 in
1859 384 2100 442 provincias

313 460 575 498 commeatus
606 455 821 512 portabat;
854 470 933 500 nec
962 470 1076 502 nuno
1104 457 1404 501 infecunditate
1435 457 1664 502 laboratur.
1703 459 1782 503 sed
1811 459 1994 503 Africam
2021 474 2100 518 po-

311 529 394 573 tius
426 536 467 574 et
495 531 737 588 Aegyptum
767 545 1035 584 exercemus,
1069 533 1337 591 navibusque
1368 540 1411 578 et
1441 533 1612 578 casibus
1644 534 1727 579 vita
1755 534 1902 593 populi
1932 536 1977 583 R.
2001 549 2099 594 per-

311 604 444 648 missa
473 611 550 649 est.

426 681 507 737 (44)
539 681 702 725 Eodem
732 696 843 726 anno
875 683 1033 727 bellum
1053 684 1162 728 inter
1184 684 1406 728 Armenios
1427 685 1698 744 Hiberosque
1720 693 1915 730 exortum
1932 673 2098 730 Parthis

311 770 487 814 quoque
531 771 581 801 ac
618 758 816 802 Romanis
855 759 1203 817 gravissimorum
1241 760 1349 804 inter
1385 774 1433 804 se
1469 768 1660 805 motuum
1692 775 1822 806 causa
1851 761 1938 805 fuit.
1984 762 2098 819 genti

309 831 561 876 Parthorum
598 833 831 892 Vologeses
875 834 1161 893 imperitabat,
1206 842 1398 879 materna
1441 837 1603 895 origine
1643 852 1697 882 ex
1739 837 1878 896 pelice
1921 837 2096 890 Graeca,

310 922 520 953 concessu
551 908 726 952 fratrum
755 924 935 967 regnum
966 911 1168 969 adeptus,
1202 911 1384 956 Hiberos
1405 911 1715 958 Pharasmanes
1735 919 1902 958 vetusta
1921 926 2098 971 posses-

309 985 450 1037 sione,
495 985 717 1029 Armenios
759 985 888 1030 frater
925 986 1017 1030 eius
1054 987 1316 1032 Mithridates
1353 987 1570 1046 optinebat
1609 989 1763 1047 opibus
1792 989 1962 1033 nostris,
2007 994 2099 1033 erat

262 1060 607 1105 ioPharasmanis
648 1060 759 1105 filius
799 1062 972 1106 nomine
1002 1062 1289 1115 Radamistus,
1331 1064 1490 1109 decora
1519 1065 1792 1122 proceritate,
1832 1066 1872 1108 vi
1903 1064 2097 1123 corporis

307 1137 484 1194 insignis
515 1143 557 1181 et
586 1138 746 1195 patrias
776 1145 890 1183 artes
921 1137 1120 1190 edoctuS‚
1169 1138 1369 1198 claraque
1399 1140 1510 1184 inter
1539 1139 1707 1184 accolas
1738 1140 1860 1184 fama.
1892 1140 1928 1184 is
1958 1139 2096 1184 modi-

308 1226 406 1257 cum
435 1212 636 1257 Hiberiae
667 1228 846 1271 regnum
877 1220 1050 1258 senecta
1079 1214 1209 1273 patris
1240 1214 1421 1260 detineri
1451 1215 1635 1260 ferocius
1656 1215 1938 1274 crebriusque
1967 1215 2097 1264 iacta-

306 1289 379 1333 bat
408 1303 538 1347 quam
568 1296 614 1333 ut
645 1289 889 1347 cupidinem
909 1289 1153 1334 occultaret.
1185 1291 1312 1348 igitur
1331 1291 1641 1335 Pharasmanes
1661 1291 1861 1336 iuvenem
1883 1291 2097 1349 potentiae

305 1372 549 1428 promptum
586 1371 628 1409 et
666 1365 807 1409 studio
843 1365 1116 1424 popularium
1157 1367 1395 1411 accinctum
1430 1366 1704 1425 vergentibus
1741 1367 1824 1410 iam
1854 1366 1975 1410 annis
2005 1366 2095 1410 suis

263 1447 502 1485 ismetuens
542 1440 666 1485 aliam
707 1441 762 1485 ad
793 1456 914 1499 spem
944 1441 1115 1486 trahere
1145 1448 1188 1486 et
1216 1442 1458 1486 Armeniam
1488 1449 1724 1494 ostentare,
1765 1441 1900 1500 pulsis
1931 1441 2095 1487 Parthis

307 1517 450 1562 datam
479 1516 705 1561 Mithridati
736 1531 761 1561 a
791 1524 927 1562 semet
946 1517 1244 1562 memorando:
1277 1517 1355 1562 sed
1376 1518 1461 1561 vim
1483 1517 1781 1571 differendam,
1814 1524 1857 1562 et
1883 1518 2096 1577 potiorem

306 1593 471 1645 dolum,
511 1586 597 1651 quo
636 1593 852 1637 incautum
889 1593 1192 1651 opprimerent.

1245 1594 1302 1638 ita
1336 1593 1605 1638 Radamistus
1645 1593 1839 1638 simulata
1884 1585 2094 1639 adversus

306 1677 472 1728 patrem
507 1668 740 1721 discordia,
781 1675 1000 1728 tamquam
1038 1683 1249 1714 novercae
1288 1669 1397 1713 odiis
1428 1670 1581 1728 impar,
1620 1670 1759 1728 pergit
1787 1669 1843 1713 ad
1871 1676 2092 1728 patruum3

305 1743 523 1804 multaque
561 1745 614 1789 ab
646 1759 698 1788 eo
729 1745 926 1789 comitate
962 1745 1004 1788 in
1035 1745 1224 1803 speciem
1253 1745 1436 1789 liberum
1467 1744 1604 1789 cultus
1633 1745 1844 1803 primores
1873 1745 2094 1790 Armenio-

254 1826 292 1864 ⁴20
305 1837 401 1866 rum
431 1821 485 1866 ad
516 1835 586 1865 res
616 1835 750 1865 novas
780 1820 915 1873 illicit,
956 1821 1103 1879 ignaro
1134 1827 1176 1865 et
1206 1827 1382 1865 ornante
1413 1821 1589 1879 insuper
1619 1820 1869 1866 Mithridate.
1911 1820 1994 1879 (45)
2024 1834 2093 1880 re-
2115 1822 2127 1833 ⁶

333 1957 338 1960 ’
370 1959 402 1992 i.
427 1957 674 1991 subuenientum
691 1957 763 1999 (sic)
784 1956 818 1990 M
838 1974 872 1980 ·-
880 1957 954 2007 —a—d-
965 1952 1099 1989 hercule'
1117 1956 1150 1990 M
1165 1972 1209 1979 —
1231 1954 1410 1998 leyionibus
1424 1954 1622 1988 Ernestius:
1646 1954 1883 1996 reqionibusM
1899 1971 1937 1979 —
1963 1954 1996 1988 3.
2012 1962 2095 1997 oqv-

296 2019 394 2058 ptum
416 2016 450 2048 M
473 2032 509 2038 —
534 2014 735 2057 natibusque
757 2014 791 2047 M
817 2032 852 2037 —
876 2014 952 2046 P.R.
972 2013 1006 2046 M
1032 2030 1067 2036 —
1093 2013 1125 2045 7.
1150 2020 1252 2054 greca
1275 2012 1307 2045 M
1332 2028 1367 2034 -
1393 2011 1425 2044 8.
1450 2011 1660 2053 farasmanes
1682 2011 1716 2045 M
1740 2028 1776 2034 -
1799 2011 2015 2052 possessiones
2036 2009 2094 2044 ul-

302 2074 388 2114 tima
411 2071 526 2105 littera
548 2073 679 2114 puncto
704 2072 822 2104 notata
845 2071 878 2104 M
910 2087 946 2093 —
978 2070 1009 2102 9.
1034 2070 1084 2111 frs
1108 2070 1202 2111 (cum
1224 2067 1349 2102 lineola
1374 2077 1480 2111 supra
1503 2076 1648 2101 versum
1673 2069 1709 2101 et
1731 2069 1862 2111 puncto
1884 2067 1953 2102 sub
1976 2066 2039 2101 litt.
2063 2067 2091 2109 s)

303 2130 337 2164 M
360 2147 390 2155 -
419 2129 472 2162 io.
496 2128 701 2170 farasmanis
722 2129 774 2167 M;
799 2126 1021 2161 Pharasmani
1041 2125 1264 2160 Puteolanus.
1286 2143 1321 2148 ——
1340 2126 1394 2158 ⁴2.
1411 2125 1532 2157 hiberie
1548 2125 1580 2158 M
1598 2142 1633 2147 —
1661 2123 1713 2157 ⁴4.
1727 2127 1920 2166 promptum
1935 2123 2089 2166 Lipsius:

300 2188 452 2228 prompte
474 2186 524 2224 M;
547 2194 728 2226 properum
751 2184 1012 2217 Freinshemius
1037 2181 1114 2215 coll.
1132 2182 1171 2223 4,
1190 2182 1244 2215 59.
1264 2199 1300 2205 -—
1328 2182 1380 2215 47.
1405 2182 1620 2214 radamastus
1643 2181 1676 2215 M
1695 2197 1731 2205 —
1757 2180 1812 2214 ⁴8.
1833 2183 1966 2222 partem
1987 2187 2041 2222 pr.
2058 2178 2093 2214 M

306 2259 342 2267 -—
369 2245 533 2284 tanquam
555 2243 588 2276 M
614 2261 648 2266 -
670 2241 730 2282 ‚⁴9·
756 2239 846 2274 cultu
866 2241 900 2275 M
926 2258 961 2263 -
987 2240 1041 2273 20.
1067 2242 1206 2272 ornante
1228 2238 1382 2281 Lipsius:
1408 2240 1525 2271 orante
1547 2238 1591 2271 M.

306 2374 401 2409 cellis
419 2375 556 2414 hieme,
579 2374 617 2406 ut
636 2373 850 2406 frumentum
870 2381 913 2405 ex
934 2371 1103 2411 Sardinia,
1122 2372 1176 2404 Si-

305 2425 401 2462 cilia,
427 2424 553 2463 Africa,
578 2424 737 2465 Aegypto
754 2422 903 2455 subvehi
921 2423 1053 2465 posset,
1079 2421 1175 2463 quod

306 2474 391 2508 alias
415 2473 534 2507 clauso
563 2473 653 2505 mari
685 2472 761 2505 fieri
784 2481 854 2505 non
878 2473 1028 2515 poterat.
1056 2490 1092 2494 —
1117 2480 1176 2504 nec

304 2535 394 2558 nune
422 2524 656 2566 infecunditate
685 2523 879 2565 laboratur]
911 2522 1030 2555 Solum
1058 2523 1175 2564 ipsum

305 2575 458 2610 sterilius
481 2577 603 2618 postea
627 2574 758 2606 factum
782 2582 853 2606 non
870 2575 939 2613 est,
965 2573 1030 2606 sed
1047 2573 1176 2606 desunt

306 2624 497 2668 agricolae,
524 2624 657 2657 strenui
680 2622 726 2655 illi
749 2624 870 2656 rustici
893 2624 1056 2662 Romani3
1085 2623 1176 2655 divi-

306 2678 381 2710 tum
406 2675 498 2708 horti
520 2675 685 2707 immensi
708 2674 826 2715 fruges
851 2682 921 2706 non
944 2674 1078 2713 ferunt,
1112 2683 1174 2706 eo-

305 2734 458 2768 rumque
489 2724 670 2757 latifundia
703 2733 768 2766 per
795 2723 970 2766 mancipia
999 2723 1172 2756 coluntur.

306 2777 426 2809 Horat.
454 2775 570 2808 Carm.
597 2775 637 2811 2.
665 2774 718 2814 ⁴5,
745 2775 782 2806 i:
818 2774 893 2806 Iam
917 2782 1029 2814 pauca
1056 2776 1175 2805 aratro

306 2826 426 2868 iugera
453 2825 567 2867 reqiae
588 2825 691 2857 Moles
712 2824 911 2864 relinquunt.
940 2821 1078 2862 Quintil.
1103 2823 1174 2855 De-

307 2874 410 2908 clam.
438 2875 498 2907 43:
533 2875 627 2915 Quod
648 2874 734 2906 cives
751 2873 922 2915 pascebat,
955 2882 1044 2905 nunc
1065 2872 1176 2905 divitis

305 2927 405 2958 unius
434 2925 550 2958 hortus
572 2928 629 2961 est.
655 2942 674 2948 -
689 2942 707 2948 -
729 2924 899 2965 Aequatae
920 2924 988 2956 solo
1011 2924 1111 2956 villae
1125 2940 1172 2947 --

306 2980 338 3009 et
359 2977 450 3009 latae
470 2975 655 3008 solitudinis
677 2976 790 3007 unitas
811 2975 902 3016 facta
923 2977 980 3007 est.
1007 2974 1115 3007 Varro
1131 2975 1170 3007 R.

306 3028 345 3060 R.
363 3027 396 3066 Ξ,
415 3026 453 3059 3:
478 3026 597 3068 Iqitur,
623 3026 710 3065 quod
732 3034 820 3058 nunc
842 3026 934 3058 intra
950 3033 1085 3058 murum
1105 3025 1174 3066 fere

302 3078 418 3117 patres
439 3076 588 3117 familias
609 3078 859 3115 correpserunt,
891 3075 1014 3107 relictis
1035 3074 1122 3115 falce
1143 3077 1174 3107 et

306 3129 441 3166 aratro,
464 3129 494 3158 et
507 3133 629 3158 manus
643 3132 774 3157 movere
788 3125 979 3157 maluerunt
993 3125 1028 3156 in
1044 3124 1173 3157 theatro

306 3176 476 3215 ae‘circo,
507 3175 710 3216 frumentum
739 3174 887 3206 locamus
910 3174 967 3214 qui
994 3173 1087 3206 nobis
1109 3173 1172 3206 ad-

304 3225 415 3265 vehat,
442 3226 499 3266 qui
521 3225 630 3257 saturi
652 3225 774 3266 flamus
795 3231 839 3255 ece
861 3223 974 3263 Africa
998 3227 1028 3256 et
1051 3223 1172 3255 Sardi-

304 3275 374 3307 nia.
403 3292 439 3298 —
471 3272 904 3316 Africams--eaeercemuSJ
935 3273 1062 3314 partim
1092 3272 1172 3305 lati-

307 3323 425 3356 fundia
448 3325 585 3364 nostra,
614 3323 740 3366 partim
764 3321 960 3355 incolarum
983 3331 1084 3363 agros
1109 3331 1171 3355 co-

305 3371 430 3405 lendos
455 3381 633 3407 curamus.
659 3374 714 3406 Sic
738 3371 791 3413 ⁴3,
808 3371 869 3404 154:
891 3372 1044 3412 patrium
1066 3372 1172 3404 solum

306 3422 513 3456 ewen-ebant.
541 3436 576 3447 -
608 3422 812 3464 navibusque
838 3423 868 3454 et
895 3420 1024 3454 casibus
1044 3422 1114 3454 vita
1133 3431 1168 3462 p.

1225 2370 1262 2402 R.
1283 2370 1449 2410 permissa
1470 2368 1526 2411 est]
1552 2368 1603 2402 Cf.
1628 2368 1669 2409 4,
1686 2368 1747 2402 53:
1771 2367 1814 2401 At
1834 2367 1974 2402 Hercule
1993 2375 2088 2401 nomo

1223 2420 1340 2461 refert,
1366 2420 1454 2461 quod
1467 2419 1567 2452 Italia
1583 2422 1740 2451 externae
1754 2419 1824 2459 opis
1836 2419 1977 2461 indiget,
2003 2416 2098 2465 quoa

1222 2471 1295 2503 vita
1313 2471 1430 2511 populi
1451 2471 1488 2503 R.
1505 2478 1567 2510 per
1588 2470 1716 2502 incerta
1736 2469 1843 2502 maris
1864 2472 1895 2502 et
1917 2470 2094 2511 tempesta-

1225 2524 1295 2553 tum
1317 2521 1433 2553 cotidie
1453 2519 1608 2552 volvitur.
2096 2524 2098 2528 ’

1268 2570 1322 2604 44.
1351 2570 1530 2612 Voloyeses]
1554 2569 1690 2611 primus
1713 2569 1819 2602 huius
1841 2568 2005 2608 nominis,
2029 2567 2094 2601 Ar-

1224 2630 1326 2655 saces
1350 2622 1470 2654 autem
1484 2620 1599 2653 XXIII.
1635 2620 1785 2661 Triginta
1809 2628 1890 2653 cum
1909 2618 2093 2661 regnasset

1224 2680 1353 2711 annos,
1387 2670 1473 2703 obiit
1502 2668 1568 2702 sub
1599 2669 1826 2711 Vespasiano.
1860 2667 1912 2702 Cf.
1937 2667 2093 2701 visconti

1222 2723 1310 2754 lcon.
1339 2730 1391 2763 qr.
1418 2721 1482 2760 III,
1512 2729 1547 2762 p.
1579 2720 1660 2761 ⁴⁴0,
1698 2719 1758 2762 qui
1794 2719 1870 2752 eius
1904 2725 2091 2751 nummum

1224 2771 1332 2804 edidit
1356 2779 1438 2804 cum
1467 2770 1715 2812 inscriptione:
1746 2767 1935 2810 βασιλεως
1956 2766 2092 2802 ΒΑΣΙ-

1222 2821 1330 2854 Λεων
1345 2830 1518 2868 αρσακου
1537 2820 1756 2854 ευΕΡΓετου
1772 2818 1967 2853 ΔΙΚΑΙΟΤ
1982 2817 2092 2857 ,Effl-

1224 2871 1397 2913 ΦΑΝΟυς
1420 2870 1715 2912 φιλΕΛΛΗΝος.
1742 2870 1792 2903 Cf.
1819 2878 1850 2903 c.
1877 2869 1930 2903 ⁴4.
1954 2886 1991 2892 —
2013 2868 2092 2912 lra-

1222 2922 1321 2964 trum]
1346 2922 1505 2956 Tiridatis
1530 2923 1572 2964 (c.
1598 2922 1650 2963 50)
1676 2922 1712 2954 et
1734 2921 1856 2954 Pacori
1879 2921 1948 2963 (⁴5,
1965 2919 2009 2961 2).
2041 2918 2092 2953 Illi

1223 2975 1320 3014 grato
1337 2972 1455 3004 animo
1471 2971 1690 3011 Armeniam,
1713 2971 1796 3003 huic
1813 2969 1963 3004 Mediam
1979 2967 2088 3002 dedit.

1224 3039 1260 3046 -·
1286 3022 1527 3055 Pharasmanes
1541 3038 1559 3045 —
1571 3038 1590 3045 -
1605 3019 1826 3063 Mithridates]
1851 3019 1902 3054 Cf.
1924 3018 1957 3060 6,
1974 3018 2016 3052 32
2032 3025 2087 3060 sq.

1223 3073 1276 3112 ii,
1295 3072 1327 3105 8.
1349 3088 1384 3095 —
1406 3070 1541 3113 patrias
1556 3071 1658 3112 artes]
1681 3070 1793 3113 perite
1815 3067 2006 3112 equitandi,
2030 3075 2091 3101 se-

1223 3121 1387 3163 gittandi,
1411 3113 1564 3154 venandi
1582 3122 1650 3154 eet.
1671 3137 1706 3143 —
1725 3114 1943 3153 modicum‘H.
1959 3126 1991 3151 r.
2007 3126 2035 3151 s.
2047 3125 2087 3160 p.

1221 3171 1368 3213 detineri]
1401 3171 1423 3204 i.
1450 3179 1481 3203 e.
1507 3170 1656 3204 modicis
1679 3169 1809 3203 finibus
1831 3166 2001 3202 contineri
2024 3175 2090 3201 ne-

1221 3231 1290 3264 que
1315 3220 1457 3254 extendi
1485 3229 1603 3263 posse.
1630 3237 1666 3244 -
1692 3219 1860 3262 potentiae
1882 3214 2088 3262 promptum]

1222 3272 1397 3314 potentiae
1420 3271 1537 3313 regiae
1561 3270 1770 3304 studiosum.
1797 3267 1847 3302 Cf.
1867 3268 1898 3308 4,
1915 3267 1976 3302 48:
2000 3267 2099 3301 κάμ’

1220 3323 1303 3355 tioni
1319 3325 1504 3363 promptus.
1530 3319 1568 3362 4,
1586 3321 1646 3354 46:
1667 3322 1845 3363 promptas
1867 3317 2013 3351 libertati
2028 3319 2088 3352 aui

1220 3372 1265 3404 ad
1286 3375 1424 3405 mortem
1446 3372 1588 3404 animus.
1614 3371 1668 3411 ii,
1687 3369 1746 3403 32:
1766 3371 1942 3410 promptus
1954 3367 2084 3402 ultioni.

1221 3422 1274 3462 45,
1299 3420 1359 3455 45:
1393 3421 1586 3462 cuicumque
1613 3419 1742 3463 tlaqitio
1768 3422 1952 3462 promptus.
1980 3436 2014 3444 -
2049 3417 2086 3452 in
