2254 3770
786 305 945 350 LIBER
969 303 1040 348 x1.
1085 303 1186 360 Cap.
1217 302 1284 347 45.
1313 302 1382 347 46.

1895 295 1977 347 323

186 413 510 473 superstitiones
538 412 777 457 valescant:
819 418 863 456 et
890 411 1000 455 laeta
1029 410 1204 468 quidem
1235 410 1279 452 in
1307 422 1516 467 praesens
1546 409 1708 461 omnia,
1749 407 1828 452 sed
1855 408 1978 452 beni-

155 490 331 554 ·gnitati
361 489 494 534 deum
522 489 699 547 gratiam
728 487 1010 538 referendam,
1042 500 1098 530 ne
1126 485 1232 529 ritus
1262 499 1483 529 sacrorum
1512 485 1622 529 inter
1650 483 1852 542 ambigua
1877 484 1975 528 culti

186 579 266 624 per
297 578 508 623 prospera
537 563 878 608 obliterarentur.
926 562 1081 606 factum
1111 575 1165 605 ex
1194 574 1248 604 eo
1279 568 1454 605 senatus
1483 560 1744 612 consultum,
1783 559 1980 604 viderent

185 639 411 699 pontifices
442 653 555 698 quae
584 638 809 683 retinenda
837 636 1135 695 firmandaque
1166 636 1452 694 haruspicum.

296 715 380 772 (46)
417 715 580 759 Eodem
622 728 732 758 anno
773 713 1089 757 Cheruscorum
1127 726 1232 770 gens
1270 725 1417 770 regem
1446 714 1579 756 Roma
1606 711 1771 770 petivit,
1811 711 2011 756 amississ

184 804 263 849 per
300 791 466 835 interna
504 789 617 834 bella
654 789 869 833 nobilibus
900 794 943 831 et
970 802 1057 831 uno
1087 786 1255 845 reliquo
1286 787 1430 846 stirpis
1459 788 1623 845 regiae,
1661 787 1734 846 qui
1763 787 1879 845 apud
1908 802 1981 831 ur·-

186 867 285 910 bem
321 865 576 917 habebatur,
618 865 789 908 nomine
827 862 1011 907 Italicus.
1056 869 1282 921 paternum
1312 862 1411 907 huic
1440 877 1576 920 genus
1605 876 1631 907 e
1660 863 1810 915 Flavo,
1852 863 1979 908 fratre

185 941 380 993 Arminii,
412 947 549 985 mater
578 954 631 984 ex
662 940 908 990 Catumero,
940 938 1135 996 principe
1166 938 1432 990 Chattorum,
1466 945 1581 991 erat3
1619 938 1712 996 ipse
1739 939 1875 983 forma
1903 938 1981 984 de-

186 1030 315 1062 corus
345 1023 388 1061 et
417 1016 546 1060 armis
575 1016 793 1074 equisque
823 1015 866 1058 in
894 1014 1080 1072 patrium
1107 1020 1387 1071 nostrumque
1411 1027 1577 1057 morem
1597 1014 1823 1059 exercitus.
1854 1015 1981 1072 igitur

186 1092 346 1137 Caesar
366 1098 538 1136 auctum
557 1091 752 1149 pecunia,
786 1090 942 1134 additis
962 1088 1248 1146 stipatoribus,
1280 1088 1472 1132 hortatur
1491 1089 1648 1147 gentile
1669 1089 1805 1134 decus
1825 1102 1978 1148 magno
1992 1105 2030 1136 io

184 1168 328 1212 animo
357 1180 611 1224 capessere:
642 1165 762 1209 illum
790 1165 975 1223 primum
1006 1166 1167 1208 Romae
1196 1170 1354 1217 ortum,
1386 1178 1469 1209 nec
1495 1164 1693 1209 obsidem
1721 1165 1799 1210 sed
1828 1166 1977 1218 civem,

186 1243 249 1288 ire
278 1249 503 1287 externum
531 1241 586 1286 ad
622 1242 862 1299 imperium.
894 1253 946 1284 ac
983 1240 1123 1298 primo
1152 1239 1291 1283 laetus
1323 1240 1546 1284 Germanis
1575 1240 1803 1293 adventus,
1850 1247 1979 1300 atque

186 1332 262 1371 eo,
294 1318 412 1377 quod
442 1317 570 1362 nullis
599 1315 829 1361 discordiis
858 1315 1033 1359 inbutus
1057 1315 1150 1374 pari
1172 1315 1215 1358 in
1236 1315 1375 1359 omnis
1395 1315 1538 1359 studio
1557 1323 1724 1375 ageret,
1755 1316 1978 1369 celebrari,

249 1470 282 1505 4.
306 1470 499 1504 retinendae
517 1469 773 1513 firmandaeque
794 1468 1032 1510 haruspicinae
1054 1467 1270 1511 Nipperdey.
1298 1485 1334 1492 -
1359 1469 1392 1502 5.
1418 1469 1523 1502 Roma
1545 1469 1753 1503 Rhenanus:
1779 1478 1874 1516 rome
1894 1470 1978 1504 M—

185 1527 349 1560 ammissis
370 1527 404 1560 M
429 1544 466 1550 —
498 1526 531 1559 7.
555 1526 657 1558 italus
679 1526 715 1558 h.
742 1524 764 1558 l.
790 1526 840 1565 M,
866 1525 931 1558 sed
955 1534 986 1558 c.
1013 1525 1054 1558 47
1077 1526 1241 1558 italicum.
1270 1543 1307 1550 —
1339 1527 1431 1568 flauo
1454 1527 1506 1560 M:
1531 1526 1648 1560 Flavio
1670 1526 1786 1569 vulgo.
1813 1526 1864 1560 Cf.
1889 1528 1979 1560 Ann.

185 1584 223 1624 2,
248 1583 280 1616 9.
308 1601 345 1606 -
370 1582 402 1616 8.
427 1583 570 1615 armenii
592 1584 626 1617 M
651 1600 689 1607 —
716 1582 892 1615 Catumero
915 1581 1005 1615 inira
1023 1582 1066 1625 (c.
1085 1582 1137 1624 47)
1162 1583 1214 1615 Μ;
1240 1586 1409 1616 actumero
1432 1581 1468 1616 h.
1486 1582 1509 1616 l.
1535 1583 1568 1616 M
1590 1581 1712 1626 (quam
1734 1584 1886 1617 nominis
1908 1584 1983 1617 for-

183 1647 283 1673 mam
303 1647 429 1672 veram
450 1638 561 1672 habet
581 1638 788 1673 Miillenhoff
806 1638 960 1672 Zeitschr.
978 1638 1005 1680 f.
1023 1638 1056 1671 d.
1077 1638 1214 1672 Alterth.
1232 1638 1288 1679 IX,
1313 1648 1349 1682 p.
1369 1638 1463 1681 223);
1489 1638 1679 1674 Οαιιυηισνο
1702 1642 1730 1674 G
1751 1658 1796 1665 -
1816 1643 1983 1673 cattorum

186 1696 220 1730 M
243 1713 280 1720 -
307 1697 359 1730 40.
383 1695 537 1738 auctum]
568 1699 730 1738 auyustus
751 1694 874 1728 ultima
896 1694 1012 1728 littera
1035 1703 1079 1728 ex
1102 1696 1323 1728 correctione
1346 1696 1380 1730 M
1405 1713 1442 1720 -
1479 1697 1534 1730 43.
1558 1705 1596 1731 eo
1619 1697 1707 1738 quod
1727 1697 1781 1731 M:
1813 1706 1852 1731 eu
1873 1697 1983 1740 magis

187 1753 275 1795 quod
297 1754 325 1786 G
350 1770 386 1776 —
412 1750 538 1786 ‹nnsM
562 1768 599 1776 —-
625 1753 715 1785 Ante
738 1752 891 1786 verbum
913 1755 1027 1795 ageret
1047 1750 1163 1785 littera
1188 1761 1289 1786 erasa
1314 1753 1368 1786 est
1389 1752 1425 1786 in
1448 1753 1494 1787 M.

187 1894 211 1929 ὰ
233 1895 430 1929 d'Aberdeen
455 1905 490 1938 p.
516 1896 572 1930 66.
607 1895 790 1938 Rossignol
819 1897 855 1929 in
886 1898 994 1930 Revue
1023 1896 1062 1929 de

183 1947 363 1990 philologio
385 1948 417 1987 Ι,
442 1947 462 1979 2
486 1956 521 1989 p.
547 1947 622 1980 409.
644 1965 679 1970 -
705 1948 798 1980 nobis
822 1956 951 1988 quoque
970 1956 1062 1988 pau—

186 1996 256 2040 cae]
281 1997 412 2030 Latinis
435 1997 592 2039 primum
616 2006 687 2030 ιιοιι
710 1998 777 2030 nisi
793 1997 951 2030 sedecim
973 1996 1063 2030 litte-

188 2056 262 2080 rae.
298 2046 419 2089 Kappa
443 2044 626 2080 Sallustius
648 2045 892 2089 ludimagister
914 2047 1060 2087 invenit,

187 2105 328 2139 gamma
362 2097 509 2139 Spurius
540 2096 723 2130 Carvilius.
765 2097 960 2139 (Plutarch.
994 2098 1059 2137 Qu.

187 2148 286 2179 Rom.
312 2147 354 2179 55
382 2155 418 2189 p.
443 2147 507 2179 277
530 2146 597 2188 1));
633 2145 787 2180 litteram
810 2147 840 2180 X
868 2149 967 2180 aetas
989 2150 1062 2180 Au-

187 2197 290 2238 gusti.
314 2197 402 2229 L1PS.
422 2214 458 2222 ·-
483 2199 551 2230 tres
572 2197 702 2230 litteras
724 2198 847 2230 adiecit
866 2198 948 2240 cet.]
973 2198 1062 2230 Sue-

187 2245 411 2281 ton.¹Claud.
436 2246 474 2280 44
492 2257 499 2279 :
536 2248 652 2280 Novas
673 2248 774 2280 etiam
794 2252 995 2282 conmeatus
1016 2251 1064 2281 est

187 2297 317 2330 litteras
338 2300 406 2330 tres
423 2306 464 2330 ac
478 2306 623 2331 numero
635 2301 784 2331 veterum
800 2300 898 2339 quasi
912 2300 1063 2332 maoeime

187 2347 393 2380 necessarias
414 2348 566 2387 addidit;
598 2349 637 2381 de
667 2357 812 2390 quarum
832 2350 965 2382 ratione
986 2358 1063 2381 cwm

184 2398 343 2438 privatus
364 2397 472 2430 adhuc
492 2397 646 2431 volumen
668 2399 837 2440 edidisset,
865 2408 947 2432 moa:
965 2400 1064 2440 prin-

188 2455 263 2488 ceps
288 2455 355 2479 non
385 2447 564 2490 difficulter
585 2448 745 2489 obtinuit,
773 2452 811 2481 ut
831 2450 869 2482 in
889 2458 955 2482 usu
977 2459 1061 2490 quo-

190 2505 254 2540 que
274 2498 466 2539 promiscuo
495 2501 609 2531 essent.
646 2498 770 2531 Exstat
791 2498 871 2532 talis
891 2500 1063 2540 scriptura

188 2548 225 2580 in
254 2548 424 2589 plerisque
458 2548 571 2588 libris,
606 2549 691 2581 actis
724 2550 856 2583 diurnis
891 2550 1063 2592 titulisque

189 2606 336 2639 operm.
366 2598 482 2632 Prima
505 2597 569 2632 fuit
590 2598 768 2641 digamma
791 2601 858 2633 hac
882 2600 992 2642 figura
1016 2603 1060 2640 d,

190 2656 234 2682 eo
256 2646 402 2682 consilio
424 2648 624 2688 inventum,
649 2650 689 2681 ut
707 2650 736 2682 V
750 2658 908 2683 consona
931 2649 1063 2682 discer-

189 2699 335 2731 neretur
349 2707 371 2730 a
385 2698 414 2731 V
429 2697 554 2740 vocali,
578 2699 668 2732 utin
683 2700 860 2742 Avmvs,
881 2700 1058 2740 SERdvs3

189 2746 300 2781 altera
330 2748 533 2789 antisigma,
564 2749 662 2791 quod
685 2751 840 2783 Graecae
862 2749 999 2783 litterae
1027 2749 1066 2782 Ψ

188 2799 267 2831 vice
290 2798 514 2840 fungeretur,
539 2798 652 2832 forma
677 2808 702 2841 ξ)
716 2825 724 2840 ,
749 2801 851 2833 tertia
874 2800 920 2833 ad
943 2800 1062 2842 expri-

189 2847 362 2881 mendum
386 2849 543 2882 Graecae
574 2847 712 2882 litterae
734 2849 764 2882 Y
784 2859 912 2883 sonum
936 2851 1028 2883 inter
1049 2850 1062 2882 i

190 2900 227 2932 et
247 2908 272 2931 u
301 2898 526 2940 ambiguum,
562 2900 631 2933 hac
658 2900 771 2942 figura
794 2901 830 2941 b,
857 2900 956 2934 velut
985 2901 1062 2934 ΑΕ-

190 2949 369 2989 Gi-PTVS,
401 2949 580 2983 eiCst.
617 2951 828 2984 Litterarum
851 2950 1062 2984 Claudiana-

190 3007 271 3032 rum
304 2999 441 3041 primae
475 3000 512 3032 et
545 3000 670 3033 tertiae
705 2999 868 3043 exempla
895 3002 933 3034 in
953 3001 1061 3034 titulis

191 3050 320 3083 Latinis
349 3058 421 3083 ιιοιι
451 3058 565 3092 pauca
587 3053 783 3093 supersunt
805 3053 944 3093 (Inscrr.
969 3053 1058 3085 Latt.

191 3109 227 3132 ιι.
245 3100 320 3132 650.
338 3099 413 3132 740.
431 3099 507 3132 744.
524 3099 600 3133 744.
620 3101 719 3134 2275.
733 3101 831 3134 3433.
845 3101 942 3134 3842.
961 3100 1058 3135 6445.

191 3148 290 3182 74⁴9.
322 3149 436 3182 Etiam
457 3149 493 3182 in
516 3149 626 3182 Iahnii
648 3151 800 3192 Specim.
826 3159 861 3183 n.
884 3151 946 3183 457
970 3151 1062 3184 Hen-

191 3199 293 3231 zenio
326 3200 418 3232 teste
452 3198 661 3232 GLFCONIS
693 3199 886 3241 legendum
916 3201 970 3233 est
995 3209 1060 3242 pro

193 3248 414 3289 GLlCONIS),
438 3247 582 3281 alterius
605 3256 676 3280 non
699 3249 796 3281 item.
822 3249 951 3282 Usitata
972 3257 1059 3282 vero

192 3298 366 3339 scriptura
387 3299 527 3332 servata
550 3298 604 3330 est
625 3298 661 3330 in
678 3296 813 3330 Claudii
829 3297 885 3330 illa
901 3299 1058 3331 oratione

193 3346 352 3387 Lugduni
385 3348 527 3389 reperta
560 3347 597 3380 in
625 3345 773 3388 aliisque
797 3347 874 3380 eius
895 3346 1003 3381 titulis
1025 3349 1061 3380 et

194 3393 326 3429 urbicis
349 3398 385 3430 et
405 3395 689 3439 provincialibus.
726 3396 778 3430 Cl.
803 3396 942 3436 Quintil.
968 3398 1000 3438 4,
1025 3397 1057 3438 7,

193 3442 250 3477 27.
271 3444 470 3481 Priscianm
484 3447 500 3480 4
525 3454 563 3489 p.
579 3444 644 3480 545
659 3453 714 3488 sq.
731 3445 809 3480 558.
832 3444 952 3480 Velius
966 3446 1061 3480 Lon-

1112 1904 1176 1937 gus
1190 1893 1236 1938 'p.
1261 1896 1360 1930 2235.
1397 1897 1517 1930 Franc.
1543 1897 1740 1931 Buecheler
1762 1899 1801 1932 de
1818 1898 1864 1932 Ti.
1883 1898 1984 1932 Clau-

1111 1946 1166 1978 dio
1190 1946 1334 1979 Caesare
1354 1948 1589 1988 yrammatico,
1613 1946 1744 1981 Elberf.
1764 1948 1860 1982 4856.
1886 1967 1922 1973 -
1945 1947 1983 1981 in

1111 2005 1189 2029 aere
1204 1996 1350 2039 publico]
1377 1997 1428 2030 Cf.
1455 1997 1513 2038 42,
1538 1998 1594 2031 53.

1157 2048 1209 2080 45.
1235 2048 1371 2090 collegio
1392 2048 1624 2090 haruspicium]
1660 2048 1855 2091 Collegium
1878 2059 1982 2083 sexa-

1111 2099 1204 2139 ginta
1227 2098 1455 2141 haruspicum
1478 2099 1546 2133 sub
1570 2100 1844 2142 imperatoribus
1863 2100 1946 2134 inde
1962 2110 1983 2133 a

1113 2146 1246 2181 Claudii
1270 2148 1492 2190 temporibus
1515 2148 1622 2183 fuisse
1639 2151 1777 2183 constat
1792 2159 1835 2183 ex
1850 2152 1980 2184 Inscrr.

1112 2198 1200 2231 Latt.
1226 2207 1262 2231 ιι.
1281 2199 1361 2232 2294
1373 2199 1509 2232 -2295,
1533 2216 1569 2223 -
1594 2200 1827 2242 vetustissima]
1851 2201 1982 2243 quippe

1110 2248 1188 2290 ipsa
1210 2248 1300 2281 urbe
1323 2249 1434 2282 Roma
1457 2249 1645 2291 antiquior.
1666 2267 1703 2274 -
1726 2251 1914 2293 disciplina]
1937 2250 1982 2283 de

1111 2306 1181 2339 qua
1210 2298 1291 2331 vide
1314 2297 1461 2332 Mueller
1481 2300 1644 2333 Etrusker
1664 2301 1713 2340 11,
1742 2309 1778 2343 p.
1805 2301 1819 2333 4
1854 2302 1891 2334 et
1918 2309 1984 2343 per

1112 2349 1291 2390 epitomen
1307 2348 1342 2382 in
1358 2348 1470 2382 Ersch
1481 2350 1743 2391 Encyctopaeda'e
1758 2351 1799 2390 ΙΙ,
1818 2351 1838 2384 7
1853 2359 1890 2393 p.
1904 2351 1980 2384 274.

1115 2416 1150 2421 -
1166 2399 1301 2441 accitos]
1317 2399 1388 2431 Cic.
1399 2398 1444 2431 de
1457 2399 1607 2442 Harusp.
1623 2409 1719 2443 resp.
1733 2400 1753 2442 ἓ
1765 2401 1825 2435 25:
1851 2401 1889 2434 Si
1899 2410 1982 2435 exa-

1111 2457 1184 2480 men
1201 2449 1316 2490 apium
1327 2449 1416 2482 ludis
1424 2450 1461 2481 in
1473 2458 1629 2483 scaenam
1641 2460 1819 2484 caveamve
1829 2453 1981 2493 venisset,

1111 2498 1302 2540 haruspices
1317 2499 1491 2532 acciendos
1505 2509 1550 2532 ex
1563 2500 1706 2534 Etruria
1717 2504 1927 2543 putaremus.
1942 2519 1979 2526 -—

1105 2550 1336 2590 primoresque
1356 2550 1517 2583 Etruriae
1537 2551 1619 2593 eet.]
1643 2552 1758 2584 Locus
1780 2553 1981 2594 primarius,

1112 2599 1178 2633 sed
1193 2599 1387 2632 admodum
1401 2600 1651 2634 controversus
1663 2602 1718 2634 est
1731 2602 1803 2635 Cic.
1817 2602 1862 2634 de
1875 2603 1979 2644 Legg.

1111 2650 1151 2690 2,
1175 2649 1215 2682 9:
1247 2649 1393 2682 Etruria
1417 2650 1586 2692 principes
1612 2651 1824 2692 disciplinam
1854 2654 1979 2693 doceto,

1111 2699 1173 2732 ubi
1183 2699 1353 2740 principes
1368 2699 1518 2742 intellige
1537 2701 1735 2744 principum
1750 2703 1982 2736 Etruscorum

1111 2748 1212 2790 filios,
1229 2758 1300 2782 ιιοιι
1315 2750 1566 2784 Romanorum.
1593 2751 1643 2785 Cf.
1663 2751 1818 2786 eundem
1834 2753 1879 2787 de
1899 2754 1977 2787 Nat.

1111 2799 1211 2832 deor.
1237 2800 1277 2839 2,
1302 2799 1335 2832 4.
1369 2799 1413 2832 de
1436 2800 1586 2833 Divinat.
1613 2803 1644 2841 4,
1669 2802 1724 2835 44.
1753 2820 1789 2827 -—-
1822 2807 1981 2836 eoeternae

1108 2848 1365 2891 superstitiones]
1382 2849 1605 2891 ludaeorum,
1618 2852 1884 2894 Aegyptiorum,
1898 2855 1982 2887 Per-

1111 2909 1245 2933 sarum.
1271 2915 1308 2922 —-
1334 2908 1438 2932 ne-·-
1453 2899 1720 2944 oblitorum-entur]
1752 2905 1774 2937 i.
1801 2913 1833 2937 e.
1857 2905 1980 2946 prohi-

1109 2949 1229 2982 bendo
1257 2957 1302 2981 ne
1317 2965 1366 2973 —-
1381 2948 1664 2985 obliterarentur.
1697 2953 1749 2985 Cf.
1777 2955 1833 2994 42,
1858 2954 1913 2987 47.
1938 2970 1975 2978 —·

1109 3000 1196 3031 inter
1228 2998 1402 3040 ambiqua]
1437 3000 1473 3032 iu
1506 3000 1615 3034 rebus
1650 3001 1778 3036 dubiis.
1807 3020 1843 3027 -
1881 3002 1977 3046 quae]

1110 3047 1240 3090 Supple
1264 3049 1472 3090 cogitatione
1495 3051 1660 3085 instituta.

1155 3099 1207 3131 46.
1234 3099 1472 3133 Cheruscorum
1492 3102 1582 3144 qens]
1605 3103 1693 3136 Vide
1717 3105 1835 3135 Germ.
1860 3104 1914 3137 36.
1937 3121 1974 3127 -

1108 3157 1220 3190 regem
1227 3149 1331 3182 Roma
1339 3151 1484 3193 petierit]
1498 3151 1548 3184 Cf.
1559 3152 1592 3191 2,
1604 3153 1617 3184 4
1633 3161 1640 3184 :
1654 3154 1796 3193 petitum
1805 3154 1910 3186 Roma
1921 3162 1977 3187 ac-

1107 3201 1301 3239 ceptumque
1310 3208 1431 3241 reyem.
1450 3200 1544 3240 6,34;
1562 3202 1741 3242 Phraaten,
1753 3204 1842 3244 reyis
1852 3204 1977 3237 Phra&

1108 3248 1150 3280 tis
1162 3248 1281 3290 filhan,
1297 3249 1402 3281 Roma
1411 3250 1599 3290 poscebant.
1624 3252 1677 3290 42,
1696 3250 1755 3284 ⁴4:
1771 3254 1977 3293 camminen-

1109 3297 1152 3329 tis
1167 3299 1336 3339 coynitum
1357 3302 1421 3339 est,
1446 3299 1608 3332 barbaros
1628 3300 1728 3332 malle
1742 3301 1847 3334 Roma
1864 3305 1977 3342 petere

1108 3355 1202 3389 reyes
1216 3356 1318 3388 quam
1331 3348 1461 3382 habere.
1480 3367 1515 3372 -
1530 3350 1621 3389 apud
1635 3349 1762 3391 urbem]
1777 3358 1847 3384 non
1862 3361 1974 3395 prope

1110 3397 1270 3438 Romam,
1295 3399 1334 3431 ut
1347 3397 1439 3431 male
1457 3397 1629 3439 nonnulli,
1645 3399 1762 3433 sedin
1776 3401 1854 3443 ipsa
1869 3401 1972 3436 urbe.

1113 3463 1150 3471 —
1174 3446 1290 3490 Flavo]
1319 3447 1374 3481 Cf.
1397 3448 1436 3488 2,
1461 3447 1494 3480 9.
1522 3464 1558 3472 ——-
1585 3449 1707 3490 gentile
1726 3450 1835 3493 ἄρσας]
1859 3451 1974 3494 digni-
