2254 3770
287 278 370 322 286
764 279 808 321 Ρ.
842 277 1091 321 CORNELII
1122 277 1292 322 TACITI
1321 277 1589 323 ANNALIUM

286 399 357 428 res
401 384 639 428 mortalium
676 391 719 428 et
754 384 1011 428 necessitate
1048 384 1297 428 immutabili
1327 398 1380 428 an
1410 385 1518 429 forte
1548 385 1781 431 volvantur.
1820 386 1982 445 quippe
2012 401 2081 431 sa-

287 461 574 518 pientissimos
604 467 816 509 veterum,
849 459 1011 517 quique
1044 466 1204 507 sectam
1235 474 1386 504 eorum
1415 460 1697 513 aemulantur,
1731 463 1925 507 diversos
1955 477 2081 522 repe-

287 536 393 586 ries,
426 550 476 579 ac
506 536 649 578 multis
679 535 846 578 insitam
876 535 1120 592 opinionem
1153 551 1236 579 non
1267 536 1385 579 initia
1417 537 1570 588 nostri,
1603 551 1686 581 non
1719 537 1864 586 finem,
1899 553 1982 583 non
2004 539 2081 583 de-

286 612 417 670 nique
450 612 643 654 homines
675 611 740 654 dis
771 624 922 662 curae3
964 611 1064 655 ideo
1095 611 1357 655 creberrime
1386 612 1522 656 tristia
1552 613 1593 655 in
1624 613 1782 665 bonos,
1822 614 1934 658 laeta
1965 614 2079 673 apud

254 687 524 731 sdeteriores
563 700 673 731 esse.
721 692 869 730 contra
899 686 966 730 alii
1004 687 1132 730 fatum
1164 686 1340 745 quidem
1370 701 1606 745 congruere
1636 689 1765 734 rebus
1794 697 1962 748 putant,
2001 689 2079 734 sed

287 777 370 807 non
402 776 427 806 e
457 763 575 819 vagis
606 760 757 811 stellis,
789 776 940 805 verum
961 762 1073 820 apud
1106 763 1312 820 principia
1335 769 1377 806 et
1397 777 1532 807 nexus
1553 765 1808 809 naturalium
1828 779 2079 819 causarum3

286 853 337 883 ac
366 845 508 882 tamen
539 837 794 881 electionem
822 838 933 881 vitae
966 838 1090 881 nobis
1120 838 1383 895 relinquunt,
1417 853 1547 897 quam
1575 841 1648 884 ubi
1680 840 1882 899 elegeris,
1915 848 2079 886 certum
2122 824 2129 835 .

287 914 594 957 imminentium
627 913 833 956 ordinem.
881 927 1023 971 neque
1053 913 1163 957 mala
1194 913 1259 957 vel
1290 914 1404 957 bona
1434 928 1547 972 quae
1575 915 1727 974 vulgus
1756 923 1894 975 putet:
1925 917 2080 962 multos

287 990 361 1049 qui
392 988 624 1034 conflictari
645 988 842 1032 adversis
864 989 1097 1040 videantur,
1124 989 1285 1039 beatos
1309 996 1351 1033 at
1370 989 1603 1049 plerosque
1624 1006 1886 1051 quamquam
1906 1007 2080 1052 magnas

237 1080 365 1125 ioper
404 1079 511 1123 opes
549 1064 827 1113 miserrimos,
875 1066 908 1108 si
949 1064 1004 1108 illi
1046 1078 1220 1122 gravem
1258 1065 1466 1110 fortunam
1508 1073 1752 1111 constanter
1795 1068 1992 1120 tolerent,
2038 1069 2079 1112 hi

286 1155 497 1200 prospera
532 1140 770 1184 inconsulte
810 1147 992 1183 utantur.
1047 1146 1238 1184 ceterum
1277 1140 1469 1199 plurimis
1499 1142 1741 1186 mortalium
1769 1158 1853 1188 non
1884 1145 2082 1189 eximitur

287 1218 388 1276 quin
421 1217 557 1275 primo
583 1216 793 1274 cuiusque
816 1222 910 1260 ortu
936 1222 1111 1259 ventura
1132 1216 1416 1270 destinentur3
1448 1218 1526 1262 sed
1546 1219 1758 1277 quaedam
1780 1233 1919 1271 secus,
1950 1234 2080 1279 quam

286 1295 399 1338 dicta
429 1293 531 1343 sint,
573 1291 748 1342 cadere,
792 1291 967 1335 fallaciis
997 1292 1144 1349 ignara
1173 1291 1430 1336 dicentium:
1473 1295 1529 1338 ita
1558 1295 1773 1354 corrumpi
1803 1295 1935 1341 fidem
1964 1296 2079 1347 artis,

287 1370 409 1414 cuius
448 1368 562 1413 clara
593 1368 849 1411 documenta
879 1373 921 1410 et
950 1367 1125 1425 antiqua
1155 1374 1273 1411 aetas
1304 1375 1346 1411 et
1377 1375 1520 1413 nostra
1549 1370 1703 1415 tulerit.
1748 1371 1909 1430 quippe
1939 1386 1964 1416 a
1993 1371 2080 1415 filio

238 1445 483 1490 ⁴5.eiusdem
504 1442 708 1487 Thrasulli
740 1441 1009 1500 praedictum
1028 1443 1208 1486 Neronis
1236 1443 1464 1501 imperium
1486 1445 1526 1488 in
1546 1451 1741 1504 tempore
1760 1447 2077 1499 memorabitur,

286 1535 340 1565 ne
371 1534 484 1564 nunc
513 1519 684 1577 incepto
715 1517 881 1575 longius
912 1517 1106 1566 abierim.

399 1597 482 1653 (23)
512 1595 654 1639 Isdem
685 1593 932 1638 consulibus
963 1594 1094 1637 Asinii
1127 1594 1231 1638 Galli
1262 1609 1377 1639 mors
1399 1595 1604 1654 vulgatur,
1637 1611 1766 1655 quem
1787 1605 1975 1657 egestate
1996 1599 2079 1643 cibi

286 1679 556 1732 peremptum
594 1671 677 1715 hau
716 1670 910 1720 dubium,
959 1676 1111 1728 sponte
1152 1670 1220 1714 vel
1260 1672 1537 1722 necessitate,
1584 1673 1794 1718 incertum
1831 1674 2079 1719 habebatur.

350 1777 383 1810 2.
407 1776 570 1817 repericcs
598 1774 636 1816 (i.
663 1783 694 1806 e.
720 1772 885 1814 reperias)
923 1781 1015 1806 corr.
1047 1772 1092 1806 ab
1125 1773 1253 1807 eadem
1277 1783 1385 1807 manu
1412 1775 1447 1808 in
1475 1776 1637 1817 reperiecs
1659 1777 1694 1819 (i.
1718 1786 1751 1810 e.
1776 1777 1935 1819 reperies,
1970 1776 2081 1811 altera

286 1829 384 1870 parte
409 1825 545 1859 litterae
569 1834 592 1857 a
614 1834 683 1858 nou
700 1823 826 1865 deleta)
844 1824 877 1858 M
904 1841 939 1847 —
967 1824 999 1857 4.
1018 1823 1216 1857 creberrime
1238 1825 1518 1859 Freinshemius:
1542 1826 1744 1860 creberrima
1765 1831 1796 1861 et
1817 1829 1851 1862 M
1876 1845 1913 1852 -
1940 1828 1993 1862 42.
2011 1828 2082 1861 dis-

286 1880 432 1912 tinentur
462 1878 494 1910 M
526 1893 562 1898 —
594 1875 646 1908 46.
673 1875 824 1907 aberrem
853 1874 1028 1908 Heinsius.
1058 1892 1094 1897 —
1128 1874 1180 1907 48.
1206 1875 1409 1909 haudubium
1431 1878 1463 1910 M
1496 1894 1532 1900 -
1562 1877 1616 1909 uel
1637 1877 1716 1919 (per
1739 1878 2002 1922 compendium)
2025 1879 2077 1913 M:

285 1939 331 1963 an
353 1929 508 1963 Ursinus.
540 1925 617 1959 «Cf.
642 1925 675 1965 4,
701 1925 754 1958 33.
780 1924 841 1957 ubi
864 1926 985 1957 tamen
1008 1923 1111 1957 lectio
1135 1926 1343 1959 Romanasne
1366 1925 1492 1960 saltem
1515 1927 1647 1960 incerta
1673 1929 1738 1961 est.
1775 1928 1836 1970 44,
1854 1928 1893 1962 3:
1925 1929 2082 1963 hactenus

283 1979 474 2013 consultans
493 1986 616 2010 veneno
639 1985 685 2009 an
706 1975 797 2018 ferro
818 1975 870 2008 vel
892 1983 960 2016 qua
982 1975 1054 2008 alia
1074 1976 1110 2009 vi
1132 1977 1199 2008 cet.
1226 1976 1313 2009 Hlst.
1338 1977 1378 2018 2,
1403 1976 1480 2011 44.»
1505 1978 1615 2011 Hui«.

288 2092 324 2100 -—
351 2071 475 2114 multis]
502 2071 694 2113 Epicureis.
723 2089 758 2095 —
787 2074 906 2103 contra
927 2069 1004 2112 alii]
1036 2071 1152 2103 Stoici.

285 2124 386 2158 conr.
412 2123 485 2156 Cic.
512 2121 556 2154 de
580 2122 620 2154 N.
646 2122 688 2154 D.
714 2122 752 2161 2,
785 2120 826 2153 30
851 2122 887 2153 et
909 2120 954 2153 ad
977 2121 1012 2153 h.
1037 2119 1059 2152 l.
1086 2121 1156 2153 im—

284 2175 406 2218 primis
431 2172 650 2213 Chrysippus
673 2170 768 2213 apud
792 2170 938 2204 Gellium
962 2172 1001 2210 6,
1027 2172 1060 2204 2.
1092 2173 1156 2204 Se·

285 2234 372 2259 neca
397 2225 473 2257 Nat.
500 2223 539 2261 Q.
565 2223 597 2261 2,
623 2221 665 2254 35
689 2230 743 2263 sq.
780 2221 879 2254 Idem
903 2221 948 2255 de
966 2222 1086 2255 Benef.
1112 2222 1153 2261 4,

285 2278 325 2309 7:
358 2276 453 2308 Hunc
482 2273 619 2306 eundem
647 2271 777 2314 (deum)
809 2276 840 2304 et
872 2273 1007 2314 fatum
1040 2275 1068 2306 si
1102 2274 1156 2306 di-

284 2328 395 2366 xeris,
427 2334 494 2357 non
515 2324 693 2356 mentieris.
729 2323 819 2355 Nam
841 2333 916 2355 cum
943 2324 1053 2365 fatum
1075 2325 1157 2357 nihil

285 2378 379 2411 aliud
399 2376 441 2407 sil
464 2383 567 2415 quam
589 2374 688 2406 series
708 2373 846 2414 inplexa
868 2383 1069 2415 causarwm,
1101 2374 1157 2407 ille

284 2431 332 2461 est
349 2427 463 2467 prima
478 2425 627 2457 omnium
642 2432 746 2456 causa
756 2449 766 2463 ,
791 2432 835 2456 ea:
850 2432 919 2466 qua
937 2427 1064 2457 ceterae
1079 2434 1158 2465 pen-

284 2478 371 2510 dent.
393 2491 429 2500 -
455 2483 522 2507 non
543 2482 561 2506 e
582 2474 678 2515 vagis
699 2473 800 2506 stellis
821 2473 903 2516 cet.]
929 2472 1155 2516 brachylogia

284 2535 350 2570 pro
382 2533 478 2558 «non
510 2533 530 2556 e
560 2524 658 2565 vagis
682 2522 791 2556 stellis
818 2523 995 2566 pendere,
1031 2533 1156 2557 verum

285 2585 367 2610 esse
391 2583 513 2608 earum
537 2574 693 2615 regimen
712 2573 807 2615 apud
822 2574 993 2616 principia
1009 2575 1100 2608 cet.»
1117 2592 1154 2598 —

285 2626 377 2668 apua
395 2624 566 2665 principia
589 2623 670 2665 cet.]
696 2622 874 2666 Quidquid
897 2624 992 2657 enim
1015 2624 1155 2665 accidit,

286 2686 329 2710 ex
349 2673 558 2709 immutabili
575 2682 763 2707 causarum
781 2674 1047 2708 cohaerentium
1063 2675 1155 2708 serie

286 2726 451 2768 fatalique
485 2724 640 2767 quadam
670 2725 882 2758 necessitate
906 2725 1153 2767 proficiscitur,

287 2787 330 2811 ea
354 2779 472 2810 tamen
505 2776 673 2817 principio
702 2775 748 2807 ita
773 2775 978 2815 constituta,
1009 2777 1048 2808 ut
1071 2785 1154 2809 cum

286 2827 505 2871 providentia
534 2826 650 2859 divina
676 2825 781 2867 plane
805 2826 1014 2859 consentiat.
1047 2827 1152 2859 Bacu.

285 2897 330 2904 —
351 2881 464 2911 tamen
486 2877 690 2917 electionem]
723 2877 744 2909 i.
771 2885 802 2909 e.
827 2876 979 2910 liberum
1003 2877 1155 2910 hominis

286 2929 483 2967 arbitrium,
508 2927 608 2960 cuius
631 2935 771 2959 summa
793 2928 829 2959 in
853 2937 895 2960 eo
918 2929 1092 2967 versatur,
1117 2929 1157 2960 ut

287 2981 434 3013 naturae
458 2977 710 3011 convenienter
732 2977 840 3011 vivas.
859 2978 955 3011 Inna.
977 2995 1012 3002 —
1039 2977 1152 3020 quam]

286 3029 361 3064 scil.
386 3029 494 3063 vitam
516 3035 544 3061 s.
563 3027 654 3060 vitae
679 3035 800 3067 genus.
823 3044 858 3051 -
883 3028 1004 3060 multos
1018 3045 1067 3052 -—
1081 3028 1157 3060 bea-

287 3079 353 3122 tos]
385 3078 437 3112 Cf.
463 3076 567 3111 Solon
590 3075 686 3119 apud
709 3076 839 3111 Herod.
867 3078 897 3116 4,
923 3077 983 3109 32:
1020 3075 1155 3111 πολλοὶ

286 3129 359 3173 μὲν
391 3125 464 3175 γὰρ
497 3124 702 3170 ζάπλουτοι
735 3121 947 3168 ἀνθρώπιον
978 3123 1155 3168 ἀνόλβιοὶ

288 3180 384 3219 εἰσι,
410 3177 545 3212 πολλοὶ
566 3175 608 3210 δὲ
629 3176 790 3222 μετρίως
811 3171 966 3220 ἔχοντες
984 3177 1074 3218 βίου
1091 3174 1148 3212 εῦ-

287 3229 429 3270 τυχέες.
458 3229 574 3262 Horat.
601 3228 640 3260 C.
658 3225 690 3268 4,
708 3226 741 3266 9,
758 3224 819 3259 4ὅ;
844 3227 920 3260 Νοη
938 3228 1155 3269 possidentem

287 3279 395 3311 multa
417 3279 589 3311 vocaveris
602 3279 689 3310 recte
704 3274 834 3308 beatum
843 3285 854 3307 .·
877 3277 1000 3309 rectius
1015 3280 1156 3318 occupat

287 3337 404 3360 nomen
427 3327 530 3367 beati,
556 3327 614 3369 qui
636 3326 772 3359 deorum
786 3324 976 3357 muneribus
990 3326 1155 3366 sapienter

287 3377 338 3409 uti
359 3377 544 3417 duramque
566 3375 663 3409 callet
680 3375 876 3416 pauperiem
901 3374 987 3414 pati.
1014 3391 1050 3397 —
1086 3384 1153 3407 non

287 3427 460 3468 eoeimitur]
490 3434 561 3459 non
583 3425 679 3459 demi
701 3426 819 3468 potest
839 3423 976 3466 opinio,
1001 3431 1151 3466 persue-

1206 2070 1269 2104 sio.
1295 2070 1503 2105 Subiectum
1525 2071 1626 2105 verbi
1649 2074 1732 2106 sunt
1752 2074 1911 2116 proxima
1934 2074 2015 2115 quin
2029 2091 2080 2099 --

1206 2122 1418 2155 destinentur.
1463 2141 1498 2149 -
1533 2123 1681 2165 fallaciis
1721 2124 1846 2165 iqnara
1882 2124 2079 2166 dicentiiem]

1207 2173 1330 2206 fraude
1354 2174 1686 2207 mathematicorum
1710 2182 1752 2205 ea
1783 2173 2075 2216 praedicentium,

1208 2232 1300 2265 quae
1325 2224 1390 2266 ipsi
1413 2225 1584 2265 ignorent.
1608 2241 1644 2246 —
1670 2223 1842 2264 corrumpi·
1861 2224 1959 2266 fldem
1980 2224 2076 2267 artis]

1209 2275 1260 2307 Cf.
1286 2275 1324 2314 4,
1349 2276 1403 2308 58.
1435 2275 1520 2308 Hist.
1547 2275 1578 2314 4,
1605 2274 1658 2306 22.
1688 2291 1723 2297 -
1748 2273 2008 2316 memorabitur]
2036 2274 2079 2308 Et

1209 2328 1444 2358 memoratum
1461 2326 1533 2365 est,
1561 2333 1629 2357 non
1647 2325 1686 2356 ut
1701 2323 1855 2357 editores
1871 2326 2079 2359 asseverant

1207 2384 1350 2415 omnes,
1375 2376 1410 2408 in
1433 2375 1531 2409 libris
1553 2374 1767 2417 deperditis,
1792 2374 1858 2408 sed
1873 2374 1928 2415 44,
1946 2375 1978 2408 9.
1997 2383 2080 2418 sup-

1209 2434 1332 2468 presso
1355 2425 1414 2458 filii
1430 2425 1600 2468 Thrasylli
1626 2426 1786 2458 nomine:
1814 2425 2000 2458 consulenti
2018 2434 2079 2459 eu-

1205 2485 1266 2516 per
1294 2477 1425 2509 Nerone
1455 2476 1676 2519 (Agrippinae
1699 2475 1816 2516 matri)
1838 2476 2079 2517 responderunt

1207 2526 1365 2560 Chaldaei
1391 2527 1463 2568 fore
1491 2529 1530 2558 ut
1557 2526 1739 2566 imperaret
1759 2528 1966 2566 matremque
1986 2525 2078 2558 oeci—

1206 2577 1317 2615 deren
1340 2580 1440 2617 atque
1460 2576 1522 2609 illa
1541 2575 1694 2616 Occidet,
1719 2575 1844 2616 inquit,
1869 2576 1949 2608 dum
1969 2575 2079 2616 ἠκρο-
2131 2593 2134 2596 ·

1205 2629 1265 2659 ret.
1285 2626 1394 2659 Dono.
1413 2643 1450 2650 —
1473 2635 1515 2659 ne
1528 2643 1546 2651 -
1558 2643 1578 2650 —
1593 2625 1726 2668 longius
1740 2623 1890 2667 abierimJ
1913 2623 2078 2658 Similiter

1207 2676 1332 2709 Cicero
1354 2685 1419 2719 pro
1435 2677 1561 2710 Roscio
1576 2676 1742 2709 Amerino
1764 2675 1783 2717 S
1799 2674 1859 2708 47:
1884 2683 1927 2707 ne
1947 2675 2079 2717 longius

1206 2725 1335 2758 abeam.
1361 2735 1425 2767 pro
1442 2726 1593 2759 Caecina
1618 2725 1718 2768 595:
1742 2728 1779 2756 ut
1799 2733 1842 2757 ne
1862 2725 1994 2766 lonpius
2014 2724 2078 2757 ab·

1206 2784 1290 2809 eam.
1317 2776 1368 2808 Ad
1394 2777 1536 2818 tempus
1551 2775 1748 2818 perfectum
1767 2773 1974 2816 Nipperdey
1988 2783 2078 2808 con-

1206 2824 1284 2858 tulit
1317 2825 1406 2859 Flor.
1439 2826 1478 2866 2,
1504 2826 1546 2858 40
1575 2825 1618 2867 (3,
1642 2825 1717 2864 22):
1753 2824 1867 2858 hostile
1891 2827 2004 2866 potius
2031 2834 2077 2858 an

1205 2875 1300 2916 civile
1323 2876 1467 2909 dixerim
1487 2875 1607 2908 nescio.

1249 2976 1303 3009 23.
1327 2975 1433 3009 Asinii
1449 2974 1548 3017 Galli]
1573 2982 1680 3016 quem
1704 2973 1834 3007 eodem
1858 2973 1915 3007 die
1939 2975 1976 3008 et
1993 2983 2076 3008 con·

1205 3026 1322 3058 vivam
1352 3024 1480 3058 Tiberii
1511 3024 1618 3058 fuisse
1642 3025 1678 3057 et
1699 3032 1743 3056 eo
1766 3022 1984 3057 subornaute
2007 3023 2073 3057 da-

1206 3077 1364 3109 mnatum
1388 3076 1509 3108 narrat
1530 3075 1594 3108 Dio
1617 3074 1672 3114 58.
1697 3074 1718 3107 3
1740 3074 1775 3107 in
1794 3075 1884 3108 actis
1900 3075 1981 3107 anni
1995 3073 2072 3107 783.

1207 3125 1269 3165 (Cf.
1296 3125 1450 3158 eundem
1474 3125 1528 3165 58,
1547 3123 1618 3164 23.)
1642 3123 1814 3157 Eusebius
1837 3124 1873 3157 in
1889 3123 2074 3157 Chronicis

1206 3176 1251 3218 (p.
1270 3175 1334 3210 448
1358 3176 1414 3208 ed.
1434 3173 1600 3214 Roncall.)
1622 3174 1747 3211 refert.
1770 3173 1921 3207 Asinium
1940 3173 2075 3206 Gallum

1205 3226 1288 3259 diris
1316 3226 1486 3267 suppliciis
1509 3228 1695 3258 mactatum
1715 3232 1805 3257 anno
1827 3226 1905 3256 ante
1928 3223 1961 3255 T.
1986 3223 2074 3255 Livii

1203 3279 1353 3308 mortem.
1380 3277 1467 3308 Lirs.
1497 3274 1586 3308 Vide
1609 3273 1655 3307 ad
1678 3275 1710 3313 4,
1733 3274 1784 3306 48.
1813 3289 1849 3299 -·
1876 3282 1922 3305 an
1943 3272 2074 3313 sepeliri

1203 3325 1340 3366 sineret]
1372 3325 1423 3358 Cf.
1450 3333 1481 3358 c.
1507 3325 1567 3357 29:
1601 3323 1752 3356 damnati
1777 3322 1956 3364 publicatis
1981 3322 2073 3355 bonu

1201 3375 1375 3416 sepultura
1401 3373 1681 3416 prohibebantur,
1720 3381 1836 3406 eornm
1868 3373 1926 3414 qui
1965 3373 2006 3406 de
2036 3379 2073 3406 se

1201 3424 1390 3458 statuebant
1410 3423 1634 3459 humabantur
1647 3430 1803 3463 corpora,
1825 3421 2071 3458 manebo-ti·-
