2254 3770
737 248 892 295 LIBER
919 248 970 294 11.
1027 248 1130 308 Cap.
1158 248 1226 294 37.
1255 247 1324 294 38.
1352 248 1422 296 39.
1894 249 1969 297 tot

202 364 295 403 tere
322 371 374 402 ac
397 355 513 401 velut
535 354 798 414 perfringere
824 355 1055 407 aerarium,
1077 354 1196 414 quod
1216 356 1251 400 si
1272 356 1502 403 ambitione
1522 355 1866 408 exhauserimus,
1896 371 1977 416 per

201 432 367 478 scelera
393 429 681 490 sup'plendum
708 429 800 474 erit.
844 429 963 474 dedit
991 430 1083 483 tibi,
1115 430 1306 484 Hortale,
1338 431 1462 476 divus
1491 434 1707 491 Augustus
1735 433 1974 491 pecuniam,
2052 478 2068 501 s

201 507 280 553 sed
306 521 392 552 non
421 505 703 564 conpellatus,
733 518 815 550 nec
844 518 898 550 ea
925 505 1020 564 lege
1048 511 1096 550 ut
1123 519 1296 566 semper
1315 507 1501 552 daretur.
1548 507 1798 567 languescet
1816 486 2051 576 alxio‘quiss*

199 582 423 632 industria,
454 579 698 625 intendetur
725 580 940 632 socordia,
972 580 1009 625 si
1038 580 1179 625 nullus
1208 595 1262 626 ex
1290 596 1338 627 se
1367 588 1507 627 metus
1531 589 1604 627 aut
1623 597 1743 642 spes;
1773 589 1816 628 et
1835 583 1976 628 securi

199 671 349 704 omnes
378 656 518 702 aliena
535 655 728 700 subsidia
748 654 1051 714 expectabunt,
1082 655 1164 701 sibi
1192 657 1353 715 ignavi,
1384 657 1508 702 nobis
1537 672 1728 716 graves.»
1787 658 1895 703 haec
1915 664 2008 702 ξιτ-ε

198 747 284 793 que
313 731 430 783 talia,
462 745 723 790 quamquam
747 745 845 776 cum
864 730 1053 775 adsensu
1073 731 1217 776 audita
1237 732 1292 777 ab
1313 732 1365 776 iis
1384 733 1541 792 quibus
1561 734 1703 778 omnia
1721 733 1975 793 principum,

197 809 377 853 honesta
397 812 526 865 atque
546 806 788 858 inhonesta,
818 805 996 851 laudare
1014 821 1108 851 mos
1129 814 1210 860 est,
1242 807 1389 866 plures
1408 823 1489 867 per
1509 808 1722 853 silentium
1741 816 1815 853 aut
1834 808 1978 853 occul-

197 891 288 929 tum
315 896 509 926 murmur
537 895 763 940 excepere.
821 881 1041 940 sensitque
1071 882 1287 933 Tiberius,
1320 890 1362 927 et
1392 897 1490 928 cum
1517 884 1695 943 paulum
1721 884 1975 936 reticuisset,

197 958 371 1004 Hortalo
392 972 441 1003 se
462 956 739 1016 respondisse
760 956 835 1001 ait:
867 963 1059 1002 ceterum
1078 958 1113 1001 si
1133 958 1326 1016 patribus
1345 959 1579 1009 videretur,
1612 959 1811 1003 daturum
1830 959 1976 1004 liberis

198 1035 292 1080 eius
323 1034 490 1078 ducena
519 1032 716 1077 sestertia
744 1031 938 1090 singulis,
971 1033 1044 1091 qui
1066 1047 1195 1077 sexus
1213 1033 1346 1078 virilis
1369 1041 1526 1079 essent.
1557 1048 1686 1092 egere
1716 1034 1785 1078 alii
1815 1041 2027 1092 grates:1o

198 1109 313 1154 siluit
341 1107 557 1160 Hortalus,
596 1121 758 1166 pavore
787 1121 842 1151 an
871 1107 1009 1153 avitae
1039 1109 1268 1154 nobilitatis
1297 1110 1425 1154 etiam
1463 1110 1572 1154 inter
1601 1110 1816 1168 angustias
1845 1109 1978 1154 sortu-

197 1199 279 1229 nae
305 1184 506 1229 retinens.
549 1196 692 1241 neque
711 1182 937 1227 miseratus
957 1190 1023 1228 est
1041 1183 1220 1242 posthac
1238 1185 1446 1238 Tiberius,
1479 1186 1674 1244 quamvis
1694 1185 1847 1229 domus
1867 1185 1978 1229 Hor-

198 1260 321 1305 tensii
349 1258 597 1318 pudendam
625 1258 680 1302 ad
709 1259 898 1317 inopiam
926 1258 1210 1304 delaberetur.

310 1335 391 1392 (39)
421 1333 584 1379 Eodem
608 1348 718 1378 anno
740 1334 939 1393 mancipii
958 1335 1085 1379 unius
1105 1334 1302 1387 audacia,
1333 1334 1377 1378 ni
1396 1340 1560 1380 mature
1581 1335 1838 1380 subventum
1856 1335 1975 1387 foret,

198 1410 426 1456 discordiis
452 1410 668 1468 armisque
688 1399 883 1454 c'ivilibus
912 1424 1004 1454 rem
1023 1410 1239 1469 publicam
1258 1410 1525 1469 perculisset.
1555 1411 1743 1455 Postumi
1763 1411 1976 1470 Agrippae
1989 1424 2027 1455 ⁴5

199 1501 371 1538 servus,
402 1485 574 1530 nomine
604 1484 817 1538 Clemens,
850 1492 1055 1544 conperto
1083 1485 1169 1530 fine
1192 1486 1369 1544 Augusti
1397 1500 1579 1544 pergere
1609 1487 1652 1529 in
1680 1486 1862 1531 insulam
1881 1486 1978 1532 Pla-

198 1562 363 1607 nasiam
390 1567 434 1606 et
461 1560 610 1605 fraude
641 1567 714 1605 aut
743 1561 783 1606 vi
811 1567 980 1620 raptum
998 1561 1229 1620 Agrippam
1258 1561 1369 1606 ferre
1390 1561 1445 1606 ad
1465 1562 1678 1607 exercitus
1700 1562 1976 1608 Germanicos

199 1652 286 1682 non
313 1636 458 1682 servili
486 1636 627 1680 animo
657 1637 864 1695 concepit.
913 1651 1020 1681 ausa
1049 1637 1143 1681 eius
1173 1637 1377 1695 inpedivit
1396 1637 1570 1682 tarditas
1591 1639 1815 1683 onerariae
1835 1639 1975 1692 navis;

200 1720 328 1773 atque
350 1712 515 1757 interim
534 1718 699 1771 patrata
715 1711 848 1757 caede
870 1712 923 1756 ad
943 1712 1107 1756 maiora
1127 1719 1169 1756 et
1187 1713 1322 1770 magis
1341 1713 1592 1772 praecipitia
1609 1727 1843 1758 conversus
1863 1714 1977 1758 fura—

199 1796 269 1834 tur
296 1789 463 1833 cineres
491 1794 727 1846 vectusque
757 1787 927 1838 Cosam,
959 1788 1153 1832 Etruriae
1181 1789 1539 1846 promunturium,
1571 1790 1724 1848 ignotis
1750 1790 1856 1834 locis
1877 1803 2027 1836 sese20

200 1864 333 1915 abdit,
374 1863 512 1907 donec
540 1863 700 1907 crinem
729 1862 995 1921 barbamque
1023 1863 1308 1922 promitteret:
1347 1878 1446 1908 nam
1474 1871 1613 1909 aetate
1643 1872 1686 1908 et
1713 1865 1849 1910 forma
1876 1865 1978 1910 haut

200 1938 393 1984 dissimili
428 1939 472 1982 in
500 1937 719 1983 dominum
747 1944 850 1983 erat.
898 1944 987 1982 tum
1015 1952 1096 1997 per
1123 1938 1303 1984 idoneos
1332 1945 1375 1984 et
1403 1940 1558 1984 secreti
1588 1940 1682 1985 eius
1711 1941 1853 1985 socios
1882 1955 1978 1986 cre-

263 2079 296 2112 4.
320 2077 529 2111 ambitionem
549 2085 603 2120 pr.
627 2077 662 2111 M
686 2095 723 2101 —
748 2077 781 2110 5.
805 2074 874 2110 orris
894 2078 929 2111 M
950 2095 994 2102 —-
1016 2078 1048 2111 7.
1073 2079 1211 2111 adnesta
1234 2078 1310 2121 (sic)
1332 2081 1367 2114 M
1389 2079 1445 2122 (ho
1467 2078 1606 2122 margo)
1626 2098 1663 2105 —
1687 2080 1720 2113 8.
1745 2082 1899 2122 excipere
1918 2089 1974 2124 pr.

197 2137 243 2170 M.
267 2134 355 2168 Vide
377 2134 424 2167 ad
445 2143 477 2167 c.
494 2134 526 2167 2.
550 2151 587 2157 -
613 2134 667 2167 44.
683 2133 850 2175 Hortalus]
872 2134 1052 2176 postrema
1075 2134 1210 2177 syllaba
1232 2136 1268 2168 in
1287 2137 1319 2170 M
1336 2138 1390 2169 est
1413 2145 1433 2169 e
1456 2137 1688 2170 correctione.
1707 2155 1743 2161 —-
1763 2146 1901 2179 pauare
1920 2147 1975 2181 pr.

196 2193 232 2227 M
257 2209 294 2216 —
323 2190 377 2224 43.
401 2190 606 2225 delaberetur
626 2191 822 2224 Ernestius:
859 2191 1065 2224 dilaberetur
1085 2201 1140 2234 pr.
1164 2193 1198 2226 M
1206 2202 1214 2231 ;
1246 2193 1446 2227 dilaberetur
1467 2203 1558 2227 corr.
1583 2195 1617 2228 M
1642 2212 1678 2218 —
1704 2194 1757 2228 44.
1782 2195 1923 2228 audatia
1943 2196 1978 2229 M

200 2267 237 2273 —
261 2251 435 2294 nemature
454 2257 509 2291 pr.
526 2249 561 2282 M
584 2265 620 2271 —
647 2249 701 2282 ⁴5.
716 2249 860 2289 postumi
879 2257 934 2291 pr.
951 2249 1003 2283 M:
1025 2250 1190 2290 posthumi
1211 2259 1303 2283 corr.
1320 2251 1354 2284 M
1379 2269 1415 2274 —
1442 2251 1493 2283 47.
1515 2251 1667 2292 frude'M
1690 2251 1820 2293 (fraude
1842 2252 1975 2293 margo)

202 2323 239 2331 -
275 2305 329 2338 49.
349 2307 490 2346 patrata
510 2303 716 2338 Rhenanus:
737 2308 866 2346 parata
886 2305 921 2339 M
946 2323 983 2329 —
1013 2307 1113 2352 caede
1135 2307 1169 2340 M
1193 2324 1230 2331 -
1260 2308 1439 2348 precipitio
1467 2308 1501 2341 M
1532 2325 1568 2331 —
1603 2308 1658 2340 20.
1683 2308 1801 2341 Cosam
1822 2309 1975 2351 Lipsius:

198 2370 315 2395 coram
335 2362 370 2396 M
395 2379 432 2386 —
453 2362 725 2403 promunturium
745 2370 800 2404 pr.
822 2363 874 2396 M:
895 2363 1159 2403 promontorium
1181 2372 1272 2398 corr.
1297 2365 1342 2398 M.
1367 2364 1419 2398 Cf.
1443 2365 1554 2398 Inscr.
1579 2365 1654 2398 Lat.
1679 2373 1714 2397 n.
1731 2364 1829 2398 3674.

199 2481 367 2522 ticam,
397 2488 468 2522 qua
490 2479 586 2514 ducti
607 2479 664 2513 alii
687 2481 869 2515 senatores
891 2482 1063 2515 senatoris

1156 2481 1210 2515 39.
1234 2481 1404 2524 Agrippae
1418 2491 1532 2515 servus
1554 2482 1635 2526 cet]
1659 2483 1802 2516 sueton.
1819 2482 1895 2516 Tib.
1911 2483 1974 2516 25:

199 2539 327 2575 preces
354 2530 542 2573 repudiare
572 2531 628 2563 vix
656 2530 786 2564 vellent
814 2533 875 2564 aut
904 2533 1061 2574 possent,
1112 2532 1234 2565 Servus
1254 2532 1441 2574 Aqrippae,
1467 2533 1611 2566 Clemens
1631 2534 1781 2573 nomine,
1807 2542 1875 2566 non
1896 2542 1978 2566 con-

200 2582 267 2615 nisi
297 2582 326 2614 si
354 2581 421 2624 ipsi
449 2590 489 2614 se
512 2580 730 2614 dedecorare
759 2581 843 2615 nihil
869 2583 971 2625 pensi
998 2583 1064 2616 ha-

199 2631 338 2664 berent.
349 2648 385 2654 -
401 2632 529 2663 ducena
543 2631 691 2664 sestertia
705 2631 852 2674 singulis]
864 2633 896 2665 Is
909 2632 972 2665 suit
983 2641 1063 2665 cen-

199 2690 261 2715 sus
283 2682 429 2723 quartae
451 2681 608 2714 iudicum
631 2680 813 2722 decuriae,
841 2681 886 2714 ab
908 2684 1064 2724 Augusto

200 2733 421 2772 senatorum,
452 2732 626 2773 equitum,
655 2731 880 2765 tribunorum
912 2734 1065 2766 aerario-

199 2790 281 2815 rum
309 2781 461 2815 decuriis
491 2781 650 2823 additae,
686 2790 778 2823 quae
808 2783 1064 2816 ducenariorum

201 2831 406 2865 vocabatur.
431 2831 483 2865 Cf.
502 2832 644 2865 Sueton.
663 2832 781 2865 Octav.
799 2832 852 2866 32.
880 2851 916 2856 -
936 2842 1065 2875 pavore

201 2881 485 2924 ‹im-retinens]
518 2882 698 2924 Frequens
727 2883 786 2916 hic
814 2882 942 2917 modus
969 2884 1063 2926 apud

201 2931 371 2966 Tacitum.
409 2931 559 2967 Bachius
589 2931 736 2965 contulit
758 2933 790 2974 4,
814 2933 872 2965 43ε
909 2942 989 2966 casu
1019 2944 1064 2967 an

199 2981 336 3023 pedibus
356 2981 426 3014 eius
445 2981 632 3022 impeditus„
671 2983 702 3023 4,
727 2982 789 3015 65;
813 2986 903 3016 metu
923 2992 969 3016 an
983 2992 1065 3016 con-

201 3031 360 3064 tumacia.
406 3031 446 3071 2,
477 3031 532 3064 22.
564 3030 618 3065 42.
643 3031 698 3065 67.
744 3031 783 3074 3,
813 3032 845 3066 3.
870 3032 902 3065 9.
928 3032 982 3066 30.
1006 3033 1061 3066 44.

201 3081 244 3122 4,
275 3081 309 3114 8.
333 3080 395 3114 54:
416 3077 517 3122 'forte
537 3090 584 3114 an
605 3082 688 3124 quia
710 3082 899 3115 audiverat.
938 3083 976 3123 6,
1008 3083 1061 3116 38.

203 3131 258 3172 42,
281 3130 335 3164 30.
362 3129 415 3171 44,
433 3131 465 3164 4.
482 3131 515 3164 7.
541 3131 594 3171 45,
611 3131 666 3165 59.
702 3132 788 3165 Hist.
806 3132 838 3172 3,
862 3133 918 3165 25.
943 3132 977 3172 4,
1002 3133 1062 3166 66:

202 3190 303 3214 anesus
325 3189 371 3214 an
399 3189 444 3214 αι)
464 3181 652 3222 composito.
679 3199 716 3205 —
741 3183 854 3215 avitae
874 3182 1062 3224 nobilitatis]

202 3230 335 3264 Eadem
365 3231 627 3265 constructione
651 3231 725 3264 Cic.
750 3231 796 3264 ad
819 3232 859 3271 Q.
884 3232 940 3265 Fr.
966 3234 997 3271 4,
1021 3234 1060 3265 2;

202 3281 255 3313 aui
281 3281 366 3314 inuis
386 3281 620 3323 dignitatisque
639 3282 793 3315 retinens.
825 3282 964 3316 Tacitus
986 3283 1063 3326 ipse

203 3332 374 3372 rursusb,
399 3331 460 3364 ti:
484 3331 662 3365 modestiae
682 3331 834 3365 retinens.
859 3332 892 3373 6,
916 3332 977 3367 42:
1002 3333 1065 3367 Se-

1112 2583 1317 2615 temnendam
1339 2591 1478 2615 manum
1504 2584 1540 2615 in
1561 2583 1718 2616 ultionem
1740 2583 1864 2615 domini
1884 2593 1977 2616 com-

1109 2636 1265 2674 pararat.
1306 2633 1357 2666 Cf.
1383 2633 1446 2665 Dio
1474 2633 1528 2673 57,
1561 2633 1614 2666 46.
1649 2633 1705 2666 cui
1735 2634 1764 2666 si
1793 2633 1883 2666 fides
1911 2634 1976 2666 ha-

1111 2683 1260 2724 beatur,
1309 2682 1473 2716 Clemens
1511 2684 1546 2716 in
1585 2682 1728 2716 Galliam
1763 2684 1881 2723 venit,
1926 2683 1976 2716 ibi

1112 2731 1257 2773 multos,
1290 2732 1460 2775 plurimos
1489 2733 1525 2765 in
1548 2732 1644 2765 Italia
1667 2732 1735 2766 sibi
1757 2732 1912 2766 adiunxit
1933 2742 1976 2766 ac

1111 2782 1254 2815 tandem
1270 2783 1418 2816 Romam
1441 2783 1638 2822 contendit,
1663 2783 1897 2825 principatum
1916 2792 1976 2817 re—

1112 2834 1297 2875 petiturus.
1336 2832 1442 2866 Multo
1465 2834 1542 2865 veri
1573 2832 1738 2866 similiora
1768 2834 1888 2866 narrat
1909 2833 1976 2866 Ta-

1112 2883 1213 2916 citus.
1243 2883 1344 2915 Bnor.
1374 2901 1409 2907 —
1435 2886 1579 2925 patrata
1601 2883 1711 2926 caede]
1743 2883 1794 2917 Cf.
1820 2884 1851 2923 4,
1877 2883 1908 2915 6.
1936 2901 1973 2907 -

1110 2934 1250 2975 furatur
1285 2932 1425 2975 cineres]
1465 2933 1599 2967 scilicet
1634 2942 1679 2967 ne
1715 2933 1851 2976 prolata
1888 2941 1976 2966 urna

1112 2983 1245 3017 fraudis
1261 2982 1340 3016 ilico
1357 2984 1638 3017 convinceretur.
1654 3002 1690 3008 —-
1706 2984 1834 3026 Cosam]
1850 2982 1976 3016 Strabo

1112 3035 1143 3066 5.
1169 3042 1204 3075 p.
1229 3034 1312 3066 225:
1338 3031 1436 3076 μετὰ
1459 3033 1500 3068 δὲ
1521 3032 1568 3068 τὸ
1589 3032 1816 3068 Ποπλώνιον
1837 3031 1976 3067 Κόσσα

1112 3080 1222 3124 πόλις
1249 3081 1388 3130 μικρὸν
1417 3080 1513 3131 ὑπὲρ
1540 3083 1610 3127 τῆς
1643 3083 1847 3127 θαλάττης.
1894 3082 1977 3118 ἐστὶ

1111 3131 1142 3165 δ’
1158 3132 1200 3166 ἐν
1220 3131 1350 3179 κόλπῳ
1379 3132 1523 3176 βουνὸς
1553 3131 1719 3178 ὑψηλός.
1759 3134 1900 3168 Servius
1930 3133 1976 3168 ad

1112 3184 1216 3225 Verg.
1240 3185 1328 3217 Aen.
1355 3185 1416 3226 40,
1442 3185 1524 3218 467ε
1562 3185 1663 3218 Casae
1690 3185 1807 3217 civitas
1830 3184 1974 3226 Tusciae,

1115 3242 1201 3274 quae
1222 3243 1358 3267 numero
1381 3235 1547 3278 sinyutari
1575 3236 1674 3268 etiam
1699 3235 1875 3268 secundum
1896 3235 1978 3268 Sal-

1112 3283 1245 3316 lustium
1260 3284 1392 3317 dicitur.
1414 3302 1449 3308 —
1468 3285 1616 3317 dissimili
1630 3285 1666 3316 in
1680 3284 1861 3328 dominum]
1882 3285 1976 3319 Con-

1112 3335 1257 3368 structio
1280 3343 1384 3368 nova.
1409 3335 1461 3369 Cf.
1485 3334 1586 3378 Apul.
1610 3335 1751 3368 Metam.
1777 3335 1830 3376 40,
1855 3344 1886 3370 c.
1911 3336 1970 3369 30:

204 3377 451 3416 bactrum.
476 3381 530 3423 46,
547 3382 588 3415 5:
612 3381 741 3424 antiqui
759 3382 862 3416 moris
875 3384 1060 3418 retinentes.
1107 3385 1221 3427 puella
1240 3385 1335 3419 vultu
1355 3386 1506 3427 honesta,
1529 3385 1566 3418 in
1587 3385 1667 3419 deae
1681 3386 1816 3420 lunonis
1837 3387 1975 3429 speeiem
