2254 3770
211 294 293 341 tto

689 298 735 342 Ρ.
769 265 1021 342 CORNELII
1049 297 1221 342 TACITI
1249 297 1521 344 ANNALIUM

323 404 405 463 (87)
450 405 679 450 Saevitiam
723 418 918 449 annonae
961 405 1182 450 incusante
1223 405 1353 463 plebe
1390 406 1535 450 statuit
1570 406 1781 453 frumento
1820 409 2006 468 pretium

209 479 326 538 quod
367 487 534 539 emptor
571 480 799 539 penderet,
841 480 1054 539 binosque
1084 494 1284 525 nummos
1314 494 1362 525 se
1392 481 1639 527 additurum
1668 485 2006 543 negotiatoribus

207 555 250 598 in
280 555 471 613 singulos
500 557 681 601 modios.
727 570 871 615 neque
900 548 1120 601 tamen'ob
1142 571 1193 600 ea
1214 557 1404 615 parentis
1423 558 1587 616 patriae
1609 559 1795 604 delatum
1818 567 1861 605 et
1881 567 2005 606 antea

209 631 466 675 vocabulum
494 631 753 690 adsumpsit,
785 631 1030 691 acerbeque
1061 633 1274 690 increpuit
1304 646 1380 677 eos
1411 634 1484 692 qui
1513 634 1678 680 divinas
1701 637 2007 695 occupationes

176 706 438 766 5ipsumque
475 706 695 751 dominum
732 707 939 752 dixerant.
991 708 1107 752 unde
1139 714 1316 766 angusta
1348 715 1391 752 et
1419 709 1583 755 lubrica
1614 711 1750 756 oratio
1780 712 1861 757 sub
1891 713 2008 772 prin-

208 782 304 841 cipe
335 783 407 840 qui
438 782 677 827 libertatem
704 783 941 835 metuebat,
975 783 1261 828 adulationem
1293 783 1456 828 oderat.

322 858 404 915 (88)
434 859 618 917 Reperio
648 865 751 917 aput
780 860 1013 918 scriptores
1049 865 1361 919 senatoresque
1392 861 1630 906 eorundem
1659 868 1903 922 temporum
1922 864 2009 908 Ad-

207 933 460 993 gandestrii,
491 934 698 992 principis
728 934 991 988 Chattorum,
1027 935 1161 980 lectas
1191 935 1234 979 in
1266 942 1418 980 senatu
1447 936 1608 982 litteras
1639 939 1797 998 quibus
1826 946 2008 985 mortem

207 1008 382 1052 Arminii
412 1009 699 1068 promittebat,
735 1010 770 1054 si
801 1011 1036 1069 patrandae
1066 1011 1162 1056 neci
1193 1025 1409 1056 venenum
1437 1013 1695 1066 mitteretur,
1727 1028 2008 1074 responsum-

159 1092 294 1143 wque
331 1098 430 1129 esse
468 1099 554 1129 non
594 1085 744 1130 fraude
782 1101 926 1146 neque
968 1087 1167 1139 occultis,
1209 1087 1286 1131 sed
1317 1087 1458 1146 palam
1489 1095 1533 1133 et
1560 1095 1771 1134 armatum
1798 1091 2006 1150 populum

206 1162 444 1205 Romanum
478 1160 625 1206 hostes
661 1176 764 1206 suos
802 1162 966 1207 ulcisci.
1019 1177 1104 1222 qua
1140 1161 1276 1221 gloria
1304 1164 1519 1222 aequabat
1547 1179 1596 1209 se
1627 1165 1822 1211 Tiberius
1851 1168 2005 1226 priscis

252 1275 283 1308 4.
302 1275 474 1317 praetium
496 1277 530 1310 M
551 1293 583 1300 -
610 1276 642 1310 4.
662 1277 822 1309 adsumsit
837 1278 871 1311 M
888 1295 924 1300 —
951 1278 982 1311 7.
1008 1277 1250 1321 senatoresque]
1274 1279 1483 1320 senioresque
1498 1279 1654 1313 malebat
1669 1281 1806 1324 Lipsius
1822 1283 1859 1315 et
1873 1283 2005 1325 Douza‚

208 1332 266 1364 cui
286 1332 511 1365 coniecturae
535 1332 731 1375 refragatur
752 1333 905 1367 verbum
923 1334 1121 1377 reperio.'-
1151 1334 1183 1368 9.
1209 1336 1352 1368 armenii
1376 1336 1429 1375 Μ;
1456 1335 1499 1369 cf.
1527 1337 1558 1376 4,
1585 1337 1638 1370 55.

206 1435 239 1465 et
259 1432 331 1464 ritu
352 1432 457 1465 decies
479 1436 616 1466 centena
638 1434 808 1466 dabuntur
829 1434 986 1475 Antiqua.
1023 1436 1083 1468 Se-

207 1491 297 1516 neca
321 1482 464 1516 Consol.
490 1484 537 1516 ad
559 1483 659 1518 Helv.
686 1485 746 1517 42:
771 1486 983 1518 Beatioresne
1004 1487 1084 1518 istos

201 1537 323 1575 putas,
359 1543 501 1575 quorum
534 1535 763 1575 pantomimae
796 1537 901 1569 decies
932 1538 1082 1569 sestertio

206 1585 353 1625 nubunt,
386 1593 489 1625 quam
510 1585 716 1626 Scipionem,
748 1587 844 1619 cuius
866 1587 962 1620 liberi
984 1597 1007 1620 a
1029 1596 1082 1620 se—

205 1638 306 1675 natu,
339 1637 448 1667 tutore
474 1643 552 1676 suo,
584 1637 620 1668 in
648 1636 755 1669 dotem
777 1645 835 1670 aes
856 1645 962 1679 qrave
984 1646 1081 1671 acce-

201 1685 355 1726 perant?
379 1686 464 1717 L1rs.

250 1735 304 1768 87.
329 1734 539 1776 Saevitiam]
561 1736 765 1777 caritatem,
795 1737 1000 1779 yravitatem
1028 1737 1079 1779 (6,

207 1785 267 1826 43)
291 1784 562 1818 intolerabilem.
598 1786 764 1819 Similiter
788 1788 846 1826 44,
873 1788 937 1820 43;
967 1789 1082 1821 saevi—

205 1835 288 1867 tiam
310 1835 512 1868 creditorum
534 1837 694 1869 coercuit.
719 1838 834 1879 Atque
853 1838 997 1870 omnino
1012 1838 1082 1870 hoc

205 1884 380 1917 vocabulo
415 1885 543 1918 crebro
574 1886 684 1918 utitur
712 1887 863 1920 Tacitus.
892 1904 928 1911 -
965 1888 1085 1920 statuit

208 1935 372 1968 frumento
389 1932 547 1978 pretium]
573 1937 623 1970 Cf.
650 1938 703 1977 45,
729 1938 783 1970 72.
804 1955 839 1961 -
865 1939 1082 1980 neqotiatori—

207 1986 276 2028 bus]
294 1985 449 2027 Intellige
465 1986 725 2028 frumentarios,
745 1990 784 2021 ut
798 1989 942 2022 Sueten.
958 1989 1079 2021 Octav.

207 2036 248 2075 42
265 2036 518 2078 neyotiantium,
540 2036 600 2069 ubi
617 2037 709 2071 male
728 2038 960 2072 Casaubonus
977 2048 1082 2081 quos-

205 2088 259 2120 vis
282 2087 520 2128 negotiatores
536 2087 769 2130 intelligebat,
797 2090 833 2121 et
849 2090 935 2122 infra
953 2090 1006 2129 43,
1023 2091 1078 2123 54.

206 2156 250 2162 —
266 2139 421 2179 parentis
436 2138 584 2180 patriae]
618 2139 670 2171 Cf.
695 2140 727 2179 4,
753 2140 807 2172 7¹2.
833 2141 977 2181 Sueten.
1002 2140 1077 2173 Tib.

205 2189 260 2221 26.
304 2188 558 2221 Historicorum
595 2190 837 2222 testimonium
869 2190 1082 2223 confirmant

207 2239 283 2272 eius
300 2239 435 2271 nummi
452 2247 589 2273 omnes.
615 2240 746 2273 Eckhel
762 2242 803 2274 D.
821 2242 861 2274 N.
880 2242 935 2274 VI.
952 2251 987 2284 p.
1002 2242 1077 2274 200.

207 2288 412 2321 Obstinatus
442 2290 563 2321 tamen
585 2289 715 2322 Tiberii
737 2290 899 2323 adulator
921 2290 1081 2324 Valerius

206 2340 378 2373 Maximus
401 2341 443 2379 5,
469 2341 509 2380 5,
535 2340 554 2372 3
579 2349 660 2373 eum
686 2343 790 2374 vocat
811 2342 998 2383 principem
1016 2350 1081 2382 pa-

205 2393 397 2430 rentemque
413 2393 574 2423 nostrum.
594 2409 629 2415 -
648 2392 828 2432 acerbeque
849 2393 1014 2433 increpuit
1028 2401 1082 2424 eos

207 2440 278 2480 qut
288 2439 370 2481 cet.]
395 2441 538 2473 sueton.
557 2440 631 2473 Tib.
651 2443 710 2474 27:
736 2443 908 2475 Dominus
932 2443 1081 2483 appella-

206 2494 261 2524 tus
283 2500 306 2523 a
328 2491 474 2531 quodam
496 2492 706 2524 denuntiavit
727 2501 768 2524 ne
790 2501 824 2525 se
842 2493 985 2534 amplius
999 2502 1080 2525 con-

206 2541 362 2575 tumeliae
394 2550 498 2574 causa
534 2543 734 2575 nominaret.
779 2543 891 2575 Alium
923 2544 1081 2576 dicentem

209 2600 329 2626 sacras
351 2592 422 2624 eius
444 2594 711 2634 occupationes,
743 2596 774 2625 et
800 2602 940 2626 rursum
961 2595 1078 2634 alium,

208 2644 352 2675 auctore
377 2651 420 2674 eo
444 2644 606 2675 senatum
622 2652 661 2676 se
678 2643 808 2682 adisse,
832 2643 935 2675 verba
948 2648 1082 2677 mutare

207 2696 240 2726 et
261 2702 327 2734 pro
355 2693 499 2726 auctore
529 2702 732 2734 suasorem,
759 2703 823 2735 pro
845 2695 955 2728 sacris
978 2694 1079 2727 labo-

207 2744 320 2777 riosas
352 2744 460 2776 dicere
488 2744 603 2784 coeqit.
634 2762 669 2767 -—
702 2749 847 2786 anqusta
874 2749 907 2778 et
937 2744 1078 2786 lubrica]

208 2794 306 2827 omni
328 2792 493 2827 libertate
511 2803 637 2827 carens
662 2796 698 2827 et
714 2804 863 2837 anceps,
890 2797 971 2838 quia
986 2805 1080 2829 sen:-

207 2853 274 2886 per
307 2844 434 2877 timere
463 2843 662 2885 dehebant,
698 2854 743 2878 ne
769 2846 937 2878 dominum
965 2846 1080 2880 offen-

209 2894 347 2927 derent.

252 2944 306 2978 88.
331 2944 510 2984 scriptores
531 2944 774 2987 senatoresque]
803 2946 863 2987 qui
886 2946 1078 2988 scriptores

208 2994 316 3027 iidem
346 2995 531 3027 senatores
561 2995 663 3027 erant
691 2996 797 3037 atque
827 2995 908 3028 ideo
935 3004 1015 3028 rem
1042 2996 1078 3028 in

209 3046 335 3078 senatu
359 3045 476 3078 actam
500 3044 631 3086 optime
655 3045 748 3078 scire
765 3047 940 3088 poterant.
965 3045 1078 3080 Nolim

209 3095 378 3137 equidem
401 3095 447 3128 de
470 3096 558 3128 actis
581 3096 726 3128 senatus
749 3095 961 3138 intelligere,
986 3106 1078 3139 quae

209 3145 388 3178 interdum
423 3154 444 3177 a
476 3145 604 3179 scribis
638 3144 809 3187 publicis,
845 3146 1024 3179 interdum
1059 3155 1078 3179 a

209 3196 374 3227 senatore
404 3195 498 3228 huic·
515 3195 655 3228 muneri
684 3194 859 3228 destinato
883 3204 1079 3238 compone-

209 3243 350 3277 bantur.
388 3245 440 3278 cf.
465 3246 505 3285 5,
531 3244 562 3278 4.
592 3245 653 3285 45,
678 3244 732 3278 74.
761 3262 797 3268 -
832 3245 1078 3289 Adqandestrii]

208 3293 378 3326 Vitiosum
420 3303 500 3327 esse
538 3294 607 3327 hoc
648 3303 779 3327 nomen
818 3294 970 3327 affirmat
1007 3297 1077 3328 lac.

210 3344 355 3375 Grimm.
397 3344 485 3377 Vide
515 3344 720 3378 Miillenhoff
749 3345 785 3377 in
813 3344 935 3378 Annal.
969 3346 1076 3387 antiq.

211 3394 328 3425 Germ.
354 3393 416 3433 lx,
441 3403 477 3435 p.
502 3394 578 3428 224.
605 3412 642 3418 -
666 3394 790 3435 priscis
813 3394 1077 3437 imperatoribus]

1132 1435 1209 1468 476.
1231 1453 1267 1460 —
1294 1435 1352 1477 qui
1372 1445 1535 1469 venenum
1558 1436 1640 1479 cet.]
1666 1436 1718 1470 Cf.
1735 1438 1821 1470 Livii
1844 1438 1933 1481 Epit.
1951 1439 2005 1472 43.

1132 1486 1249 1520 Valer.
1274 1487 1365 1521 Max.
1391 1487 1430 1528 6,
1455 1489 1493 1527 5,
1522 1488 1555 1520 4.
1587 1506 1624 1511 -
1655 1497 1797 1531 reanum
1825 1490 2007 1532 adfectans]

1134 1537 1224 1569 Cum
1254 1537 1394 1570 Tacitus
1423 1536 1519 1570 solus
1548 1538 1695 1571 Arminii
1723 1538 1856 1572 exitum
1877 1539 2006 1581 tradat,

1132 1588 1251 1619 utrum
1274 1588 1365 1620 haec
1389 1589 1568 1621 accusatio
1591 1597 1676 1621 vera
1707 1589 1770 1629 sit,
1806 1598 1851 1622 an
1882 1590 2006 1624 fictum

1132 1636 1178 1669 ab
1202 1637 1278 1670 eius
1302 1637 1453 1671 inimicis
1478 1639 1630 1679 crimen,
1656 1648 1751 1671 nunc
1768 1640 1928 1682 exputari
1945 1649 2009 1674 ne-

1133 1687 1218 1728 quit.
1246 1688 1346 1727 Quod
1370 1689 1399 1721 si
1423 1687 1571 1730 degredi
1595 1688 1677 1722 licet
1699 1688 1745 1722 ab
1761 1691 1885 1731 unico,
1910 1691 2008 1733 quod

1131 1739 1312 1779 superest,
1350 1739 1457 1772 Taciti
1491 1740 1716 1780 testimonio,
1752 1741 1883 1783 optima
1918 1750 2006 1774 sane

1131 1787 1275 1820 Arminii
1300 1788 1460 1822 defensio
1485 1789 1574 1830 erit,
1609 1790 1649 1822 ut
1677 1789 1857 1830 dicamus,
1892 1790 1930 1823 id
1959 1790 2005 1824 ab

1132 1846 1174 1870 eo
1209 1837 1340 1872 ultimis
1374 1840 1447 1873 suis
1482 1840 1631 1882 inceptis
1665 1841 1771 1874 unice
1806 1842 2006 1883 spectatum

1133 1897 1232 1929 esse,
1263 1891 1302 1921 ut
1332 1889 1474 1922 firmam
1497 1899 1540 1923 ac
1570 1892 1781 1933 perpetuam
1803 1892 1896 1924 inter
1918 1893 2007 1925 Ger-

1131 1940 1271 1972 maniae
1294 1940 1444 1982 populos
1465 1941 1695 1974 concordiam
1711 1941 1884 1975 stabiliret
1898 1944 2005 1984 atque

1132 1993 1364 2032 componeret
1387 1990 1510 2024 turbas
1533 1990 1609 2025 illas
1635 1992 1797 2034 insanas,
1831 2002 1923 2035 quae
1946 2003 2007 2026 na-

1132 2041 1235 2073 tionis
1258 2041 1354 2075 vires
1378 2042 1551 2075 adversus
1574 2043 1752 2076 Romanos
1775 2045 1849 2076 tam
1869 2043 1929 2076 diu
1945 2044 2007 2077 de-

1131 2090 1328 2129 bilitarant;
1353 2091 1463 2125 talem
1487 2093 1607 2125 autem
1630 2095 1904 2127 consensionem
1928 2095 2004 2127 sine

1132 2142 1245 2183 capite
1281 2143 1317 2174 et
1349 2142 1508 2184 principe
1539 2142 1691 2176 obtineri
1720 2153 1790 2177 non
1824 2145 2003 2187 potuisse3

1132 2200 1203 2233 quo
1236 2192 1437 2234 principatu
1470 2194 1590 2225 autem
1614 2194 1694 2235 quis
1717 2193 1855 2236 dignior
1881 2194 2006 2228 fuisset

1132 2250 1241 2283 quam
1264 2242 1340 2283 ipse
1364 2241 1532 2275 liberator
1554 2243 1787 2276 Germaniae?
1809 2263 1845 2268 —
1868 2245 2006 2285 proeliis

1131 2290 1318 2333 ambiguus]
1351 2291 1402 2324 Cf.
1426 2292 1466 2330 2,
1491 2292 1554 2324 24:
1587 2293 1711 2333 equites
1733 2294 1946 2335 (Germanici
1969 2296 2005 2329 et

1130 2342 1287 2382 Arminii)
1311 2340 1464 2383 ambique
1486 2345 1668 2375 certavere.
1695 2360 1733 2366 —
1758 2337 1840 2377 bello
1861 2353 1929 2377 non
1949 2345 2005 2377 vi-

1129 2391 1213 2434 ctus]
1245 2390 1397 2424 Lucilius
1425 2390 1485 2424 lib.
1511 2393 1553 2425 26
1584 2393 1679 2435 apud
1702 2395 1854 2428 Nonium
1878 2404 1913 2437 p.
1938 2395 2003 2428 296

1131 2441 1243 2474 Gerl.:
1281 2444 1319 2473 ut
1346 2442 1515 2474 Romanus
1540 2444 1684 2483 populus
1708 2445 1817 2478 victus
1837 2446 1872 2477 vi
1892 2448 1924 2479 et
1943 2454 2005 2478 su-

1123 2495 1266 2533 peratus
1287 2492 1427 2532 proeliis
1454 2501 1552 2533 saepe
1581 2497 1629 2526 est
1649 2495 1783 2536 multis,
1819 2495 1902 2528 bello
1923 2505 2003 2529 vero

1129 2550 1320 2583 nunquam,
1355 2543 1392 2574 in
1423 2550 1488 2582 quo
1511 2547 1589 2575 sunt
1610 2545 1735 2577 omnia.
1772 2546 2005 2587 opponuntur

1130 2592 1196 2625 sibi
1230 2592 1398 2633 proelium
1433 2594 1468 2624 et
1501 2592 1621 2626 bellum
1655 2595 1763 2628 etiam
1799 2597 1857 2637 42,
1891 2596 1934 2629 39
1968 2597 2004 2630 et

1130 2644 1248 2675 Germ.
1276 2641 1329 2674 30.
1359 2660 1395 2666 -—
1425 2644 1625 2684 caniturque
1654 2645 1773 2687 adhuc]
1803 2646 1855 2678 De
1884 2646 2004 2679 huius-

1129 2691 1226 2724 modi
1251 2692 1508 2725 Germanorum
1527 2693 1689 2727 cantibus
1705 2694 1934 2737 popularibus
1949 2697 2005 2729 Iu-

1129 2741 1243 2775 lianus
1277 2742 1446 2784 Misopog.
1478 2752 1514 2785 p.
1539 2744 1603 2776 337
1627 2745 1779 2787 Spanh.:
1815 2741 2004 2779 Ἕθεασά-

1128 2803 1208 2840 μῃν
1238 2802 1298 2825 τοι
1324 2793 1390 2825 καὶ
1419 2790 1512 2835 τοὺς
1539 2790 1634 2841 ὑπὲρ
1663 2792 1732 2828 τὸν
1750 2792 1884 2839 Ῥῆνον
1905 2796 2003 2844 βαρ-

1128 2841 1278 2889 βάρους
1321 2839 1436 2890 ἅγρια
1478 2843 1578 2888 μέλη
1622 2843 1721 2887 λέξει
1761 2848 2004 2891 πεποιημένα

1130 2892 1380 2941 παραπλήσια
1417 2897 1498 2936 τοῖς
1535 2900 1729 2942 κρωγμοῖς
1765 2896 1841 2930 τῶν
1880 2897 2000 2945 τραχὺ

1128 2943 1311 2986 βοώντων
1335 2940 1502 2991 ὀρνίθων
1527 2941 1819 2990 ἀσμενίζοντας,
1850 2950 1916 2982 καὶ
1939 2946 2003 2983 εὖ·

1129 2996 1414 3043 φραινομένους
1448 2995 1490 3030 ἐν
1518 2999 1601 3039 τοῖς
1628 2997 1796 3041 μέλεσιν.
1832 3000 2001 3033 Ceterum

1130 3047 1264 3080 Grimm
1285 3046 1485 3089 Mytholoqie
1505 3046 1563 3080 ed.
1585 3046 1644 3080 alt.
1669 3057 1705 3090 p.
1723 3048 1787 3081 326
1802 3050 2002 3092 suspicatur

1129 3106 1149 3129 a
1172 3097 1292 3129 Tacito
1306 3096 1493 3129 Arminium
1515 3096 1702 3131 confusum
1725 3106 1806 3131 esse
1830 3107 1912 3131 cum
1934 3099 2001 3132 he-

1129 3149 1191 3180 roe
1213 3147 1357 3186 Irmino‚
1383 3155 1491 3189 quem
1514 3148 1641 3181 divinis
1661 3147 1854 3182 honoribus
1870 3149 2001 3191 dignati

1129 3198 1212 3231 sunt
1234 3197 1411 3230 Germani.
1439 3198 1510 3231 Sed
1532 3207 1591 3231 res
1615 3200 1670 3232 est
1691 3207 1836 3241 prorsus
1850 3200 1998 3233 incerta.

1132 3264 1169 3270 —
1195 3247 1414 3290 Graecorum]
1445 3248 1506 3289 qui
1534 3249 1680 3290 Augusti
1710 3248 1910 3291 Tiberiique
1940 3258 2000 3283 res

1130 3304 1377 3338 composuere.
1413 3298 1470 3330 Sic
1496 3298 1562 3330 Dio
1587 3306 1732 3340 quoque
1759 3297 1842 3331 nihil
1865 3299 1911 3332 de
1936 3301 2002 3332 Ar-

1130 3347 1228 3379 minii
1261 3347 1370 3380 rebus
1405 3348 1512 3389 gestis
1540 3349 1621 3390 post
1647 3349 1833 3381 Varianam
1860 3348 1999 3383 cladem

1130 3405 1197 3430 nec
1220 3396 1265 3430 de
1289 3399 1403 3430 morte
1429 3399 1504 3431 eius
1526 3398 1642 3431 tradit.
1668 3415 1705 3422 —
1738 3399 1828 3432 haud
1846 3400 1996 3442 perinde]

211 3443 250 3476 C.
275 3441 433 3475 Fabricio
456 3445 607 3478 Luscino
630 3445 760 3478 iterum
783 3443 918 3478 consuli
940 3453 972 3478 a.
991 3454 1026 3478 u.
1044 3454 1076 3478 c.
1129 3447 1152 3480 i.
1171 3455 1205 3480 e.
1223 3455 1287 3480 «ac
1301 3455 1367 3490 par
1381 3448 1476 3487 estu
1501 3447 1652 3481 multum
1667 3447 1754 3481 infra
1773 3449 1993 3491 dignitatem
