2254 3770
776 280 929 326 Limia
958 279 1062 326 xlv.
1102 281 1203 340 Cap.
1234 282 1273 326 2.
1304 282 1344 326 a.
1374 283 1415 327 a
1463 316 1467 318 a
1905 280 1989 325 439

201 389 410 433 munierat
444 400 615 447 corpus.
664 388 823 432 serrum
863 395 913 432 et
944 387 1101 437 caedes
1131 401 1319 446 quonam
1347 389 1480 433 modo
1507 388 1813 439 occultaretur,
1858 401 1986 432 nemo

198 463 462 522 reperiebat3
492 470 536 507 et
564 475 619 507 ne
640 464 737 522 quis
767 463 824 506 illi
855 469 970 507 tanto
999 463 1174 507 facinori
1196 463 1389 508 delectus
1408 464 1526 508 iussa
1547 469 1790 522 sperneret,
1823 470 1986 507 metne-

197 537 310 586 bant,
340 538 493 597 optulit
518 538 735 596 ingenium
764 539 964 583 Anicetus
993 537 1188 590 libertuS,
1221 537 1346 582 classi
1377 539 1489 597 apud
1512 539 1721 583 Misenum
1743 538 1986 596 praefectus

197 619 242 658 et
278 613 487 671 pueritiae
515 613 697 657 Neronis
727 613 934 659 educator
965 627 1018 657 ac
1045 613 1206 657 mutuis
1234 613 1345 656 odiis
1375 614 1631 672 Agrippinae
1660 613 1836 657 invisus.
1880 627 1984 671 ergo

197 700 351 732 navem
378 702 511 746 posse
540 690 739 747 componi
771 689 916 740 docet,
959 689 1083 732 cuius
1109 701 1211 746 pars
1240 689 1335 746 ipso
1367 689 1407 731 in
1438 689 1543 732 mari
1572 703 1653 747 per
1681 696 1816 734 artem
1845 688 2016 733 solutas

195 763 435 808 effunderet
462 765 667 821 ignaram.
711 764 813 807 nihil
843 771 927 808 tam
958 777 1095 821 capax
1123 763 1389 807 fortuitorum
1417 778 1548 822 quam
1578 778 1720 817 mare3
1751 770 1794 808 et
1822 764 1859 808 si
1878 778 1985 811 nau-

193 839 326 897 fragio
358 839 591 897 intercepta
622 839 697 891 sit,
727 853 860 897 quem
889 838 1000 883 adeo
1029 839 1244 897 iniquum,
1275 845 1324 882 ut
1343 839 1497 885 sceleri
1518 839 1714 898 adsignet
1732 839 1847 898 quod
1871 840 1983 884 venti

193 921 236 958 et
264 913 419 958 fluctus
448 913 741 972 deliquerint?
778 914 1021 958 additurum
1057 914 1294 972 principem
1325 914 1551 959 defunctae
1580 915 1784 973 templum
1816 922 1858 958 et
1886 929 1983 959 aras

193 996 235 1033 et
273 996 418 1034 cetera
444 990 725 1033 ostentandae
761 990 917 1047 pietati.
976 990 1029 1046 (4)
1060 989 1219 1047 placuit
1247 989 1451 1041 sollertia,
1498 997 1693 1048 tempore
1724 991 1850 1034 etiam
1882 990 1980 1043 iuta,

192 1064 367 1123 quando
397 1065 739 1123 Quinquatruum
770 1065 900 1108 festos
930 1064 1026 1108 dies
1053 1065 1167 1122 apud
1198 1065 1322 1109 Baias
1342 1065 1651 1124 frequentabat.
1683 1065 1783 1110 illuc
1802 1073 2032 1111 matremte

192 1140 324 1192 elicit,
355 1139 556 1183 ferendas
583 1141 824 1198 parentium
854 1140 1096 1184 iracundias
1117 1147 1160 1184 et
1178 1140 1434 1198 placandum
1454 1141 1643 1185 animum
1662 1141 1870 1193 dictitans,
1893 1155 1981 1200 quo

190 1229 407 1259 rumorem
435 1215 793 1260 reconciliationis
824 1215 1015 1259 efficeret
1042 1216 1347 1274 acciperetque
1375 1216 1622 1274 Agrippina,
1664 1216 1775 1260 sacili
1805 1216 1982 1261 femina-

191 1304 284 1333 rum
316 1290 566 1334 credulitate
595 1289 651 1333 ad
680 1290 848 1347 gaudia.
893 1291 1135 1334 venientem
1155 1291 1309 1335 dehinc
1328 1291 1483 1335 obvius
1513 1291 1555 1334 in
1583 1291 1706 1335 litora
1727 1293 1838 1348 (nam
1859 1293 1981 1336 Antio

191 1365 459 1420 adventabat)
490 1366 659 1423 excepit
687 1379 814 1410 manu
845 1373 889 1409 et
918 1366 1144 1424 complexu
1174 1367 1378 1425 ducitque
1399 1366 1567 1410 Baulos.
1606 1366 1648 1410 id
1669 1367 1794 1411 villae
1823 1381 1979 1411 nomen

190 1448 271 1490 est,
294 1454 407 1499 quae
426 1442 767 1498 promunturium
791 1442 997 1489 Misenum
1021 1443 1131 1486 inter
1150 1450 1193 1485 et
1211 1443 1417 1485 Baianum
1437 1442 1578 1486 lacum
1597 1442 1710 1486 flexo
1731 1443 1838 1486 mari
1858 1442 2030 1486 anui-ii

189 1522 270 1558 tur.
300 1515 440 1559 stabat
470 1516 580 1558 inter
608 1515 712 1559 alias
741 1517 860 1560 navis
891 1517 1095 1567 ornatior,
1127 1523 1345 1575 tamquam
1375 1517 1418 1560 id
1442 1531 1622 1575 quoque
1653 1517 1803 1561 honori
1832 1518 1980 1562 matris

189 1590 387 1634 daretur:
418 1591 579 1648 quippe
611 1599 811 1636 sueverat
839 1593 999 1635 triremi
1030 1599 1072 1636 et
1097 1591 1416 1636 classiariorum
1447 1593 1626 1649 remigio
1656 1592 1768 1636 vehi.
1810 1606 1862 1637 ac
1891 1599 1980 1636 tum

189 1665 360 1709 invitata
398 1665 454 1710 ad
490 1665 639 1724 epulas
677 1673 787 1718 erat,
834 1674 879 1710 ut
914 1667 1165 1711 occultando
1202 1667 1376 1712 facinori
1413 1682 1497 1717 nox
1534 1668 1822 1714 adhiberetur.
1876 1668 1979 1712 satis

190 1741 378 1784 constitit
407 1742 597 1784 extitisse
627 1742 910 1799 proditorem,
943 1749 985 1786 et
1010 1742 1284 1800 Agrippinam
1315 1743 1470 1787 auditis
1491 1743 1675 1794 insidiis,
1707 1757 1760 1787 an
1782 1743 1980 1788 crederet

257 1875 290 1907 4.
315 1875 406 1907 cedes
427 1875 461 1907 M
485 1891 520 1897 —
554 1875 586 1907 2.
617 1875 824 1916 repperiebat
852 1875 885 1908 M
918 1892 954 1899 -
990 1876 1040 1909 illi
1063 1875 1292 1909 Puteolanus:
1321 1877 1378 1909 illo
1401 1878 1435 1911 M
1458 1894 1494 1900 -
1519 1876 1707 1909 metuebant
1734 1877 1785 1910 M:
1815 1876 1981 1909 metuebat

188 1929 303 1972 vulgo.
331 1948 367 1954 —
393 1931 425 1963 3.
450 1932 599 1977 anicetus
621 1932 654 1964 Μ
679 1948 715 1954 --
742 1931 774 1964 4.
799 1935 830 1963 et
852 1933 992 1964 ducator
1012 1933 1047 1965 M
1072 1950 1108 1955 —
1135 1933 1166 1964 6.
1191 1933 1293 1966 nichil
1313 1934 1347 1967 M
1375 1951 1407 1956 —
1440 1933 1472 1965 9.
1497 1933 1688 1965 ostentande
1708 1934 1742 1966 M
1769 1950 1805 1956 —
1828 1934 1903 1965 iuta
1924 1933 1977 1966 M:

189 1987 309 2019 adiuta
331 1986 398 2019 alii.
429 2005 459 2011 -
490 1988 543 2020 40.
570 1989 823 2029 quinquatrium
846 1989 878 2021 M
905 2007 940 2012 —
967 1990 1021 2022 44.
1046 1989 1184 2029 ferenda
1205 1990 1239 2022 M
1263 2007 1298 2012 -
1326 1998 1467 2030 quorum
1489 1998 1582 2022 more
1602 1989 1636 2022 M
1664 2006 1700 2011 —
1725 1989 1780 2021 43.
1805 1989 1902 2022 litore
1922 1989 1979 2022 Pi-

189 2043 320 2081 chena;
356 2044 492 2079 Literna
518 2044 619 2076 litora
647 2043 926 2085 Bezzenberger.
961 2063 997 2068 —
1033 2044 1086 2078 ⁴4.
1113 2046 1239 2091 accepit
1269 2046 1319 2083 M;
1357 2046 1479 2086 excipit
1507 2044 1730 2079 Puteolanus.
1757 2062 1793 2068 —
1821 2046 1874 2077 45.
1894 2054 1979 2086 pro-

186 2100 392 2132 muntorium
414 2101 459 2134 M.
486 2099 537 2132 Cf.
556 2099 589 2140 4,
607 2100 661 2132 67.
691 2118 724 2124 -—
750 2101 894 2133 alluitur
915 2102 960 2132 G:
986 2102 1153 2134 allauilur
1174 2102 1208 2136 M
1231 2117 1266 2125 —·
1294 2101 1347 2134 46.
1373 2105 1537 2142 tanquam
1557 2102 1591 2135 M
1617 2119 1652 2124 -
1678 2102 1799 2134 matris
1820 2101 1976 2143 Lipsius:

189 2155 294 2188 matri
316 2156 360 2188 M.

188 2267 282 2299 mnia
317 2268 586 2308 Quinquatruum
620 2269 739 2308 vocat,
776 2269 938 2301 Horatius
971 2271 1057 2302 item

189 2317 418 2357 Quinquatrus
438 2318 548 2358 festas.
585 2319 718 2358 Causa,
744 2319 824 2360 quia
848 2320 871 2351 ii
893 2319 970 2352 dies
994 2319 1057 2352 Mi-

188 2375 318 2399 nervae
341 2366 422 2399 laeti
446 2368 565 2408 pueris
588 2369 755 2409 virisque.
784 2369 833 2401 De
849 2370 968 2410 pueris
987 2369 1058 2401 Ho-

187 2416 296 2448 ratius
328 2417 414 2458 Epp.
440 2417 473 2456 2,
499 2418 532 2454 2,
558 2417 638 2449 497:
670 2427 758 2458 puer
778 2422 815 2450 ut
838 2419 929 2459 sestis
952 2419 1058 2459 Quin·

187 2465 361 2506 quatribus
374 2467 474 2506 olim,
498 2467 632 2508 Eaeiquo
654 2471 818 2508 yratoque
835 2469 965 2509 fruaris
980 2472 1059 2500 tem-

184 2525 267 2557 pore
279 2517 418 2557 raptim.
444 2517 784 2560 symmachusEpp.
803 2519 835 2557 5,
850 2518 909 2551 85:
935 2519 1059 2559 Nempe

187 2567 359 2599 Minervae
391 2566 449 2598 tibi
482 2566 634 2598 sollemne
665 2568 704 2599 de
725 2568 842 2600 scholis
862 2572 976 2600 notum
997 2572 1056 2609 est,

186 2619 225 2648 ut
245 2616 315 2657 sere
335 2625 494 2648 mernere:
514 2616 629 2648 sumus
651 2617 752 2649 etiam
768 2619 962 2657 procedente
976 2627 1058 2651 aevo

184 2666 366 2707 puerilium
387 2666 562 2706 feriarum.
597 2666 647 2698 Aa
669 2675 743 2699 eum
766 2668 851 2700 diem
873 2668 1058 2700 convivium

187 2715 245 2748 tibi
257 2724 424 2755 paramus
439 2715 623 2756 agrestibus
637 2715 791 2748 olusculis
801 2721 951 2757 partum,
976 2718 1059 2759 quia

187 2765 340 2797 lunarios
362 2765 494 2805 offendit
517 2766 613 2797 deam
633 2765 791 2798 sobriam.
829 2767 948 2799 Feriae
974 2776 1057 2808 ergo

185 2814 326 2857 pueris:
364 2816 400 2846 at
432 2815 516 2847 viris
550 2815 657 2846 etiam
687 2814 759 2847 ludi
790 2817 825 2848 et
854 2816 1055 2858 spectacula

187 2862 430 2904 gladiatorum.
457 2864 601 2896 Ovidius
624 2864 669 2896 de
686 2865 842 2906 quinque
859 2866 913 2898 his
929 2865 1055 2900 diebus

187 2912 281 2952 (inde
309 2921 330 2944 a
359 2921 417 2944 xni
446 2912 519 2945 Kal.
544 2915 642 2955 Apr.)
676 2915 766 2947 Fast.
792 2915 824 2955 3,
849 2915 929 2948 8⁴⁴:
966 2916 1056 2948 San·

185 2963 286 3004 quine
304 2963 419 3003 prima
438 2966 540 2994 vacat
561 2972 621 2995 nec
648 2964 703 3005 fas
725 2973 922 2998 concurrere
942 2966 1054 3006 ferro:

185 3012 314 3051 Causa,
340 3012 428 3053 quod
449 3016 495 3044 est
519 3013 578 3044 illa
591 3017 674 3045 nata
688 3015 842 3046 Minerva
856 3015 918 3047 die.
942 3016 1056 3048 Altera

186 3066 316 3103 tresque
331 3070 431 3101 super
442 3071 529 3094 rasa
543 3063 752 3095 celebrantur
766 3073 873 3096 arena
880 3073 893 3102 ;
914 3065 1056 3097 Ensibus

186 3113 326 3144 mertis
353 3112 468 3144 bellica
497 3112 586 3144 laeta
617 3114 680 3146 dea
713 3118 771 3146 est.
811 3115 987 3156 Augustus
1009 3115 1053 3147 ad

185 3161 363 3194 Tiberium
396 3161 493 3202 opud
516 3162 660 3196 Sueton.
685 3165 771 3204 Aug.
797 3164 858 3195 7⁴:
891 3165 979 3203 Nos,
1009 3165 1056 3197 mi

188 3211 316 3251 Tiberi,
356 3212 588 3252 Quinquatrus
619 3214 702 3244 satis
735 3213 876 3245 iucunde
908 3214 1054 3254 aqimus:

186 3261 323 3293 lusimus
352 3262 438 3292 enim
465 3270 527 3301 per
549 3262 655 3293 omnis
676 3262 743 3293 dies
764 3263 939 3302 sonoraque
960 3263 1055 3295 alea-

187 3311 311 3342 torium
331 3311 532 3352 calfecimus.
559 3311 644 3342 Lirs.
679 3311 728 3343 Cf.
755 3310 900 3346 Mueller
921 3312 1053 3345 Etrusk.

189 3359 238 3397 11.
263 3368 298 3401 p.
316 3359 370 3392 le.
393 3375 425 3386 -
452 3361 531 3392 illuc
552 3364 694 3392 matrem
715 3361 803 3393 elicit
823 3361 905 3403 cet]
929 3362 1056 3395 Sueto-

188 3409 266 3441 nius
288 3410 371 3443 Ner.
388 3409 449 3443 34:
471 3410 740 3444 reconciliatione
760 3411 920 3444 mutata
940 3412 1056 3445 iucun-

1108 2269 1248 2301 dissimi‘s
1277 2269 1396 2301 litteris
1425 2269 1532 2301 Baias
1557 2269 1708 2301 evocavit
1735 2270 1781 2302 ad
1808 2269 1980 2302 sollemnia

1109 2321 1379 2360 Quinquatruum
1408 2319 1507 2351 siml
1530 2319 1738 2352 celebranda.
1767 2337 1803 2343 -
1834 2320 1979 2360 placan-

1107 2371 1185 2401 dum
1201 2369 1359 2411 animum]
1381 2370 1583 2411 proprium,
1608 2370 1780 2402 irritatum
1796 2370 1978 2411 perpetuis

1106 2419 1172 2452 illis
1195 2420 1317 2452 matris
1340 2419 1545 2451 iracundiis.
1570 2437 1602 2443 -
1629 2420 1757 2461 sacili-
1772 2419 1977 2462 credulitate]

1106 2469 1239 2502 Eadem
1274 2469 1383 2501 verba
1419 2469 1611 2510 iunguntur
1639 2470 1744 2501 etiam
1777 2471 1831 2508 45,
1858 2470 1911 2502 44.
1938 2487 1974 2493 -

1105 2519 1241 2559 Baulos]
1255 2521 1358 2551 antea
1372 2519 1547 2551 Hortensii
1559 2517 1690 2558 villam,
1704 2520 1789 2551 tunc
1804 2520 1840 2552 in
1851 2520 1978 2561 princi-

1109 2578 1192 2610 pum
1210 2568 1314 2601 bonis
1331 2567 1531 2610 (aliquando
1547 2569 1654 2601 etiam
1666 2569 1836 2601 Antoniae
1854 2569 1975 2602 Drusi:

1107 2618 1191 2651 Plin.
1209 2619 1251 2650 N.
1270 2619 1310 2650 H.
1331 2618 1350 2649 9
1373 2618 1393 2659 g
1411 2618 1497 2659 ⁴72).
1534 2619 1586 2650 De
1610 2627 1650 2651 ea
1675 2627 1743 2650 non
1762 2618 1978 2660 ineleganter

1108 2668 1354 2708 Symmachus,
1373 2668 1449 2700 eius
1465 2676 1664 2709 possessor,
1685 2669 1773 2710 Epp.
1791 2670 1823 2708 4,
1841 2670 1855 2700 4
1872 2677 1879 2699 :
1905 2669 1978 2700 Huc

1106 2718 1185 2750 deus
1198 2718 1326 2749 Alcides
1342 2717 1541 2749 stabulanda
1556 2721 1710 2750 amenta
1724 2718 1843 2759 weyit,
1866 2718 1978 2750 Eruta

1107 2768 1280 2808 tergemini
1302 2767 1341 2798 de
1362 2767 1435 2799 lare
1457 2766 1632 2806 Geryonis.
1655 2768 1735 2800 Inde
1755 2776 1869 2799 recens
1883 2771 1977 2799 aetas

1106 2821 1268 2857 compta
1298 2816 1442 2850 Boaulia
1471 2817 1597 2849 Baulos
1617 2818 1817 2858 Nuncupat,
1849 2818 1976 2851 occulto

1105 2868 1248 2900 nominis
1268 2867 1402 2899 indicio.
1432 2867 1480 2899 Ab
1503 2867 1579 2899 divo
1594 2868 1641 2900 ad
1655 2876 1813 2908 proceres
1828 2868 1977 2901 dominos

1104 2918 1244 2959 fortuna
1265 2918 1430 2956 cucurrit,
1458 2918 1567 2950 Fama
1588 2918 1652 2950 loci
1673 2918 1828 2950 obscuros
1848 2926 1890 2950 ne
1907 2927 1976 2958 pa-

1105 2970 1229 2999 teretur
1243 2966 1349 2998 heros.
1373 2967 1471 2999 Hanc
1484 2967 1662 2999 celebravit
1677 2976 1777 3008 opum
1794 2967 1877 3007 felia:
1890 2968 1977 3000 Hor*-

1105 3016 1227 3048 tensius
1257 3016 1390 3056 aulam,
1427 3016 1552 3049 Contra
1579 3017 1775 3057 Arpinatem
1804 3017 1862 3056 qui
1889 3018 1976 3050 stetit

1105 3066 1245 3106 eloquio.
1271 3067 1357 3098 Lm.
1394 3065 1575 3108 Reliquiae
1598 3065 1731 3107 aliquot
1753 3066 1857 3099 huius
1873 3065 1974 3100 villae

1105 3115 1211 3147 etiam
1229 3123 1324 3147 nunc
1347 3117 1487 3149 exstant
1512 3117 1547 3149 in
1570 3118 1691 3148 monte
1714 3116 1806 3147 inter
1819 3116 1918 3148 Porto
1939 3117 1975 3155 di

1105 3164 1193 3196 Bata
1215 3165 1251 3196 et
1272 3165 1370 3197 aare
1393 3169 1521 3206 morto,
1558 3168 1594 3198 et
1616 3174 1636 3197 a
1659 3165 1772 3197 doctis
1794 3166 1974 3199 nominata

1107 3215 1161 3246 est
1183 3214 1352 3247 Peoehiera
1373 3215 1564 3247 d'Ortensio.
1592 3233 1629 3239 —
1658 3215 1829 3247 Baianum
1849 3215 1972 3259 lacum]

1106 3264 1167 3304 qui
1189 3263 1409 3306 frequentius
1432 3264 1627 3306 appellatur
1648 3264 1837 3304 Lucrinus,
1861 3267 1900 3298 ut
1918 3268 1974 3300 est

1105 3312 1194 3345 infra
1226 3322 1257 3346 c.
1283 3313 1314 3346 6.
1351 3331 1385 3337 -
1416 3315 1506 3356 flexo
1534 3314 1640 3356 mari]
1675 3314 1755 3346 sinu
1786 3317 1906 3348 maris.
1932 3332 1968 3340 —-

1104 3363 1367 3405 classiariorum]
1392 3372 1463 3396 non
1486 3363 1668 3396 solitorum
1690 3365 1885 3407 remigum,
1910 3367 1972 3407 qui

1105 3412 1315 3456 plerumque
1333 3416 1434 3447 erant
1449 3415 1552 3447 servi.
1577 3415 1750 3448 Cla-ieiunii
1759 3414 1970 3450 datihonori
