2254 3770
784 263 940 310 mnan
967 263 1018 308 11.
1067 263 1167 322 cap.
1196 263 1265 309 42.
1293 263 1361 310 43.
1893 264 1976 310 ¹105

203 371 380 423 Iudaea,
410 370 548 415 fessae
567 369 791 422 oneribus,
823 369 1156 415 deminutionem
1184 371 1328 416 tributi
1353 372 1543 417 orabant.
1602 372 1684 430 (43)
1716 371 1842 430 igitur
1868 371 1976 416 haec

203 454 247 492 et
273 446 328 491 de
356 445 555 490 Armenia
583 459 695 504 quae
725 458 856 504 supra
883 447 1117 491 memoravi
1156 452 1258 505 aput
1293 454 1436 505 patres
1467 447 1689 500 disseruit;
1728 460 1809 491 nec
1845 460 1975 505 posse

202 527 363 573 motum
391 521 610 566 Orientem
644 520 724 565 nisi
755 521 994 565 Germanici
1033 521 1240 580 sapientia
1269 523 1473 581 conponi:
1515 536 1615 566 nam
1643 535 1763 565 suam
1795 527 1976 565 aetatem

201 610 398 655 vergere,
428 596 555 640 Drusi
584 595 775 640 nondum
803 596 905 640 satis
934 595 1189 640 adolevisse.
1227 603 1328 642 tunc
1357 597 1532 642 decreto
1552 603 1721 656 patrum
1739 596 1976 655 permissae

203 671 455 716 Germanico
483 671 729 730 provinciae
759 685 871 730 quae
900 671 1006 715 mari
1037 671 1299 724 dividuntur,
1336 673 1562 731 maiusque
1592 672 1837 731 imperIum,
1869 686 2009 731 quo-5

202 760 289 806 quo
318 746 496 798 adisset,
528 760 658 805 quam
686 746 738 790 iis
767 747 841 805 qui
871 753 986 791 sorte
1015 753 1088 791 aut
1116 747 1250 791 missu
1279 748 1484 806 principis
1513 747 1762 792 obtinerent.
1803 748 1881 791 sed
1911 747 1978 791 Ti-

202 821 348 866 berius
378 821 624 866 demoverat
644 822 769 881 Syria
786 822 999 866 Creticum
1019 822 1228 875 Silanum,
1260 837 1339 881 per
1364 823 1622 868 adfinitatem
1643 837 1853 868 conexum
1874 823 1979 867 Ger-

202 897 388 948 manico,
419 897 520 956 quia
549 896 677 941 Silani
708 897 793 941 filia
811 898 979 950 Neroni,
1011 898 1298 943 vetustissimo
1327 898 1561 943 liberorum
1588 899 1693 950 eius,
1724 905 1847 957 pacta
1873 905 1975 949 erat,

202 973 553 1032 praefeceratque
593 972 666 1017 Cn.
696 973 911 1022 Pisonem,
957 973 1126 1032 ingenio
1170 974 1402 1018 violentum
1446 981 1488 1018 et
1531 973 1727 1032 obsequii
1771 974 1976 1031 ignarum,

204 1049 328 1093 insita
358 1048 516 1092 ferocia
546 1062 571 1091 a
599 1053 719 1106 patre
738 1048 912 1100 Pisone,
944 1049 1017 1107 qui
1040 1048 1150 1092 civili
1171 1048 1284 1093 bello
1314 1056 1587 1106 resurgentes
1617 1049 1659 1092 in
1680 1049 1815 1093 Africa
1834 1055 1978 1106 partes
1991 1062 2028 1092 ιο

204 1124 414 1168 acerrimo
443 1123 676 1167 ministerio
714 1122 922 1167 adversus
953 1124 1180 1168 Caesarem
1217 1124 1338 1174 iuvit,
1381 1139 1481 1168 mox
1510 1126 1685 1167 Brutum
1714 1131 1756 1168 et
1785 1124 1979 1168 Cassium

203 1205 376 1243 secutus
411 1212 618 1243 concesso
648 1198 784 1242 reditu
815 1199 1018 1257 petitione
1048 1199 1260 1243 honorum
1289 1199 1509 1251 abstinuit,
1542 1199 1679 1243 donec
1707 1199 1817 1242 ultro
1846 1198 1980 1242 ambi-

205 1280 324 1318 retur
353 1273 540 1318 delatum
579 1273 633 1317 ab
663 1274 852 1331 Augusto
891 1273 1157 1318 consulatum
1196 1275 1406 1334 accipere.
1460 1274 1538 1319 sed
1576 1282 1750 1333 praeter
1777 1280 1978 1332 paternos

203 1350 378 1408 spiritus
406 1349 551 1393 uxoris
581 1362 756 1407 quoque
786 1348 1011 1394 Plancinae
1039 1349 1256 1395 nobilitate
1286 1357 1328 1394 et
1356 1350 1512 1409 opibus
1542 1350 1876 1402 accendebatur;
1910 1350 1980 1392 vix

204 1424 372 1469 Tiberio
393 1423 649 1476 concedere,
681 1423 840 1468 liberos
870 1425 963 1469 eius
992 1431 1038 1469 ut
1066 1425 1244 1469 multum
1266 1425 1372 1470 infra
1391 1425 1657 1484 despectare.
1702 1439 1781 1469 nec
1801 1425 2028 1468 dubiumst,

205 1499 391 1544 habebat
418 1513 466 1544 se
495 1498 726 1551 delectum,
758 1500 832 1558 qui
862 1501 1014 1560 Syriae
1044 1501 1352 1560 imponeretur,
1384 1501 1438 1545 ad
1468 1515 1569 1559 spes
1590 1501 1827 1545 Germanici
1857 1505 1979 1544 coer-

240 1609 254 1641 4
264 1635 271 1641 .
285 1609 538 1641 deminutionem
548 1616 601 1651 pr.
614 1609 661 1642 M:
674 1608 922 1642 diminutionem
933 1617 1025 1642 corr.
1036 1610 1069 1643 M
1080 1626 1115 1632 —
1127 1609 1160 1641 9.
1172 1609 1207 1642 C.
1220 1609 1264 1642 N.
1274 1610 1348 1643 M—
1359 1610 1412 1642 40.
1423 1610 1547 1651 affrica
1556 1610 1630 1643 M—
1645 1609 1698 1642 46.
1708 1609 1976 1641 cohercendum.

204 1701 293 1734 Hist.
315 1701 356 1742 2,
389 1701 444 1734 84.
478 1701 517 1739 5,
542 1701 574 1733 4.
609 1702 751 1734 Sueton.
777 1701 849 1735 Cal.
875 1702 927 1735 46.
963 1703 1064 1735 Dion.

207 1752 268 1792 60,
291 1751 323 1784 8.
362 1751 517 1784 Visconti
546 1752 696 1793 Iconoyr.
720 1761 772 1794 φ’.
797 1753 854 1784 III.
885 1761 922 1794 p.
947 1754 1000 1786 ⁴2.
1027 1770 1062 1776 —-

205 1801 424 1844 Philopatore]
446 1801 549 1834 huius
572 1802 723 1834 nominis
746 1801 874 1843 altero,
898 1801 969 1835 filio
991 1804 1069 1836 Phi-

204 1850 372 1894 lopatoris
394 1852 419 1883 Ι.
444 1852 480 1883 et
501 1851 757 1884 Tarcondimoti
780 1853 805 1884 1.
835 1853 976 1894 nepote.
1016 1853 1066 1885 De

209 1901 264 1934 his
294 1910 328 1933 v.
353 1901 416 1934 Dio
438 1900 493 1939 44,
525 1901 578 1933 63.
618 1900 672 1940 47,
703 1901 756 1934 26.
795 1902 849 1941 50,
874 1902 928 1935 34.
967 1903 1022 1942 54,
1046 1903 1067 1935 2

209 1953 246 1984 et
260 1952 292 1984 7.
318 1951 372 1991 59,
397 1951 429 1984 9.
455 1950 583 1992 quibus
607 1960 649 1984 ex
671 1950 758 1984 locis
774 1951 913 1985 Ciliciae
936 1961 995 1985 res
1018 1953 1068 1985 sic

207 2000 429 2034 adumbravit
463 2000 639 2034 Walther:
688 2002 1004 2036 «Tarcondimotus
1033 2005 1066 2043 Ι,

206 2052 267 2094 qui
296 2052 331 2084 in
360 2050 453 2084 bello
484 2050 573 2084 civili
595 2052 801 2094 Pompeium
832 2055 952 2085 contra
977 2054 1069 2086 Cae-

206 2110 324 2135 sarem
362 2101 583 2143 potissimum
620 2110 659 2134 re
695 2101 808 2134 navali
843 2103 1000 2143 iuverat,
1048 2112 1067 2135 a

205 2152 340 2185 victore
357 2152 505 2193 gratiam
521 2152 645 2184 nactus
657 2154 741 2185 tunc
753 2152 895 2194 quidem
912 2154 946 2186 in
959 2162 1068 2196 regno

206 2202 349 2242 mansit,
384 2203 507 2244 postea
530 2211 550 2234 a
575 2202 694 2235 Cassio
722 2203 850 2236 invitus
880 2204 926 2236 ad
953 2205 1069 2237 socie-

206 2254 316 2286 tatem
329 2251 530 2294 compulsus
542 2253 608 2286 est.
626 2254 759 2286 Interiit
773 2254 809 2286 in
823 2253 916 2286 bello
927 2255 1068 2287 Actiaco

207 2303 243 2336 in
265 2301 424 2345 partibus
445 2303 596 2335 Antonii.
635 2302 707 2335 filii
730 2304 806 2337 eius
828 2306 908 2346 post
931 2304 1068 2338 cladem

208 2353 253 2386 ab
282 2352 431 2386 Antonio
461 2352 678 2385 defecerunt.
724 2354 817 2387 Patri
847 2357 1069 2388 successerat

207 2402 407 2445 Philopator
417 2403 443 2443 1,
457 2411 565 2444 quem
580 2412 689 2445 regno
704 2404 866 2446 spoliavit
878 2407 1066 2447 Augustus;

207 2453 328 2487 tribuit
358 2453 454 2486 fratri
483 2453 559 2486 eius
581 2454 850 2488 Tarcondimoto
873 2457 903 2488 ΙΙ
925 2465 956 2488 a.
982 2455 1065 2495 734;

208 2505 289 2547 post
311 2512 419 2545 quem
435 2504 594 2546 regnavit
608 2503 807 2547 Philopator
820 2506 851 2538 11
861 2530 869 2546 ,
895 2506 994 2539 cuius
1010 2506 1067 2539 hic

207 2554 339 2587 mentio
362 2555 455 2587 est.»

250 2653 304 2688 43.
329 2652 444 2696 supra]
465 2661 541 2696 cap.
559 2652 579 2686 3
596 2654 630 2686 et
646 2653 678 2687 4.
699 2672 734 2677 -
753 2657 878 2687 motum
893 2655 1068 2697 Orientem]

208 2702 407 2743 turbatum,
432 2704 472 2736 ut
486 2713 518 2737 c.
537 2704 573 2736 ⁴:
597 2707 688 2737 mota
703 2704 845 2737 Orientis
865 2714 980 2747 regna.
1013 2705 1066 2746 44,

209 2754 246 2787 64
263 2762 270 2784 :
295 2762 349 2786 res
367 2756 485 2786 motae.
505 2770 540 2777 —
560 2763 645 2794 quae
657 2755 748 2786 mari
763 2755 965 2797 dividuntur]
989 2756 1068 2789 Asia

209 2804 281 2836 tota
303 2804 340 2836 et
353 2803 550 2848 Aegxptus3
575 2803 620 2837 de
635 2804 747 2837 Africa
763 2805 819 2838 vix
843 2806 1015 2847 cogitavit.
1029 2823 1064 2829 —

208 2853 381 2895 mitisque
409 2854 594 2895 imperium]
625 2855 664 2886 ut
686 2855 865 2896 quondam
895 2856 1070 2896 imperium

209 2903 375 2945 infinitum
396 2903 563 2945 Pompeio
585 2904 732 2944 piratico
754 2905 790 2936 in
812 2904 904 2937 bello
928 2906 972 2946 (v.
994 2906 1066 2938 Cic.

211 2951 256 2985 de
279 2952 365 2994 imp.
383 2953 446 2985 Cn.
465 2954 600 2995 Pomp.)
625 2955 660 2986 et
681 2954 725 2987 M.
745 2955 895 2987 Antonio
919 2955 1067 2988 Cretico.

211 3002 275 3034 Dio
297 3001 358 3042 53,
390 3001 451 3034 32:
487 2998 532 3034 τὸ
565 3001 695 3035 πλεῖον
727 3001 802 3036 τῶν
835 3002 1071 3044 ἑκασταχόθι

211 3047 391 3083 ἁπάντων
414 3049 570 3091 ἰσχύειν.
590 3069 626 3075 -
653 3053 814 3086 Creticum
835 3054 998 3096 Silanum]
1022 3055 1069 3087 Ex

212 3101 308 3133 Iunia
331 3102 433 3142 gente
462 3101 519 3134 bic
542 3101 695 3142 Silanus,
726 3103 791 3136 sed
819 3103 1004 3145 adoptione
1035 3105 1071 3136 in

213 3149 399 3183 Caeciliam
422 3151 620 3183 transierat.
653 3153 773 3193 ltaque
797 3153 936 3185 nomina
962 3152 1005 3185 illi
1030 3155 1068 3194 Q.

214 3199 374 3233 Caecilius
401 3201 449 3233 M.
479 3200 503 3241 f.
531 3202 579 3233 Μ.
603 3210 637 3233 n.
671 3202 816 3235 Metellus
845 3202 989 3235 Creticus
1017 3203 1072 3235 Si-

213 3249 321 3282 lanus.
347 3250 398 3283 Cf.
415 3251 504 3283 Ann.
523 3249 600 3283 dell'
621 3251 703 3283 Inst.
723 3250 818 3284 4849.
844 3260 878 3293 p.
897 3252 950 3284 54.
976 3252 1072 3284 Hen-

215 3307 280 3331 zen
301 3299 427 3332 Inscrr.
452 3300 539 3332 Latt.
564 3309 599 3332 n.
618 3300 713 3333 602⁴.
755 3299 883 3333 Consul
906 3300 1019 3333 fuerat
1037 3310 1069 3334 a.

215 3356 252 3380 u.
267 3348 331 3381 760
353 3358 435 3382 cum
457 3350 496 3382 A.
515 3350 644 3383 Licinio
667 3351 707 3383 A.
731 3350 753 3383 f.
777 3350 914 3383 Siliano.
940 3350 989 3383 Cf.
1008 3351 1072 3384 Dio

217 3396 277 3438 55,
301 3396 355 3431 30.
392 3399 529 3442 Syriam
562 3400 651 3433 rexit
682 3399 763 3433 inde
797 3399 842 3433 ab
873 3409 964 3434 anno
993 3400 1068 3435 764.

1117 1702 1168 1736 Cf.
1194 1702 1325 1736 Eckhel
1348 1704 1389 1735 D.
1406 1703 1447 1735 N.
1471 1704 1527 1735 III.
1553 1712 1589 1745 p.
1607 1703 1682 1736 276.
1710 1721 1746 1726 -
1768 1706 1872 1743 pacta
1894 1703 1977 1743 erat]

1115 1754 1237 1794 Neque
1261 1754 1381 1785 tamen
1403 1753 1478 1785 rata
1501 1752 1607 1786 fuisse
1631 1762 1671 1785 ea
1689 1753 1803 1795 pactio
1819 1752 1976 1791 videtur;

1117 1812 1197 1835 nam
1220 1803 1307 1835 infra
1331 1803 1363 1842 3,
1387 1803 1429 1835 29
1452 1803 1604 1836 refertur
1626 1803 1670 1836 de
1686 1804 1815 1845 nuptiis
1832 1803 1978 1836 Neronis

1117 1854 1153 1886 et
1167 1852 1272 1886 Iuliae
1289 1854 1392 1886 Drusi
1414 1853 1518 1886 filiae.
1542 1855 1685 1887 WALrn.
1706 1872 1740 1877 —
1767 1854 1898 1896 inqenio
1911 1854 1980 1886 vio-

1115 1904 1256 1946 lentum]
1285 1905 1418 1937 Seneca
1442 1904 1486 1937 de
1510 1905 1564 1937 Ira
1588 1905 1620 1944 4,
1646 1904 1704 1944 46,
1730 1905 1786 1937 43;
1823 1904 1881 1937 Cn.
1905 1904 1979 1936 Piso

1115 1955 1179 1996 fuit
1207 1955 1369 1987 memoria
1396 1958 1512 1987 nostra
1541 1957 1596 1988 vir
1624 1964 1645 1987 a
1666 1955 1779 1987 multis
1808 1954 1897 1986 vitiis
1925 1954 1980 1986 in·

1117 2009 1224 2047 teger,
1257 2006 1312 2038 sed
1337 2014 1465 2046 pravus
1493 2008 1524 2038 et
1553 2005 1607 2037 cui
1631 2005 1783 2046 placebat
1806 2014 1870 2045 pro
1899 2013 1979 2036 con-

1116 2056 1240 2087 stantia
1267 2056 1378 2097 rigor-3
1415 2057 1490 2088 tum
1519 2056 1638 2087 narrat
1672 2053 1875 2096 exemplum
1903 2054 1978 2086 eius

1118 2106 1296 2138 saevitiae.
1325 2123 1358 2129 —
1383 2106 1419 2138 in
1440 2105 1565 2147 Africa]
1590 2106 1663 2137 Ser.
1689 2103 1771 2137 belli
1792 2104 1897 2137 Afric.
1917 2104 1976 2136 48:

1117 2157 1164 2189 M.
1187 2156 1332 2189 Petreius
1354 2159 1384 2189 et
1407 2156 1464 2189 Cn.
1481 2156 1554 2188 Piso
1579 2154 1699 2198 (pater)
1723 2163 1798 2187 cum
1819 2153 1981 2194 equitibus

1117 2206 1190 2239 MC.
1229 2207 1335 2239 electis
1375 2207 1590 2248 peditatuque
1626 2206 1695 2238 eius
1729 2206 1858 2246 generis
1900 2204 1981 2235 satis

1117 2257 1239 2298 yrandi
1254 2259 1442 2288 occurrunt.
1478 2257 1566 2288 Item
1583 2254 1623 2288 4:
1647 2254 1817 2287 Adrumeti
1833 2254 1890 2287 Cn.
1906 2253 1979 2286 Piso

1116 2315 1192 2339 cum
1212 2308 1412 2340 Maurorum
1433 2307 1565 2338 circiter
1587 2306 1690 2338 tribus
1719 2304 1848 2337 milibus
1870 2313 1980 2344 appa-

1116 2357 1196 2389 ruit.
1222 2358 1307 2389 Ln’s.
1335 2374 1370 2380 —-
1395 2357 1611 2399 consulatum]
1637 2365 1669 2388 a.
1692 2364 1727 2387 u.
1753 2354 1810 2386 734
1840 2356 1979 2396 gestum

1118 2415 1201 2439 cum
1237 2406 1314 2448 ipso
1348 2407 1523 2447 Augusto,
1563 2405 1658 2448 quod
1691 2403 1979 2437 honorificentius

1118 2457 1204 2488 erat.
1241 2456 1305 2488 Dio
1327 2455 1381 2495 53,
1407 2456 1470 2498 30..
1488 2473 1523 2479 -
1547 2459 1704 2496 paternos
1725 2455 1870 2495 spiritus]
1899 2463 1981 2486 ean-

1118 2506 1201 2539 dem
1216 2506 1470 2547 arrogantiam,
1495 2505 1649 2539 eundem
1665 2505 1809 2544 fastum,
1834 2505 1894 2545 qui
1909 2504 1979 2536 iam

1116 2556 1153 2588 in
1175 2557 1273 2598 patre
1298 2555 1499 2588 notabatur.
1545 2556 1601 2588 Sic
1623 2554 1656 2594 4,
1683 2556 1743 2587 42;
1777 2554 1981 2596 Δρνίρρὶηαε

1117 2606 1257 2638 tumidos
1278 2606 1425 2646 spiritus,
1453 2624 1489 2629 -
1513 2604 1708 2647 Plancinae]
1737 2605 1766 2637 A
1788 2604 1898 2636 Dione
1922 2604 1977 2643 58,

1116 2657 1158 2690 22
1180 2656 1337 2688 Munatia
1358 2655 1518 2688 Plancina
1539 2655 1684 2694 dicitur,
1716 2656 1754 2686 ut
1777 2655 1913 2686 certum
1936 2654 1980 2686 sit

1119 2714 1198 2738 eam
1229 2704 1369 2738 illustris
1397 2704 1486 2737 illius
1509 2706 1545 2737 L.
1572 2704 1711 2737 Munatii
1734 2703 1850 2736 Planci
1873 2703 1979 2736 filiam

1118 2755 1224 2788 ruisse
1258 2757 1319 2787 aut
1351 2756 1508 2797 neptem.
1547 2755 1709 2787 Nominat
1741 2754 1833 2786 hanc
1864 2755 1979 2795 ipsam

1118 2807 1248 2839 Romae
1271 2804 1358 2847 lapis
1381 2806 1415 2837 in
1440 2804 1587 2837 aedibus
1612 2804 1743 2837 Caesiis
1770 2804 1875 2843 (Grut.
1901 2803 1976 2841 985,

1118 2856 1167 2896 8):
1191 2855 1265 2887 DIS
1285 2854 1477 2887 MANIBVS
1497 2855 1535 2887 L.
1557 2855 1596 2887 M
1600 2854 1725 2886 VNATI
1742 2852 1979 2885 PLANCINAE

1117 2907 1154 2938 L.
1172 2905 1398 2937 POLYCLITI.
1422 2905 1459 2936 id
1474 2906 1539 2945 est,
1563 2904 1741 2936 Plancinae
1755 2903 1872 2936 liberti.
1891 2903 1976 2934 Lirs.

1118 2956 1169 2988 De
1193 2955 1268 2987 eius
1291 2954 1395 2987 fratre
1426 2954 1470 2987 cf.
1496 2955 1528 2995 4,
1554 2954 1606 2987 39.
1654 2955 1794 2988 Patrem
1823 2951 1980 2985 celebrat

1118 3003 1237 3037 titulus
1276 3005 1450 3037 Gaetanus
1485 3005 1595 3037 Inscr.
1630 3004 1716 3037 Latt.
1748 3012 1782 3035 n.
1815 3002 1877 3035 590
1913 3001 1976 3042 (Cf.

1119 3055 1262 3086 Henzen
1291 3053 1367 3086 Vol.
1387 3055 1442 3087 111.
1467 3062 1503 3096 p.
1527 3053 1599 3094 54);
1629 3063 1659 3087 ι..
1684 3061 1858 3087 ιυΝΑΤιῡ-ε.
1890 3061 1919 3083 ι.
1944 3060 1976 3084 ιν.

1119 3113 1148 3136 ι.
1180 3111 1214 3136 zv.
1244 3112 1275 3135 ι..
1304 3111 1397 3137 raon.
1434 3101 1450 3142 ΙΙ
1485 3112 1640 3137 ΡιΑΝσυε.
1677 3112 1746 3136 cos.
1778 3110 1871 3135 cans.
1904 3110 1976 3134 ιιι».

1118 3161 1206 3185 ima.
1240 3161 1339 3185 mma
1379 3153 1394 3193 ΙΙ
1431 3162 1571 3186 EPULON.
1602 3162 1735 3186 ramur.
1768 3160 1814 3183 ax
1849 3160 1975 3185 mans.

1119 3210 1244 3236 annau.
1267 3210 1407 3237 sarnam
1435 3206 1451 3247 11
1481 3211 1592 3236 Facu.
1616 3211 1662 3235 na
1689 3202 1838 3235 nmmls.
1862 3210 1976 3235 aenos.

1119 3260 1253 3286 nmstr.
1270 3261 1309 3286 m
1323 3261 1428 3286 ιτΑιιΑ
1446 3253 1461 3293 ΙΙ
1478 3260 1678 3285 ΒΕΝΕΥΕΝΠ.
1696 3260 1734 3284 m
1748 3260 1871 3284 carm.
1885 3260 1979 3285 coto-

1119 3310 1206 3336 mAs.
1237 3311 1386 3336 nananr
1416 3303 1431 3343 ΙΙ
1463 3309 1665 3335 ιυσυυσΝυι
1690 3309 1733 3333 m·
1759 3309 1919 3335 numen
1939 3319 1975 3325 -

1121 3351 1236 3384 liberos
1250 3352 1329 3395 eius]
1347 3352 1592 3385 Germanicum
1610 3352 1644 3383 et
1655 3351 1858 3384 Drusum.-
1874 3351 1977 3394 infra]

1120 3401 1236 3444 ipsum
1257 3402 1410 3444 positos,
1433 3401 1628 3434 inferiores.
1657 3418 1689 3423 —
1721 3401 1978 3434 monuit--in-
