2254 3770
698 301 854 345 LIBER
884 301 953 344 111.
990 301 1091 358 Cap.
1122 299 1189 342 64.
1220 299 1288 343 65.
1319 300 1385 343 66.
1415 298 1485 342 67.
1898 293 1980 336 ’195

195 409 324 453 sociis
354 406 624 466 postulatum,
651 408 889 451 Mamercus
910 408 1098 451 Scaurus
1119 419 1143 449 e
1164 404 1474 455 consularibus,
1496 403 1641 447 Iunius
1662 401 1774 446 Otho
1794 407 1978 459 praetor,

195 483 438 529 Bruttedius
466 483 596 540 Niger
633 482 782 526 aedilis
818 482 943 525 simul
978 481 1212 538 corripiunt
1241 480 1540 538 obiectantque
1573 477 1776 522 violatum
1805 475 1981 533 Augusti

195 572 362 607 numen,
394 564 582 615 spretam
612 558 765 601 Tiberii
798 557 1076 603 maiestatem.
1111 557 1348 599 Mamercus
1379 556 1552 613 antiqua
1582 551 1778 610 exempla
1807 551 1980 599 iaciens,

194 635 238 677 L.
271 633 434 677 Cottam
463 646 489 675 a
518 633 718 690 Scipione
747 632 963 683 Africano,
1005 631 1200 675 Servium
1232 630 1408 673 Galbam
1443 644 1467 673 a
1499 630 1658 674 Catone
1687 627 1904 677 censorio,
1935 626 1981 668 P.

194 707 390 753 Rutilium
428 721 452 750 a
490 708 541 750 M.
574 708 737 751 Scauro
777 713 1014 751 accusatos.
1060 705 1258 749 videlicet
1287 705 1430 762 Scipio
1461 711 1504 748 et
1533 705 1636 749 Cato
1666 703 1765 747 talia
1799 701 2014 745 moises-⁵

197 783 349 826 bantur
388 790 461 825 aut
502 782 572 826 ille
609 771 816 826 Scaurus.
860 795 988 840 quem
1034 794 1243 839 proavum
1285 794 1410 823 suum
1450 779 1727 837 obprobrium
1774 777 1983 820 maiorum

195 858 432 901 Mamercus
471 857 612 900 infami
653 871 787 915 opera
830 856 1152 900 dehonestabat.
1199 855 1318 899 lunio
1349 854 1506 899 Othoni
1546 853 1796 898 litterarium
1834 851 1983 895 ludum

196 947 400 977 exercere
429 939 552 976 vetus
584 947 654 976 ars
684 932 780 983 fuit;
822 946 920 975 mox
957 932 1097 975 Seiani
1128 931 1317 989 potentia
1345 936 1518 973 senator
1546 929 1731 973 obscura
1760 928 1876 971 initia
1907 927 1986 969 im-

198 1007 456 1065 pudentibus
486 1008 602 1051 ausis
632 1007 665 1065 -l-
694 1006 1003 1065 propolluebat.
1052 1006 1317 1050 Bruttedium
1346 1005 1510 1049 artibus
1539 1004 1729 1048 honestis
1763 1003 1987 1060 copiosum

198 1090 251 1132 et,
283 1083 317 1126 si
348 1090 513 1126 rectum
542 1084 622 1126 iter
650 1089 869 1139 pergeret,
907 1082 962 1124 ad
992 1081 1227 1125 clarissima
1257 1094 1458 1138 quaeque
1487 1080 1644 1122 iturum
1673 1078 1882 1122 festinatio
1912 1091 1986 1120 ex-
1999 1086 2037 1116 ⁴0

201 1158 454 1205 stimulabat.
487 1157 588 1200 dum
621 1157 836 1215 aequalis,
869 1156 968 1200 dein
999 1156 1263 1214 superiores,
1297 1162 1514 1213 postremo
1545 1161 1734 1199 suasmet
1763 1154 1856 1211 ipse
1886 1165 1988 1210 spes

198 1234 333 1276 antire
364 1240 504 1290 parat;
541 1233 657 1290 quod
689 1231 845 1274 multos
875 1231 1002 1274 etiam
1033 1232 1168 1275 bonos
1197 1245 1372 1289 pessum
1405 1230 1533 1280 dedit,
1565 1230 1657 1287 qui,
1689 1229 1844 1287 spretis
1874 1240 1987 1285 quae

198 1308 319 1351 tarda
348 1321 444 1351 cum
476 1308 715 1355 securitate,
747 1313 1021 1364 praematura
1048 1306 1117 1349 vel
1147 1321 1243 1350 cum
1275 1306 1403 1350 exitio
1433 1311 1677 1364 properant.
1716 1305 1796 1360 (67)
1828 1315 1987 1347 auxere

198 1397 424 1426 numerum
463 1388 760 1426 accusatorum
803 1381 963 1425 Gellius
1001 1381 1218 1426 Publicola
1254 1388 1296 1426 et
1331 1382 1383 1425 M.
1414 1381 1643 1431 Paconius,
1685 1379 1755 1423 ille
1785 1384 1989 1437 quaestor

262 1516 295 1548 2.
321 1515 502 1547 bruttedius
517 1515 565 1548 M:
591 1515 765 1547 Brutidius
779 1514 983 1553 Rhenanus;
1009 1515 1196 1547 Bruttidius
1210 1513 1415 1557 Nipperdey
1431 1512 1522 1555 (coll.
1539 1512 1828 1555 inscriptionibus
1844 1521 1901 1554 ap.
1915 1513 1990 1545 Ma-

197 1572 326 1604 rinium
349 1572 418 1604 Atti
441 1570 494 1603 de'
519 1571 609 1603 Frat.
635 1572 718 1603 Arv.
743 1579 778 1613 p.
797 1570 861 1603 240
885 1570 972 1612 sq.);
1001 1572 1086 1604 item
1108 1571 1196 1603 infra
1221 1580 1253 1603 v.
1272 1571 1303 1603 9.
1331 1570 1382 1603 Cf.
1408 1571 1533 1603 Franc.
1550 1568 1748 1602 Buecheler
1770 1570 1857 1602 Mus.
1876 1568 1988 1601 Rhen.

199 1629 239 1660 N.
265 1628 298 1660 S.
323 1627 387 1668 XI,
413 1636 447 1669 p.
473 1627 537 1659 295
560 1635 639 1669 sqq.
667 1645 703 1650 —
730 1626 762 1660 4.
787 1621 909 1659 coitam
931 1628 964 1660 M
991 1645 1026 1650 —-
1058 1627 1090 1660 6.
1115 1629 1284 1660 maiorum
1307 1627 1516 1660 Rhenanus:
1540 1627 1709 1659 malorum
1731 1627 1764 1659 M
1790 1643 1826 1649 —
1853 1625 1884 1658 9.
1905 1633 1991 1666 pro—

194 1682 362 1724 polluebat
384 1683 432 1715 M:
452 1682 705 1723 praepollucbat
726 1682 1011 1724 Bezzenberger3
1031 1683 1201 1724 polluebat
1216 1682 1381 1722 Orellius3
1403 1682 1607 1724 propellebat
1629 1681 1839 1718 Groslotius;
1861 1690 1916 1722 pr.
1945 1680 1991 1723 (id

201 1740 256 1772 est
274 1739 422 1780 praetor)
441 1738 610 1779 polluebat
632 1738 803 1777 Pichena;
826 1748 930 1779 porro
949 1739 1117 1779 polluebat
1138 1739 1275 1782 Lipsius
1293 1741 1329 1771 et
1344 1739 1622 1778 Freinshemius;
1641 1738 1869 1780 praepollebat
1883 1738 1992 1771 Hein-

201 1796 292 1834 sius3
326 1795 552 1836 per-polluebat
573 1796 614 1828 N.
640 1795 772 1832 Faber;
799 1795 1015 1836 provolvebat
1037 1797 1105 1829 Iac.
1133 1797 1346 1836 Gronovius;
1382 1804 1486 1837 prope
1504 1795 1672 1836 polluebat
1694 1794 1864 1836 Seyffert;
1902 1794 1992 1826 ultro

196 1851 366 1893 polluebat
387 1851 556 1890 Ritterus3
581 1851 756 1892 proluebat
778 1850 990 1884 Doederlein
1014 1852 1158 1893 (Synon.
1183 1853 1224 1884 11.
1249 1851 1318 1893 54).
1345 1870 1381 1875 —
1410 1853 1463 1884 40.
1486 1855 1638 1894 pergeret
1660 1851 1866 1884 Rhenanus:
1887 1859 1993 1892 pera-

199 1911 289 1949 qeret
303 1908 337 1940 M
363 1924 398 1930 —
424 1915 582 1953 quemque
605 1906 730 1949 (littera
752 1916 786 1939 m
806 1908 947 1949 punctis
969 1909 1098 1948 notata)
1116 1909 1148 1941 M
1175 1926 1211 1932 —
1237 1909 1291 1940 ⁴2.
1309 1910 1420 1941 antire
1439 1911 1544 1949 parat
1566 1908 1731 1941 Bachius:
1757 1911 1834 1940 ante
1854 1910 1995 1948 reparat

202 1964 254 2003 M;
281 1963 409 1996 anteire
428 1966 531 2004 parat
552 1963 753 1997 Rhenanus.
780 1962 831 1996 Cf.
858 1973 888 1996 c.
914 1963 968 1996 69.
994 1964 1027 2004 4,
1044 1963 1098 1997 40.
1124 1964 1178 1996 74.
1203 1964 1236 2005 5,
1254 1964 1285 1996 3.
1312 1965 1344 1998 6.
1362 1965 1419 1997 40.
1445 1981 1480 1987 -
1508 1963 1562 1998 44.
1588 1967 1836 1997 accussatorum
1857 1963 1903 1997 M.

0 2160 13 2370 W——vvnv
0 2076 11 2154 -ς-ν
0 2007 5 2027 -

0 2540 13 2712 ξ

206 2082 282 2122 603,
300 2080 484 2115 consulem
500 2090 532 2114 a.
551 2081 627 2114 640.
653 2082 777 2115 Cicero
794 2083 890 2116 Brut.
910 2083 930 2125 ἓ
946 2083 1006 2116 89:
1023 2085 1075 2117 vis

200 2131 353 2173 (Galbae)
386 2135 457 2164 tum
477 2132 628 2164 manime
650 2133 784 2174 coynita
806 2136 871 2174 est,
904 2143 981 2166 cum
1002 2135 1071 2166 Lu-

198 2184 316 2215 sitanis
348 2191 372 2214 a
401 2182 473 2214 Ser.
500 2181 608 2215 Galba
636 2185 794 2223 praetore
821 2186 941 2216 contra
965 2184 1074 2215 inter-

196 2234 363 2273 positam,
392 2236 429 2264 ut
451 2231 728 2272 existimabatur,
758 2233 856 2274 fidem
879 2233 1070 2275 intersectis,

198 2282 235 2314 L.
260 2281 381 2313 Libone
413 2281 545 2313 tribuno
575 2281 624 2321 pl.
653 2283 815 2322 populum
847 2283 1009 2316 incitante
1043 2286 1074 2315 et

203 2332 412 2372 rogationem
439 2332 476 2363 in
507 2331 648 2363 Galbam
671 2332 843 2372 privilegii
864 2332 1003 2365 similem
1023 2332 1072 2372 fe-

203 2384 312 2420 rente,
344 2389 475 2412 summa
501 2383 662 2413 senectute
688 2382 736 2413 M.
763 2381 844 2413 Cato
865 2381 969 2423 leqcm
989 2389 1073 2413 sua-

201 2430 280 2461 dens
292 2430 331 2461 in
346 2429 489 2462 Galbam
502 2430 611 2462 multa
625 2430 726 2470 dimit,
748 2431 866 2470 paucis
881 2434 958 2463 ante
972 2439 1074 2472 quam

199 2483 352 2511 mortuus
373 2483 419 2512 est
441 2479 554 2512 diebus
576 2488 622 2512 an
643 2480 806 2512 mensibus
829 2481 871 2522 (a.
898 2480 984 2521 605).
1019 2479 1070 2513 Cf.

202 2528 221 2570 S
244 2529 299 2562 80.
335 2529 408 2561 Liv.
434 2528 489 2568 39,
515 2528 570 2562 40.
605 2530 749 2562 sueton.
775 2529 883 2563 Galba
907 2530 939 2563 3.
971 2546 1006 2553 —
1035 2530 1070 2562 P.

201 2577 378 2620 Rutilium]
409 2578 556 2617 Rufum,
589 2578 633 2611 de
665 2578 800 2612 ambitu
823 2580 1030 2612 accusatum
1052 2587 1073 2611 a

199 2629 244 2662 M.
263 2630 394 2661 Scauro
410 2637 442 2661 a.
460 2628 523 2662 638
541 2629 626 2670 (Cic.
645 2628 690 2661 de
706 2629 764 2662 Or.
783 2629 815 2669 Ξ,
835 2629 854 2671 S
871 2629 948 2662 980.
973 2630 1069 2662 Brut.

199 2678 219 2720 ἓ
243 2678 336 2719 443),
366 2677 551 2711 consulem
575 2687 606 2710 a.
633 2678 708 2711 649.
734 2679 807 2711 Liv.
833 2679 922 2721 Epit.
948 2679 1009 2712 70:
1034 2679 1069 2711 P.

200 2729 359 2768 Rutilius,
396 2729 452 2761 vir
477 2737 627 2761 summae
655 2729 881 2769 innocentiae,
914 2730 1072 2770 quoniam

200 2778 330 2820 legatus
353 2779 390 2819 Q.
415 2779 520 2812 Mucii
541 2778 751 2819 proconsulis
774 2787 797 2810 a
816 2779 1072 2819 publicanorum

199 2827 334 2860 iniuriis
368 2827 483 2860 Asiam
520 2828 729 2869 defenderat,
767 2823 895 2861 invisus
930 2829 1073 2871 equestri

199 2877 328 2916 ordini,
347 2885 450 2917 penes
471 2885 569 2917 quem
590 2878 719 2910 iudicia
732 2881 846 2918 erant,
870 2878 1073 2918 repetunda-

199 2935 278 2958 rum
299 2927 478 2959 damnatus
498 2927 535 2959 in
556 2927 712 2960 exsilium
725 2928 844 2960 missus
858 2931 904 2959 est
919 2928 962 2968 (a.
980 2927 1069 2968 662).

202 2976 253 3009 Cf.
278 2975 319 3015 4,
344 2975 398 3009 43.
432 2993 468 2999 -
504 2977 552 3010 Μ.
578 2976 725 3019 Scauro]
761 2976 905 3010 consule
936 2986 968 3009 a.
993 2976 1070 3017 639,

203 3033 352 3059 censore
375 3033 407 3057 a.
434 3025 511 3058 648.
539 3043 576 3049 -
600 3026 656 3059 ille
677 3026 838 3068 Scaurus]
870 3026 983 3059 Minus
1005 3025 1072 3058 ho-

202 3074 348 3108 norifice
365 3073 547 3108 Sallustius
562 3075 636 3116 lug.
654 3076 714 3108 ⁴5:
739 3075 896 3107 Aemilius
910 3075 1071 3114 Scaurus,

203 3125 299 3157 homo
320 3124 456 3164 nobilis,
487 3124 645 3165 impiger,
671 3124 848 3165 factiosus,
876 3125 995 3156 avidus
1014 3132 1073 3165 po-

203 3175 341 3214 tentiae,
364 3175 516 3214 honoris,
541 3174 736 3206 divitiarum
759 3173 815 3214 (ab
832 3173 996 3215 Iugurtha
1012 3181 1074 3215 pe-

204 3225 306 3257 cunia
330 3226 517 3266 corruptus
539 3232 571 3256 a.
598 3222 680 3259 643;
706 3223 750 3255 cf.
776 3232 808 3255 c.
833 3223 905 3263 29),
930 3226 1073 3255 ceterum

203 3273 287 3305 vitia
307 3281 370 3305 sua
391 3273 509 3305 callide
525 3272 703 3305 occultans.
724 3289 759 3294 —
778 3271 990 3312 obprobrium
1001 3280 1073 3303 mm

205 3322 324 3364 ionem]
349 3321 504 3355 Catullus
523 3322 578 3362 28,
598 3322 655 3354 ⁴5:
681 3321 722 3354 At
742 3320 834 3353 vobis
853 3320 946 3353 mala
966 3321 1074 3354 multa

207 3371 241 3402 di
263 3372 407 3413 deaeque
428 3373 522 3413 dent,
553 3371 733 3414 opprobria
755 3371 884 3404 Romuli
904 3371 1071 3412 Remique.

211 3434 247 3442 —
272 3420 366 3454 lunio
396 3421 528 3465 Otlwni]
561 3420 786 3455 Declamator
818 3421 881 3454 fuit
907 3429 951 3454 eo
981 3428 1072 3454 aevo

1123 2084 1239 2116 notus.
1273 2084 1408 2116 Seneca
1432 2083 1534 2124 pater
1550 2083 1586 2115 et
1603 2083 1721 2125 ipsum
1736 2083 1773 2115 et
1787 2090 1900 2124 genus
1917 2082 1993 2115 eius

1124 2132 1266 2167 dicendi
1290 2132 1460 2166 describit
1482 2141 1554 2165 non
1578 2133 1654 2165 sine
1674 2133 1757 2165 nota
1775 2132 1940 2165 Controv.
1959 2132 1992 2165 9.

1123 2184 1178 2216 Ait
1201 2182 1297 2215 illum
1320 2191 1426 2215 usum
1449 2182 1545 2215 tecto
1567 2191 1698 2224 genere
1719 2181 1858 2215 dicendi
1874 2183 1910 2214 et
1932 2190 1994 2214 su-

1123 2233 1293 2274 spicioso,
1325 2231 1388 2264 ubi
1416 2232 1562 2264 minime
1593 2240 1683 2274 opus
1706 2233 1742 2264 et
1764 2239 1846 2264 cum
1870 2232 1992 2273 aperte

1122 2281 1245 2314 liceret
1278 2289 1397 2322 agere.
1440 2281 1546 2321 Bene,
1582 2281 1714 2323 inquit,
1751 2281 1791 2313 de
1822 2281 1882 2313 hoc
1912 2281 1993 2313 vitio

1120 2332 1210 2364 illius
1239 2331 1391 2363 Scaurus
1419 2330 1563 2371 dicebat,
1598 2331 1692 2363 illum
1725 2333 1803 2362 acta
1835 2330 1992 2371 (senatus

1122 2379 1177 2413 vel
1201 2380 1344 2419 diurna)
1376 2380 1412 2412 in
1443 2389 1560 2413 aurem
1589 2380 1704 2422 leycre.
1733 2381 1821 2412 Lirs.
1858 2380 1993 2412 Seneca

1122 2430 1206 2463 ibid.
1232 2439 1268 2473 p.
1287 2430 1350 2464 464
1371 2429 1427 2462 ed.
1445 2431 1557 2463 Amst.
1578 2431 1681 2463 ⁴672:
1706 2430 1819 2463 Edidit
1834 2433 1994 2470 quattuor

1121 2481 1222 2513 libros
1245 2481 1416 2521 colorum,
1449 2489 1530 2522 quos
1560 2480 1638 2513 belle
1661 2480 1770 2513 Gallio
1791 2484 1902 2513 noster
1922 2480 1993 2513 An-

1121 2531 1276 2572 tiphontis
1300 2530 1532 2573 (onirocritae)
1557 2530 1658 2563 libros
1678 2531 1838 2570 vocabat;
1861 2534 1992 2564 tantum

1121 2581 1156 2613 in
1184 2581 1251 2614 illis
1278 2581 1479 2613 somniorum
1502 2583 1559 2613 est.
1587 2598 1621 2603 —-
1647 2580 1895 2623 propolluebat]
1927 2579 1992 2613 Alii

1120 2629 1243 2663 volunt
1271 2630 1468 2672 significare
1498 2637 1601 2662 «cum
1632 2629 1783 2663 obscura
1807 2630 1882 2663 eius
1905 2629 1991 2663 fuis-

1122 2681 1201 2713 sent
1223 2680 1336 2719 initia,
1362 2681 1431 2712 vita
1454 2679 1625 2720 flagitiosa
1649 2680 1760 2721 magis
1776 2681 1882 2712 etiam
1898 2688 1991 2713 sem-

1121 2738 1187 2771 per
1215 2738 1256 2762 ea
1280 2729 1590 2767 contaminabat3»
1624 2728 1700 2762 coll.
1727 2730 1759 2769 6,
1784 2730 1844 2762 25:
1872 2730 1991 2770 provi-

1119 2779 1224 2819 aeisse,
1249 2779 1285 2811 id
1301 2780 1372 2818 est,
1398 2787 1504 2820 porro
1526 2778 1667 2811 vixisse.
1696 2779 1767 2811 Nos
1783 2781 1990 2821 corruptum

1122 2831 1298 2870 putamus.
1311 2845 1347 2851 —
1362 2829 1571 2860 Bruttedium
1586 2827 1715 2860 artibus
1729 2828 1880 2870 honestis]
1898 2829 1989 2860 Vera

1120 2877 1208 2911 laus.
1245 2879 1322 2911 Non
1346 2876 1460 2910 solum
1484 2878 1579 2910 enim
1608 2878 1700 2910 inter
1723 2880 1881 2911 oratores
1904 2879 1989 2910 rhe-

1121 2929 1288 2968 toresque
1312 2926 1431 2959 locum
1453 2926 1595 2966 habuit,
1619 2929 1830 2961 recensente
1853 2929 1987 2960 Seneca

1121 2985 1192 3009 non
1219 2975 1348 3015 semel,
1384 2975 1449 3009 sed
1486 2977 1593 3009 etiam
1622 2976 1804 3010 historiam
1834 2975 1985 3017 scripsit,

1121 3027 1160 3058 ut
1183 3035 1226 3059 ex
1247 3025 1451 3067 fragmentis
1466 3027 1630 3068 apparet,
1656 3035 1738 3059 cum
1761 3025 1876 3059 laude.
1902 3027 1987 3058 Pete

1122 3084 1164 3107 ea
1199 3084 1220 3107 a
1249 3077 1382 3108 Seneca
1417 3076 1518 3117 patre
1548 3076 1584 3108 in
1613 3076 1776 3109 suasoria
1803 3076 1847 3109 de
1871 3077 1986 3108 morte

1123 3124 1302 3157 Ciceronis
1335 3125 1380 3166 (7,
1413 3133 1448 3167 p.
1474 3124 1515 3157 45
1540 3125 1677 3166 Gron.).
1714 3126 1799 3158 Puto
1831 3123 1988 3157 eundem

1123 3181 1222 3213 esse,
1248 3182 1355 3215 quem
1378 3173 1526 3215 signavit
1548 3173 1720 3207 Iuvenalis
1745 3173 1798 3213 40,
1817 3173 1870 3206 82.
1897 3174 1984 3206 st.

1165 3222 1218 3254 67.
1244 3223 1366 3255 Gellius
1385 3223 1570 3263 Publicola]
1604 3222 1725 3256 consul
1756 3221 1927 3255 suffectus
1949 3230 1983 3255 a.

1122 3280 1157 3303 u.
1182 3271 1257 3304 793.
1284 3289 1319 3296 -
1344 3273 1392 3305 M.
1416 3272 1587 3314 Paconius]
1612 3280 1719 3313 quem
1741 3273 1864 3313 postea
1879 3280 1986 3305 reum

1122 3321 1314 3354 maiestatis
1329 3321 1488 3355 Tiberius
1504 3321 1688 3359 interfecit,
1707 3320 1886 3354 admonitu
1903 3321 1985 3355 nani

1123 3370 1317 3411 cuiusdam,
1337 3379 1407 3413 quo
1424 3380 1488 3414 pro
1503 3379 1623 3404 scurra
1639 3368 1816 3402 utebatur.
1838 3371 1980 3404 Sueten.

1121 3418 1196 3454 Tib.
1221 3421 1276 3454 64.
1308 3420 1430 3453 Filium
1447 3421 1535 3460 eius,
1557 3419 1737 3452 Paconium
1749 3419 1982 3462 Agrippinum,
