2254 3770
703 299 857 343 LIBER
887 299 917 342 Ι.
955 299 1055 356 Cap.
1086 297 1153 342 34.
1183 298 1251 342 35.
1281 298 1348 342 36.
1381 298 1448 342 37.
1918 299 1972 342 33

189 406 385 452 tribunali
405 406 588 451 desiluit.
618 412 913 464 opposuerunt
932 405 1104 449 abeunti
1126 419 1263 455 arma,
1295 405 1556 456 minitantes,
1588 405 1629 447 ni
1659 404 1972 462 regrederetur.

189 490 232 527 at
259 482 328 531 ille
356 482 608 526 moriturum
637 482 778 539 potius
807 495 938 539 quam
967 479 1097 524 fidem
1127 487 1304 524 exueret
1327 480 1564 531 clamitans,
1596 479 1755 523 serrum
1784 495 1808 524 a
1840 479 1971 524 latere

189 558 379 616 diripuit,
422 557 666 615 elatumque
704 556 1002 600 deferebatin
1041 563 1210 613 pectus,
1248 556 1290 598 ni
1331 556 1513 613 proximi
1548 569 1750 613 prensam
1780 555 1973 598 dextram

187 633 228 676 vi
255 632 533 676 attinuissent.

593 634 782 676 extrema
818 638 860 675 et
895 630 1145 688 conglobata
1184 631 1292 674 inter
1331 645 1378 674 se
1409 645 1508 689 pars
1540 630 1747 675 contionis
1787 644 1860 680 ac,
1903 631 1974 674 vix

187 707 392 752 credibile
421 707 555 758 dictu,
597 707 773 766 quidam
802 706 953 764 singuli
984 707 1161 764 propius
1193 706 1462 756 incedentes,
1499 706 1644 750 feriret
1673 706 2004 758 hortabantur35

188 790 231 827 et
258 782 381 827 miles
412 783 580 826 nomine
614 782 855 827 Calusidius
891 782 1083 826 strictum
1122 781 1271 825 obtulit
1309 781 1514 840 gladium,
1558 781 1703 825 addito
1738 783 1974 826 acutiorem

189 873 299 902 esse.
344 872 521 902 saevum
550 858 593 901 id
622 857 808 916 malique
837 858 968 901 moris
998 857 1127 900 etiam
1156 857 1392 900 furentibus
1414 858 1577 910 visum*⁷
1606 872 1656 901 ac
1686 858 1870 915 spatium
1899 858 1975 901 fuit

189 948 275 992 quo
307 929 466 978 Caesar
495 935 548 978 ab
579 934 726 977 amicis
761 933 804 976 in
843 933 1164 977 tabernaculum
1195 940 1429 990 raperetur.
1491 933 1571 989 (36)
1603 933 1886 977 consultatum
1915 932 1974 976 ibi

190 1009 246 1053 de
275 1010 480 1053 remedio.
517 1010 672 1053 etenim
703 1008 974 1052 nuntiabatur
1002 1009 1143 1066 parari
1174 1007 1337 1066 legatos
1358 1008 1430 1066 qui
1451 1009 1719 1066 superiorem
1740 1009 1974 1053 exercitum

191 1084 246 1128 ad
275 1099 449 1129 causam
478 1084 661 1129 eandem
689 1083 920 1137 traherent3
952 1083 1208 1127 destinatum
1228 1083 1395 1127 excidio
1414 1083 1620 1128 Ubiorum
1640 1084 1864 1142 oppidum,
1896 1084 2023 1127 im-io

189 1160 403 1218 butasque
431 1160 592 1218 praeda
621 1174 773 1203 manus
797 1162 838 1202 in
860 1159 1144 1217 direptionem
1164 1158 1394 1203 Galliarum
1413 1167 1650 1217 erupturas.
1681 1160 1865 1217 augebat
1883 1174 1975 1204 me-

190 1242 280 1279 tum
308 1250 466 1294 gnarus
494 1238 708 1280 Romanae
738 1235 959 1279 seditionis
989 1242 1047 1285 et,
1080 1235 1115 1278 si
1137 1236 1401 1279 omitteretur
1429 1235 1539 1293 ripa,
1572 1235 1797 1279 invasurus
1826 1235 1973 1279 hostis.

192 1319 234 1355 at
262 1312 298 1355 si
329 1311 484 1355 auxilia
513 1318 555 1355 et
584 1311 688 1355 socii
719 1311 949 1355 adversum
985 1310 1256 1354 abscedentis
1296 1310 1489 1368 legiones
1528 1318 1810 1362 armarentur,
1852 1310 1974 1355 civile

191 1387 350 1431 bellum
379 1387 550 1445 suscipi.
596 1385 839 1445 periculosa
869 1387 1096 1437 severitas,
1142 1386 1353 1444 flagitiosa
1381 1385 1570 1444 largitio:
1616 1400 1694 1430 seu
1724 1385 1826 1429 nihil
1855 1386 1976 1429 militi

191 1462 282 1507 sive
313 1462 455 1506 omnia
485 1462 841 1512 concederentur,
874 1462 916 1504 in
941 1462 1111 1519 ancipiti
1131 1476 1201 1506 res
1221 1461 1406 1519 publica.
1438 1462 1564 1520 igitur
1585 1461 1780 1505 volutatis
1799 1462 1908 1506 inter
1927 1475 1974 1506 se
1989 1472 2026 1502 45

191 1538 426 1582 rationibus
455 1538 657 1596 placitum
677 1545 723 1580 ut
743 1536 951 1594 epistulae
971 1537 1143 1581 nomine
1163 1537 1368 1595 principis
1389 1537 1698 1591 scriberentur,
1728 1538 1976 1581 missionem

192 1614 285 1658 dari
322 1615 473 1658 vicena
515 1613 725 1671 stipendia
759 1613 940 1666 meritis3
981 1615 1247 1657 exauctorari
1286 1614 1360 1672 qui
1397 1628 1502 1658 sena
1538 1613 1648 1657 dena
1688 1613 1889 1657 fecissent
1927 1627 1977 1657 ac

193 1690 366 1734 retineri
403 1689 484 1733 sub
515 1688 667 1733 vexillo
706 1696 949 1733 ceterorum
987 1689 1183 1734 inmunes
1222 1690 1302 1733 nisi
1340 1689 1618 1747 propulsandi
1647 1688 1801 1742 hostis;
1840 1688 1979 1746 legata

194 1779 306 1824 quae
334 1765 588 1824 petiverant,
621 1764 782 1808 exsolvi
812 1764 1121 1822 duplicarique.
1181 1765 1263 1822 (37)
1294 1765 1428 1808 sensit
1455 1764 1577 1808 miles
1608 1764 1650 1807 in
1679 1771 1847 1822 tempus
1877 1777 1980 1808 con-

194 1839 290 1885 ficta
318 1841 545 1899 statimque
569 1839 782 1898 flagitavit.
821 1839 970 1883 missio
999 1854 1078 1898 per
1103 1840 1296 1884 tribunos
1332 1847 1584 1893 maturatum
1614 1839 1778 1897 largitio
1809 1839 1980 1884 differe·
1992 1850 2029 1882 20

194 1915 319 1960 batur
346 1917 390 1959 in
419 1915 598 1960 hiberna
626 1916 851 1974 cuiusque.
899 1929 985 1959 non
1014 1915 1268 1961 abscessere
1298 1916 1488 1974 quintani
1526 1915 1978 1973 unetvicesimanique,

236 2019 268 2052 4.
289 2021 511 2060 opposuerant
532 2019 586 2051 Fr.
604 2018 718 2051 Haase
743 2017 930 2060 (Zeitschr.
948 2018 971 2051 f.
988 2017 1165 2052 Alterthw.
1186 2017 1282 2051 4836.
1308 2026 1344 2061 p.
1361 2017 1454 2061 676).
1476 2035 1512 2041 —
1529 2018 1561 2051 2.
1588 2021 1740 2051 exsueret
1762 2019 1796 2052 M
1816 2036 1861 2042 —
1883 2018 1914 2051 3.
1934 2018 1983 2050 di-

191 2076 357 2116 ripuitM:
376 2074 521 2117 deripuit
534 2074 741 2108 Beroaldus.
759 2093 794 2099 -
807 2076 968 2116 impectus
979 2076 1012 2109 M
1027 2093 1064 2098 -
1082 2074 1116 2108 4.
1133 2076 1334 2108 annuissent
1344 2075 1378 2108 M
1393 2092 1429 2098 —
1448 2075 1479 2107 5.
1491 2076 1653 2116 proprius
1669 2074 1800 2117 (littera
1815 2084 1835 2106 r
1850 2075 1981 2117 puncto

192 2131 326 2174 notata)
349 2132 384 2166 M
409 2150 445 2157 —
471 2133 659 2166 accedentes
682 2133 851 2166 Muretus.
868 2150 913 2157 —
928 2133 960 2165 6.
984 2133 1196 2167 structumm
1215 2149 1252 2156 -
1279 2132 1332 2166 45.
1357 2133 1427 2165 sive
1448 2133 1518 2165 Iac.
1537 2131 1749 2165 Gronovius:
1775 2131 1837 2165 sibi
1859 2132 1893 2165 M
1910 2132 1984 2174 (seu

191 2188 323 2231 margo)
343 2206 379 2212 —
397 2190 652 2223 concederentur
665 2190 873 2223 Rhenanus:
898 2190 1117 2222 concedentur
1130 2190 1174 2223 M.
1200 2189 1252 2222 ci.
1267 2197 1342 2223 var.
1355 2187 1438 2222 lect.
1452 2188 1484 2229 3,
1501 2189 1534 2221 2.
1552 2188 1584 2222 3.
1602 2189 1657 2221 47.
1675 2189 1730 2224 67.
1753 2187 1786 2228 4,
1804 2187 1859 2221 59.
1876 2205 1913 2211 -
1930 2195 1984 2221 res

185 2244 323 2285 publica
344 2246 395 2279 M:
419 2254 489 2287 rep.
510 2254 646 2288 margo.
674 2264 710 2269 —
736 2247 790 2280 24.
816 2247 1034 2287 quintantiam
1054 2247 1364 2287 etuicessimanique
1379 2247 1413 2279 M
1437 2246 1799 2288 (undevicesimanique
1820 2243 1982 2287 margo);

192 2309 224 2341 q.
236 2301 606 2343 unietvicensimanique
615 2300 772 2335 Halmius
784 2301 864 2336 coll.
874 2303 960 2336 Hist.
972 2303 1004 2343 3,
1017 2302 1074 2337 ⁴4:
1093 2303 1381 2336 unietvicensimae
1395 2301 1556 2344 (legioni).
1572 2302 1623 2334 Tu
1632 2301 1676 2335 cf.
1688 2310 1719 2335 c.
1731 2302 1766 2334 34
1778 2326 1785 2334 .
1797 2300 1850 2334 45.
1862 2301 1898 2334 54
1908 2324 1917 2333 .
1928 2299 1981 2334 64.

192 2390 364 2440 γόρησαν
379 2393 445 2427 καὶ
464 2390 532 2427 τὸν
546 2392 782 2441 Γερμανικὸν
796 2391 1064 2443 αὐτοκράτορα

193 2441 442 2476 ἐπεκάλεσαν.
469 2461 506 2467 -
539 2445 713 2488 deferebat]
746 2445 877 2480 elatum
907 2447 1063 2488 gladium

193 2492 359 2530 deorsum
384 2494 455 2526 iam
478 2493 662 2536 derigebat
684 2496 719 2529 in
746 2498 870 2538 pectus
893 2498 1000 2538 atque
1023 2505 1062 2529 se

193 2542 444 2584 interfecisset,
479 2545 516 2577 ni
540 2545 692 2586 proximi
721 2547 789 2578 cet.
828 2546 901 2580 Liv.
933 2548 966 2587 4,
999 2545 1061 2579 40:

193 2592 315 2626 elatam
342 2595 484 2627 securim
511 2595 546 2627 in
575 2598 677 2636 caput
706 2596 831 2628 deiecit.
858 2612 894 2618 —
928 2595 1064 2636 quidam

193 2643 326 2686 sinyuli]
351 2645 577 2686 opponuntur
592 2644 821 2686 conglobatae
845 2646 954 2687 parti,
981 2654 1063 2678 mox

191 2693 333 2733 propius
347 2693 530 2727 incedentes
545 2696 726 2728 extremae
746 2696 845 2738 parti.
866 2713 902 2719 —
920 2696 1064 2736 spatium

192 2742 268 2783 suit]
292 2745 440 2785 propter
454 2743 746 2786 indignationem,
772 2754 842 2787 qua
858 2745 1064 2778 ferebantur

194 2791 229 2824 in
245 2791 463 2826 scelerosum
480 2792 587 2827 illum.
612 2795 668 2827 Sic
683 2804 727 2828 ne
745 2795 901 2828 furentes
917 2795 1063 2836 quidem

193 2839 272 2874 ilico
284 2841 485 2876 sentiebant
499 2842 695 2888 abductum
707 2853 786 2878 esse
801 2845 1060 2877 Germanicum.

238 2890 292 2924 36.
320 2891 475 2924 Ubiorum
497 2894 665 2935 oppidum]
690 2894 741 2927 Cf.
767 2903 798 2927 c.
816 2894 870 2927 34.
899 2911 935 2919 -
959 2894 1062 2927 imbu-

194 2944 309 2982 tasque
321 2942 452 2982 praeda
463 2943 594 2984 manus]
608 2944 696 2977 Hist.
707 2943 738 2984 3,
755 2945 795 2977 45
807 2954 814 2976 :
831 2948 869 2977 ut
879 2945 1064 2985 --praeda

193 2991 283 3023 civili
302 2991 395 3024 miles
411 2991 612 3026 inhaeretur.
634 3011 668 3016 —
688 3003 816 3035 gnarus
830 2995 1001 3027 Romanae
1016 3003 1064 3027 se-

195 3040 328 3073 ditionis
338 3058 357 3065 -
368 3058 386 3064 -
397 3040 508 3082 hostis]
533 3041 584 3075 Cf.
604 3051 635 3075 c.
649 3043 692 3076 50
707 3052 714 3074 ε
739 3043 818 3076 laeti
831 3052 936 3085 neque
945 3043 1065 3085 procul

197 3090 358 3124 Germani
380 3090 575 3132 agitabant,
599 3092 679 3125 dum
699 3093 823 3126 iustitio
845 3093 885 3125 ob
907 3093 1065 3126 amissum

195 3139 397 3182 Augustum,
418 3143 494 3181 post
515 3140 686 3173 discordiis
707 3143 898 3175 attinemur.
918 3159 955 3165 —-
980 3145 1017 3175 at
1038 3142 1066 3174 si

197 3190 331 3222 auxilia
352 3193 383 3222 et
404 3190 484 3222 socii
498 3207 516 3214 -
530 3208 550 3214 -
566 3192 792 3234 armarentur]
825 3192 958 3224 auoeilia
980 3191 1066 3223 dicit

198 3238 363 3272 cohortes
393 3240 571 3273 sociorum
594 3241 630 3272 et
651 3239 724 3274 alas
747 3250 838 3283 quae
861 3240 1008 3273 aderant
1029 3241 1065 3274 in

199 3287 338 3321 duabus
354 3289 566 3330 Carmaniis,
591 3289 627 3322 in
649 3291 832 3332 superiore
848 3291 954 3332 atque
974 3290 1065 3323 inie-

197 3338 304 3378 riute,
323 3338 427 3371 socios
445 3339 506 3381 qui
522 3347 612 3372 novo
628 3338 759 3372 dilectu
773 3340 888 3382 parari
904 3341 1066 3382 poterant

200 3387 236 3419 et
251 3389 415 3430 componi
434 3388 470 3422 in
485 3389 649 3423 cohortes
665 3388 861 3424 auxiliares.
879 3389 1012 3423 numa.
1026 3407 1061 3414 —

195 3436 384 3478 periculosa
398 3437 480 3481 cet.]
504 3437 578 3472 scil.
604 3440 721 3472 «erat»
743 3438 800 3473 vel
823 3438 1062 3474 «videbatur».

269 3496 409 3551 Tacitus
429 3498 456 3532 1.

1112 2396 1212 2429 Idem
1233 2395 1386 2429 verbum
1410 2395 1541 2428 eodem
1562 2396 1724 2437 tempore
1746 2393 1985 2437 supplendum

1114 2448 1169 2480 est
1197 2446 1242 2479 ad
1274 2446 1456 2488 sequentia
1479 2446 1514 2479 in
1537 2446 1676 2486 ancipiti
1696 2453 1750 2478 res
1771 2444 1918 2485 publica.
1945 2460 1983 2468 —

1112 2496 1342 2536 exauctorari]
1367 2495 1412 2528 ab
1437 2496 1704 2527 auctoramento
1726 2503 1755 2527 s.
1775 2493 1986 2536 obligatione

1113 2546 1253 2580 militari
1269 2545 1369 2585 solvi,
1387 2545 1451 2578 sed
1468 2547 1565 2578 certa
1578 2544 1645 2578 sub
1659 2544 1870 2584 conditione,
1894 2552 1985 2586 quae

1113 2597 1230 2630 statim
1255 2597 1488 2628 memoratur.
1513 2594 1638 2627 Differt
1652 2595 1756 2636 igitur
1770 2602 1791 2626 a
1806 2594 1897 2627 iusta
1915 2593 1987 2635 ple-

1113 2654 1230 2688 naque
1257 2646 1437 2678 missione.
1475 2644 1564 2686 (vom
1591 2644 1832 2686 qewohnliehen
1855 2644 1988 2676 Diensle

1111 2696 1295 2736 entbinden,
1321 2695 1356 2727 la
1369 2697 1545 2727 velerance
1558 2693 1742 2734 Burnouf.)
1765 2693 1912 2726 Videtur
1927 2693 1985 2725 hic

1113 2754 1191 2778 mos
1222 2744 1267 2777 ab
1297 2746 1453 2786 Augusto
1479 2743 1644 2776 inductus
1668 2751 1760 2775 esse.
1789 2760 1825 2766 —
1849 2742 1987 2775 retineri

1111 2795 1169 2827 sub
1191 2795 1324 2835 vexillo]
1350 2794 1400 2827 Cf.
1423 2803 1455 2826 c.
1475 2794 1528 2825 47.
1557 2811 1593 2816 -
1618 2791 1858 2833 duplicemque]
1882 2791 1921 2824 ld
1944 2800 1983 2824 re

1112 2853 1198 2877 vera
1214 2843 1345 2877 factum
1362 2851 1442 2876 esse
1461 2843 1609 2874 testatur
1625 2842 1811 2874 Suetonius
1828 2840 1902 2874 Tib.
1920 2839 1981 2873 48:

1111 2894 1209 2927 militi
1237 2897 1314 2934 post
1346 2893 1518 2933 duplicata
1550 2900 1595 2924 ex
1623 2892 1761 2933 Auqusti
1793 2893 1984 2923 testamento

1111 2944 1222 2985 legata
1244 2942 1327 2975 nihil
1347 2949 1508 2982 umquam
1530 2941 1672 2983 laryitas
1693 2943 1750 2973 est.

1156 2992 1210 3024 37.
1227 3001 1294 3024 non
1306 2991 1485 3024 abscessere
1497 2991 1578 3033 cet]
1595 2990 1826 3023 Extorserunt
1835 2997 1914 3021 eam
1923 2997 1985 3030 pe-

1113 3042 1255 3074 cuniam
1273 3042 1309 3074 in
1324 3041 1409 3083 ipsis
1424 3040 1565 3074 aestivis
1582 3039 1739 3082 quintani
1755 3042 1790 3071 et
1805 3039 1987 3070 unetvice-

1113 3091 1238 3123 simani
1251 3115 1259 3130 ,
1284 3090 1470 3124 turbarum
1488 3090 1687 3122 concitores
1707 3088 1983 3130 pervicacissimi

1114 3149 1145 3173 c.
1157 3141 1192 3173 34
1207 3139 1304 3174 et45.
1323 3139 1569 3173 Hiabscedere
1580 3138 1803 3176 recusabant,
1821 3138 1983 3172 cumiam

1114 3199 1179 3232 per
1194 3192 1333 3223 ceteros
1349 3199 1447 3223 mora
1464 3199 1535 3223 non
1551 3190 1638 3221 erat.
1672 3189 1705 3220 Si
1723 3187 1807 3228 quid
1822 3186 1979 3228 offendit,

1114 3241 1182 3273 hoc
1190 3241 1256 3280 est,
1270 3240 1366 3282 quod
1375 3241 1541 3273 continuo
1551 3239 1626 3271 fisci
1639 3246 1675 3269 ra
1681 3238 1729 3278 pti
1741 3239 1986 3270 memorantur

1113 3291 1248 3323 tantum
1276 3290 1312 3323 in
1335 3290 1361 3322 1.
1388 3290 1424 3323 et
1445 3289 1515 3322 XX.
1540 3286 1746 3328 legionibus.
1786 3285 1856 3319 Sed
1878 3285 1914 3319 id
1938 3295 1984 3320 eo

1113 3340 1168 3381 fit,
1194 3340 1275 3382 quia
1297 3339 1427 3372 harum
1450 3337 1708 3371 discedentium
1731 3336 1828 3377 prior
1848 3338 1984 3370 mentio

1113 3388 1338 3427 occurrebat;
1370 3387 1448 3421 illae
1472 3388 1591 3419 autem
1608 3394 1690 3418 cum
1705 3388 1896 3427 poscerent
1910 3384 1984 3420 lar-

1112 3440 1297 3481 gitionem,
1322 3445 1393 3471 non
1416 3438 1488 3471 tam
1512 3443 1577 3477 pro
1600 3442 1640 3469 se
1663 3442 1772 3476 quam
1792 3442 1858 3478 pro
1881 3443 1983 3470 eom-

1667 3493 1694 3539 3
