2254 3770
0 2500 5 2524 l

0 2534 8 2558 ι

0 2559 13 2598 ἶ,

0 2602 7 2639 i

788 243 944 289 LmER
971 243 1059 287 xn.
1105 243 1207 302 cap.
1238 242 1304 288 24.
1335 243 1404 288 25.
1910 240 1994 285 359

203 352 454 412 designandi
489 351 635 410 oppidi
681 357 878 410 coeptus,
923 356 971 394 ut
1009 363 1206 407 magnam
1250 348 1446 394 Herculis
1487 362 1605 393 aram
1650 347 1993 406 amplecteretur.

203 427 304 472 inde
342 427 469 472 certis
509 427 658 485 spatiis
696 425 904 470 interiecti
943 424 1109 483 lapides
1150 438 1230 482 per
1267 424 1351 468 ima
1389 424 1544 468 montis
1582 422 1760 467 Palatini
1790 422 1845 466 ad
1876 436 1994 466 aram

205 502 350 554 Consi,
382 516 481 546 mox
511 502 652 546 curias
682 507 874 552 vetereS,
906 507 996 544 tum
1014 499 1070 544 ad
1089 499 1292 544 sacellum
1313 499 1561 552 Larundae3
1593 499 1819 563 forumque
1839 498 1993 541 Roma-

203 592 306 622 num
336 583 378 621 et
398 576 651 635 Capitolium
678 590 763 620 non
784 590 810 620 a
830 575 1009 620 Romulo
1031 574 1109 619 sed
1129 589 1155 619 a
1175 574 1264 618 Tito
1287 574 1403 618 Tatio
1425 573 1615 618 additum
1635 572 1732 617 urbi
1754 571 1991 617 credidere.

203 667 303 696 mox
340 666 420 710 pro
463 651 630 695 fortuna
670 651 912 709 pomerium
956 656 1141 695 auctum.
1188 655 1230 693 et
1267 663 1379 707 quos
1416 655 1505 693 tum
1545 648 1749 694 Claudius
1788 648 2025 692 terminoss

202 727 411 787 posuerit,
443 726 566 771 facile
596 726 769 783 cognitu
799 732 840 770 et
868 725 1052 784 publicis
1081 726 1186 769 actis
1214 725 1515 783 perscriptum.

316 803 398 860 (25)
431 803 475 847 C.
506 802 683 846 Antistio
713 803 766 845 M.
797 800 945 846 Suillio
977 804 1063 845 co's.
1094 800 1268 858 adoptio
1298 801 1340 843 in
1369 799 1599 844 Domitium
1630 799 1878 845 auctoritate
1899 797 1995 842 Pal—

267 937 298 969 4.
323 939 434 977 ceptus
455 936 489 968 M
513 952 550 958 ——
575 935 607 968 2.
629 934 753 975 palatii
775 934 807 967 M
833 951 870 957 —
895 934 927 967 3.
945 934 1048 966 censii
1071 934 1104 967 M
1125 951 1159 958 -
1186 933 1300 966 curias
1321 934 1374 967 M:
1401 933 1446 966 ad
1467 934 1582 966 curias
1595 933 1711 976 vulgo.
1734 952 1770 957 —
1794 934 1994 973 Larundae;

199 992 375 1034 forumque
391 990 556 1025 Orellius:
581 988 660 1024 laru'
682 991 860 1033 deforoque
883 990 1009 1032 (deleta
1034 1000 1053 1023 a
1077 990 1235 1024 secunda
1259 999 1367 1023 manu
1387 989 1523 1032 syllaba
1545 990 1597 1032 de)
1618 991 1671 1029 M;
1695 991 1841 1031 Larum,-
1863 991 1995 1032 sommi-

202 1058 265 1091 que
290 1048 414 1091 vulgo;
438 1049 584 1090 Larum,
615 1049 691 1081 inde
711 1049 824 1090 forum
845 1049 1049 1087 Romnum,-
1076 1048 1254 1090 forumque
1278 1047 1537 1081 Weissenborn
1561 1046 1638 1080 coll.
1668 1048 1705 1080 G.
1731 1047 1771 1080 A.
1795 1047 1931 1080 Becker
1957 1048 1996 1080 de

201 1106 324 1139 Romae
345 1109 410 1139 vet.
437 1107 545 1139 muris
566 1114 601 1148 p.
620 1105 662 1139 44
685 1107 720 1139 et
741 1105 854 1145 Antiq.
877 1107 969 1138 Rom.
986 1107 1019 1147 1,
1039 1114 1074 1148 p.
1094 1105 1169 1138 402.
1195 1123 1230 1129 -
1252 1106 1285 1138 5.
1310 1108 1422 1138 actum
1443 1105 1476 1139 M
1495 1123 1540 1129 ——
1559 1105 1591 1138 6.
1616 1102 1751 1146 coynitii
1773 1105 1807 1138 M
1831 1122 1867 1128 —
1893 1104 1926 1138 7.
1945 1104 1995 1147 0.]

202 1164 242 1198 G.
267 1163 302 1198 M
325 1180 362 1187 —-
387 1163 521 1205 adoptio
543 1162 774 1197 Puteolanus:
800 1165 889 1205 optio
911 1164 957 1197 M.

203 1282 423 1324 MINAAITQ.
459 1283 556 1322 Quae
584 1284 689 1316 notae
713 1292 839 1316 omnes
863 1283 1078 1316 conveniunt

203 1342 295 1366 anno
324 1334 406 1375 post
435 1333 516 1366 Chr.
542 1332 596 1366 49.
635 1333 685 1366 Cf.
718 1332 848 1366 Eckhel
882 1334 925 1366 D.
950 1334 992 1366 N.
1017 1333 1074 1373 VI,

202 1392 235 1425 p.
263 1382 339 1416 249.
375 1382 530 1415 Pertinet
564 1383 635 1415 huc
661 1383 834 1425 imprimis
857 1382 956 1416 locus
979 1382 1076 1416 Gellii

204 1433 258 1473 43,
285 1432 340 1472 44,
365 1433 404 1465 7:
428 1431 627 1465 Aventinum
650 1437 750 1466 antea
771 1437 872 1466 extra
891 1433 1076 1474 pomerium

204 1482 375 1516 exclusum
392 1485 470 1523 post
492 1485 628 1515 auctore
650 1483 726 1515 divo
749 1483 887 1517 Claudio
909 1486 1076 1523 receptum

203 1536 236 1565 et
268 1533 361 1565 intra
389 1532 531 1573 pomerii
558 1534 639 1574 fines
661 1533 881 1565 observatum.
918 1533 1008 1572 Quid
1031 1533 1076 1566 sit

201 1583 408 1624 pomerium,
439 1582 568 1615 docent
598 1582 725 1615 Gellius
750 1583 802 1621 43,
830 1583 883 1624 44,
910 1584 922 1615 4
953 1585 989 1616 et
1012 1583 1076 1616 ali-

206 1634 337 1675 quanto
360 1632 472 1665 fusius
493 1632 604 1665 Varro
628 1634 665 1665 L.
684 1634 721 1666 L.
747 1634 767 1666 5
791 1633 811 1675 ἓ
839 1633 918 1667 443;
946 1634 1077 1674 Oppida

204 1682 386 1716 condebant
414 1683 450 1715 in
479 1683 576 1715 Latio
602 1683 745 1715 Etrusco
775 1684 864 1724 ritu,
899 1687 936 1716 ut
956 1684 1075 1724 multa,

202 1734 239 1766 id
260 1736 308 1766 est
329 1733 451 1766 iunctis
471 1732 589 1773 bobus,
614 1737 714 1766 tauro
729 1737 760 1766 et
780 1743 884 1767 vacca
905 1734 1075 1773 interiore,

204 1787 324 1816 aratro
354 1782 623 1825 circumaqebant
648 1784 794 1816 sulcum.»
823 1785 892 1817 Hoc
912 1784 1079 1826 faciebant

205 1833 375 1875 reliqionis
409 1841 515 1865 causa
547 1833 600 1866 die
633 1834 825 1874 auspicato,
859 1837 898 1867 ut
928 1834 1020 1876 fossa
1049 1837 1079 1866 et

207 1891 305 1915 muro
327 1886 431 1916 essent
451 1883 581 1915 muniti.
620 1883 756 1916 Terram
780 1884 867 1916 unde
889 1884 1079 1924 exsculpse-

205 1935 303 1973 rant,
327 1932 368 1974 fo
377 1941 485 1965 ssam
506 1932 687 1973 vocabant,
711 1936 744 1965 et
757 1933 939 1966 introrsum
953 1934 1079 1966 iactam

207 1991 378 2015 murum.
403 1984 479 2015 Post
499 1991 540 2015 ea
554 1983 612 2023 qui
624 1983 723 2025 fiebat
736 1983 843 2024 orbis,
868 1983 959 2016 urbis
978 1985 1079 2025 prin-

206 2033 350 2074 cipium‚·
381 2033 457 2073 qui,
491 2033 579 2073 quod
601 2036 675 2065 erat
693 2036 767 2073 post
788 2042 939 2073 murum,
966 2037 1079 2075 post-

203 2082 402 2116 moerium
424 2083 548 2115 dictum
569 2083 657 2123 eius,
683 2091 748 2124 quo
770 2084 924 2125 auspicia
944 2084 1079 2117 urbana

203 2133 378 2175 finiuntur.
405 2132 457 2165 Cf.
475 2132 618 2165 Servius
635 2132 680 2165 ad
695 2132 824 2174 Vergil.
843 2134 931 2166 Aen.
950 2135 982 2174 5,
1001 2135 1076 2167 755.

207 2182 305 2216 ovid.
332 2183 421 2216 Fast.
439 2182 472 2223 4,
490 2183 566 2216 825.
591 2182 768 2217 Plutarch.
794 2183 942 2217 Romulo
966 2185 1019 2217 44.
1040 2203 1076 2209 -

206 2234 244 2266 L.
262 2233 357 2265 Sulla
380 2236 410 2266 et
425 2233 520 2265 divus
532 2232 711 2276 Augustus]
736 2234 849 2266 Etiam
866 2233 972 2268 Iulius
990 2235 1080 2267 Cae-

206 2291 265 2316 sar
291 2283 386 2315 auxit
416 2281 473 2315 vel
502 2281 628 2316 saltem
656 2292 786 2325 augere
809 2282 938 2325 voluit,
970 2285 1081 2317 inter-

205 2333 319 2366 iectus
363 2333 457 2365 inter
488 2341 551 2366 eos
584 2332 685 2366 duos.
722 2332 852 2366 Gellius
875 2334 935 2374 43,
961 2334 1020 2375 44,
1046 2334 1078 2368 4.

206 2384 271 2416 Dio
294 2383 355 2423 43,
381 2383 441 2416 50:
477 2380 599 2416 ταῦτά
628 2392 669 2416 τε
696 2383 817 2417 ἐποίει
845 2385 912 2417 καὶ
934 2382 1081 2428 νόμους

206 2433 392 2479 εἰσέφερε,
408 2430 455 2466 τό
470 2442 511 2466 τε
527 2430 728 2480 πωμήριον
742 2433 804 2467 ἐπὶ
823 2433 955 2467 πλεῖον
970 2433 1081 2477 ἐπεξ-

207 2482 338 2528 ήγαγε.
375 2483 426 2517 Cf.
453 2483 513 2524 44,
538 2483 592 2517 49.
633 2485 719 2517 Rem
749 2485 858 2527 tangit
888 2486 1012 2518 Cicero
1035 2486 1080 2519 ad

207 2536 277 2568 Att.
305 2534 356 2574 43,
381 2535 441 2567 20:
473 2535 525 2567 De
553 2534 635 2567 urbe
657 2536 813 2577 auyenda
835 2537 915 2577 quid
936 2537 979 2569 sit
997 2545 1079 2577 pro-

207 2585 410 2627 mulyatum,
434 2593 502 2616 non
523 2584 691 2624 intelleoei;
714 2585 751 2617 id
771 2594 852 2618 sane
872 2586 956 2618 scire
969 2587 1078 2619 velim.

251 2634 306 2667 24.
330 2634 405 2676 foro
435 2633 570 2676 boario]
605 2634 641 2666 in
664 2635 788 2667 octava
811 2635 909 2668 urbis
936 2636 1079 2676 regione

209 2684 302 2716 inter
323 2682 534 2724 Palatinum,
561 2683 795 2725 Capitolinum
819 2686 855 2717 et
869 2686 1080 2718 Aventinum

209 2734 386 2773 montem,
418 2741 512 2766 nunc
535 2733 662 2774 Gmnpo
688 2735 839 2768 Vaccino.
866 2752 903 2758 ·—
935 2734 990 2767 ubi
1020 2744 1079 2767 ae-

208 2792 304 2816 reum
325 2783 418 2815 tauri
438 2783 658 2816 simulacrum
676 2784 865 2826 aspicimus]
889 2783 1019 2817 Plinius
1036 2786 1076 2818 N.

210 2834 251 2866 H.
276 2831 319 2865 34
341 2831 362 2874 S
386 2832 445 2864 ⁴0:
470 2832 535 2864 Bos
557 2841 677 2866 aereus
697 2834 773 2866 inde
789 2834 844 2875 (ex
858 2833 1000 2875 Aegina)
1024 2843 1080 2866 ca-

207 2886 284 2924 ptus
303 2882 340 2914 in
361 2882 436 2923 foro
458 2881 575 2915 boario
591 2886 637 2915 est
659 2884 792 2916 Romae.
818 2884 917 2916 Ovid.
935 2885 1026 2917 Fast.
1044 2885 1077 2925 6,

212 2933 277 2966 477
291 2941 298 2964 :
322 2931 477 2965 Pontibus
498 2935 530 2964 et
543 2941 666 2975 magno
679 2934 794 2966 iuncta
808 2937 855 2966 est
868 2934 1079 2967 celeberrima

213 2982 308 3015 Circo
329 2981 436 3022 Area,
462 2989 548 3023 quae
565 2983 674 3023 posito
693 2984 732 3016 de
747 2983 825 3016 bove
839 2992 957 3016 nomen
971 2983 1076 3016 habet.

211 3030 321 3064 Aliter
343 3029 471 3063 Paulus
494 3032 688 3066 Diaconus:
713 3033 875 3065 Boarium
887 3034 999 3074 forum
1013 3035 1080 3066 Ro-

211 3090 288 3114 mae
310 3081 498 3123 dicebatur,
523 3083 611 3123 quod
625 3082 670 3115 ibi
683 3084 904 3115 venderentur
917 3083 1023 3116 boves.
1041 3102 1077 3107 —-

213 3139 374 3172 magnam
403 3131 554 3163 Herculis
587 3132 696 3174 aram]
737 3141 827 3180 quae
861 3126 1080 3174 frequentius

214 3181 370 3214 maxima
392 3181 532 3214 dicitur.
558 3181 684 3223 Vergil.
709 3183 796 3215 Aen.
822 3182 855 3222 8,
879 3183 963 3214 2742
988 3183 1083 3215 Hanc

216 3240 315 3263 aram
336 3231 409 3264 luco
431 3233 547 3264 statuit
569 3231 783 3272 (Hercules),
809 3240 896 3272 quae
914 3232 1082 3265 Maxuma

215 3289 342 3321 semper
369 3282 508 3315 Dicetur
529 3281 639 3320 nobis,
670 3284 701 3313 et
726 3283 790 3314 erit
812 3290 898 3322 quae
918 3290 1081 3315 maxuma

216 3338 352 3371 semper.
376 3333 534 3374 propert.
559 3332 592 3371 5,
618 3331 650 3371 9,
675 3331 734 3364 68:
759 3331 831 3364 Ara
850 3341 911 3372 per
930 3331 1003 3372 has,
1025 3334 1082 3365 in-

219 3381 306 3422 quit,
329 3381 487 3415 Mna-ima
506 3381 600 3423 facta
621 3390 753 3414 manus.
774 3399 809 3405 —
834 3381 970 3424 lapides]
994 3382 1082 3415 Sunt

1125 1283 1214 1324 cippi
1232 1282 1393 1324 pomerii,
1429 1290 1520 1324 quos
1541 1281 1654 1314 Varro
1676 1282 1783 1314 vocat
1816 1281 1872 1323 (L.
1898 1280 1936 1313 L.
1960 1281 1994 1321 5,

1128 1332 1220 1374 443),
1247 1331 1454 1366 columellae
1471 1332 1606 1374 positae
1623 1331 1772 1374 pomerii
1788 1329 1995 1372 designandi

1126 1393 1245 1417 causa.
1270 1383 1351 1416 Em«.
1380 1401 1416 1405 —
1449 1380 1549 1415 aram
1571 1382 1678 1424 Consi]
1707 1389 1817 1423 quem
1839 1379 1995 1413 nonnulli

1125 1434 1280 1467 eundem
1314 1433 1439 1475 putant
1467 1441 1510 1465 ac
1539 1433 1743 1474 Neptunum
1769 1431 1994 1473 Equestrem.

1125 1482 1267 1517 Tertull.
1306 1483 1350 1516 de
1385 1483 1546 1525 Spectac.
1584 1483 1603 1515 5
1632 1481 1755 1515 scribit
1785 1490 1865 1514 eam
1896 1489 1995 1514 aram

1126 1534 1303 1567 defossam
1334 1542 1414 1566 esse
1444 1534 1479 1566 in
1509 1533 1611 1566 Circo
1643 1532 1688 1565 ad
1717 1532 1851 1574 primas
1881 1532 1996 1564 metas

1128 1585 1180 1626 (in
1202 1585 1303 1625 parte
1328 1582 1469 1616 australi
1493 1583 1623 1615 montis
1647 1581 1807 1623 Palatini)
1837 1590 1918 1614 cum
1941 1581 1997 1613 in-

1126 1635 1316 1676 scriptione
1341 1633 1565 1666 huiusmodi:
1591 1633 1715 1666 Consus
1731 1632 1879 1672 consilio,
1903 1632 1999 1665 Mars

1127 1685 1253 1725 duello,
1287 1685 1389 1717 Lares
1415 1684 1511 1718 coillo
1537 1684 1598 1725 (sic
1621 1682 1755 1725 Rigalt.)
1773 1685 1932 1724 potentes.
1956 1700 1992 1706 -

1126 1736 1241 1767 curias
1261 1735 1395 1777 veteres]
1420 1734 1530 1766 Varro
1546 1735 1580 1774 5,
1600 1734 1681 1766 ⁴55:
1709 1732 1832 1766 Curiae
1854 1733 1999 1765 duorum

1127 1793 1302 1828 generum,
1326 1793 1406 1817 nam
1430 1787 1461 1816 ct
1482 1783 1539 1816 ubi
1559 1786 1719 1816 curarent
1740 1783 1925 1816 sacerdotes
1944 1792 1999 1816 res

1128 1837 1275 1876 divinas,
1299 1838 1338 1867 ut
1361 1835 1484 1868 Curiae
1505 1837 1648 1874 veteres,
1672 1836 1705 1867 et
1717 1833 1774 1866 ubi
1787 1837 1922 1866 senatus
1934 1833 1998 1865 hu-

1128 1894 1265 1926 manas,
1290 1888 1327 1918 ut
1342 1885 1447 1918 Curia
1461 1885 1612 1918 Hostilia.
1638 1884 1780 1916 Festus:
1805 1884 1922 1916 Novae
1936 1884 1999 1916 Cu-

1127 1936 1201 1968 riae
1219 1935 1376 1976 proxime
1396 1935 1576 1975 compitum
1590 1934 1782 1966 Fabricium
1800 1934 2000 1976 aedificatae

1129 1989 1221 2025 sunt,
1247 1985 1335 2026 quod
1352 1993 1478 2026 parum
1500 1984 1633 2024 amplae
1646 1987 1744 2017 erant
1756 1987 1881 2016 veteres
1895 1993 1918 2016 a
1931 1985 1999 2016 Ro·-

1129 2036 1218 2068 mulo
1238 2036 1363 2077 factae,
1387 2034 1443 2068 ubi
1462 2035 1491 2066 is
1508 2035 1671 2075 populum
1685 2037 1716 2067 et
1728 2043 1830 2067 sacra
1842 2034 1878 2066 in
1889 2034 2000 2075 partis

1129 2086 1270 2127 triginta
1298 2084 1529 2125 distribuerat,
1559 2087 1597 2117 ut
1624 2085 1660 2116 in
1687 2084 1730 2117 iis
1755 2093 1796 2117 ea
1816 2093 1918 2117 sacra
1937 2093 1999 2117 cu-

1129 2139 1266 2175 rarent,·
1289 2144 1376 2178 quae
1399 2144 1474 2167 cum
1496 2144 1540 2168 ex
1561 2134 1724 2167 veteribus
1743 2135 1780 2167 in
1801 2143 1906 2167 novas
1919 2143 2000 2168 evo-

1130 2189 1305 2226 carentur,
1340 2188 1500 2226 quattuor
1532 2185 1707 2217 curiarum
1735 2193 1798 2225 per
1825 2185 2001 2227 religiones

1131 2236 1263 2270 evocari
1284 2244 1351 2268 non
1367 2238 1560 2276 potuerunt.
1592 2235 1709 2275 Itaque
1730 2234 1906 2275 Foriensis,
1929 2235 2000 2267 Ra-

1125 2290 1222 2327 ptae,
1257 2285 1427 2325 Veliensis,
1461 2285 1596 2317 Velitiae
1623 2293 1676 2316 res
1706 2284 1838 2317 divinae
1859 2285 1944 2325 fiunt
1964 2285 2000 2316 in

1129 2336 1294 2369 veteribus
1320 2335 1432 2368 curiis.
1470 2335 1593 2368 Curias
1621 2336 1762 2368 veteres
1790 2335 1825 2368 in
1850 2343 1893 2367 eo
1921 2334 2000 2368 loco

1131 2387 1216 2420 sitas
1249 2385 1374 2425 fuisse,
1410 2384 1472 2417 ubi
1505 2385 1636 2418 montis
1669 2383 1813 2417 Palatini
1840 2393 1924 2427 pars
1954 2385 2000 2418 ad

1132 2437 1306 2469 orientem
1341 2436 1506 2477 spectans
1539 2435 1691 2467 excurrit
1720 2435 2000 2477 septentrionem

1131 2494 1268 2525 versus,
1290 2485 1410 2518 docuit
1424 2485 1560 2517 Becker
1573 2485 1691 2526 Antiq.
1708 2485 1808 2517 Rom.
1824 2486 1850 2525 Ι,
1868 2493 1902 2526 p.
1921 2485 1998 2518 400.

1131 2538 1182 2570 De
1212 2535 1473 2578 praepositione
1503 2535 1549 2567 ad
1571 2543 1641 2567 non
1663 2535 1811 2576 repetita
1836 2534 1881 2567 cf.
1906 2534 1938 2574 3,
1964 2534 1997 2567 9.

1131 2587 1163 2626 6,
1180 2587 1234 2619 54.
1253 2585 1307 2626 43,
1326 2585 1380 2618 53.
1402 2603 1438 2608 -
1463 2583 1652 2626 Larundae]
1676 2584 1750 2617 sive
1774 2585 1895 2625 Larae,
1921 2592 2000 2616 ma-

1131 2636 1192 2669 tris
1208 2635 1337 2667 Larum
1361 2635 1526 2675 (Lactant.
1546 2635 1577 2675 4,
1595 2633 1661 2674 20).
1686 2634 1793 2666 Aram
1809 2634 1842 2666 ei
1856 2634 1997 2666 vovisse

1131 2685 1267 2718 Tatium
1302 2693 1425 2726 regem
1458 2684 1565 2717 tradit
1593 2685 1706 2716 Varro
1730 2684 1766 2716 L.
1791 2684 1829 2716 L.
1855 2684 1875 2716 5
1899 2682 1918 2724 ἓ
1941 2682 1996 2716 74.

1131 2736 1196 2775 Qui
1218 2736 1345 2768 Larum
1366 2734 1504 2776 legunt,
1530 2733 1724 2776 intelligunt
1737 2734 1882 2776 yeminos
1896 2734 1999 2766 Lares

1129 2786 1187 2826 qui
1202 2785 1347 2826 compita
1361 2787 1496 2816 servant
1511 2784 1622 2826 (Ovid.
1639 2785 1728 2816 Fast.
1747 2784 1780 2825 2,
1798 2784 1833 2816 64
1841 2783 1884 2825 5),
1908 2783 1998 2816 Mer-

1129 2835 1216 2868 curii
1244 2835 1425 2875 Laraeque
1456 2834 1635 2875 nymphae
1657 2832 1767 2875 filios,
1798 2833 1844 2866 de
1867 2831 1996 2874 quihus

1128 2884 1270 2919 Ovidius
1293 2884 1384 2916 Fast.
1408 2884 1449 2924 2,
1474 2883 1659 2916 599-646.

1172 2985 1227 3017 25.
1242 2984 1277 3017 C.
1290 2983 1430 3017 Antistio
1441 2984 1489 3017 M.
1505 2983 1633 3026 Suillio]
1650 2984 1687 3016 In
1703 2982 1800 3016 fastis
1812 2982 1996 3016 Antiatinis

1131 3035 1271 3076 (Inserr.
1286 3034 1373 3066 Latt.
1388 3043 1423 3067 n.
1438 3033 1534 3075 6445)
1551 3034 1776 3067 nominantur
1791 3033 1825 3065 C.
1838 3031 1997 3065 Antistius

1134 3084 1268 3117 VetusM
1273 3109 1279 3116 .
1287 3083 1741 3125 SuilliusNerulinus,neque
1751 3081 1850 3114 aliter
1856 3082 1993 3123 n.3389,

1131 3135 1196 3167 nisi
1211 3133 1307 3176 quod
1328 3135 1435 3176 priori
1452 3134 1593 3167 additur
1608 3135 1689 3166 nota
1704 3134 1745 3165 II.
1772 3133 1809 3165 C.
1827 3132 1994 3166 Antistius

1130 3183 1220 3216 filius
1235 3183 1374 3217 videtur
1393 3185 1432 3218 C.
1447 3184 1582 3218 Antistii
1597 3182 1750 3216 consulis
1759 3191 1791 3214 a.
1801 3190 1837 3214 u.
1848 3182 1924 3214 776.
1941 3183 1993 3215 De

1131 3232 1246 3266 Suillio
1262 3233 1342 3267 vide
1358 3234 1402 3267 ad
1418 3235 1472 3275 44,
1490 3235 1521 3267 2.
1543 3252 1580 3258 -
1598 3233 1731 3273 adoptio
1745 3233 1781 3264 in
1797 3231 1992 3275 Domitium]

1130 3283 1271 3316 sueton.
1289 3285 1371 3316 Ner.
1388 3285 1427 3316 7:
1456 3284 1629 3316 Undecimo
1649 3283 1768 3325 (immo
1791 3282 1993 3323 duodecimo)

1130 3333 1248 3366 aetatis
1269 3342 1359 3366 anno
1381 3343 1404 3367 a
1427 3334 1564 3367 Claudio
1587 3334 1765 3374 adoptatus
1785 3337 1832 3367 est
1843 3333 1993 3368 Annaeo-

1131 3391 1192 3425 que
1214 3383 1373 3425 Senecae,
1402 3383 1473 3416 iam
1494 3386 1572 3416 tunc
1593 3383 1756 3425 senatori,
1786 3384 1824 3418 in
1844 3384 1991 3427 discipli-
