2254 3770
786 308 947 354 LIBER
974 307 1045 352 111.
1088 307 1190 367 Cap.
1220 307 1288 352 48.
1317 308 1386 354 49.
1413 309 1483 354 20.

1948 307 2031 352 459

242 415 441 474 agebant,
481 414 611 460 etiam
647 414 807 460 secutis
841 413 1107 473 temporibus
1140 414 1262 459 vario
1296 429 1469 460 rumore
1506 415 1671 460 iactata.
1707 414 1818 460 adeo
1848 415 2031 460 maxima

242 503 443 550 quaeque
481 489 681 548 ambigua
719 497 832 540 sunt,
876 489 979 533 dum
1015 489 1086 534 alii
1128 503 1305 549 quoquo
1344 491 1472 534 modo
1514 490 1659 535 audita
1695 504 1775 548 pro
1815 491 2031 548 conpertis

241 565 416 616 habent,
458 564 529 609 alii
557 578 662 610 vera
690 565 734 609 in
764 565 1024 610 contrarium
1051 571 1238 616 vertunt,
1275 571 1319 609 et
1346 565 1483 623 gliscit
1510 572 1741 625 utrumque
1769 566 2030 624 posteritate.

241 647 286 685 at
312 641 479 684 Drusus
506 640 617 685 urbe
646 653 849 698 egressus
877 639 1125 698 repetendis
1159 640 1383 698 auspiciis,
1423 655 1524 686 mox
1550 654 1683 686 ovans
1719 641 1890 685 introiit.
1925 655 2033 699 pau-

241 729 406 775 cosque
433 722 532 774 post
560 715 655 760 dies
685 716 900 774 Vipsania,
941 722 1077 759 mater
1105 714 1216 765 eius.
1257 716 1453 768 excessit,
1484 731 1570 761 una
1599 717 1790 761 omnium
1819 716 2063 776 Agrippaes

241 791 475 837 liberorum
510 791 599 835 miti
637 790 768 835 obitu.
806 804 905 835 nam
943 797 1114 837 ceteros
1150 790 1420 836 manifestum
1458 792 1571 836 ferro
1612 792 1681 837 vel
1719 792 1929 838 creditum
1967 799 2034 837 est

242 881 411 912 veneno
439 873 513 911 aut
540 867 652 911 fame
680 867 902 911 extinctos.

355 943 438 1000 (20)
468 942 632 987 Eodem
659 955 772 987 anno
801 941 1056 991 Tacfarinas,
1088 956 1219 1001 quem
1248 942 1393 1000 priore
1419 948 1580 987 aestate
1610 942 1781 1001 pulsum
1811 957 1837 987 a
1857 942 2031 988 Camillo

243 1019 497 1070 memoravi,
530 1017 688 1062 bellum
717 1018 762 1061 in
784 1017 923 1062 Africa
950 1024 1138 1068 renovat,
1170 1018 1289 1076 vagis
1317 1018 1503 1075 primum
1531 1018 1877 1076 populationibus
1905 1025 1948 1063 et
1976 1018 2032 1062 ob

243 1094 538 1151 pernicitatem
566 1092 729 1145 inultis,
762 1092 864 1138 dein
892 1093 1011 1137 vicos
1041 1092 1290 1144 excindere,
1327 1092 1497 1138 trahere
1526 1107 1679 1151 graves
1710 1094 1916 1152 praedas;
1954 1104 2083 1152 po-to

244 1176 404 1213 stremo
448 1169 563 1213 haud
603 1168 755 1227 procul
798 1168 975 1228 Pagyda
1009 1167 1184 1213 flumine
1223 1168 1442 1217 cohortem
1481 1170 1713 1213 Romanam
1747 1168 2032 1214 circumsedit.

243 1251 444 1302 praeerat
471 1243 647 1289 castello
675 1244 870 1295 Decrius,
901 1244 1085 1302 impiger
1111 1257 1253 1296 manu,
1285 1245 1498 1289 exercitus
1527 1244 1675 1288 militia
1704 1251 1747 1289 et
1775 1244 1890 1289 illam
1918 1245 2035 1298 obsi·-

243 1319 419 1365 dionem
447 1319 594 1378 flagitii
629 1325 759 1364 ratus.
799 1319 838 1364 is
872 1318 1118 1364 cohortatus
1155 1319 1310 1364 milites
1344 1326 1391 1363 ut
1420 1320 1588 1378 copiam
1615 1334 1784 1379 pugnae
1814 1312 1858 1364 in
1885 1327 2034 1379 aperto

243 1395 451 1448 facerent,
496 1396 635 1440 aciem
676 1408 758 1453 pro
798 1395 948 1440 castris
990 1395 1173 1440 instruit.
1214 1395 1442 1453 primoque
1483 1395 1646 1454 impetu
1689 1395 1815 1454 pulsa
1859 1395 2034 1440 cohorte

244 1477 468 1529 promptus
497 1471 609 1514 inter
635 1469 721 1515 tela
749 1476 948 1515 occursat
974 1469 1245 1529 fugientibus,
1275 1470 1469 1529 increpat
1496 1471 1721 1529 signiferos
1741 1471 1861 1530 quod
1888 1472 2035 1516 incon-
2047 1480 2084 1511 ⁴5

246 1546 345 1590 ditis
375 1552 449 1591 aut
477 1545 771 1590 desertoribus
798 1545 922 1590 miles
951 1547 1167 1591 Romanus
1192 1552 1312 1604 terga
1330 1546 1469 1591 daret:
1499 1546 1625 1591 simul
1646 1554 1842 1606 exceptat
1859 1547 2035 1592 vulnera

308 1666 343 1699 2.
370 1666 489 1700 audire
510 1667 545 1700 M
569 1667 698 1709 (audita
719 1666 872 1709 margo);
909 1667 970 1700 alii
992 1675 1078 1709 quae
1098 1675 1232 1709 quoquo
1252 1668 1350 1700 modo
1373 1668 1510 1701 audiere
1531 1667 1802 1702 Weissenborn.
1829 1686 1865 1692 —
1898 1667 1930 1701 3.
1955 1677 2036 1701 con-

245 1719 357 1756 traria
378 1724 429 1757 M:
454 1724 629 1756 contraria
651 1722 826 1756 edebatur
847 1724 929 1756 ante
946 1722 1124 1756 Orellium.
1145 1740 1181 1748 -
1206 1723 1314 1766 gliscit
1335 1733 1390 1766 pr.
1408 1724 1442 1758 M
1458 1741 1494 1748 -
1521 1724 1552 1757 5.
1571 1725 1745 1766 uipstam’a
1767 1723 1891 1765 (littera
1915 1727 1928 1757 t
1949 1733 2037 1767 pun-

250 1781 316 1813 ctis
338 1780 468 1822 notata)
491 1782 526 1815 M
550 1799 587 1805 —-
612 1781 644 1814 6.
668 1782 756 1814 mitti
777 1782 811 1815 M
836 1800 872 1806 —
906 1781 938 1815 8.
958 1782 1074 1823 priore
1096 1784 1221 1814 aestate
1242 1790 1392 1824 pravum
1415 1780 1701 1824 supplementum
1723 1780 1863 1814 videtur
1884 1781 2036 1823 Nipper—

246 1836 339 1870 deio.
367 1855 404 1861 —
428 1837 461 1870 9.
485 1837 578 1880 afria
599 1839 634 1872 M
657 1838 817 1881 (Aphm'ca
839 1839 978 1881 margo)
1010 1856 1046 1863 ·-
1080 1839 1133 1872 40.
1157 1839 1367 1873 eoecincedere
1390 1838 1538 1882 (syllaba
1560 1848 1596 1873 ce
1617 1839 1758 1882 punctis
1781 1837 1912 1879 notata)
1936 1838 1970 1872 M
1995 1856 2032 1862 —

245 1893 300 1926 45.
324 1893 482 1927 modicis
502 1895 537 1928 M
559 1894 746 1937 (inconditis
766 1894 900 1937 margo)
926 1912 962 1918 —
989 1895 1045 1930 46.
1067 1895 1218 1928 romanis
1238 1904 1293 1938 pr.
1310 1896 1345 1930 M
1370 1912 1406 1920 —
1432 1899 1586 1937 exceptat
1607 1894 1670 1928 Iul.
1695 1894 1801 1928 Held:
1826 1897 1966 1936 mepta
1987 1895 2033 1929 M.

246 1998 352 2032 audeo
380 1999 506 2042 dicere,
535 2009 578 2034 ne
604 2001 691 2044 forte
711 2001 748 2035 ia
767 2002 877 2043 ipsum
897 2001 1036 2036 verbum
1052 2011 1117 2043 po-

244 2057 345 2090 nam,
378 2051 466 2090 quod
499 2050 558 2083 abs
587 2054 618 2084 te
645 2053 742 2085 aium
767 2052 854 2093 falso
884 2053 921 2085 in
941 2061 994 2086 me
1014 2053 1118 2085 solere

246 2099 404 2140 conteni.
424 2117 462 2124 —
478 2100 560 2134 arbe
573 2101 731 2144 eyressm]
750 2103 918 2142 Quaeras,
939 2111 1011 2144 quo
1026 2102 1116 2135 haec

248 2149 406 2190 egressio
436 2151 472 2182 et
498 2150 652 2184 reditio?
690 2151 745 2185 Ad
778 2161 916 2186 morem
946 2153 1116 2195 priscum,

247 2207 319 2241 quo
349 2198 499 2233 obtinuit
525 2202 566 2234 ut
595 2202 655 2243 qui
683 2211 703 2235 e
734 2203 923 2244 provinciis
946 2211 1029 2236 cum
1050 2203 1120 2235 im-

247 2249 348 2291 perio
370 2250 529 2284 redirent
542 2250 627 2284 illud
645 2252 762 2295 ipsum
777 2253 989 2294 amitterent,
1014 2251 1119 2286 simul

247 2298 438 2333 intrassent
466 2300 607 2334 urbem.
653 2302 739 2335 Ideo
768 2303 886 2336 Livius
915 2303 976 2343 26,
1001 2303 1041 2335 9:
1078 2303 1116 2343 Q.

249 2349 367 2383 Fulvio
388 2358 430 2383 ne
450 2351 658 2384 muneretur
676 2352 873 2394 imperium,
899 2353 930 2386 si
947 2353 986 2386 im
1006 2352 1122 2385 urbem

245 2401 401 2441 venisset,
433 2401 577 2434 decernit
604 2406 748 2436 senatis-5.
789 2404 832 2436 Et
861 2403 972 2445 magis
995 2403 1041 2436 ad
1062 2402 1120 2435 lu-

247 2457 329 2483 cem
344 2450 452 2483 Taciti
462 2476 470 2491 ,
495 2451 592 2493 quod
605 2453 671 2485 Dio
684 2453 739 2493 53,
757 2453 799 2486 32
815 2453 938 2494 tradit,
963 2454 1119 2495 Augusto

247 2498 434 2533 decretum
470 2503 685 2543 perpetuum
717 2502 971 2545 proconsulare
1004 2504 1120 2545 impe·-

246 2550 359 2590 rium,
389 2550 437 2583 ita
463 2552 503 2584 ut
529 2560 598 2585 nec
627 2552 658 2586 si
685 2553 776 2586 intra
797 2553 927 2587 urbem
948 2554 1117 2595 venisset,

249 2599 471 2633 minueretur
492 2610 583 2634 neve
607 2604 849 2637 necessarium
873 2605 969 2637 esset
990 2599 1122 2636 ἀνανε-

249 2647 392 2683 οῦσθαι
419 2647 492 2693 τὴν
522 2647 665 2699 ἀρχήν,
697 2652 735 2686 id
762 2655 818 2687 est
844 2662 1017 2687 renovare
1043 2655 1118 2688 sive

248 2701 414 2743 repetere
444 2702 612 2745 auspicia.
658 2705 749 2737 Nam
781 2704 1019 2747 auspiciorum
1053 2712 1120 2737 no-

249 2750 345 2784 mine
369 2751 475 2785 etiam
493 2753 684 2795 imperium
699 2753 757 2787 hic
773 2762 873 2797 cape.
909 2754 979 2788 Sed
995 2755 1050 2787 cui
1065 2754 1119 2787 rei

248 2799 366 2834 Druso
389 2809 479 2844 opus
502 2801 566 2835 fuit
587 2803 737 2846 repetito
760 2804 935 2846 imperio?
956 2804 1011 2838 Ad
1033 2812 1119 2837 ova-

247 2849 394 2884 tionem.
429 2852 519 2885 Nam
541 2852 602 2894 qui
631 2853 853 2895 triumphans
876 2862 1032 2887 ovansve
1054 2863 1119 2887 ur-

247 2898 335 2933 bem
361 2900 573 2943 ingreditur,
610 2910 693 2936 cum
728 2903 878 2946 imperio
906 2903 943 2936 id
972 2903 1055 2937 facit
1082 2904 1119 2937 in

247 2948 348 2983 illum
371 2950 485 2984 diem:
515 2952 652 2986 Drusus
674 2953 795 2986 autem
817 2954 1006 2995 imperium
1028 2954 1119 2987 ami-

248 3000 347 3032 serat
371 2999 552 3041 ingressus
584 3001 714 3035 urbem
735 3001 782 3036 ob
806 3002 922 3036 rmtris
944 3004 999 3036 sui
1021 3012 1120 3037 mor-

249 3049 336 3082 tem.
359 3049 492 3083 Debuit
513 3059 598 3093 ergo
613 3053 796 3095 repetere,
820 3054 860 3085 ut
873 3054 1007 3087 ovaret.
1034 3054 1121 3086 Cae-

248 3096 316 3131 lius
338 3098 385 3131 ad
401 3099 472 3132 Cic.
488 3099 552 3142 Ep.
570 3101 610 3134 6:
633 3110 739 3143 neque
760 3102 847 3135 enm
867 3102 966 3135 stulte
980 3102 1118 3144 Appius,

250 3149 309 3188 qm·
330 3148 430 3182 simul
451 3152 552 3190 atque
569 3150 745 3184 Dolabella
766 3152 901 3184 accessit
915 3152 961 3184 ad
974 3152 1122 3185 tribunal

247 3199 428 3232 introierat
447 3199 485 3232 in
500 3199 616 3233 urbem
629 3201 853 3243 fiammaque
860 3202 1121 3243 postulationem

250 3247 428 3282 aboeoerac.
467 3247 632 3291 Ulpianus
654 3250 732 3292 Dig.
757 3250 790 3291 4,
814 3251 869 3291 46,
894 3251 955 3284 46;
979 3252 1121 3284 Procon-

249 3297 304 3329 aa
314 3301 454 3339 portam
465 3299 589 3332 Romae
602 3300 771 3342 inm-essm
784 3300 917 3340 deponit
929 3301 1118 3342 inperium».

252 3345 340 3379 Lm.
367 3364 404 3372 -
427 3356 511 3381 mox
532 3356 639 3381 ovam
658 3348 800 3391 introiit]
824 3349 1000 3383 ovationis
1025 3349 1120 3383 diem

251 3396 414 3430 novimus
436 3405 480 3431 ex
501 3398 572 3432 hoc
586 3397 686 3432 titulo
707 3399 846 3442 (Inscrr.
863 3399 951 3433 Latt.
968 3398 1044 3433 Vol.
1060 3401 1117 3433 111.

252 3441 311 3477 ed.
333 3444 476 3482 nemen
503 3455 541 3491 p.
565 3446 642 3483 283.
679 3456 717 3483 n.
741 3447 856 3491 6443);
892 3449 942 3484 Π.
969 3448 1120 3485 Valerius

1164 2002 1324 2035 Messalla
1350 2002 1398 2035 Μ.
1422 2000 1579 2034 Aurelius
1603 2001 1703 2035 Cotta
1732 2009 1806 2034 cos.
1834 2001 1870 2034 V.
1893 2000 1935 2034 K.
1958 2001 2034 2034 Iun.

1164 2053 1299 2085 Drusus
1329 2052 1549 2093 Manaphavit
1568 2060 1614 2084 ex
1634 2051 1785 2093 Illyrico.
1810 2068 1846 2074 —
1870 2060 1942 2084 una
1963 2060 2037 2083 om-

1165 2103 1260 2135 nium
1279 2101 1447 2144 Agrippae
1476 2102 1500 2134 l.
1523 2102 1599 2134 miti
1621 2100 1724 2143 obitu]
1749 2102 1771 2134 i.
1797 2110 1829 2134 e.
1855 2102 1942 2134 citra
1962 2101 2036 2133 vim

1167 2154 1204 2185 et
1225 2161 1267 2185 ex
1284 2151 1366 2185 fato.
1394 2153 1440 2186 M.
1457 2152 1631 2194 Agrippae
1647 2153 1720 2184 tres
1735 2160 1865 2185 uxores
1881 2151 2035 2185 fuerunt.

1166 2202 1283 2235 Prima
1305 2202 1515 2245 Pomponia,
1539 2202 1642 2235 Attici
1665 2201 1755 2234 filia:
1785 2210 1830 2235 ex
1852 2211 1895 2235 ea
1917 2201 2038 2244 genuit

1166 2252 1388 2294 Vipsaniam,
1423 2252 1469 2286 de
1498 2261 1569 2294 qua
1597 2252 1655 2285 hic
1687 2252 1742 2294 (cf.
1769 2252 1801 2292 4,
1827 2252 1899 2293 42),
1932 2251 2038 2284 Drusi

1167 2303 1332 2336 matrem.
1374 2301 1495 2336 Altera
1527 2301 1710 2344 Marcella,
1753 2302 1917 2335 Octaviae
1946 2300 2034 2335 filia:

1169 2361 1213 2385 ex
1235 2361 1277 2385 ea
1301 2361 1443 2394 quoque
1466 2351 1586 2394 liberi,
1618 2353 1649 2386 si
1677 2353 1844 2385 Suetonio
1870 2352 1960 2385 fides
1983 2351 2039 2384 di-

1168 2404 1263 2436 serte
1291 2403 1395 2436 id>in
1421 2403 1578 2445 Augusto
1608 2403 1654 2445 (c.
1679 2403 1732 2444 63)
1763 2402 1935 2443 tradenti,
1972 2402 2038 2435 etsi

1168 2452 1252 2486 nihil
1276 2452 1321 2487 de
1344 2453 1386 2486 iis
1409 2455 1533 2495 postea
1554 2453 1731 2495 reperias,
1757 2454 1794 2486 et
1812 2452 1972 2486 videatur
1994 2459 2038 2484 ea

1168 2502 1288 2545 proles
1309 2512 1380 2536 non
1403 2503 1512 2537 fuisse
1527 2502 1653 2537 vitalis.
1685 2503 1800 2536 Tertia
1822 2512 1911 2536 uxor
1932 2502 2034 2536 Iulia:

1169 2562 1213 2586 ex
1243 2562 1285 2586 ea
1315 2553 1388 2586 nati
1411 2554 1515 2587 Gaius
1538 2554 1574 2586 et
1594 2554 1723 2586 Lucius
1747 2554 1936 2594 Caesares,
1968 2554 2037 2586 Po-

1168 2605 1307 2637 stumus
1329 2604 1501 2646 Agrippa,
1523 2604 1714 2646 Agrippina
1737 2604 1774 2636 et
1794 2603 1889 2637 Iulia.
1920 2604 1960 2636 In
1982 2603 2036 2636 his

1167 2653 1346 2696 plerisque
1376 2662 1463 2687 vera
1491 2654 1598 2687 Taciti
1625 2655 1719 2687 nota.
1756 2654 1860 2687 Gaius
1883 2654 1979 2686 enim
2002 2653 2038 2686 et

1168 2705 1296 2738 Lucius
1318 2713 1457 2737 veneno
1481 2703 1606 2737 crediti
1627 2705 1763 2747 perisse
1781 2705 1824 2746 (4,
1842 2703 1893 2745 3),
1917 2703 2038 2745 Agrip-

1166 2754 1248 2797 pina
1278 2754 1371 2788 fame
1404 2755 1447 2796 (6,
1472 2754 1547 2795 25),
1583 2755 1770 2788 Postumus
1800 2754 1893 2787 ferro
1919 2754 1964 2795 (4,
1989 2752 2033 2793 6).

1165 2803 1289 2837 Iuliam
1312 2804 1466 2846 excipio,
1491 2804 1592 2837 cuius
1615 2806 1769 2837 mortem
1783 2803 1821 2844 4,
1839 2804 1876 2836 74
1896 2804 1943 2835 ita
1958 2810 2038 2835 nar-

1166 2855 1222 2887 rat
1242 2854 1319 2896 ipse
1342 2854 1482 2887 Tacitus
1496 2855 1536 2886 ut
1551 2863 1595 2886 ex
1610 2854 1734 2886 natura
1749 2853 1927 2894 videatur,
1952 2852 2036 2886 ferri

1166 2905 1228 2937 aut
1248 2904 1378 2937 veneni
1400 2902 1495 2936 nulla
1516 2904 1709 2937 mentione.
1734 2904 1823 2937 Lm.

1210 3002 1265 3035 20.
1291 3011 1388 3043 quem
1407 3003 1525 3044 priore
1551 3006 1676 3036 aestate
1698 3012 1736 3044 ρ.
1761 3012 1785 3035 a
1807 3001 1945 3035 Camillo
1966 3010 2037 3035 me-

1166 3051 1310 3094 moravi]
1333 3053 1447 3085 Immo
1470 3053 1552 3086 ante
1574 3053 1765 3086 triennium
1787 3059 1879 3084 anno
1901 3059 1937 3083 u.
1958 3051 2034 3084 770.

1167 3101 1255 3134 Vide
1270 3102 1304 3143 2,
1321 3102 1376 3135 52.
1393 3118 1431 3126 -
1447 3102 1597 3145 Pagyda]
1622 3102 1770 3136 fortasse
1786 3100 1892 3134 hodie
1905 3100 2039 3134 Abeadh

1167 3151 1204 3184 in
1227 3152 1455 3185 Constantina
1477 3153 1672 3195 provincia.
1697 3153 1823 3185 nunna.
1850 3167 1886 3173 —
1913 3151 2038 3193 tlayitti

1166 3201 1273 3244 ratas]
1305 3203 1394 3235 Nota
1421 3202 1515 3236 hanc
1546 3202 1845 3235 constructionem
1870 3208 1936 3242 pro
1957 3199 2038 3233 vul-

1168 3251 1243 3292 gari
1266 3251 1515 3293 «flagitiosam,
1539 3251 1751 3294 probrosam
1772 3249 1972 3284 Romanis.»
1996 3267 2033 3273 —

1165 3300 1354 3344 incenatus]
1390 3310 1462 3335 non
1494 3302 1586 3334 iusta
1618 3301 1715 3340 acie,
1754 3300 1891 3342 impetu
1922 3300 2036 3342 magis

1169 3358 1278 3392 quam
1300 3350 1447 3384 consilio
1469 3348 1716 3393 pugnantibus.
1743 3365 1780 3372 -
1806 3349 2037 3392 desertoribus]

1168 3399 1281 3442 qualis
1304 3401 1381 3443 ipse
1405 3402 1481 3434 erat
1502 3399 1715 3433 Tacfarinas.
1734 3415 1772 3422 —
1792 3400 2038 3442 eoeceptalvul-

1166 3449 1261 3493 πονο]
1299 3449 1402 3486 Silius
1430 3448 1570 3484 Italicus
1600 3448 1642 3492 9,
1666 3448 1749 3483 367:
1783 3450 1864 3484 αωο
1893 3450 2037 3485 emera
