2254 3770
754 275 908 320 LIBER
936 274 1038 320 xvi.
1082 274 1184 333 Cap.
1213 273 1253 318 6.
1283 274 1322 317 7.
1352 274 1392 317 8.
1877 270 1960 314 549

181 382 296 426 neris
325 387 368 426 et
395 381 589 426 modesta
619 383 790 426 iuventa
818 380 1144 440 praecellebant.
1184 382 1311 439 igitur
1331 382 1459 426 missa
1483 380 1537 426 ad
1556 385 1751 425 senatum
1771 379 1962 424 oratione

182 456 466 501 removendos
496 470 521 500 a
553 471 600 502 re
630 457 803 516 publica
830 463 1038 515 utrosque
1066 456 1290 509 disseruit3
1321 456 1635 515 obiectavitque
1667 455 1815 499 Cassio
1844 454 1961 513 quod

183 532 291 576 inter
319 532 525 590 imagines
554 532 763 576 maiorum
793 532 918 576 etiam
951 532 994 576 C.
1027 531 1145 576 Cassi
1176 531 1359 589 effigiem
1388 531 1607 582 coluisset,
1638 530 1696 574 ita
1719 530 1963 587 inscriptam

186 607 311 652 «duci
339 607 546 665 partium»
566 623 574 650 :
606 608 766 666 quippe
791 607 954 651 semina
973 606 1072 651 belli
1095 606 1229 650 civilis
1250 613 1293 650 et
1311 606 1594 651 defectionem
1613 619 1638 650 a
1658 605 1786 649 domo
1809 605 1964 649 Caesa—

181 694 278 726 rum
306 684 567 741 quaesitam;
598 696 649 726 ac
677 697 727 726 ne
756 682 959 726 memoria
984 688 1144 726 tantum
1165 681 1313 725 infensi
1335 682 1517 725 nominis
1538 681 1592 725 ad
1613 680 1852 725 discordias
1871 685 1995 724 ute-5

181 764 308 808 retur,
340 757 634 815 adsumpsisse
655 758 700 802 L.
721 757 928 807 Silanum,
960 757 1157 800 iuvenem
1189 770 1348 814 genere
1378 755 1583 808 nobilem,
1616 756 1758 800 animo
1787 768 1965 814 praeru-

180 839 319 891 ptum,
351 846 482 891 quem
510 833 633 876 novis
663 832 793 876 rebus
823 838 1067 876 ostentaret.
1115 832 1168 888 (8)
1199 832 1341 890 ipsum
1371 830 1526 875 dehinc
1546 830 1740 875 Silanum.
1755 830 1966 888 increpuit

179 907 335 959 isdem,
367 907 524 966 quibus
553 914 751 965 patruum
772 908 865 951 eius
890 909 1159 965 Torquatum,
1191 913 1407 964 tamquam
1428 906 1676 963 disponeret
1694 906 1779 949 iam
1800 905 1964 963 imperii

180 996 306 1027 curas
334 981 675 1041 praeficeretque
696 982 931 1026 rationibus
952 988 994 1026 et
1014 981 1166 1026 libellis
1185 988 1227 1025 et
1247 980 1440 1039 epistulis
1462 980 1649 1032 libertos,
1678 980 1819 1024 inania
1839 979 1964 1024 simul

179 1064 223 1102 et
259 1057 383 1102 salsa:
425 1071 523 1100 nam
563 1057 731 1101 Silanus
762 1058 960 1102 intentior
989 1064 1103 1100 metu
1134 1063 1177 1100 et
1206 1057 1335 1100 exitio
1365 1056 1505 1114 patrui
1535 1056 1588 1100 ad
1619 1055 2014 1114 praecavendumw

184 1133 411 1177 exterritus
442 1139 544 1177 erat.
588 1133 750 1177 inducit
769 1132 947 1190 posthac
966 1131 1176 1176 vocabulo
1195 1131 1396 1183 indicum,
1426 1131 1500 1189 qui
1519 1131 1562 1174 in
1581 1130 1797 1189 Lepidam,
1830 1131 1964 1176 Cassii

181 1222 378 1260 uxorem,
411 1207 540 1252 Silani
571 1208 753 1259 amitam,
785 1208 995 1252 incestum
1024 1221 1122 1252 cum
1151 1207 1290 1250 fratris
1310 1206 1397 1250 filio
1418 1213 1461 1250 et
1481 1206 1597 1250 diros
1618 1220 1839 1250 sacrorum
1858 1206 1964 1249 ritus

181 1283 485 1341 confingerent.
515 1283 792 1328 trahebantur
820 1290 866 1326 ut
895 1283 1053 1327 conscii
1084 1282 1296 1327 Volcatius
1326 1282 1514 1326 Tullinus
1544 1295 1596 1326 ac
1617 1280 1841 1325 Marcellus
1861 1281 1966 1325 Cor-

181 1358 320 1403 nelius
351 1365 572 1402 senatores
602 1365 644 1402 et
674 1358 928 1416 Calpurnius
958 1358 1158 1408 Fabatus,
1199 1371 1334 1416 eques
1374 1358 1608 1410 Romanus;
1648 1357 1722 1415 qui
1751 1356 1963 1415 appellato

181 1434 374 1493 principe
417 1434 642 1478 instantem
677 1433 991 1478 damnationem
1026 1433 1230 1483 frustrati,
1276 1446 1375 1476 mox
1412 1433 1626 1476 Neronem
1656 1432 1770 1476 circa
1798 1442 2013 1476 summam

244 1574 277 1607 Ξ.
302 1582 326 1606 a
345 1581 385 1620 re
400 1573 554 1614 publicas
575 1574 609 1606 M
634 1591 670 1597 -
707 1573 740 1607 3.
765 1574 805 1607 G.
830 1574 864 1607 M
888 1590 923 1597 —
954 1572 986 1607 4.
1011 1573 1088 1606 duci
1109 1573 1163 1606 M:
1195 1573 1267 1605 dum
1289 1570 1356 1605 alii.
1384 1589 1421 1595 —
1446 1580 1598 1604 cesarum
1618 1571 1653 1605 M
1677 1588 1713 1594 —
1739 1571 1772 1604 5.
1795 1579 1837 1604 ne
1858 1571 1965 1604 Faer-

179 1638 267 1664 nus:
293 1637 367 1662 om.
385 1630 418 1663 M
442 1646 478 1652 —
505 1630 538 1663 8.
563 1632 725 1670 tanquam
747 1630 780 1663 M
803 1647 838 1653 -
867 1630 920 1663 40.
943 1630 1079 1663 intetior
1100 1632 1188 1662 metu
1209 1632 1242 1662 et
1262 1630 1325 1661 etio
1343 1628 1461 1670 patrui
1481 1628 1515 1662 M
1540 1645 1577 1652 —
1602 1627 1658 1660 44.
1681 1627 1808 1660 inducti
1829 1627 1965 1660 Ferret-

182 1686 250 1719 tus.

184 1828 219 1834 -
247 1810 283 1843 C.
302 1809 467 1852 Cassium]
491 1810 542 1842 De
564 1810 634 1843 hoc
658 1809 702 1843 cf.
727 1810 780 1849 42,
805 1811 841 1843 44
869 1819 925 1852 sq.
960 1809 1045 1843 Plin.

182 1861 269 1902 Epp.
294 1860 326 1900 7,
351 1859 407 1899 24,
424 1859 461 1892 8:
486 1859 594 1892 laetor
614 1860 715 1893 etiam
736 1861 823 1901 quod
845 1862 960 1893 domus
981 1860 1049 1893 ali-

183 1910 315 1951 quando
339 1910 374 1943 C.
392 1910 502 1950 Cassi,
525 1910 623 1942 huius
645 1910 702 1951 qui
722 1910 900 1944 Cassianae
920 1911 1050 1944 scholae

177 1960 331 2002 princeps
359 1962 392 1992 et
414 1968 541 2000 parens
567 1960 647 2001 fuit,
682 1960 799 1993 serviet
826 1961 958 1994 domino
982 1970 1049 1993 non

179 2010 314 2043 nnnori
332 2026 368 2032 —-
387 2009 539 2050 dilatum]
554 2009 729 2042 Acidalius
745 2008 835 2051 (coll.
849 2010 882 2050 4,
901 2011 953 2051 49)
970 2019 1048 2043 ma-

179 2059 294 2093 lebat:
325 2067 429 2100 neque
449 2059 485 2091 in
514 2059 649 2101 lonyum
671 2060 792 2092 dilatus
813 2064 877 2100 est,
907 2061 1050 2102 praeter

179 2109 448 2148 necessitatem,
476 2110 513 2141 tu
535 2108 660 2152 supple
682 2109 819 2142 malum.
839 2127 875 2132 -
901 2109 1047 2151 Silanus]

179 2159 266 2192 Vide
290 2158 336 2191 ad
353 2159 406 2198 45,
423 2159 476 2191 52.
504 2159 691 2201 «suspicor
708 2168 856 2202 eumpse
873 2169 965 2197 esse.
991 2160 1049 2193 cui

178 2210 301 2252 postea
324 2209 438 2240 statua
460 2209 495 2241 in
520 2208 595 2241 foro
618 2210 750 2251 posita,
775 2211 920 2242 curante
945 2210 1048 2251 Capi-

178 2261 280 2297 tone;
306 2267 375 2300 qua
400 2258 445 2291 de
468 2268 507 2291 re
531 2258 628 2292 Plinii
648 2259 794 2302 epistola
810 2261 879 2292 tota
897 2261 928 2300 4,
947 2260 987 2292 47
1003 2259 1047 2292 ad

179 2308 382 2343 Cornelium
398 2309 581 2341 Titianum.
606 2309 778 2343 Iuvenalis
801 2309 845 2342 ad
868 2309 952 2342 illud
976 2310 1046 2343 Sat.

179 2360 211 2399 4,
229 2358 289 2391 33·.
315 2358 434 2399 magni
449 2357 585 2390 delator
607 2359 722 2401 amici]
746 2359 956 2392 Heliodorum
971 2360 1050 2392 dicit

178 2409 326 2442 Stoicum
342 2408 591 2449 philosophum,
617 2409 675 2449 qui
695 2409 862 2442 Licinium
882 2409 1047 2450 Silanum,

178 2459 374 2500 discipulum
396 2467 512 2498 suum,
536 2467 612 2491 cum
634 2463 834 2501 arqueretur
848 2459 1049 2492 coniuratio-

178 2509 249 2549 nis,
284 2509 464 2550 infitiatum
492 2509 702 2541 doniesticam
729 2510 924 2543 delationem
949 2509 1049 2542 eliam

179 2559 362 2592 testimonio
391 2558 560 2600 oppressit.
594 2559 685 2600 Lege
708 2560 745 2591 L.
769 2560 934 2592 Iunium.»
960 2560 1045 2592 Lus.

184 2627 220 2633 -
238 2609 475 2649 obiectavitque
489 2609 602 2642 Cassio
617 2609 699 2652 cet.]
723 2610 866 2643 Sueton.
885 2611 966 2643 Ner.
986 2610 1045 2643 37:

181 2660 294 2693 Cassio
323 2660 488 2701 Lonyino,
524 2660 609 2692 iuris
637 2660 783 2693 consulto
805 2669 848 2693 ac
873 2660 1050 2693 luminibus

181 2709 310 2749 orbato,
336 2708 525 2751 (obiectum
549 2710 613 2751 est)
642 2710 729 2750 quoa
751 2711 787 2742 in
807 2713 916 2743 vetere
936 2710 1050 2752 yentili

180 2762 350 2791 stemmate
379 2759 414 2791 C.
440 2758 532 2792 Cassi
554 2759 759 2800 percussoris
781 2759 934 2792 Caesaris
957 2759 1050 2792 ima-

179 2809 273 2851 gines
292 2808 488 2841 retinuisset.
514 2808 566 2842 Cf.
583 2808 747 2842 Ambros.
765 2809 862 2842 Offic.
882 2811 917 2842 4ε
944 2809 982 2841 Si
1001 2812 1051 2849 ty—

179 2858 284 2890 ranni
304 2858 427 2898 aliquis
447 2858 565 2891 habeat
586 2859 784 2900 imaqinem‚
816 2867 925 2891 nonne
946 2858 1050 2891 obno-

179 2908 259 2941 oeius
280 2911 327 2940 est
348 2907 584 2941 damnationi?
604 2909 741 2942 Memini
757 2909 871 2951 legisse
883 2917 937 2941 me
951 2917 1050 2949 quos·

181 2959 260 2991 dam
282 2959 419 2999 capitali
441 2959 603 3000 supplicio
625 2959 819 3000 damnatos,
852 2960 933 3000 quia
954 2958 1051 2991 Bruti

181 3012 214 3042 et
235 3009 339 3042 Cassii
367 3008 614 3050 interfectorum
637 3010 791 3043 Caesaris
812 3009 973 3051 imayines
993 3017 1052 3041 as-

181 3062 362 3092 servarent.
389 3077 424 3082 —
450 3067 491 3091 ac
512 3067 554 3092 ne
576 3060 659 3102 cet]
685 3061 757 3092 Hoc
780 3060 969 3101 significat:
996 3059 1052 3091 «et

183 3109 284 3151 quasi
302 3117 372 3141 non
388 3107 568 3142 sufficeret
585 3108 724 3142 infamis
748 3119 790 3142 ac
814 3109 969 3142 damnati
991 3109 1053 3141 ho-

185 3158 289 3191 minis
320 3159 531 3191 memoriam
562 3167 752 3192 renovasse
781 3158 969 3202 palamque
996 3167 1054 3191 co-

185 3206 292 3241 luisse
321 3206 430 3249 (quod
461 3208 546 3249 quid
580 3208 674 3241 aliud
697 3217 804 3250 quam
827 3208 1053 3251 parricidium

188 3258 264 3291 eius
287 3258 439 3300 probare
463 3259 498 3290 et
520 3258 565 3290 ad
588 3257 701 3291 simile
717 3257 833 3292 scelus
847 3259 1055 3301 praesentes

187 3309 359 3349 ποθι-89),
377 3307 576 3341 adiunxisse
587 3307 764 3350 partibus»
774 3309 842 3341 cet.
859 3307 922 3340 Vel
935 3309 1052 3341 etiam:

190 3358 246 3390 «et
279 3366 325 3390 ne
358 3357 403 3390 ad
437 3356 668 3391 rebellionem
705 3356 952 3391 stimulandam
984 3365 1055 3390 una

190 3407 300 3441 hostis
323 3407 518 3442 Caesarum
541 3407 693 3450 imagine
717 3407 899 3448 niteretur,
927 3408 963 3441 in
984 3416 1055 3450 qua

284 1703 314 1709 -
343 1684 396 1718 43.
420 1685 590 1718 uolcacius
610 1686 644 1719 M
669 1702 704 1709 -
732 1685 929 1719 Tertullinus
950 1686 1105 1728 Lipsius,
1134 1683 1212 1718 coll.
1238 1685 1325 1718 Hist.
1351 1683 1384 1724 4,
1409 1683 1442 1716 9.

1097 1810 1239 1852 praeter
1267 1817 1398 1842 nomen
1427 1806 1510 1841 nihil
1542 1809 1597 1842 est
1623 1806 1869 1848 additamenti,
1899 1807 1965 1841 ad—

1097 1860 1292 1902 sumpsisse
1322 1857 1503 1892 Silanum»
1537 1859 1604 1891 cet.
1635 1858 1663 1890 Ι.
1687 1858 1722 1890 F.
1749 1859 1897 1891 Gnouov.
1924 1875 1961 1882 —

1097 1911 1210 1943 animo
1226 1908 1470 1951 praeruptum]
1499 1907 1610 1949 rigida
1634 1907 1829 1950 effrenique
1853 1906 1965 1940 auda-

1098 1960 1163 1992 cia.
1189 1958 1240 1992 Cf.
1258 1959 1290 1998 5,
1309 1958 1346 1991 3:
1368 1961 1557 1999 praerupta
1577 1958 1648 1990 iam
1670 1960 1701 1990 et
1722 1966 1844 2000 uryens
1863 1957 1966 1990 domi-

1097 2010 1200 2042 natio.
1243 2007 1437 2042 Translatio
1471 2008 1612 2050 sumpta
1647 2009 1702 2040 est
1735 2016 1755 2040 a
1785 2007 1966 2042 montibus

1097 2059 1350 2103 praecipitibus
1363 2085 1371 2100 ,
1403 2067 1494 2100 quos
1515 2059 1603 2091 item
1620 2062 1836 2100 praeruptos,
1859 2067 1966 2099 prae-

1095 2111 1221 2153 fractos
1242 2110 1435 2142 nominant.
1457 2128 1493 2132 —
1519 2109 1612 2141 novis
1633 2108 1740 2151 rebus]
1766 2107 1966 2142 «Ablativus

1098 2161 1163 2193 est.
1193 2160 1325 2192 Sensus
1349 2161 1487 2192 autem:
1515 2167 1662 2200 «quem,
1686 2159 1715 2192 si
1737 2167 1796 2192 res
1818 2159 1966 2191 novaret

1098 2219 1141 2243 ac
1162 2211 1339 2243 Neronem
1362 2211 1512 2253 imperio
1536 2208 1746 2252 depulisset,
1771 2207 1901 2252 populo
1924 2217 1967 2241 ac

1098 2260 1196 2294 militi
1230 2262 1269 2293 ut
1306 2269 1438 2293 novum
1475 2261 1734 2302 acceptumque
1770 2259 1966 2302 principem

1098 2311 1443 2343 ostentaret.»D01·:n.
1462 2310 1589 2349 Quidni
1602 2310 1646 2343 sit
1658 2309 1820 2342 dativus?
1837 2317 1966 2350 «quem

1096 2361 1212 2393 virum
1228 2359 1366 2393 clarum
1382 2361 1417 2393 et
1431 2359 1635 2393 modestum
1652 2360 1793 2393 Cassius
1809 2359 1848 2391 ut
1861 2366 1966 2392 suum

1098 2410 1234 2443 socium
1258 2410 1293 2443 et
1315 2409 1472 2442 futurum
1488 2410 1743 2452 imperatorem
1758 2408 1964 2447 ostentaret,

1098 2462 1204 2502 atque
1227 2460 1275 2493 ita
1298 2458 1467 2502 populum
1491 2468 1533 2493 ac
1557 2459 1705 2493 militem
1721 2458 1767 2491 ad
1783 2466 1893 2491 novas
1906 2466 1967 2491 res

1096 2511 1291 2544 incitaret.»

1140 2560 1172 2593 8.
1200 2559 1420 2602 Torquatum]
1456 2559 1506 2593 Cf.
1533 2560 1586 2599 45,
1611 2559 1665 2592 35.
1693 2577 1728 2583 —-
1752 2557 1887 2600 inania]
1911 2555 1966 2590 vel

1097 2610 1186 2643 levia
1203 2610 1268 2643 etsi
1285 2618 1367 2642 vera
1383 2609 1550 2646 fuissent;
1576 2617 1671 2642 nunc
1687 2610 1807 2642 autem
1821 2616 1867 2641 ue
1883 2615 1967 2640 vera

1098 2660 1256 2703 quidem.
1281 2660 1389 2692 Donn.
1417 2675 1453 2683 -
1479 2659 1661 2702 Lepidam]
1692 2660 1786 2691 Duas
1815 2656 1902 2690 filias
1925 2657 1965 2690 C.

1098 2711 1209 2753 Appio
1225 2708 1341 2742 Silano
1358 2710 1498 2752 peperit
1512 2709 1664 2742 Domitia
1677 2707 1805 2751 Lepida
1820 2708 1866 2749 (44
1877 2732 1885 2747 ,
1899 2706 1966 2747 37),

1098 2761 1234 2793 Iuniam
1257 2758 1435 2792 Calvinam
1450 2785 1458 2800 ,
1483 2759 1528 2792 de
1552 2767 1622 2801 qua
1645 2759 1707 2798 42,
1738 2758 1778 2798 8,
1811 2758 1847 2790 et
1875 2757 1967 2789 hauc

1098 2811 1234 2843 Iuniam
1257 2809 1438 2852 Lepidam.
1469 2827 1504 2832 -
1531 2818 1607 2842 cum
1626 2808 1747 2850 '‘i-atris
1765 2807 1853 2850 filio]
1884 2807 1907 2839 i.
1932 2815 1965 2838 e.

1099 2868 1181 2893 cum
1196 2861 1265 2892 hoc
1281 2859 1357 2901 ipso
1374 2858 1504 2892 Silano.
1525 2877 1561 2882 —
1580 2859 1672 2891 diros
1685 2865 1859 2890 sacrorum
1871 2856 1967 2898 ritus]

1099 2910 1256 2951 magicos
1278 2909 1471 2951 imprimis,
1495 2907 1551 2941 vel
1575 2908 1738 2941 homines
1753 2905 1964 2940 immolatos.

1099 2978 1142 2985 —-
1164 2959 1344 2992 Marcellus
1365 2958 1550 3001 Cornelius]
1579 2966 1687 3000 quem
1710 2956 1815 2990 Galba
1839 2955 1967 2989 deinde

1099 3007 1285 3041 interfecit.
1304 3008 1391 3040 Hist.
1406 3009 1421 3040 4
1431 3033 1438 3047 ,
1452 3007 1513 3040 37:
1540 3008 1649 3048 Quam
1663 3006 1807 3049 ylariam
1817 3006 1863 3038 ad
1874 3005 1968 3046 prin-

1099 3059 1248 3099 cipatum
1270 3057 1379 3089 attulit
1400 3057 1465 3090 nisi
1488 3057 1586 3090 occisi
1602 3056 1787 3089 Obultronii
1808 3054 1925 3087 Sabini
1938 3058 1970 3087 et

1102 3107 1243 3141 Cornelii
1264 3107 1418 3140 Marcelli
1439 3106 1475 3139 in
1490 3105 1679 3148 Hispania?
1699 3106 1789 3138 Noto
1805 3113 1861 3144 e0,
1886 3104 1967 3145 quia

1102 3157 1241 3190 Tacitus
1263 3157 1339 3199 ipse
1363 3156 1531 3190 admonet
1554 3156 1709 3189 evasisse
1733 3163 1795 3187 eos
1809 3154 1878 3187 hoc
1893 3153 1968 3187 dis-

1104 3207 1239 3240 crimen
1263 3209 1299 3240 et
1320 3208 1449 3240 Neroni
1475 3205 1704 3249 superfuisse.
1722 3205 1808 3237 Lm.
1828 3222 1864 3227 -
1890 3203 1970 3237 Cal—

1100 3257 1242 3298 purnius
1256 3256 1412 3298 Fabatus]
1437 3264 1607 3298 prosocer
1620 3254 1718 3288 Plinii
1733 3253 1896 3287 Secundi.
1914 3252 1966 3290 Cf.

1103 3305 1187 3341 Plin.
1219 3307 1327 3349 Epist.
1360 3306 1393 3347 4,
1420 3307 1451 3339 4.
1481 3307 1523 3345 ὅ,
1549 3306 1601 3339 42.
1633 3305 1666 3345 7,
1691 3304 1744 3337 32.
1775 3303 1808 3344 8,
1833 3303 1887 3336 40.
1911 3303 1966 3343 40,

1105 3357 1179 3390 424.
1214 3357 1269 3390 Ad
1290 3357 1386 3390 hunc
1406 3356 1586 3399 pertinere
1602 3354 1743 3388 videtur
1762 3351 1884 3387 titulus
1899 3353 1968 3387 Co-

1105 3407 1238 3442 mensis
1253 3406 1350 3451 apud
1364 3408 1552 3442 Gruterum
1567 3405 1643 3447 382,
1657 3405 1696 3439 6:
1721 3404 1758 3440 C.
1771 3403 1971 3447 Calpurnius
