2254 3770
306 288 389 332 336

785 292 831 335 Ρ.
863 290 1114 336 CORNELII
1141 291 1313 336 TACITI
1340 291 1610 338 ANNALIUM

305 402 517 453 posceret.
561 397 776 441 frueretur
803 397 932 442 immo
963 398 1051 451 his,
1083 404 1149 443 set
1178 372 1379 442 redderet
1401 412 1581 443 uxorem
1601 406 1907 458 rumperetque
1927 397 2093 445 tabulas

305 471 529 530 nuptiales.
578 487 661 516 «an
699 472 957 517 discidium»
998 474 1137 532 inquit
1169 480 1320 517 «tuum
1349 475 1493 518 nosti?
1530 489 1630 518 nam
1658 475 1973 519 matrimonium
2003 475 2092 520 Silii

303 546 409 590 vidit
437 547 623 605 populus
653 554 696 592 et
725 555 899 592 senatus
929 555 970 593 et
1001 549 1144 602 miles;
1176 542 1298 595 aani
1329 563 1516 607 propere
1545 550 1656 607 agis,
1688 557 1803 595 tenet
1831 550 1985 595 urbem
2003 565 2095 595 ma—

302 622 447 666 ritus.»
489 623 570 680 (34)
601 630 692 667 tum
715 624 962 682 potissimos
983 625 1219 669 amicorum
1238 631 1385 682 yocat3
1416 626 1688 684 primumque
1709 627 1770 670 rei
1795 626 2106 690 frumentariae,

272 698 566 756 epraefeotum
596 699 865 752 Turranium,
897 706 995 758 post
1014 701 1190 744 Lusium
1212 700 1378 752 Getam,
1410 701 1692 759 praetorianis
1714 701 1962 760 inpositum,
1993 715 2095 761 per-

303 781 537 819 cunctatur.
577 775 676 833 quis
705 774 933 819 fatentibus
964 776 1156 821 certatim
1187 775 1319 820 ceteri
1350 776 1725 835 circumstrepunt,
1758 778 1838 822 iret
1867 778 1908 820 in
1939 783 2091 830 castra,

301 850 490 895 firmaret
527 851 765 908 praetorias
795 850 1017 904 cohortes,
1060 851 1276 905 securitati
1307 858 1403 896 ante
1433 867 1562 911 quam
1592 852 1805 897 vindictae
1836 853 2092 898 consuleret.

302 926 405 969 satis
435 932 600 971 constat
630 940 682 971 eo
712 941 872 986 pavore
903 927 1088 972 offusum
1119 927 1361 979 Claudium,
1392 934 1440 971 ut
1469 928 1702 973 identidem
1732 929 2013 987 interrogaret
2039 941 2094 973 an

302 1001 396 1060 ipse
426 1002 595 1060 imperii
624 1009 798 1061 potens,
831 1017 885 1048 an
915 1003 1044 1047 Silius
1074 1004 1264 1062 privatus
1295 1010 1422 1048 esset.

251 1090 289 1121 40
322 1111 325 1116 -

415 1079 465 1121 At
502 1078 729 1123 Messalina
766 1093 852 1123 non
890 1079 995 1123 alias
1031 1078 1210 1123 solutior
1239 1078 1367 1131 luxu,
1411 1078 1556 1123 adulto
1586 1085 1788 1123 autumno
1819 1079 2096 1124 simulacrum

300 1153 542 1198 vindemiae
571 1169 651 1212 per
680 1154 855 1199 domum
885 1155 1142 1200 celebrabat.
1184 1154 1328 1213 urgeri
1349 1154 1488 1212 prela,
1520 1154 1656 1199 fluere
1676 1155 1818 1208 lacus;
1848 1161 1892 1199 et
1912 1155 2094 1200 feminae

299 1228 484 1286 pellibus
526 1231 742 1275 accinctae
780 1230 1050 1275 adsultabant
1089 1237 1135 1274 ut
1164 1230 1454 1275 sacrificantes
1483 1229 1555 1292 vel
1582 1230 1845 1275 insanientes
1874 1230 2092 1284 Bacchae;

298 1304 393 1363 ipsa
422 1306 539 1350 crine
568 1305 703 1359 fluxo,
744 1306 942 1366 thyrsum
971 1306 1186 1365 quatiens,

1219 1307 1423 1365 iuxtaque
1453 1305 1582 1351 Silius
1611 1305 1773 1351 hedera
1802 1306 1986 1359 vinctus,
2019 1320 2094 1365 ge-

298 1394 396 1425 rere
432 1380 682 1434 cothurnos,
729 1382 872 1427 iacere
912 1389 1056 1440 caput,
1106 1389 1322 1441 strepente
1364 1382 1526 1426 circum
1564 1382 1735 1440 procaci
1765 1381 1911 1426 choro.
1954 1382 2095 1426 ferunt

249 1466 286 1498 ⁴5
297 1458 481 1502 Vettium
512 1457 732 1503 Valentem
759 1457 937 1503 lascivia
956 1459 999 1502 in
1026 1458 1262 1517 praealtam
1281 1457 1480 1502 arborem
1502 1458 1696 1502 conisum
1720 1457 2091 1515 interrogantibus,

298 1533 404 1592 quid
433 1534 664 1592 aspiceret,
698 1534 977 1592 respondisse
1007 1541 1306 1593 tempestatem
1338 1533 1392 1577 ab
1424 1533 1545 1577 Ostia
1575 1540 1782 1585 atrocem,
1815 1533 1906 1577 sive
1937 1546 2097 1592 coepe-

298 1615 364 1653 rat
393 1623 445 1654 ea
475 1610 666 1668 species,
699 1623 776 1652 seu
809 1608 915 1652 sorte
945 1607 1067 1666 lapsa
1093 1622 1176 1652 vox
1205 1608 1250 1651 in
1276 1609 1549 1667 praesagium
1568 1609 1703 1653 vertit.
1736 1609 1818 1666 (32)
1839 1623 1924 1653 non
1946 1622 2094 1653 rumor

298 1685 480 1738 interea,
522 1685 600 1730 sed
630 1684 821 1743 undique
851 1684 984 1727 nuntii
1015 1683 1245 1737 incedunt,
1282 1685 1355 1743 qui
1395 1699 1527 1743 gnara
1558 1684 1736 1729 Claudio
1768 1691 1920 1729 cuncta
1948 1691 1991 1729 et
2019 1698 2094 1730 ve-

298 1762 392 1805 nire
433 1767 679 1819 promptum
706 1759 856 1804 ultioni
887 1759 1101 1804 afferrent.
1150 1760 1278 1817 igitur
1307 1761 1532 1805 Messalina
1561 1760 1831 1804 Lucullianos
1861 1761 1904 1804 in
1933 1759 2092 1813 hortos,

247 1836 427 1882 2oSilius
468 1836 776 1881 dissimulando
815 1842 977 1880 metum
1017 1836 1071 1880 ad
1102 1836 1247 1880 munia
1277 1836 1356 1880 fori
1386 1836 1695 1895 digrediuntur.
1747 1836 1903 1881 ceteris
1932 1837 2094 1895 passim

364 1959 396 1992 4.
420 1958 470 1991 his
491 1958 544 1992 M:
569 1958 611 1991 iis
631 1957 748 2000 vulgo.
776 1974 811 1980 —-
837 1958 893 1990 sed
914 1956 1109 1991 Acidalius:
1134 1961 1165 1991 et
1187 1958 1243 1998 M÷
1266 1961 1303 1991 at
1325 1957 1394 1991 alii.
1415 1975 1451 1982 ——
1477 1957 1509 1991 4.
1531 1958 1718 2000 potissimos
1740 1958 1937 1992 Mercerus:
1956 1957 2095 1999 potissi-

293 2023 386 2048 mum
408 2016 459 2055 M3
481 2015 688 2057 potissimum
710 2022 870 2055 quemque
891 2013 959 2047 alii.
981 2032 1016 2038 —
1036 2015 1068 2048 5.
1092 2015 1258 2056 inpostum
1280 2015 1313 2048 M
1332 2032 1368 2039 —
1394 2015 1424 2048 6.
1449 2015 1522 2056 quis
1543 2015 1783 2057 superscripta
1800 2013 1844 2056 gl.
1863 2013 1980 2055 quibus
2000 2013 2035 2048 M
2052 2029 2089 2037 —

294 2072 452 2105 certatim
466 2071 697 2105 Puteolanus:
721 2073 864 2104 certium
886 2071 919 2105 M
947 2089 981 2095 -
1006 2072 1105 2118 ceteri
1127 2072 1161 2105 M
1178 2088 1213 2094 —
1235 2072 1288 2104 40.
1307 2074 1467 2104 autumno
1483 2072 1534 2104 M:
1560 2074 1740 2104 auctumno
1755 2069 1822 2103 alii.
1850 2069 1935 2103 Vide
1951 2069 1997 2103 ad
2013 2069 2091 2104 c.4.

299 2147 336 2154 -
353 2129 407 2161 44.
429 2129 529 2175 prela
543 2129 576 2162 Μ
594 2146 631 2152 -
650 2128 703 2161 42.
721 2127 848 2160 accinte
870 2128 904 2161 M
920 2145 956 2151 —
982 2127 1036 2161 43.
1061 2129 1160 2161 ium-ta
1183 2135 1246 2174 que
1261 2128 1295 2161 M
1314 2145 1349 2151 —
1370 2127 1424 2161 44.
1441 2131 1598 2160 coturnos
1612 2128 1645 2161 M
1663 2145 1699 2152 -
1717 2128 1827 2168 capud
1840 2127 1874 2161 M
1893 2144 1928 2151 -
1949 2127 2002 2160 ⁴5.
2019 2128 2094 2159 uet-

294 2185 379 2218 tium
401 2185 452 2219 M:
482 2185 626 2218 Vectium
647 2183 764 2226 vulgo.
786 2202 822 2210 —
840 2183 988 2217 ceniswm
1010 2185 1043 2218 M
1066 2202 1102 2208 --
1129 2185 1180 2219 46.
1196 2185 1304 2218 hostia
1318 2185 1351 2218 M
1369 2203 1405 2209 -
1423 2187 1576 2226 coeperat
1589 2184 1642 2218 M:
1667 2186 1801 2225 ceperat
1815 2184 1843 2216 G
1861 2201 1898 2207 -
1923 2183 1976 2217 47.
2002 2182 2094 2216 lassa

294 2242 330 2276 M
348 2260 384 2266 —
403 2241 454 2275 49.
473 2242 688 2275 Lucullianos
701 2241 913 2275 Beroaldus:
938 2241 1115 2284 fucillanos
1129 2242 1163 2276 M
1181 2259 1218 2265 —
1236 2241 1290 2275 20.
1304 2238 1394 2275 metii
1410 2250 1501 2274 corr.
1518 2242 1572 2275 M:
1597 2243 1687 2274 metu
1700 2249 1755 2284 pr.
1770 2240 1814 2274 M.
1833 2239 1919 2273 Vide
1931 2238 1976 2272 ad
1988 2238 2021 2280 6,
2036 2238 2091 2273 45.

294 2343 425 2376 eundae
450 2351 504 2376 res
533 2343 733 2384 sapientium
767 2343 897 2375 animos
929 2342 1094 2384 fatigant,
1129 2351 1170 2375 ne

294 2393 345 2425 illi
373 2393 540 2434 corruptis
569 2392 716 2426 moribus
743 2393 906 2426 victoriae
935 2396 1166 2434 temperarent.

296 2443 348 2476 Cf.
363 2443 465 2476 Hand
480 2442 626 2476 Tursell.
641 2444 697 2483 lV,
712 2452 746 2485 p.
761 2442 804 2476 54
816 2452 870 2485 sq.
885 2460 920 2466 —
938 2447 1170 2485 rumperetque

295 2493 427 2526 tabulas
446 2493 627 2535 nuptiales]
654 2494 735 2526 «den
757 2493 1011 2526 Ehecontrakl».
1044 2494 1166 2527 Iuven.

296 2544 329 2585 9,
355 2545 415 2577 75:
441 2544 572 2577 tabulas
595 2552 725 2586 quoque
748 2543 942 2586 (nuptiales)
962 2548 1114 2585 ruperat,
1139 2547 1170 2577 et

294 2595 366 2627 iam
387 2593 551 2637 Siynabat
567 2593 695 2636 (alias):
721 2596 792 2626 tota
813 2595 875 2626 vix
896 2594 976 2626 haec
998 2603 1057 2636 eqo
1077 2597 1170 2627 nocte

294 2645 431 2678 redemi.
458 2644 509 2677 Cf.
535 2653 567 2676 c.
588 2645 643 2677 27.
664 2662 700 2668 —
728 2653 773 2677 an
795 2644 969 2677 discidium
983 2661 1032 2669 —-
1047 2644 1167 2687 nostiPJ

296 2695 392 2728 Bene
405 2694 574 2728 Ricklefs:
592 2694 678 2727 Oder
694 2694 806 2727 weisst
820 2695 865 2727 du
879 2703 936 2726 um
952 2695 1044 2727 deine
1055 2695 1169 2728 Schei-

297 2746 413 2787 dunq?
442 2746 531 2778 Nam
560 2753 607 2776 an
635 2745 839 2777 constanter
867 2745 988 2787 incipit
1018 2744 1167 2778 alterum

297 2795 500 2829 membrum
514 2794 743 2828 disiunctivae
756 2795 965 2828 sententiae.
984 2796 1058 2828 Iam
1069 2795 1167 2837 prius

298 2845 503 2880 membrum
526 2845 584 2877 hic
609 2844 755 2887 quidem
771 2845 890 2886 deest,
915 2844 1000 2878 latet
1021 2854 1108 2878 vero
1131 2845 1166 2877 in

296 2895 610 2939 praecedentibus,
636 2894 697 2927 ubi
721 2895 767 2927 ita
790 2894 928 2928 locutus
952 2897 1007 2928 est
1026 2895 1168 2928 Narcis-

296 2955 378 2987 sus,
421 2948 604 2988 tamquam
640 2945 784 2978 Claudio
823 2946 944 2987 ignaro
978 2946 1165 2979 discidium

296 2995 381 3029 illud
404 2996 536 3030 factum
558 2996 612 3029 sit.
637 2996 731 3028 Nosti
752 2995 895 3028 involvit
911 2995 1166 3038 comprobandi

296 3048 478 3081 notionem
510 3047 550 3079 ut
577 3046 753 3079 sententia
787 3047 852 3078 sit:
890 3046 978 3079 Oder
1004 3047 1046 3079 ist
1075 3047 1167 3079 deine

295 3098 482 3140 scheidunq
502 3097 564 3129 mit
583 3096 696 3129 deiner
709 3096 955 3138 Einstimmnny
967 3096 1167 3138 ,qest-hohen?

296 3149 462 3190 Sequitur
482 3155 623 3180 nam--
637 3146 731 3178 miles
759 3145 795 3177 h.
821 3154 853 3178 e.
879 3146 926 3177 ita
949 3145 1066 3188 palam
1089 3146 1163 3187 suit,

295 3199 335 3230 ut
357 3206 401 3230 ex
424 3199 483 3230 tua
505 3195 684 3230 voluntate
707 3195 784 3228 fieri
807 3195 951 3228 omnino
972 3195 1162 3229 videretur.

295 3248 481 3281 WALrnsn.

339 3297 392 3330 34.
411 3296 603 3339 potissimos
624 3294 820 3337 amicorum]
844 3294 895 3327 Ct'.
921 3294 974 3335 43,
1001 3295 1060 3328 48;
1086 3296 1164 3328 emin

295 3347 473 3389 turpilione
490 3347 678 3388 potissimos
692 3345 877 3378 amicorum
891 3346 1003 3377 auoeit.
1030 3343 1083 3385 44,
1102 3346 1160 3378 65:

295 3396 524 3430 libertinorum
551 3396 750 3439 potissimos.
805 3395 858 3434 45,
883 3393 944 3427 56:
980 3394 1165 3427 amicorum

1220 2342 1308 2375 Vide
1337 2343 1369 2383 4,
1401 2342 1434 2375 7.
1462 2358 1498 2365 —
1530 2341 1667 2374 Lusium
1697 2341 1834 2382 Getam,
1866 2339 2095 2382 praetorianis

1219 2392 1409 2434 inpositum]
1436 2391 1486 2425 Cf.
1513 2400 1543 2424 c.
1563 2392 1604 2424 33
1627 2394 1662 2424 et
1685 2392 1744 2432 42,
1762 2390 1816 2424 42.
1837 2408 1873 2415 -
1898 2391 2012 2424 adulto
2026 2399 2094 2424 au-

1220 2441 1350 2484 tumno]
1386 2442 1503 2475 medio
1540 2442 1615 2474 fere
1653 2443 1823 2474 autumno
1858 2441 1933 2474 sive
1966 2446 2092 2474 mense

1220 2493 1374 2526 Octobri.
1400 2492 1488 2525 Vide
1513 2492 1558 2525 ad
1576 2495 1617 2533 2,
1634 2492 1697 2525 23:
1722 2494 1846 2525 aestate
1867 2491 1939 2524 iam
1959 2490 2089 2524 adulta.

1219 2544 1257 2576 ln
1300 2542 1509 2576 Kalendario
1547 2543 1680 2576 rustico
1715 2541 1926 2575 Farnesiano
1959 2541 2088 2575 Inscrr.

1220 2587 1307 2626 L‘att.
1326 2594 1367 2633 11,
1386 2602 1420 2635 p.
1439 2593 1497 2626 38⁴
1515 2602 1522 2624 :
1548 2593 1712 2626 MENSIS
1731 2591 1921 2625 οοΤοΒΕΒ
1936 2608 1956 2616 -
1967 2607 1987 2616 ·
2003 2591 2092 2625 VIN-

1219 2643 1390 2677 DEMIAE
1411 2643 1583 2676 SACRVM
1603 2642 1769 2675 LIBERO.
1795 2659 1832 2665 —
1855 2643 1961 2684 fluere
1981 2641 2088 2684 lacus]

1219 2694 1372 2727 Mustum
1403 2693 1538 2726 fluebat
1571 2694 1606 2725 in
1634 2692 1732 2726 lacus
1761 2692 1915 2725 vinarios
1938 2692 2086 2734 picatos.

1219 2744 1271 2777 Cf.
1298 2745 1383 2777 Cato
1407 2745 1444 2776 R.
1469 2744 1508 2776 R.
1534 2752 1564 2777 c.
1583 2744 1637 2776 25.
1658 2761 1693 2767 —
1714 2741 1863 2784 pellibus]
1888 2741 2087 2783 damarum,

1219 2793 1348 2835 quibus
1376 2793 1539 2827 Bacchae
1562 2793 1805 2835 cingebantur.
1833 2809 1869 2815 —
1901 2791 2004 2825 Silius
2031 2791 2085 2825 he-

1218 2842 1301 2877 dera
1321 2845 1451 2877 vinctus
1473 2844 1556 2887 cet.]
1583 2843 1633 2877 Cf.
1654 2842 1772 2876 Vellei.
1790 2843 1823 2882 2,
1844 2842 1886 2876 82
1910 2842 1955 2875 de
1978 2843 2089 2876 Anto—

1218 2895 1294 2927 nio:
1319 2903 1394 2928 cum
1415 2904 1538 2927 novum
1561 2903 1594 2927 se
1611 2893 1765 2927 Liberum
1780 2894 1911 2926 Patrem
1925 2892 2089 2934 appellari

1216 2945 1378 2986 iussisset,
1402 2954 1478 2978 cum
1499 2945 1670 2977 redimitus
1690 2944 1812 2976 hedera
1826 2951 2015 2984 coronaque
2028 2950 2088 2975 υο-

1216 2995 1305 3028 latus
1337 3004 1445 3028 aurea
1476 2998 1507 3028 et
1540 2995 1689 3035 thyrsum
1719 2997 1829 3027 tenens
1857 2993 2089 3034 cothurnisque

1215 3046 1400 3078 succinctus
1419 3053 1525 3078 curru
1545 3045 1634 3077 velut
1654 3043 1751 3077 Liber
1771 3044 1870 3077 Pater
1883 3046 1995 3077 vectu
2007 3044 2087 3075 estet

1215 3095 1457 3129 Alexandreae.
1492 3113 1528 3118 —
1567 3095 1707 3128 Vettium
1738 3093 1918 3137 Valentem]
1954 3091 2084 3126 Plinius

1216 3147 1255 3178 N.
1277 3146 1317 3178 H.
1335 3146 1378 3179 29
1401 3145 1457 3186 §8
1482 3144 1526 3178 de
1551 3145 1772 3178 medicorum
1787 3144 1912 3177 sectis:
1935 3142 2086 3175 Emortui

1216 3196 1330 3229 deinde
1352 3199 1399 3229 est
1424 3197 1545 3229 Vettius
1570 3195 1686 3228 Valens
1707 3193 1873 3227 adalano
1886 3191 2085 3226 Messalinae

1215 3246 1333 3279 Claudi
1348 3246 1504 3279 Caesaris
1517 3245 1709 3278 nobilitatus
1719 3244 1912 3286 pariterque
1925 3242 2082 3282 eloquen-

1213 3296 1282 3329 tiae
1309 3297 1516 3335 adsectator;
1547 3296 1576 3328 is
1597 3299 1628 3328 et
1654 3294 1835 3336 potentiam
1855 3295 1998 3325 nanctus
2017 3301 2082 3326 no·

1211 3355 1290 3379 vam
1311 3347 1452 3379 instituit
1473 3349 1606 3379 sectam.
1627 3362 1663 3369 -
1687 3345 1757 3377 sive
1776 3345 1930 3384 coeperat
1949 3351 1992 3376 ea
2004 3350 2081 3384 φο-

1212 3395 1291 3438 cies]
1324 3396 1399 3429 sive
1430 3404 1469 3428 re
1498 3403 1582 3428 vera
1609 3393 1824 3428 imminentis
1858 3393 2078 3436 tempestatis

294 3447 504 3489 praecipuos.
522 3464 557 3471 —
578 3447 630 3480 rei
643 3444 932 3489 nmentariaop.
947 3443 1162 3487 Turranium]
1211 3446 1351 3488 species
1374 3444 1492 3487 aliqua
1514 3443 1560 3478 ab
1584 3452 1628 3478 eo
1650 3443 1786 3487 adspici
1807 3443 1987 3486 coeperat.
