2254 3770
772 284 818 327 P.
849 282 1100 327 consum
1128 282 1298 328 rAcm
1326 270 1594 328 ANNALJUM

225 446 231 448 .
298 389 577 434 contumelias
606 389 790 442 dixisse3
822 388 982 433 earum'
1001 388 1202 433 ultionem
1232 401 1258 433 a
1285 388 1478 447 patribus
1506 389 1778 448 postulatam,
1810 395 1853 434 et
1880 403 1960 448 pro
1987 403 2078 434 ma-

297 463 516 521 gnitudine
545 464 687 509 delicti
716 477 900 522 poenam
930 464 1054 508 statui
1084 477 1162 522 par
1189 463 1333 507 fuisse.
1378 470 1569 508 ceterum
1597 478 1662 515 se,
1699 465 1773 524 qui
1807 464 2079 510 severitatem

297 537 619 583 decernentium
639 539 920 598 impediturus
941 527 1082 591 fuerit,
1105 538 1442 583 moderationem
1461 552 1547 583 non
1565 539 1814 597 prohibere:
1846 546 2080 584 statuerent

295 620 343 658 ut
370 613 547 668 velleut;
579 614 720 658 datam
750 621 792 658 et
819 613 1068 659 absolvendi
1098 614 1323 659 licentiam.
1369 613 1434 658 his
1463 620 1592 672 atque
1621 613 1775 659 talibus
1806 615 2006 667 recitatiS,
2036 621 2081 665 et

265 688 533 734 soffensione
573 689 812 742 manifesta,
859 703 946 733 non
984 689 1084 734 ideo
1122 695 1196 734 aut
1233 689 1432 734 consules
1469 695 1688 734 mutavere
1722 689 1973 735 relationem
2007 697 2081 735 aut

296 764 481 809 Thrasea
511 764 698 809 decessit
727 765 954 818 sententia,
998 765 1183 810 ceterive
1213 778 1326 824 quae
1355 765 1641 823 probaverant
1670 766 1923 817 deseruere,
1965 779 2078 824 pars,

295 853 353 884 ne
380 840 620 898 principem
649 840 862 886 obiecisse
892 841 1077 886 invidiae
1107 840 1367 892 viderentur,
1398 840 1543 899 plures
1567 855 1746 886 numero
1767 841 1863 893 tuti,
1895 840 2081 886 Thrasea

295 921 417 959 sueta
446 914 704 960 firmitudine
734 917 862 960 animi
893 923 936 961 et
963 930 1018 961 ne
1047 916 1180 974 gloria
1211 916 1495 960 intercideret.

408 991 489 1047 (50)
520 991 644 1036 Haud
673 991 835 1050 dispari
873 992 1049 1037 crimine
1089 992 1308 1036 Fabricius
1339 992 1515 1036 Veiento
1545 991 1809 1036 conflictatus
1839 997 1924 1043 est,
1963 991 2081 1050 quod

244 1076 280 1107 10
295 1065 425 1110 multa
454 1072 497 1110 et
524 1066 733 1124 probrosa
762 1067 805 1110 in
834 1074 978 1126 patres
1008 1073 1050 1111 et
1078 1066 1326 1111 sacerdotes
1348 1067 1661 1125 composuisset
1680 1067 1732 1110 iis
1752 1066 1891 1119 libris,
1923 1067 2080 1125 quibus

294 1155 449 1186 nomen
470 1141 764 1187 codicillorum
784 1142 974 1187 dederat.
1006 1142 1219 1186 adiciebat
1240 1141 1380 1186 Talius
1403 1142 1605 1186 Geminus
1625 1148 1848 1186 accusator
1866 1142 2081 1187 venditata

294 1217 350 1261 ab
371 1230 423 1261 eo
445 1230 623 1261 munera
642 1218 849 1276 principis
865 1224 908 1262 et
927 1217 1304 1276 adipiscendorum
1319 1217 1530 1262 honorum
1548 1218 1629 1261 ius.
1651 1231 1764 1276 quae
1779 1231 1910 1262 causa
1922 1218 2079 1262 Neroni

294 1292 370 1336 fuit
399 1292 662 1351 suscipiendi
692 1293 855 1345 iudicii,
889 1293 1216 1351 convictumque
1236 1294 1513 1338 Veientonem
1541 1292 1659 1337 Italia
1687 1291 1852 1351 depulit
1879 1300 1923 1337 et
1948 1293 2079 1338 libros
2184 1300 2200 1323 ¹

295 1369 415 1412 exuri
452 1369 593 1421 iussit,
635 1369 898 1427 conquisitos
926 1368 1241 1427 lectitatosque,
1282 1368 1421 1413 donec
1450 1382 1548 1413 cum
1577 1367 1770 1426 periculo
1798 1368 2077 1426 parabantur:

245 1453 282 1483 ⁴5
294 1458 393 1488 mox
419 1444 590 1489 licentia
619 1444 804 1488 habendi
835 1444 1095 1489 oblivionem
1124 1443 1270 1488 attulit.

409 1519 489 1577 (54)
521 1520 607 1564 Sed
634 1520 984 1578 gravescentibus
1010 1519 1055 1562 in
1081 1519 1175 1564 dies
1203 1519 1388 1578 publicis
1412 1518 1534 1563 malis
1556 1518 1748 1563 subsidia
1767 1518 2078 1571 minuebantur,

294 1596 594 1654 concessitque
624 1595 709 1639 vita
736 1596 916 1647 Burrus,
949 1595 1159 1639 incertum
1178 1594 1420 1639 valetudine
1448 1608 1503 1638 an
1524 1607 1703 1638 veneno.
1733 1594 1931 1639 valetudo
1952 1608 2006 1638 ex
2025 1608 2079 1638 eo

294 1670 631 1723 coniectabatur,
671 1670 790 1729 quod
829 1671 872 1714 in
909 1685 956 1714 se
986 1670 1321 1733 tumescentibus
1350 1669 1552 1728 paulatim
1581 1669 1776 1714 faucibus
1804 1676 1847 1714 et
1875 1669 2079 1728 impedito

292 1754 433 1791 meatu
463 1746 657 1805 spiritum
684 1746 870 1790 finiebat.
900 1746 1047 1804 plures
1076 1746 1196 1790 iussu
1225 1746 1417 1797 Neronis,
1450 1746 1573 1804 quasi
1594 1745 1831 1790 remedium
1851 1744 2079 1790 adhibere·-

297 278 380 324 474

357 1906 389 1939 2.
409 1913 537 1951 penam
558 1906 674 1938 statuit
695 1905 729 1939 M
755 1923 787 1931 —
818 1908 963 1939 ceterum
984 1906 1076 1946 sequi
1097 1914 1131 1938 se
1151 1905 1328 1938 ueritatem
1350 1905 1384 1938 M
1404 1922 1436 1929 -
1464 1903 1496 1937 4.
1521 1903 1638 1937 bellent
1657 1904 1691 1938 M
1711 1919 1748 1927 -
1773 1903 1964 1937 adsoluendi
1985 1904 2020 1937 M
2036 1920 2074 1928 —

292 1962 323 1996 6.
349 1965 461 1995 trasea
483 1962 517 1995 M
543 1980 578 1986 —
603 1960 764 1995 sententia
782 1962 816 1995 M
843 1980 878 1986 —
904 1962 935 1995 9.
960 1963 1101 2007 crimine
1123 1962 1157 1995 M
1176 1979 1212 1984 —
1234 1962 1362 1995 Veiento
1378 1959 1608 1994 Puteolanus:
1633 1963 1770 2002 ueyento
1785 1961 1818 1994 M
1837 1977 1874 1984 —
1893 1960 1946 1993 40.
1961 1962 2078 2002 partos

291 2019 326 2052 M
350 2036 387 2043 —
415 2019 467 2052 44.
493 2018 593 2051 talius
615 2019 666 2052 M:
701 2019 734 2051 T.
758 2019 862 2052 Allius
892 2018 994 2060 (male
1018 2018 1136 2051 addito
1160 2018 1402 2061 praenomine)
1426 2017 1602 2057 Muretus;
1638 2017 1762 2050 Tullius
1781 2016 1969 2058 Borghesi,
1995 2014 2073 2049 coll.

291 2074 389 2108 titulo
413 2083 470 2117 ap.
495 2075 679 2109 Marinium
702 2074 853 2117 (Fralelli
870 2075 1001 2118 Arvali)
1023 2084 1058 2118 p.
1077 2075 1139 2107 72:
1167 2084 1213 2107 νη
1226 2075 1304 2107 Idus
1317 2074 1486 2108 Decembr.
1502 2075 1551 2107 M.
1567 2073 1662 2106 lunio
1676 2074 1792 2106 Silano
1808 2073 1956 2107 Terentio
1971 2072 2076 2107 Tullio

291 2132 427 2165 Gemino
450 2140 514 2165 cos.
541 2149 577 2155 —
605 2133 659 2165 42.
683 2130 812 2165 neroni}
835 2133 869 2166 M
896 2150 930 2155 —
958 2132 1011 2165 43.
1036 2132 1294 2172 conuictuncque
1316 2132 1350 2165 M
1369 2149 1405 2155 —
1426 2131 1630 2164 Veientonem
1645 2129 1873 2164 Puteolanus:
1897 2133 2078 2172 uuae-itone

290 2189 325 2223 M
349 2205 384 2212 —
412 2188 465 2221 45.
490 2187 608 2222 abendi
630 2188 665 2222 M
692 2205 727 2214 —
754 2188 807 2221 47.
833 2197 879 2220 an
900 2188 1105 2222 Rhenanus:
1132 2191 1191 2221 aut
1213 2188 1247 2221 M
1272 2205 1309 2211 --
1336 2187 1388 2220 49.
1413 2187 1505 2220 iussu
1527 2188 1572 2219 G:
1597 2187 1651 2219 ius
1672 2187 1718 2220 M.

214 2314 216 2317 ἵ
288 2326 435 2360 reticere.
461 2326 515 2367 23,
538 2326 596 2359 ⁴2:
621 2325 845 2368 interroganti
866 2326 1012 2359 senatori
1033 2326 1061 2358 si
1082 2326 1187 2373 reti-1
1210 2326 1248 2358 ut
1278 2325 1464 2358 Suetonius
1488 2324 1536 2358 ait
1558 2333 1590 2358 c
1615 2324 1676 2365 56,
1709 2324 1749 2357 de
1778 2323 1954 2357 inhibenda
1974 2326 2077 2358 testa-

289 2385 392 2409 ceam.
418 2376 517 2409 Ovid.
541 2377 683 2410 Metam.
711 2376 743 2416 3,
761 2376 844 2408 357:
870 2384 930 2408 nec
951 2376 1088 2409 reticere
1109 2377 1160 2408 lo-
1208 2379 1393 2409 mentorum
1415 2376 1547 2408 licentia
1569 2385 1609 2409 ne
1635 2361 1770 2408 senalus
1791 2376 1975 2418 quidquam
1995 2384 2077 2408 con-

291 2428 402 2468 quenti
423 2427 491 2459 Nec
509 2426 607 2467 prior
621 2427 695 2467 ipsa
715 2426 805 2467 loqui
821 2426 946 2459 didicit..
968 2443 1003 2450 —
1022 2435 1160 2459 numero
1209 2427 1366 2466 stitueret,
1390 2426 1582 2459 intercessit.
1609 2424 1778 2468 Exempla
1800 2426 1836 2458 in
1852 2426 1970 2458 Tacito
1992 2434 2076 2468 pas-

290 2476 364 2519 tuti]
390 2476 440 2509 Cf.
459 2476 545 2509 Hist.
564 2476 602 2516 2,
620 2477 681 2508 52:
707 2476 811 2509 Nemo
826 2476 994 2517 privatim
1008 2476 1160 2517 expedito

290 2527 443 2567 consilio,
468 2527 554 2559 inter
574 2527 693 2559 multos
715 2528 868 2560 societate
884 2527 1001 2568 culpae
1022 2527 1135 2559 tutior.

334 2577 391 2610 60
415 2576 589 2609 Fabricius
614 2576 755 2617 Veiento]
780 2577 990 2618 praetorius.
1014 2577 1078 2609 Dio
1103 2577 1158 2617 64,

292 2627 329 2660 6:
360 2619 484 2667 Αὖλος
507 2624 713 2683 Φαβρίκιος
736 2625 958 2683 στρατηγῶν
972 2645 992 2651 -
1006 2645 1026 2651 -
1041 2622 1160 2667 κύνας

290 2672 445 2718 διδάξας
475 2670 597 2709 ἕλκειν
627 2671 782 2723 ἅρματα
811 2672 895 2709 ἀντὶ
920 2674 1043 2709 ἵππων
1067 2674 1160 2718 ἐσή-

290 2736 383 2771 γαγε
400 2726 660 2768 (Circensibus).
685 2727 871 2760 Domitiani
888 2726 1064 2760 famosum
1076 2726 1160 2759 adu-

290 2777 440 2810 latorem
473 2777 630 2818 itemque
665 2775 772 2810 vilem
802 2776 998 2810 delatorem
1027 2776 1162 2810 inducit

291 2826 466 2861 luvenalis
488 2827 521 2868 3,
540 2827 614 2860 485.
640 2827 672 2867 4,
699 2827 762 2860 443
786 2829 823 2861 et
846 2827 908 2861 423
925 2836 1004 2869 sqq.
1031 2828 1063 2868 6,
1082 2827 1156 2860 443.

291 2877 422 2913 Plinius
443 2878 531 2921 Epp.
557 2877 595 2918 4,
620 2879 682 2918 22,
707 2877 745 2911 4:
780 2878 925 2912 Cenabat
949 2879 1065 2911 Nerva
1086 2886 1161 2910 cum

288 2930 427 2970 paucis:
455 2929 584 2962 Veiento
601 2929 781 2969 proximus
803 2933 903 2970 atque
922 2930 1022 2962 etiam
1035 2930 1071 2962 in
1085 2929 1160 2961 sinu

291 2978 517 3012 recumbebat:
541 2978 614 3010 dixi·
633 2978 762 3019 omnia,
786 2988 861 3011 cum
875 2979 1037 3012 hominem
1051 2978 1161 3011 nomi-

292 3030 387 3063 navi.
410 3046 444 3053 -
472 3029 708 3071 codicillorum]
733 3029 802 3062 hoc
827 3030 881 3062 est
897 3031 946 3071 (ut
962 3030 1015 3069 45,
1033 3028 1086 3070 64)
1111 3031 1161 3061 to-

292 3080 460 3120 stamenti,
486 3080 588 3112 cuius
604 3078 753 3111 formam
770 3079 805 3111 in
822 3079 966 3112 famosis
981 3078 1047 3111 illis
1062 3078 1160 3111 libris

294 3130 401 3163 animi
425 3138 530 3162 causa
555 3128 789 3170 expresserat.
827 3130 942 3161 «Noto
958 3128 1064 3162 fuisse
1080 3137 1161 3161 mo-

293 3188 388 3219 rem,
426 3180 464 3211 ut
493 3179 529 3211 in
559 3178 779 3211 testamentis
803 3179 960 3211 convicia
983 3178 1161 3220 quaedam

294 3232 329 3263 et
362 3229 493 3272 probra
527 3228 670 3262 liberius
704 3227 920 3267 scriberent;
959 3237 1049 3270 quae
1079 3230 1159 3261 ante

294 3282 488 3322 Augustum
511 3279 736 3313 inobservata
752 3280 787 3311 et
802 3278 986 3320 permissa,
1012 3278 1158 3318 scilicet,

296 3331 375 3371 quia
410 3329 587 3372 supremis
622 3327 685 3361 illis
716 3327 844 3361 tabulis
875 3329 910 3360 et
937 3329 1014 3360 voci
1044 3327 1159 3360 danda

295 3379 482 3412 videbatur
505 3378 620 3420 aliqua
649 3377 806 3411 libertas.
842 3377 994 3410 Frenum
1017 3377 1159 3411 iniicere

297 3430 441 3463 senatus
470 3428 646 3471 voluerat,
682 3428 747 3462 sed
775 3426 831 3462 ille
862 3426 957 3460 idem
979 3427 1157 3470 princeps,

1209 2478 1296 2517 sim,
1333 2476 1377 2509 de
1412 2477 1470 2516 iis,
1507 2476 1568 2518 qui
1597 2475 1773 2518 supremis
1802 2474 1929 2508 tabulis
1964 2474 2074 2508 multa

1209 2527 1340 2560 atrocia
1364 2527 1399 2559 in
1418 2528 1639 2565 Macronem,
1663 2526 1698 2559 in
1715 2525 1894 2559 Tiberium
1916 2524 2074 2567 aliosque

1208 2579 1371 2621 potentes
1395 2577 1668 2620 composuerint.
1705 2577 1780 2610 Hoc
1803 2575 1966 2619 exemplo
1989 2585 2073 2618 ergo

1210 2628 1478 2662 maledicentiae
1494 2636 1580 2661 suae
1594 2636 1724 2660 cavens
1736 2627 1884 2660 Veiento
1897 2627 2076 2670 inscripsit

1210 2679 1331 2721 opicos
1355 2680 1391 2710 et
1413 2678 1521 2711 Oscos
1545 2686 1607 2710 eos
1630 2676 1740 2710 libros
1762 2677 1938 2710 codicillos.
1963 2677 2050 2709 Lm.

1253 2730 1306 2762 54.
1332 2729 1494 2761 incertum
1513 2728 1701 2760 valetudine
1723 2736 1768 2760 an
1790 2727 1923 2770 veneno]
1950 2727 2074 2760 Poste-

1209 2779 1282 2811 rius
1304 2778 1447 2814 tradunt
1461 2778 1648 2810 Suetonius
1664 2778 1746 2810 Ner.
1764 2777 1822 2810 35:
1847 2777 1959 2810 Burro
1973 2784 2076 2818 prae-

1207 2828 1292 2870 fecto
1318 2828 1500 2861 remedium
1528 2828 1573 2860 ad
1601 2827 1715 2869 fauces
1741 2827 1908 2867 pollicitus
1927 2826 2077 2860 tooeicum

1209 2878 1307 2910 misit.
1334 2879 1370 2910 et
1390 2878 1454 2910 Dio
1470 2877 1528 2917 62,
1548 2877 1607 2910 ⁴3:
1631 2874 1770 2910 τοῦτον
1786 2876 1960 2918 (Burrum)
1975 2885 2076 2922 φαρ-

1209 2925 1323 2972 μάκῳ
1345 2925 1534 2960 διώλεσεν.
1562 2944 1598 2950 —-
1623 2927 1660 2958 in
1682 2926 1726 2968 se]
1749 2927 1854 2960 intus.
1883 2925 2006 2959 Celsus
2029 2925 2074 2958 de

1211 2978 1301 3012 Med.
1327 2979 1359 3018 7,
1385 2979 1406 3011 2
1429 2977 1474 3010 de
1496 2975 1724 3010 abscessibus
1746 2985 1876 3018 agens:
1901 2977 1937 3009 in
1957 2977 2001 3009 iis
2021 2984 2076 3009 ne-

1209 3030 1336 3071 qotium
1362 3028 1473 3060 maius
1502 3031 1569 3067 est,
1601 3035 1686 3068 quae
1709 3035 1772 3068 per
1800 3035 1833 3059 se
1865 3027 1947 3059 vitio
1967 3027 2077 3059 intus

1210 3082 1283 3112 orto
1297 3079 1515 3111 intumescunt
1529 3081 1559 3110 et
1574 3078 1619 3110 ad
1631 3077 1902 3118 suppurationem
1914 3079 2072 3117 minat.

1211 3130 1251 3162 Ut
1273 3129 1429 3168 Tacitus,
1454 3128 1588 3160 Seneca
1614 3127 1675 3169 Ep.
1702 3127 1755 3166 95,
1774 3126 1834 3159 46:
1859 3125 1949 3159 tobes
1968 3127 2014 3159 in
2033 3135 2076 3159 se

1206 3179 1474 3220 putrescentium.
1501 3179 1656 3210 «Tumor
1678 3185 1746 3209 non
1763 3176 1944 3209 visebatur
1961 3177 2074 3209 exter-

1211 3237 1288 3268 nus,
1315 3229 1354 3261 ut
1376 3228 1495 3261 fauces
1519 3226 1812 3265 extenderentur;
1835 3225 1900 3258 sed
1915 3225 2073 3259 internus

1211 3280 1303 3318 erat,
1329 3279 1366 3309 ut
1390 3278 1526 3310 meatus
1546 3275 1698 3309 faucium
1715 3274 1879 3318 paulatim
1895 3275 2074 3316 augustior

1210 3329 1344 3361 fieret.»
1369 3328 1510 3360 WAL'rn.
1538 3344 1574 3350 —
1609 3327 1766 3367 spiritum
1792 3323 1945 3368 finiebat]
1976 3324 2011 3357 h.
2037 3334 2070 3358 e.

1209 3379 1343 3420 spirare
1360 3379 1396 3411 et
1410 3378 1528 3411 vivere
1544 3375 1740 3410 desinebat.
1761 3393 1795 3399 —
1819 3375 1988 3416 hactonus]
2002 3375 2072 3409 hoc

1210 3430 1366 3468 tantum,
1391 3429 1430 3461 ut
1451 3436 1483 3461 c.
1508 3427 1539 3460 3.
1566 3428 1619 3468 ⁴2,
1643 3425 1697 3460 42.
1723 3426 1777 3467 45,
1802 3425 1856 3459 60.
1893 3425 1943 3459 Cf.
1970 3424 2070 3460 Hand
