2254 3770
626 273 782 317 LIBER
808 272 874 316 v1.
906 272 965 329 (v.
1010 270 1110 328 cap.
1143 269 1208 313 4ο.
1240 269 1322 328 Μ.)
1352 269 1391 314 ⁴.
1421 270 1461 315 2.
1854 267 1937 311 269

157 381 256 426 odia
284 380 326 423 in
355 379 590 438 perniciem
622 379 741 431 itura,
773 392 969 423 mansere
998 377 1148 422 infensi
1179 390 1230 422 ac
1250 377 1502 429 minitantes,
1533 375 1672 420 donec
1690 374 1936 433 magistratu

155 457 332 500 abirent.

239 532 315 588 (VI.
339 531 378 587 l)
405 530 478 575 Cn.
501 529 710 573 Domitius
731 535 773 573 et
795 527 994 573 Camillus
1015 526 1320 572 Scribonianus
1339 525 1606 571 consulatum
1628 525 1817 577 inierant,
1840 538 1938 569 cum

157 608 315 652 Caesar
342 605 540 649 tramisso
569 604 687 663 quod
718 604 905 662 Capreas
936 610 978 647 et
1012 604 1264 647 Surrentum
1299 602 1486 646 interluit
1521 601 1628 646 freto
1664 601 1939 659 Campaniam

153 681 438 741 praelegebat,
470 679 695 738 ambiguus
725 693 778 723 an
808 678 960 722 urbem
990 679 1174 730 intraret,
1210 691 1300 729 seu,
1332 678 1434 735 quia
1464 684 1610 722 contra
1639 676 1987 727 destinaverat,s·

155 758 343 816 speciem
374 756 540 800 venturi
570 754 787 799 simulans.
819 760 861 798 et
890 766 1021 812 saepe
1051 754 1095 796 in
1123 754 1364 812 propinqua
1394 753 1639 811 degressus,
1671 752 1794 796 aditis
1823 752 1938 795 iuxta

153 832 336 877 Tiberim
365 832 498 876 hortis
527 844 630 875 saxa
661 844 830 874 rursum
860 837 903 873 et
931 829 1202 884 solitudinem
1232 829 1363 873 maris
1392 829 1571 887 repetiit,
1604 828 1771 887 pudore
1801 826 1939 872 scele-

152 923 248 952 rum
267 914 310 952 et
336 906 572 959 libidinum,
604 906 761 964 quibus
791 905 903 949 adeo
934 904 1149 948 indomitis
1169 911 1387 949 exarserat
1415 911 1462 948 ut
1491 918 1609 948 more
1640 904 1758 961 regio
1777 903 1939 962 pubem

152 985 381 1042 ingenuam
410 983 568 1040 stupris
597 981 820 1040 pollueret.
871 994 950 1024 nec
980 980 1159 1024 formam
1187 986 1351 1024 tantum
1379 986 1422 1024 et
1450 980 1609 1024 decora
1638 993 1841 1037 corpora,
1873 984 1939 1023 set

152 1059 195 1102 in
224 1059 289 1103 his
319 1058 556 1103 modestam
586 1058 822 1116 pueritiam,
855 1057 897 1099 in
927 1055 1019 1100 aliis
1049 1052 1256 1114 imagines
1285 1056 1497 1100 maiorum
1525 1056 1841 1100 incitamentum
1862 1066 1989 1099 cu-io

150 1134 308 1193 pidinis
345 1133 543 1178 habebat.
592 1139 780 1191 tuncque
815 1132 1001 1190 primum
1041 1131 1183 1188 ignota
1223 1138 1346 1175 antea
1386 1130 1597 1176 vocabula
1635 1137 1805 1189 reperta
1841 1136 1940 1174 sunt

152 1210 420 1254 sellariorum
449 1217 491 1253 et
520 1197 792 1267 spintriarum
817 1222 870 1252 ex
898 1207 1098 1251 foeditate
1128 1206 1211 1251 loci
1241 1220 1292 1251 ac
1320 1206 1539 1264 multiplici
1569 1206 1782 1264 patientia.
1813 1219 1939 1264 prae-

151 1285 366 1343 positique
395 1285 520 1335 servi‚
552 1284 626 1342 qui
656 1283 954 1341 conquirerent,
987 1281 1291 1340 pertraherent,
1323 1282 1436 1326 dona
1465 1282 1507 1324 in
1538 1289 1770 1340 promptos,
1800 1282 1938 1325 minas

152 1361 380 1405 adversum
410 1360 657 1410 abnuentes,
690 1366 732 1403 et
761 1359 795 1402 si
827 1358 1059 1402 retinerent
1080 1358 1349 1416 propinquus
1368 1364 1442 1402 aut
1460 1371 1629 1416 parens,
1661 1358 1758 1410 vim,
1789 1363 1938 1415 raptus

151 1450 317 1494 suaque
348 1435 430 1494 ipsi
458 1435 576 1479 libita
604 1433 720 1479 velut
747 1435 790 1477 in
820 1441 968 1492 captos
998 1432 1267 1477 exercebant.
1950 1445 1988 1474 ⁴5

236 1512 288 1568 (2)
320 1513 370 1554 At
398 1513 557 1555 Romae
586 1510 797 1569 principio
827 1509 938 1560 anni,
970 1509 1093 1567 quasi
1121 1522 1275 1553 recens
1303 1508 1483 1567 cognitis
1511 1509 1656 1553 Liviae
1687 1508 1856 1566 flagitiis
1885 1521 1937 1552 ac

150 1601 236 1632 non
264 1585 434 1645 pridem
462 1586 589 1630 etiam
619 1586 789 1644 punitis,
821 1591 990 1629 atroces
1019 1584 1254 1629 sententiae
1284 1583 1547 1635 dicebantur,
1580 1584 1620 1627 in
1646 1583 1808 1642 effigies
1829 1597 1937 1641 quo-

150 1676 236 1721 que
266 1676 317 1707 ac
346 1662 595 1706 memoriam
627 1661 738 1710 eius,
779 1668 821 1705 et
856 1661 971 1704 bona
1000 1661 1141 1705 Seiani
1172 1660 1312 1704 ablata
1341 1660 1507 1704 aerario
1536 1666 1583 1703 ut
1612 1660 1653 1703 in
1682 1658 1834 1704 fiscum
1864 1673 1937 1703 co-

150 1745 368 1796 gerentur,
410 1745 627 1796 tamquam
663 1736 853 1781 referret.
904 1736 1127 1794 Scipiones
1165 1737 1272 1781 haec
1302 1742 1344 1780 et
1373 1735 1503 1780 Silani
1533 1742 1576 1780 et
1605 1735 1759 1786 Cassii,
1799 1734 1936 1779 isdem

219 1873 250 1905 4.
271 1871 459 1913 permitiem
474 1871 546 1914 (sic)
570 1872 603 1904 M
629 1888 666 1895 —
692 1871 727 1903 2..
749 1870 888 1903 abirent.
914 1870 949 1902 C.
966 1870 1009 1903 N.
1027 1869 1181 1902 dentitius
1204 1869 1368 1902 continue
1386 1870 1430 1903 M.
1455 1869 1592 1911 Lipsius
1614 1870 1706 1902 inter
1728 1869 1838 1903 verba
1861 1868 1936 1902 abi-

147 1931 222 1961 rent
244 1929 280 1961 et
303 1928 363 1962 Cn.
386 1928 553 1961 Domitius
582 1928 718 1960 initium
749 1928 838 1960 sexti
860 1926 938 1959 libri
961 1927 1140 1960 constituit
1164 1925 1368 1959 «arbitrario
1390 1926 1484 1966 iure,
1517 1935 1588 1959 non
1611 1928 1750 1968 certo,»
1780 1934 1936 1969 eumque

148 1987 261 2019 secuti
289 1986 372 2019 sunt
399 1994 524 2018 omnes
554 1993 668 2026 usque
700 1984 746 2017 ad
772 1985 827 2017 Fr.
852 1984 1031 2017 Haasium.
1067 2002 1104 2007 —
1140 1984 1172 2017 6.
1203 1985 1357 2026 deqresus
1383 1984 1435 2023 M;
1472 1983 1638 2026 diqressus
1664 1982 1868 2016 Beroaldus.
1892 1999 1936 2006 -

149 2043 203 2075 ⁴2.
233 2042 470 2083 p.sintriarum
499 2042 534 2076 M
564 2042 801 2082 (spintriarum
828 2040 982 2082 margo).
1018 2041 1174 2074 Suetonii
1204 2040 1282 2073 cod.
1309 2041 1542 2074 Memmianus
1572 2041 1610 2074 C.
1635 2041 1672 2073 L.
1697 2040 1822 2074 Rothio
1845 2041 1936 2073 teste

147 2098 223 2131 Tib.
240 2097 283 2131 43
306 2098 416 2131 habet
436 2099 614 2139 wintrias,
640 2097 751 2131 viteli.
770 2098 790 2131 3
812 2098 1034 2139 spintheriae,
1059 2096 1166 2139 Calig.
1187 2097 1229 2130 46
1251 2098 1447 2130 P.sinthrias
1470 2097 1558 2139 (sic).
1585 2115 1622 2120 —
1646 2097 1816 2138 pacientia
1838 2098 1872 2131 M
1897 2113 1933 2120 —

147 2155 201 2188 43.
226 2155 284 2196 qui
305 2155 537 2196 conquirerent
557 2154 785 2188 Doederlein:
820 2155 988 2196 quirerent
1010 2155 1062 2194 M;
1093 2155 1151 2195 qui
1174 2157 1372 2196 quaererent
1397 2152 1611 2190 Beroaldus;
1645 2154 1704 2194 qui
1731 2153 1938 2195 requirerent

145 2211 413 2245 Weissenborn.
441 2230 476 2236 -
503 2212 556 2246 ⁴4.
581 2213 781 2246 retinuerent
803 2213 836 2247 M
860 2212 1051 2255 (retinerent
1071 2211 1225 2253 marg0);
1250 2212 1458 2245 retinuerant
1482 2211 1645 2244 Ritterus.
1674 2228 1710 2234 —-
1735 2210 1788 2243 47.
1813 2210 1938 2243 sentiae

146 2267 182 2301 M
206 2286 243 2292 -
267 2269 396 2312 infiqies
416 2270 451 2303 Μ
474 2269 520 2311 (in
541 2269 665 2312 effigies
686 2269 819 2312 margo)
845 2287 881 2293 —
915 2269 968 2303 49.
993 2273 1167 2311 tamquam
1188 2269 1344 2311 Lipsius:
1377 2272 1447 2301 tam
1468 2269 1503 2302 M
1528 2286 1563 2292 —
1593 2267 1733 2309 referret
1761 2267 1934 2308 scipiones.

146 2323 229 2358 haec
251 2325 295 2359 M.

1066 2418 1126 2452 43:
1161 2419 1294 2452 Secessu
1316 2418 1492 2460 Capreensi
1520 2417 1622 2451 etiam
1643 2417 1814 2451 sellariam
1835 2425 1937 2451 exco-

1065 2468 1207 2511 qitavit,
1231 2469 1339 2502 sedem
1354 2476 1563 2501 arcanarum
1577 2467 1762 2509 libidinum,
1783 2468 1821 2500 in
1835 2476 1938 2509 quam

147 2416 306 2450 Camillus
336 2417 516 2451 Arruntius
545 2419 688 2461 (Inscrr.
721 2420 811 2452 Latt.
836 2428 871 2452 n.
897 2419 1013 2460 6465),

147 2467 205 2508 qui
230 2470 349 2509 postea
372 2467 446 2510 (vel
470 2477 514 2501 ex
534 2468 731 2502 hereditate
754 2468 870 2511 aliqua
893 2468 948 2502 vel
972 2477 1016 2502 ex

147 2515 255 2550 altera
278 2517 467 2560 adoptione
488 2518 762 2560 testamentaria)
779 2518 1018 2551 Scribonianus

147 2568 334 2608 appellatus
355 2571 412 2601 est.
447 2569 504 2601 Ea:
525 2568 601 2602 Kal.
625 2569 688 2601 Iul.
711 2570 750 2602 Δ.
771 2569 915 2602 Vitellius
935 2569 970 2601 P.
988 2569 1014 2610 f.

146 2618 183 2650 in
203 2626 294 2660 may.
318 2621 418 2651 mort.
442 2622 501 2652 est.
537 2618 625 2651 Vide
648 2619 880 2661 Borghesium
894 2619 1016 2652 Annali

146 2667 219 2700 dell'
235 2668 388 2701 Instituta
403 2667 472 2702 vol.
490 2669 598 2709 XXII,
618 2677 652 2711 p.
671 2668 734 2702 358
751 2678 830 2712 sqq.
854 2670 906 2702 De
922 2670 1016 2702 Scri-

146 2717 319 2758 boniano,
351 2718 413 2760 qui
443 2717 638 2752 Delmatiae
667 2718 868 2761 praefectus
892 2720 1015 2752 contra

147 2765 333 2800 Claudium
351 2776 444 2801 vano
460 2777 631 2803 successu
646 2769 871 2812 conspiravit,
897 2770 940 2803 cf.
959 2770 1013 2810 ⁴2,

145 2817 200 2849 52.
218 2817 363 2851 sueton.
378 2816 500 2851 Claud.
513 2818 566 2851 43.
581 2836 617 2842 -
629 2819 743 2860 hortis]
760 2827 781 2851 a
794 2819 946 2853 Caesare
960 2819 1016 2852 di-

147 2867 287 2899 ctatore·
310 2867 439 2910 populo
468 2869 626 2902 Romano
649 2868 770 2911 legatis
795 2870 840 2911 (2,
864 2869 938 2911 44),
969 2869 1014 2903 de

147 2915 275 2957 quibus
298 2917 418 2950 Horat.
442 2919 511 2951 Sat.
538 2919 569 2958 4,
594 2919 627 2958 9,
653 2919 713 2952 48;
748 2919 853 2952 Trans
877 2919 1015 2954 Tiberim

145 2965 241 3007 lonqe
262 2965 360 2999 cubat
379 2967 408 2999 is
422 2976 530 3008 prope
544 2967 697 3001 Caesaris
714 2969 836 3002 hortos.
862 2968 913 3002 Cf.
931 2970 1016 3002 Sue·

146 3015 219 3048 ton.
244 3014 320 3048 Tib.
346 3016 409 3050 72:
442 3017 500 3050 Bis
522 3018 654 3050 omnino
681 3021 747 3051 toto
769 3027 909 3052 secessus
931 3021 1014 3052 tem-

143 3073 227 3106 pore
258 3066 398 3099 Romam
429 3067 540 3100 redire
572 3071 727 3108 conatus,
761 3069 859 3102 semel
887 3069 1016 3102 triremi

146 3123 249 3156 usque
275 3115 321 3148 aa
346 3117 524 3157 proximos
549 3117 770 3152 naumachiae
797 3118 908 3150 hortos
937 3118 1015 3150 sub-

146 3167 258 3197 vectus
278 3168 342 3206 est,
367 3166 525 3207 disposita
539 3167 679 3200 statione
694 3176 757 3208 per
771 3167 866 3208 ripas
881 3167 1014 3208 Tiberis,

148 3222 236 3256 quae
265 3214 397 3248 obviam
423 3215 621 3256 prodeuntes
642 3215 861 3257 submoveret,
896 3218 1017 3249 iterum

147 3262 257 3305 Appia
277 3273 381 3306 usque
402 3266 448 3298 aa
468 3265 643 3306 septimum
664 3265 825 3307 lapidem,
859 3266 914 3298 sed
930 3275 1016 3307 pro-

149 3314 265 3353 spectis
284 3315 381 3347 modo
402 3324 462 3349 nec
484 3315 583 3348 aditis
604 3314 696 3348 urbis
716 3314 884 3348 moenibus
904 3316 1013 3350 rediit.

153 3377 189 3384 -
206 3370 298 3397 more
310 3364 413 3407 reqio]
437 3372 563 3406 regum
580 3364 754 3407 imprimis
768 3364 1013 3398 Asiaticorum.

156 3425 192 3434 —
208 3410 417 3448 ”aeriorum
434 3417 465 3449 et
484 3413 716 3457 spintriam]
732 3414 920 3449 Suetonius
935 3413 1012 3448 Tib.

1065 2519 1211 2559 undique
1239 2518 1414 2560 conquisiti
1443 2518 1636 2560 puellarum
1669 2521 1700 2551 et
1732 2517 1937 2551 exoletorum

1065 2577 1180 2610 qreqes
1211 2569 1478 2611 monstruosique
1510 2567 1702 2601 concubitus
1738 2570 1935 2609 repertores,

1066 2626 1147 2658 quos
1168 2619 1328 2662 spintrias
1349 2618 1557 2660 appellabat,
1583 2618 1706 2659 triplici
1721 2619 1804 2651 serie
1819 2617 1937 2651 coneoei

1063 2668 1204 2702 invicem
1225 2670 1424 2703 incestarent
1437 2678 1471 2703 se
1484 2677 1601 2702 coram
1614 2669 1702 2710 ipso,
1726 2671 1766 2701 ut
1781 2669 1937 2710 adspectu

1065 2719 1245 2761 deficientes
1271 2720 1420 2753 libidines
1441 2719 1613 2752 excitaret.
1652 2718 1787 2752 Vocem
1815 2719 1934 2751 autem

1063 2768 1207 2809 spintria
1229 2768 1364 2802 ducunt
1386 2778 1407 2802 a
1422 2768 1534 2802 verbo
1551 2765 1756 2815 σφιγκτήρ,
1780 2768 1837 2800 ani
1860 2775 1935 2800 mu-

1065 2817 1180 2858 sculo;
1204 2819 1356 2852 Bachius
1379 2828 1412 2852 a.
1435 2828 1470 2852 v.
1495 2815 1682 2865 σπινθήρ,
1706 2815 1866 2852 scintilla.

1107 2869 1141 2901 2.
1166 2869 1283 2901 Liviae
1308 2868 1450 2911 ttaqitiis
1464 2886 1513 2893 --
1525 2869 1663 2910 punitis]
1698 2868 1763 2901 Dio
1785 2867 1845 2907 58,
1870 2866 1932 2898 ii:

1066 2913 1088 2949 ὁ
1114 2916 1288 2963 Τιβέριος
1304 2914 1397 2959 τούς
1410 2927 1451 2951 τε
1466 2913 1608 2960 ἄλλους
1624 2914 1769 2959 πάντας
1783 2915 1850 2949 καὶ
1863 2911 1935 2958 τὴν

1064 2965 1270 3000 Λιουίλλαν
1295 2968 1345 3010 <ut
1359 2969 1554 3002 Drusianae
1571 2968 1691 3002 caedis
1706 2967 1816 3008 ream)
1840 2961 1935 2998 ἀπέ-

1064 3026 1220 3050 κτεινεν.
1246 3012 1320 3061 ἤδη
1343 3016 1385 3051 δὲ
1407 3013 1581 3062 ἤκουσα,
1614 3013 1675 3051 ὅτι
1696 3016 1842 3057 ἐκεῖνος
1862 3013 1935 3058 μὲν

1065 3062 1185 3110 αὑτῆς
1206 3063 1270 3100 διὰ
1284 3065 1356 3111 τὴν
1369 3068 1519 3126 μητέρα
1532 3065 1603 3112 τὴν
1614 3064 1813 3100 Ἀντωνίαν
1828 3063 1934 3106 ἐφεί-

1066 3126 1181 3157 σατο,
1218 3114 1317 3161 αὐτὴ
1348 3115 1390 3151 δὲ
1419 3115 1444 3161 ἦ
1473 3117 1645 3152 Anarta
1667 3114 1813 3150 ἑκοῦσα
1834 3111 1933 3159 λιμῷ

1064 3163 1134 3209 τὴν
1156 3166 1348 3215 θυγατέρα
1369 3164 1564 3211 &discen
1598 3167 1684 3200 Vide
1707 3165 1753 3198 ad
1775 3166 1809 3205 5,
1834 3164 1866 3198 6.
1893 3182 1929 3189 -

1064 3220 1238 3260 tamquam
1252 3218 1402 3261 referret]
1426 3217 1515 3252 Nihil
1531 3225 1617 3251 saue
1632 3214 1830 3254 referebat3
1856 3215 1933 3248 ete-

1065 3267 1138 3300 nim
1168 3266 1213 3300 de
1244 3268 1381 3301 aerario
1403 3266 1525 3311 populi
1547 3268 1608 3300 Ro.
1633 3273 1703 3298 non
1727 3265 1845 3298 minus
1866 3273 1932 3308 pro

1065 3324 1130 3349 suo
1163 3315 1275 3351 lubitu
1309 3317 1520 3360 disponebat
1554 3315 1717 3358 princeps
1747 3322 1855 3356 quam
1885 3313 1931 3347 de

1064 3365 1163 3399 fisco.
1196 3367 1320 3410 Inepta
1343 3375 1427 3409 ergo
1451 3367 1516 3399 ista
1540 3365 1616 3398 erat
1638 3364 1810 3397 sententia
1829 3364 1931 3406 quasi

1063 3415 1234 3450 severior.
1256 3427 1290 3440 -a
1309 3416 1479 3458 Scipiones
1497 3414 1578 3449 haec
1598 3416 1630 3448 et
1643 3412 1753 3447 Silani
1766 3415 1799 3447 et
1812 3410 1929 3455 cassin
