2254 3770
317 271 405 317 454
803 276 848 319 P.
881 273 1131 319 CORNELII
1159 273 1330 320 TACITI
1357 273 1627 319 ANNALIUM

319 382 549 426 certamina
578 396 606 426 a
634 358 950 439 magistratibus
980 394 1153 425 causam
1181 380 1289 432 fore,
1322 394 1421 425 cum
1447 395 1500 425 eo
1530 387 1702 439 sumptu
1729 395 1800 425 res
1829 396 1870 439 p.
1890 381 2100 439 fungatur.

318 463 535 502 oratorum
554 471 606 501 ac
626 463 770 500 vatum
791 456 992 500 victorias
1014 456 1331 500 incitamentum
1351 456 1530 515 ingeniis
1550 455 1770 509 allaturas3
1801 470 1881 501 nec
1902 457 2103 515 cuiquam

317 532 446 577 iudici
490 546 620 590 grave
664 545 792 575 aures
828 531 980 575 studiis
1017 531 1206 575 honestis
1235 538 1278 575 et
1306 531 1594 590 voluptatibus
1623 533 1843 577 concessis
1870 532 2102 591 impertire.

317 608 501 652 laetitiae
542 607 676 665 magis
714 620 844 665 quam
887 606 1088 651 lasciviae
1123 606 1215 650 dari
1259 619 1420 665 paucas
1457 607 1586 651 totius
1624 608 1904 666 quinquennii
1940 615 2101 661 noctes,

285 683 475 742 aquibus
504 689 618 726 tanta
647 682 743 726 luce
772 682 934 739 ignium
958 681 1059 725 nihil
1082 681 1272 727 illicitum
1293 681 1495 727 occultari
1515 690 1658 744 queat.
1689 697 1792 727 sane
1812 683 1928 727 nullo
1950 684 2102 742 insigni

317 759 699 803 dehonestamento
739 756 784 800 id
821 757 1114 815 spectaculum
1149 758 1325 802 transiit.
1371 772 1422 802 ac
1459 772 1515 802 ne
1550 758 1719 803 modica
1748 759 1924 818 quidem
1963 759 2105 804 studia

317 833 454 893 plebis
485 847 707 885 exarsere,
739 833 842 891 quia
872 833 1026 877 redditi
1048 847 1309 891 quamquam
1330 847 1513 878 scaenae
1532 835 1779 892 pantomimi
1800 835 2104 880 certaminibus

317 910 451 954 sacris
481 908 830 967 prohibebantur.
867 907 1140 966 eloquentiae
1168 909 1328 967 primas
1358 923 1484 954 nemo
1514 909 1627 961 tulit,
1659 910 1737 954 sed
1767 910 1974 954 victorem
2003 924 2103 956 esse

317 986 546 1030 Caesarem
576 984 908 1042 pronuntiatum.
954 984 1105 1029 Graeci
1135 985 1333 1036 amictus,
1365 985 1462 1043 quis
1493 999 1571 1043 per
1593 999 1670 1029 eos
1691 985 1786 1030 dies
1815 985 2009 1045 plerique
2038 987 2104 1029 in-

266 1076 302 1107 ⁴0
316 1068 551 1112 cesserant,
585 1068 672 1104 tum
703 1060 989 1105 exoleverant.

430 1137 511 1193 (22)
549 1138 663 1180 Inter
703 1149 816 1194 quae
855 1142 897 1180 et
934 1135 1054 1179 sidus
1084 1142 1273 1180 cometes
1301 1135 1479 1188 effulsit3
1518 1136 1575 1179 de
1603 1150 1690 1195 quo
1721 1136 1833 1195 vulgi
1864 1137 2009 1195 opinio
2038 1144 2106 1182 est

314 1219 533 1271 tamquam
561 1212 839 1256 mutationem
869 1211 1012 1268 regnis
1042 1211 1280 1269 portendat.
1321 1211 1449 1269 igitur
1469 1212 1591 1270 quasi
1614 1213 1699 1255 iam
1719 1212 1901 1270 depulso
1921 1213 2104 1265 Nerone,

315 1289 513 1348 quisnam
542 1287 818 1345 deligeretur,
850 1286 1144 1345 anquirebant.
1190 1294 1232 1331 et
1260 1287 1451 1330 omnium
1479 1300 1554 1331 ore
1583 1286 1802 1331 Rubellius
1830 1287 2005 1332 Plautus
2032 1302 2104 1333 ce-

314 1364 521 1416 lebratur,
555 1363 621 1407 cui
653 1362 852 1407 nobilitas
880 1377 960 1422 per
989 1368 1168 1406 matrem
1197 1376 1250 1406 ex
1279 1362 1383 1406 Iulia
1408 1362 1576 1406 familia.
1607 1363 1700 1421 ipse
1721 1363 1876 1421 placita
1895 1364 2105 1408 maiorum

265 1453 302 1483 ⁴5
315 1439 503 1492 colebat,
535 1438 681 1483 habitu
710 1453 877 1491 severo,
910 1444 1027 1484 casta
1047 1444 1089 1482 et
1113 1430 1280 1482 secreta
1300 1438 1447 1489 domo,
1479 1445 1726 1496 quantoque
1749 1447 1864 1483 metu
1885 1438 2101 1491 occultior,

379 1593 410 1625 ⁴.
429 1601 452 1624 a
466 1592 675 1625 Rhenanus:
694 1599 767 1624 om.
785 1591 819 1624 M
835 1609 870 1614 —
889 1589 921 1622 3.
939 1590 1110 1631 impertire
1125 1591 1177 1624 M:
1203 1590 1378 1631 impartire
1391 1582 1507 1631 vulgo?
1527 1589 1578 1623 Cf.
1592 1599 1627 1632 p.
1643 1590 1718 1631 450,
1732 1590 1807 1623 3.—
1825 1590 1857 1624 4.
1875 1591 2000 1626 letitiae
2013 1592 2047 1627 M
2064 1610 2098 1616 —

312 1650 412 1683 totius
425 1649 580 1691 Lipsius:
601 1649 714 1689 potius
727 1648 761 1681 M
782 1665 815 1670 —
841 1648 874 1680 ὅ.
892 1647 992 1680 nichil
1015 1647 1047 1680 Μ
1065 1664 1100 1670 -
1128 1647 1160 1680 6.
1179 1647 1313 1679 transiit
1328 1647 1481 1689 Lipsius:
1507 1648 1629 1680 transit
1644 1648 1676 1680 M
1696 1665 1731 1670 —
1751 1647 1782 1679 7.
1802 1655 1996 1690 quanquam
2011 1650 2046 1683 M
2063 1666 2099 1674 -·

313 1706 345 1739 9.
369 1706 460 1748 greci
482 1706 516 1739 M
541 1722 577 1729 -
604 1705 761 1748 amictus]
787 1705 935 1737 Litteras
958 1704 1027 1736 ami
1050 1712 1156 1737 manu
1180 1704 1314 1736 recenti
1335 1705 1370 1736 in
1394 1712 1517 1737 rasura
1539 1704 1649 1737 habet
1671 1706 1705 1738 M
1729 1723 1766 1729 —
1794 1707 1869 1747 quis
1891 1705 2100 1740 Groslotius:

313 1772 377 1804 quo
400 1763 434 1796 M
452 1780 488 1786 —
507 1763 560 1796 ⁴0.
578 1763 648 1795 iam
669 1762 882 1795 exoleverunt
905 1761 1048 1796 Urlichs.
1074 1779 1109 1784 -
1138 1762 1190 1793 Μ.
1210 1770 1272 1801 que
1294 1762 1326 1793 M
1351 1778 1386 1783 —
1415 1761 1467 1793 ⁴2.
1491 1764 1652 1801 tanquam
1675 1762 1708 1795 M
1732 1779 1767 1784 —
1792 1763 1905 1804 regnis
1926 1761 2103 1796 Bentleius

313 1819 371 1861 (ad
393 1820 524 1852 Lucan.
551 1819 588 1858 4,
613 1818 707 1860 529):
739 1819 829 1860 reyis
856 1819 890 1852 M
922 1837 958 1843 -
991 1819 1043 1851 ⁴3.
1070 1820 1108 1851 ln
1130 1827 1164 1851 v.
1188 1818 1326 1851 Plautus
1355 1818 1451 1860 prior
1478 1827 1502 1850 u
1531 1826 1574 1850 ex
1598 1827 1690 1851 corr.
1714 1819 1747 1852 M
1774 1836 1810 1842 —
1843 1819 2029 1853 celebratur
2049 1820 2103 1854 Mt

313 1875 541 1909 celebrabatur
562 1877 731 1910 Muretus.
902 1873 923 1897 ὓ

311 2014 428 2048 studiis
448 2013 604 2056 honestis]
637 2013 752 2055 qualia
777 2015 1025 2056 comparerent
1046 2023 1182 2055 eorum,

313 2065 373 2107 qui
397 2063 633 2097 aemulatione
657 2065 793 2096 incensi
817 2063 862 2096 de
885 2064 1052 2106 praemiis
1069 2066 1186 2097 certa-

312 2117 404 2148 rent.
431 2131 466 2138 -
493 2114 606 2147 studia
621 2113 746 2155 plebis]
777 2122 868 2155 quae
896 2123 1013 2155 neque
1038 2123 1186 2155 magno-

311 2174 399 2208 pere
422 2165 477 2197 his
501 2163 755 2197 certaminibus
779 2164 926 2206 poeticis
943 2173 985 2196 ac
1001 2165 1186 2197 rhetoricis

313 2215 571 2255 delectabatur,
597 2224 732 2256 neque,
758 2216 797 2247 ut
820 2214 928 2248 fiebat
944 2224 1026 2247 cum
1049 2215 1187 2248 histrio-

313 2274 378 2299 nes
393 2265 674 2308 pantomimique
691 2273 860 2298 scaenam
876 2265 1023 2305 inirent,
1049 2264 1105 2297 vel
1121 2273 1185 2306 pro

313 2317 381 2349 hoc
404 2315 459 2348 vel
489 2315 547 2348 illo
575 2316 611 2348 in
637 2315 809 2348 factiones
833 2315 1051 2354 discederet,
1077 2323 1185 2357 saepe

314 2367 358 2400 ad
384 2367 476 2399 rixas
500 2375 613 2408 usque
645 2366 912 2408 progredientes
937 2366 1000 2407 (⁴3,
1027 2366 1099 2406 25);
1131 2367 1186 2398 ni-

315 2418 443 2450 mirum
472 2417 633 2458 imperita
661 2415 846 2449 multitudo
873 2415 975 2457 longe
999 2415 1186 2458 praetulis-

314 2469 368 2501 set
390 2468 518 2500 mimos
542 2469 577 2499 et
598 2467 835 2507 pantomimos
851 2465 1061 2508 plerumque
1083 2466 1187 2500 lasci-

314 2525 391 2550 vos.
410 2534 444 2540 -
463 2517 585 2549 redditi
600 2524 807 2558 quamquam
823 2525 963 2549 scaenae
973 2517 1185 2558 pantomimi]

316 2567 376 2609 qui
411 2566 557 2607 quidem
591 2566 824 2607 quadriennio
857 2568 938 2599 ante
970 2566 1070 2600 ltalia.
1097 2566 1186 2609 pulsi

317 2619 419 2651 erant
435 2617 499 2657 (⁴3,
518 2617 585 2657 25).
618 2618 670 2650 De
694 2617 818 2649 ordine
835 2616 1027 2650 verborum
1044 2617 1123 2649 vide
1142 2617 1185 2649 ad

317 2668 349 2705 6,
368 2667 421 2700 30.
443 2683 478 2690 -
497 2667 731 2699 certaminibus
745 2666 860 2708 sacris]
879 2663 1004 2713 ἱεροὺς
1020 2662 1184 2710 ἀγῶνας,

317 2710 371 2750 ὦν
393 2714 441 2749 τὰ
465 2711 567 2749 ἆθλα
589 2716 630 2750 ἐν
654 2714 835 2762 στεφάνῳ
849 2714 958 2761 μόνῳ
975 2718 1097 2750 definit
1112 2717 1189 2751 Pol-

316 2768 375 2801 lnx
399 2769 431 2808 3,
457 2768 510 2800 30.
536 2769 622 2800 Lirs.
653 2787 686 2792 —
713 2769 917 2811 eloquentiae
938 2770 1073 2810 primas
1093 2778 1187 2800 nemo

317 2820 394 2852 tulit
416 2819 499 2859 cet.]
527 2819 713 2852 Suetonius
738 2820 819 2852 Ner.
846 2820 907 2853 42:
936 2820 1051 2852 deinde
1071 2820 1107 2851 in
1129 2828 1189 2851 or-

317 2871 482 2903 chestram
514 2872 733 2911 senatumque
766 2871 929 2903 descendit
964 2874 994 2903 et
1028 2870 1189 2902 orationis

319 2920 451 2961 quidem
471 2919 697 2960 carminisque
717 2920 829 2952 Latini
851 2929 1027 2961 coronam,
1060 2920 1100 2952 de
1122 2929 1189 2960 qua

319 2969 562 3002 honestissimus
595 2969 733 3009 quisque
769 2970 1003 3010 contenderat,
1040 2970 1189 3010 ipsorum

320 3028 480 3053 consensa
511 3027 698 3051 concessam
731 3020 792 3051 sibi
828 3021 959 3061 recepit.
991 3039 1035 3044 —
1069 3020 1189 3053 Graeci

321 3068 478 3111 amictus]
510 3069 763 3102 Graecanicum
795 3071 889 3102 enim
916 3071 983 3102 hoc
1006 3071 1187 3102 certamen

323 3120 397 3154 fuit.
424 3120 474 3153 Cf.
501 3121 645 3152 Sueten.
664 3121 816 3152 Ner.„⁴2.
842 3121 898 3153 Sic
921 3121 992 3153 iam
1015 3121 1060 3153 de
1084 3119 1188 3153 Clau-

323 3170 382 3204 dio
397 3172 461 3204 Dio
478 3171 532 3210 60,
550 3171 591 3203 6:
616 3166 656 3203 ἕν
678 3180 720 3214 γε
742 3168 787 3217 τῇ
803 3169 991 3205 Νεαπόλει
1014 3172 1079 3204 καὶ
1095 3180 1189 3203 παν-

323 3219 488 3254 τάπασιν
519 3219 723 3262 ἰδιωτικῶς’
739 3215 806 3263 ἔζη
821 3230 829 3238 ·
865 3218 912 3254 τά
935 3231 974 3254 τε
997 3220 1068 3268 γὰρ
1091 3216 1189 3254 ἄλλα

320 3269 547 3316 Ἑλληνικῶς
570 3273 634 3305 καὶ
657 3267 775 3313 αὐτὸς
796 3271 861 3304 καὶ
885 3272 924 3304 οἱ
949 3270 1128 3313 συνόντες
1151 3272 1191 3304 οἱ

325 3321 498 3370 διῃτᾶτο,
523 3323 588 3355 καὶ
611 3322 651 3356 ἐν
671 3321 744 3364 μὲν
766 3324 851 3362 ταῖς
869 3325 1077 3364 μουσικαῖς
1091 3323 1190 3355 θεω-

328 3375 426 3419 ρίαις
442 3370 595 3415 ἱμάτιον
611 3373 676 3405 καὶ
691 3370 876 3419 κρηπῖδας
891 3371 1044 3413 (pallium
1061 3372 1191 3405 soleas—

329 3423 430 3466 que),
454 3422 495 3457 ἑν
517 3420 559 3456 δὲ
580 3420 632 3467 τῷ
654 3419 823 3467 γυμνικῷ
839 3416 958 3466 ἀγῶνι
973 3420 1189 3468 πορφυρίδα

1236 2014 1302 2047 καὶ
1325 2014 1520 2054 στέφανον
1543 2012 1714 2061 χρυσοῦν
1729 2012 1958 2058 ἐλάμβανεν.
1977 2032 2012 2039 -
2035 2015 2105 2057 ple-

1235 2065 1331 2106 rique
1352 2065 1563 2105 incesserant]
1586 2064 1661 2097 Vox
1681 2065 1831 2106 plerique
1853 2064 2038 2098 manifesto
2054 2066 2105 2099 si-
2161 2070 2164 2075 '

1236 2115 1378 2157 gnificat
1400 2124 1564 2157 magnam
1582 2116 1686 2148 etiam
1703 2116 1942 2158 spectatorum
1965 2117 2105 2158 partem

1235 2167 1366 2198 Romae
1383 2166 1577 2207 sumpsisse
1594 2167 1747 2198 Graecos
1763 2166 1925 2206 amictus,
1950 2174 2104 2207 quorum

1236 2225 1317 2248 mox
1343 2224 1405 2248 eos
1429 2215 1605 2248 fastidium
1629 2216 1782 2257 ceperit,
1816 2216 1898 2257 quia
1922 2216 2025 2249 nimis
2047 2215 2104 2248 hi-

1236 2265 1421 2298 strionales
1456 2273 1497 2297 ac
1529 2265 1696 2298 dedecori
1726 2266 1790 2298 visi
1818 2266 1906 2305 sint3
1943 2264 2104 2300 aemulos

1236 2317 1331 2358 ipsos
1347 2317 1470 2358 poetas
1487 2317 1522 2348 et
1537 2316 1700 2349 rhetores
1715 2317 1760 2349 ita
1773 2318 1918 2350 vestitos
1933 2324 2103 2350 scaenam

1236 2367 1425 2400 incessisse
1442 2368 1720 2399 consentaneum
1737 2368 1801 2400 est.
1821 2384 1857 2390 -
1879 2366 2102 2409 exoleverunt]

1237 2417 1271 2449 Si
1294 2415 1681 2458 plusquamperfectum
1698 2425 1822 2449 verum
1839 2419 1905 2456 est,
1930 2416 2104 2458 significat

1237 2469 1353 2501 statim
1383 2469 1463 2509 post
1491 2468 1640 2500 Neronia
1669 2466 1724 2500 illa
1748 2469 1849 2509 quasi
1879 2468 2002 2508 tacito,
2037 2467 2103 2501 sed

1238 2518 1417 2550 communi
1441 2526 1629 2557 consensu,
1656 2517 1836 2560 depositos
1852 2526 1932 2550 esse
1950 2519 2103 2552 Graecos

1237 2568 1403 2600 amictus:
1429 2568 1476 2600 sio
1496 2577 1612 2600 waren
1637 2568 1741 2610 qleich
1763 2576 1826 2600 aus
1847 2569 1907 2600 der
1928 2568 2024 2601 Modo
2044 2577 2104 2610 9⁰-

1235 2619 1395 2651 hommen.

1281 2670 1334 2701 22.
1360 2670 1450 2701 sidus
1471 2668 1617 2711 cometes]
1648 2667 1743 2701 Alius
1766 2666 1896 2701 effulsit
1917 2676 1950 2701 a.
1974 2677 2010 2701 u.
2038 2667 2103 2701 8⁴7

1238 2719 1303 2759 (45,
1318 2719 1383 2760 47).
1410 2718 1479 2751 Sed
1495 2719 1589 2751 hunc
1605 2720 1804 2760 respexisse
1823 2718 1988 2751 videntur
2001 2716 2105 2760 Apol-

1237 2769 1351 2803 lonius
1375 2768 1537 2810 Myndius
1559 2768 1655 2810 apud
1677 2769 1849 2801 Senecam
1872 2769 1913 2800 N.
1940 2768 1979 2807 Q.
2005 2767 2037 2804 7,
2061 2768 2103 2801 ⁴7

1238 2823 1275 2853 et
1298 2821 1431 2852 Seneca
1457 2819 1531 2861 ipse
1555 2819 1587 2858 7,
1613 2819 1649 2851 Ἥ
1679 2819 1714 2851 et
1736 2818 1789 2850 29.
1817 2819 1867 2851 Ci.
1894 2817 1978 2851 Plin.
2001 2818 2042 2851 N.
2060 2818 2102 2851 H.

1237 2871 1257 2903 2
1282 2869 1300 2911 S
1325 2869 1378 2902 92.
1406 2868 1674 2901 Pseudoseneca
1690 2869 1831 2901 Octavia
1855 2877 1888 2900 v.
1907 2868 1990 2900 234:
2013 2868 2104 2901 vidi·

1236 2928 1310 2952 mus
1338 2920 1429 2952 caelo
1458 2918 1574 2951 iubare
1595 2918 1738 2958 Amans,
1770 2921 1931 2951 cometam
1955 2919 2104 2959 pandere

1236 2970 1389 3011 infestam
1409 2969 1527 3011 facem.
1548 2986 1583 2991 -
1601 2969 1818 3001 mutationem
1834 2969 1947 3011 regnis
1965 2973 2103 3010 porton-

1238 3021 1308 3063 dac]
1333 3020 1518 3052 Suetonius
1533 3020 1613 3052 Ner.
1633 3019 1692 3051 36:
1718 3020 1822 3052 Stella
1836 3020 1976 3060 crinita,
2001 3028 2104 3060 quae

1238 3071 1404 3102 summis
1421 3069 1705 3110 potestatibus
1725 3070 1911 3102 emitium
1929 3073 2102 3110 porton-

1238 3121 1335 3153 dere
1354 3120 1479 3162 vulgo
1499 3123 1693 3160 putatur,
1712 3128 1776 3160 per
1797 3121 1973 3152 continuas
1992 3122 2102 3152 noctu

1239 3171 1323 3202 oriri
1352 3173 1515 3210 coeperat.
1550 3187 1585 3192 —-
1622 3169 1818 3211 celebratur]
1853 3169 1916 3202 Hic
1949 3171 1989 3201 ut
2020 3168 2101 3202 alibi

1239 3229 1410 3263 praesens
1434 3222 1573 3262 tempus
1597 3219 1692 3260 eligit
1713 3221 1868 3260 Tacitus,
1894 3218 1954 3252 ubi
1970 3228 2102 3254 novum

1239 3273 1299 3304 aut
1318 3270 1558 3304 'memorabile
1588 3271 1799 3304 tradendum
1823 3269 1942 3302 babet.
1967 3270 2100 3303 Ruri-n.

1242 3339 1277 3345 —
1296 3322 1351 3354 cui
1372 3321 1525 3353 nobilitas
1542 3330 1606 3362 per
1627 3324 1769 3353 matrem
1791 3329 1834 3352 ex
1849 3320 1937 3352 Iulia
1958 3319 2103 3362 familia]

1239 3371 1328 3404 Vide
1346 3371 1391 3404 ad
1407 3371 1460 3410 43,
1479 3371 1540 3403 ⁴9:
1564 3371 1746 3404 Rubellium
1759 3370 1929 3410 Plautum,
1950 3378 2014 3410 per
2026 3378 2103 3403 mo-

1239 3426 1370 3456 ternam
1396 3422 1557 3464 oriqinem
1583 3421 1666 3462 pari
1691 3429 1734 3453 ac
1762 3420 1926 3452 Neronem
1946 3419 2059 3462 prada
2079 3427 2104 3452 a
