2254 3770
300 307 354 350 34
777 309 822 352 P.
855 308 1104 353 CORNELII
1134 309 1305 353 TACITI
1333 309 1603 355 ANNALIUM

301 414 440 459 donec
467 414 605 458 isdem
635 415 676 458 in
707 414 878 459 aestivis
909 421 1124 459 contracta
1145 429 1197 459 ex
1215 415 1370 459 viatico
1392 415 1626 459 amicorum
1647 415 1869 475 ipsiusque
1892 416 2089 461 Caesaris

299 491 484 547 pecunia
504 490 835 548 persolveretur.
866 491 1048 548 primam
1069 505 1119 535 ac
1148 491 1396 535 vicesimam
1425 490 1618 549 legiones
1640 492 1822 536 Caecina
1851 491 2016 549 legatus
2046 491 2090 535 in

299 565 511 609 civitatem
540 565 746 609 Ubiorum
775 566 963 617 reduxit,
996 567 1108 624 turpi
1140 567 1325 623 agmine,
1360 580 1457 610 cum
1486 565 1578 610 fisci
1609 565 1664 610 de
1693 567 1951 625 imperatore
1981 567 2090 625 rapti

298 641 408 684 inter
428 641 547 699 signa
568 640 764 699 interque
786 641 951 699 aquilas
970 641 1241 685 veherentur.
1288 641 1566 685 Germanicus
1597 642 1865 699 superiorem
1891 642 1944 686 ad
1967 656 2092 686 exer-

266 716 428 765 5citum
452 716 669 774 profectus
700 716 935 760 secundam
962 723 1004 760 et
1029 717 1196 761 tertiam
1220 717 1447 760 decumam
1468 723 1509 760 et
1529 723 1693 760 sextam
1713 716 1940 762 decumam
1958 717 2092 776 legio-

297 806 374 835 nes
405 791 506 835 nihil
536 797 754 836 cunctatas
785 798 1054 836 sacramento
1085 791 1226 849 adigit.
1274 791 1638 849 quartadecimani
1669 792 1846 850 paulum
1867 793 2091 838 dubitave-

296 873 408 910 rant:
440 868 623 925 pecunia
655 874 695 911 et
724 867 871 911 missio
902 867 1098 926 quamvis
1128 881 1212 910 non
1243 866 1530 925 flagitantibus
1567 867 1707 912 oblata
1737 875 1813 912 est.
1865 869 1950 949 (382
1979 875 2020 912 at
2050 869 2092 912 in

298 942 481 986 Chaucis
512 949 768 1000 coeptavere
799 942 1053 987 seditionem
1082 942 1347 1000 praesidium
1374 942 1580 1000 agitantes
1601 942 1806 987 vexillarii
1828 943 2091 988 discordium

296 1017 512 1076 legionum
551 1026 593 1062 et
628 1019 843 1076 praesenti
874 1018 1058 1061 duorum
1095 1017 1273 1061 militum
1303 1017 1514 1076 supplicio
1550 1017 1724 1076 paulum
1755 1019 1945 1077 repressi
1976 1025 2085 1063 sunt.

246 1094 481 1141 ioiusserat
510 1094 553 1138 id
580 1094 641 1138 Μ’.
664 1094 840 1145 EnniuS,
878 1100 1116 1138 castrorum
1136 1093 1400 1151 praefectus,
1434 1093 1548 1137 bono
1569 1094 1703 1151 magis
1735 1094 1931 1152 exemplo
1962 1108 2091 1153 quam

297 1183 504 1214 concesso
535 1170 639 1214 iure.
690 1169 846 1213 deinde
878 1169 1188 1213 intumescente
1225 1175 1341 1212 motu
1378 1168 1583 1226 profugus
1623 1176 1928 1228 repertusque,
1969 1175 2091 1228 post-

296 1259 425 1304 quam
446 1246 606 1289 intutae
628 1245 837 1296 latebrae,
867 1244 1131 1303 praesidium
1160 1244 1212 1288 ab
1245 1244 1426 1288 audacia
1455 1250 1687 1288 mutuatur:
1720 1259 1804 1289 non
1825 1245 2092 1303 praefectum

295 1320 348 1364 ab
378 1321 447 1371 iis,
481 1321 559 1365 sed
581 1321 881 1365 Germanicum
901 1320 1075 1371 ducem,
1108 1320 1186 1364 sed
1208 1320 1423 1364 Tiberium
1447 1320 1751 1378 imperatorem
1770 1320 1934 1364 violari.
1966 1320 2091 1365 simul

295 1397 506 1440 exterritis
542 1397 616 1455 qui
658 1396 909 1440 obstiterant
943 1402 1112 1453 raptum
1148 1395 1347 1439 vexillum
1387 1395 1441 1439 ad
1483 1395 1618 1453 ripam
1656 1396 1801 1447 vertit,
1844 1402 1886 1440 et
1921 1396 1955 1440 si
1995 1396 2092 1455 quis

245 1489 281 1519 45
295 1472 463 1531 agmine
483 1471 761 1525 decessisset,
793 1486 872 1530 pro
899 1471 1120 1515 desertore
1146 1471 1237 1515 fore
1267 1471 1487 1515 clamitans
1518 1471 1689 1515 reduxit
1718 1471 1761 1514 in
1791 1470 1973 1516 hiberna
2002 1479 2092 1516 tur-

294 1547 419 1592 bidos
450 1554 492 1592 et
521 1547 624 1591 nihil
655 1561 797 1592 ausos.
859 1548 940 1605 (39)
972 1548 1137 1591 interea
1166 1546 1295 1605 legati
1325 1546 1379 1590 ab
1410 1553 1561 1591 senatu
1591 1561 1838 1605 regressum
1869 1548 1953 1591 iam
1987 1554 2092 1606 aput

294 1637 410 1668 aram
442 1624 646 1669 Ubiorum
669 1623 969 1667 Germanicum
1000 1622 1170 1666 adeunt.
1222 1622 1334 1666 duae
1365 1622 1423 1666 ibi
1453 1622 1663 1681 legiones,
1695 1622 1834 1680 prima
1864 1629 1994 1681 atque
2025 1623 2091 1668 vi-

294 1700 500 1752 censima,
533 1699 813 1757 veteranique
838 1712 977 1757 nuper
997 1699 1115 1743 missi
1137 1698 1218 1742 sub
1238 1697 1394 1742 vexillo
1425 1697 1681 1743 hiemabant.
1718 1698 1898 1756 pavidos
1920 1705 1962 1743 et
1982 1712 2086 1744 con-

337 1829 368 1861 4.
391 1829 487 1861 istem
508 1828 542 1862 M
567 1845 603 1851 -
629 1828 662 1861 2.
687 1828 897 1860 uicessimam
919 1827 953 1860 M
978 1844 1015 1849 —
1040 1826 1073 1859 7.
1096 1825 1147 1859 Aa
1170 1824 1368 1868 (superscr.
1393 1824 1422 1867 t)
1445 1825 1479 1858 M
1503 1824 1560 1867 (At
1581 1823 1720 1867 margo)
1747 1842 1783 1848 —
1810 1826 1863 1859 40.
1886 1826 1946 1860 Μ’.
1962 1826 2093 1860 Ennius

292 1885 435 1927 Ruperti
459 1885 495 1917 et
517 1884 736 1927 Nipperdey:
763 1885 916 1916 mennius
938 1883 987 1922 M;
1012 1883 1060 1916 M.
1085 1883 1213 1915 Ennius
1237 1882 1411 1915 Heinsius.
1449 1881 1500 1914 Cf.
1517 1890 1592 1914 var.
1610 1881 1691 1914 lect.
1709 1882 1742 1921 2,
1768 1881 1800 1914 6.
1827 1881 1859 1920 3.
1888 1882 1943 1916 49.
1972 1883 2024 1923 43,
2047 1883 2091 1916 22

293 1943 329 1974 et
353 1942 526 1984 imprimis
550 1942 581 1983 3,
607 1942 661 1974 70.
691 1959 727 1964 -—
761 1941 815 1974 44.
840 1940 1039 1973 obsisteranc
1059 1940 1094 1974 M
1129 1957 1166 1963 -
1203 1939 1257 1972 45.
1283 1939 1436 1980 tumidos
1462 1947 1516 1981 pr.
1542 1939 1575 1972 M
1600 1956 1636 1961 -
1672 1938 1724 1971 46.
1749 1937 1903 1980 νθρνεεεᾶ
1927 1939 1961 1974 Μ
1985 1937 2020 1982 (ἄ
2043 1939 2088 1972 ab

291 1999 429 2032 recenti
451 2007 560 2032 manu
583 2007 673 2031 corr.
699 1999 735 2031 in
756 1998 785 2041 i)
813 2016 849 2022 —
875 1998 930 2031 47.
953 1998 1136 2030 uicensima
1160 1995 1291 2040 (littera
1313 2007 1336 2029 η
1360 1997 1490 2039 puncto
1514 1995 1648 2038 notata)
1674 1996 1718 2029 M.

291 2107 458 2141 munibus
493 2105 690 2139 commodis
723 2104 821 2146 loqui
854 2103 1029 2146 putandae
1068 2104 1162 2137 sunt.

290 2159 409 2191 WOLF.
431 2175 466 2181 —
492 2156 579 2189 inter
600 2155 707 2197 siyna]
734 2156 790 2187 Sic
813 2154 858 2187 ad
880 2155 979 2196 signa
1003 2154 1165 2196 depone-

289 2207 394 2241 batur
410 2207 561 2250 pecunia
578 2207 612 2238 et
629 2204 848 2247 singulorum
865 2205 1018 2246 (Sueton.
1034 2205 1161 2236 Domit.

290 2259 335 2299 7.)
361 2259 397 2290 et
419 2255 559 2299 publica
584 2255 628 2288 ad
649 2255 824 2297 stipendia
841 2254 1019 2296 eroganda
1035 2263 1164 2287 neces—

290 2309 398 2347 saria,
432 2307 518 2340 item
549 2306 721 2346 donativi,
756 2304 852 2347 quod
883 2304 1012 2338 milites
1036 2313 1165 2338 conse-

289 2357 509 2400 quebantur,
536 2355 678 2389 dimidia
702 2363 797 2397 pars.
833 2355 956 2396 Veget.
981 2356 1014 2394 2,
1040 2355 1095 2387 20.
1124 2372 1160 2377 —

287 2407 476 2448 secundam]
490 2406 672 2448 Auqustam
683 2405 794 2437 Inscr.
808 2405 896 2437 Latt.
911 2414 946 2437 n.
956 2405 1052 2437 6020.
1064 2404 1160 2437 6937.

292 2476 327 2481 -
354 2458 487 2490 tertiam
517 2454 701 2497 decumam]
734 2454 908 2487 Geminam
935 2455 1045 2488 Inscr.
1071 2455 1159 2487 Latt.

289 2517 323 2540 n.
341 2507 438 2540 6767.
458 2507 553 2540 6855.
577 2523 613 2530 -
638 2508 769 2538 sextam
790 2504 972 2547 decumam]
998 2505 1163 2538 Gallicam

286 2559 398 2591 Inscr.
416 2558 504 2590 Latt.
519 2566 554 2589 n.
569 2556 666 2589 6795.
687 2572 721 2580 —
741 2555 1039 2597 quartadecimani]
1055 2556 1161 2597 Legio

287 2608 375 2640 XlV.
413 2607 554 2640 Gemina
591 2605 721 2639 Martia
759 2605 887 2638 Victrix
925 2605 1036 2638 Inscr.
1069 2606 1159 2638 Latt.

287 2667 321 2691 n.
347 2657 444 2691 5480.
470 2656 556 2690 7420
570 2665 602 2688 a.

331 2708 384 2741 38.
415 2711 451 2740 at
478 2707 514 2739 in
538 2707 786 2740 Chaucis--et
814 2705 983 2746 praesenti
1005 2706 1089 2746 cet.]
1119 2707 1161 2739 At

287 2760 321 2791 iu
336 2757 487 2791 Chaucis
501 2765 643 2798 quoque
661 2755 843 2788 turbatum
859 2757 913 2788 est
925 2764 943 2787 a
957 2754 1158 2788 vexillariis.

285 2810 373 2842 Nam
398 2808 504 2840 etiam
528 2808 608 2849 post
629 2806 818 2838 Varianam
842 2804 981 2838 cladem
1009 2805 1045 2838 in
1068 2806 1162 2838 inte-

285 2859 378 2891 riore
392 2857 579 2890 Germania
592 2856 769 2898 praesidia
781 2857 883 2888 erant
897 2855 1030 2895 relicta,
1047 2856 1161 2888 Chau-

286 2910 389 2951 cique
413 2908 500 2941 socii
523 2906 696 2949 imprimis
721 2907 913 2939 constantis
930 2905 1024 2939 fidei.
1052 2907 1161 2939 Inter-

285 2959 418 2991 iectum
449 2961 480 2990 et
515 2957 654 2998 egregie
691 2957 854 2998 exprimit
888 2955 1089 2989 facilitatem
1125 2957 1160 2989 et

286 3007 504 3040 celeritatem
526 3006 590 3039 rei.
609 3006 727 3039 Wouv.
754 3006 804 3039 Cf.
823 3007 911 3038 Ann.
931 3006 961 3045 4,
980 3006 1033 3038 60.
1059 3006 1091 3046 2,
1110 3005 1157 3045 7.;

284 3059 408 3099 postea
433 3056 641 3090 deiecerunt
664 3064 684 3088 a
707 3056 884 3095 Romanis,
910 3056 998 3088 Ann.
1024 3055 1076 3095 44,
1103 3055 1156 3088 48.

284 3107 372 3140 Hist.
398 3106 436 3147 4,
462 3106 517 3139 79.
549 3106 581 3146 5,
608 3105 661 3138 49.
697 3104 771 3137 Alia
800 3104 976 3146 praesidia
1001 3106 1158 3138 Romana

284 3158 369 3189 tunc
401 3157 502 3189 erant
530 3155 625 3198 apud
649 3155 795 3195 Frisios,
825 3156 913 3187 Ann.
939 3154 978 3195 4,
1003 3155 1057 3188 72.
1092 3155 1157 3188 Dio

284 3206 343 3245 64,
371 3206 424 3240 32.
471 3207 523 3239 De
549 3205 700 3239 Chaucis
725 3204 768 3237 cf.
788 3206 907 3237 Germ.
933 3213 965 3237 c.
991 3204 1044 3236 35.
1093 3205 1158 3237 Mi-

284 3263 403 3288 seram
436 3263 560 3288 eorum
586 3255 696 3288 vitam
720 3253 872 3287 facunde
897 3253 1066 3286 describit
1088 3253 1157 3286 Pli-

283 3304 362 3337 nius
391 3306 431 3337 N.
465 3306 505 3338 H.
539 3305 598 3345 46,
632 3306 663 3337 4.
690 3320 726 3326 -
759 3303 940 3343 vexillarii]
973 3311 1044 3335 non
1075 3304 1158 3336 sunt

283 3353 410 3394 iidem,
450 3356 509 3396 qui
541 3363 571 3387 c.
598 3354 639 3387 47
668 3353 759 3394 apud
787 3353 947 3386 vexillum
975 3353 1154 3393 tendentes,

283 3411 314 3436 c.
341 3404 383 3437 36
416 3405 533 3437 retenti
567 3403 625 3436 sub
656 3403 797 3444 vexillo,
843 3411 874 3435 c.
900 3402 941 3435 39
974 3402 1067 3434 missi
1098 3402 1157 3434 sub

281 3454 422 3492 υοωίιὶος
465 3461 548 3486 nam
584 3455 773 3487 veteranos
819 3454 895 3486 tum
939 3452 975 3485 in
1013 3452 1155 3486 aestivis

1215 2103 1260 2136 ad
1290 2103 1401 2136 Rheni
1433 2103 1547 2145 ripam
1582 2101 1690 2134 fuisse
1719 2102 1868 2143 apparet
1896 2110 1939 2134 ex
1970 2111 2001 2135 c.
2027 2102 2083 2136 35.

1215 2152 1284 2185 Sed
1323 2152 1493 2185 veaeillarii
1535 2151 1699 2193 legionum
1736 2151 1901 2184 dicuntur
1938 2151 2086 2193 milites,

1215 2203 1275 2243 qui
1299 2211 1342 2235 ex
1364 2200 1561 2243 legionibus
1589 2200 1717 2234 delecti
1747 2200 1792 2233 ab
1823 2200 1949 2243 aquilis
1981 2210 2090 2244 sepa-

1213 2253 1278 2285 rati
1301 2251 1368 2285 sub
1391 2251 1525 2284 vexillis
1549 2252 1698 2293 propriis
1721 2250 1929 2284 militabant.
1976 2251 2088 2284 Iidem

1214 2303 1385 2335 vocantur
1416 2302 1543 2334 vexilla
1575 2301 1740 2343 legionum
1768 2301 1807 2342 4,
1843 2301 1897 2334 73.
1946 2301 1998 2335 Cf.
2031 2302 2085 2342 45,

1212 2354 1273 2386 26:
1303 2352 1428 2385 vexilla
1450 2352 1649 2385 delectorum
1671 2361 1714 2385 ex
1734 2352 1867 2392 Illyrico
1890 2355 1921 2385 et
1941 2352 2091 2394 Aegypto

1213 2403 1234 2435 i.
1256 2411 1287 2435 e.
1312 2401 1522 2444 legionarios
1546 2400 1704 2435 delectos
1728 2410 1770 2434 ex
1793 2400 1934 2443 Illyrico
1959 2403 1994 2434 et
2014 2404 2087 2435 Ae-

1212 2453 1333 2494 gypto.
1368 2469 1404 2476 -
1442 2451 1662 2494 discordium]
1705 2450 1947 2491 turbidarum,
1989 2451 2087 2484 sedi-

1212 2502 1399 2541 tiosarum,
1424 2510 1514 2533 non:
1550 2501 1641 2534 inter
1668 2509 1708 2534 se
1735 2500 2019 2543 disceptantium.
2045 2517 2083 2525 —-

1210 2552 1269 2585 Μ’.
1297 2552 1442 2591 Ennius,
1477 2555 1664 2584 castrorum
1691 2551 1894 2593 praefectus]
1923 2552 2085 2585 Fortasse

1211 2601 1308 2635 idem
1324 2602 1395 2642 est,
1422 2610 1530 2643 quem
1546 2602 1703 2634 nominat
1719 2602 1781 2634 Dio
1798 2601 1853 2642 55,
1872 2601 1914 2634 33
1937 2598 2086 2635 Μάνιον

1202 2647 1375 2692 Ἕννιον,
1414 2649 1664 2699 φρούραρχον
1701 2651 1861 2692 Σισκίας
1899 2653 1949 2692 (a.
1985 2652 2083 2695 76⁴).

1211 2704 1324 2736 Etiam
1354 2711 1385 2735 c.
1410 2703 1465 2735 20.
1498 2703 1556 2741 43,
1588 2702 1642 2734 39.
1676 2701 1736 2742 44,
1772 2702 1826 2735 37.
1862 2702 1950 2735 Hist.
1975 2703 2014 2743 2,
2039 2702 2084 2735 29

1210 2752 1380 2796 praefecti
1403 2753 1602 2785 castrorum
1626 2752 1767 2785 duobus
1791 2751 1994 2785 nominibus
2017 2761 2084 2794 ap-

1211 2802 1397 2846 pellantur.
1441 2803 1594 2835 Mermius
1623 2803 1819 2835 Romanum
1851 2810 1981 2835 nomen
2011 2810 2084 2835 non

1211 2855 1275 2887 est.
1298 2870 1332 2876 -
1351 2852 1434 2885 bono
1448 2861 1493 2885 m.
1513 2852 1673 2895 exmplo]
1698 2853 1720 2885 i.
1740 2861 1771 2886 e.
1790 2851 1863 2885 utili
1887 2852 1931 2885 ad
1954 2860 2032 2885 rem
2047 2853 2084 2884 et

1210 2905 1245 2937 in
1268 2902 1441 2936 similibus
1458 2903 1572 2935 causis
1589 2902 1771 2935 imitando.
1798 2902 1846 2935 Cf.
1869 2911 1888 2934 e
1906 2903 2082 2936 contrario

1211 2954 1282 2986 Liv.
1301 2953 1355 2993 34,
1373 2954 1412 2986 2:
1437 2953 1498 2985 vioe
1519 2955 1665 2985 statuere
1687 2951 1778 2992 apud
1799 2952 1951 2984 animum
1972 2959 2082 2984 meum

1205 3011 1351 3045 possum,
1364 3005 1479 3035 utrum
1490 3003 1586 3045 peior
1599 3002 1673 3042 ipsa
1687 3010 1742 3034 res
1752 3010 1797 3033 an
1810 3002 1922 3042 peiore
1931 3001 2082 3042 exemplo

1209 3056 1347 3095 agatur.
1362 3069 1398 3075 —
1419 3061 1522 3094 quam
1536 3060 1685 3085 concesso
1700 3051 1784 3094 iuro]
1802 3059 1885 3084 nam
1901 3049 1966 3084 soli
1982 3059 2083 3084 exer-

1209 3104 1299 3137 citus
1334 3102 1416 3135 duci
1453 3103 1529 3135 erat
1565 3103 1619 3134 ius
1650 3099 1777 3134 milites
1807 3099 1978 3142 supplicio
2007 3099 2082 3133 affl-

1189 3153 1338 3187 'ciendi.
1365 3152 1416 3186 Cf.
1442 3152 1507 3185 Dio
1530 3151 1584 3192 53,
1610 3151 1663 3184 ⁴3.
1689 3151 1744 3191 δῦ,
1762 3150 1817 3183 22.
1838 3167 1874 3174 -
1899 3150 2079 3193 eoelerritt's]

1208 3204 1418 3246 necopinato
1452 3205 1588 3235 terrore
1621 3199 1806 3244 perculsis.
1846 3218 1882 3224 —
1920 3200 2078 3243 turbidos]

1208 3255 1427 3296 perterritos.

1250 3304 1305 3338 39.
1338 3311 1439 3336 aram
1471 3301 1639 3344 Ubiomm]
1673 3302 1708 3334 in
1740 3299 1907 3336 Ubiorum
1938 3300 2077 3334 civitate

1208 3354 1284 3387 sive
1310 3352 1453 3387 Colonia
1475 3352 1722 3395 Agrippinensi
1746 3351 1843 3392 (nist.
1862 3351 1894 3391 4,
1919 3351 1961 3384 56
1985 3351 2021 3384 et
2041 3350 2075 3391 4,

1206 3405 1275 3445 25.)
1294 3404 1368 3437 eive
1384 3403 1673 3446 Agrippinensium
1692 3401 1745 3443 (H.
1762 3400 1795 3441 4,
1813 3401 1894 3442 20.),
1919 3400 2079 3435 hibernis

1204 3454 1281 3486 tum
1302 3453 1439 3495 primae
1463 3454 1499 3486 et
1520 3452 1711 3485 vicesimae
1734 3449 1930 3493 legionum,
1956 3450 1994 3483 ut
2014 3457 2076 3493 ap-
