2254 3770
812 273 967 319 LIBER
993 274 1076 318 XV.
1122 274 1223 333 Cap.
1252 275 1321 319 74.
1880 276 1961 319 543

178 381 361 439 ciperet;
400 379 604 438 templum
642 378 774 424 Saluti
815 386 1085 424 extrueretur
1113 393 1166 424 eo
1196 379 1299 433 loci,
1341 394 1396 425 ex
1424 394 1511 440 quo
1541 381 1775 425 Scaevinus
1805 381 1963 425 sermm

176 462 457 514 prompserat.
498 455 592 513 ipse
630 469 728 499 eum
758 455 986 513 pugionem
1023 454 1138 512 apud
1170 455 1420 513 Capitolium
1451 456 1634 500 sacravit
1662 456 1963 515 inscripsitque

176 532 264 574 lovi
294 530 466 574 vindici.
514 530 556 573 in
595 543 802 588 praesens
833 530 946 573 haud
975 529 1343 583 animadversum3
1384 537 1481 588 post
1509 545 1626 575 arma
1654 530 1746 574 Iulii
1777 531 1963 575 Vindicis

175 605 230 650 ad
259 605 500 663 auspicium
529 612 572 649 et
596 605 869 663 praesagium
897 604 1063 649 futurae
1092 604 1263 648 ultionis
1294 605 1552 650 trahebatur.
1582 605 1753 664 reperio
1783 606 1826 648 in
1847 619 1964 649 com-

175 680 392 724 mentariis
422 686 596 724 senatus
617 679 826 724 Cerialem
847 680 1060 730 Anicium,
1093 679 1312 724 consulem
1332 679 1618 738 designatum,
1649 694 1729 739 pro
1755 680 1995 724 sententias

175 755 353 807 dixisse,
383 761 431 798 ut
458 754 665 813 templum
693 754 793 798 divo
812 755 969 798 Neroni
990 768 1118 812 quam
1141 755 1388 799 maturrime
1418 755 1590 813 publica
1618 756 1801 814 pecunia
1831 769 1966 814 pone-

175 837 304 874 retur.
349 829 467 888 quod
497 829 675 887 quidem
704 829 773 873 ille
804 829 1066 874 decernebat
1096 836 1311 888 tamquam
1339 830 1520 874 mortale
1549 831 1758 889 fastigium
1787 844 1965 889 egresso

174 912 218 949 et
253 905 574 949 venerationem
609 904 827 948 hominum
865 904 1039 955 merito,
1085 904 1118 961 -1-
1147 906 1418 963 quorundam
1459 905 1514 949 ad
1550 907 1691 951 omina
1725 905 1870 950 dolum
1899 906 1964 949 sui

175 980 312 1024 exitus
331 985 590 1024 verteretur:
622 993 722 1022 nam
741 979 870 1023 deum
897 979 1034 1023 honor
1058 980 1240 1038 principi
1262 994 1348 1024 non
1369 987 1465 1024 ante
1486 981 1668 1025 habetur
1688 996 1818 1040 quam
1837 995 1966 1039 agere

176 1055 284 1099 inter
312 1054 507 1098 homines
537 1054 724 1101 desierit.
1978 1075 2016 1104 ιο

242 1194 272 1226 4.
297 1193 360 1226 loci
378 1219 385 1226 .
403 1219 410 1226 .
426 1217 436 1226 .
453 1202 498 1226 ex
519 1192 736 1235 Nipperdey.
765 1210 800 1215 —
827 1192 858 1226 3.
883 1193 1019 1226 vindici.
1043 1193 1080 1225 id
1100 1193 1136 1225 in
1154 1202 1314 1234 praesens
1337 1193 1610 1227 Freinshemius.
1638 1212 1673 1218 —
1700 1194 1732 1228 4.
1757 1196 1910 1237 repperio
1932 1197 1966 1230 M

178 1267 214 1272 —
240 1249 273 1282 7.
298 1250 515 1296 tanquam'M
541 1267 576 1272 —
603 1249 636 1282 8.
661 1253 692 1281 et
714 1249 763 1282 M:
790 1251 827 1281 at
848 1249 1063 1291 Nipperdey.
1093 1267 1128 1272 —
1153 1250 1398 1283 venerationem
1416 1250 1621 1284 Rhenanus:
1646 1253 1818 1285 ueneratio
1841 1253 1967 1287 itemM

180 1323 216 1329 —
240 1305 409 1338 hominum
431 1306 482 1339 M:
507 1306 682 1338 numinum
704 1306 859 1339 Ursinus.
879 1323 915 1328 —
941 1305 1058 1338 merito
1080 1306 1291 1347 quorundam
1314 1307 1359 1338 ad
1381 1307 1495 1339 omina
1517 1307 1629 1339 dolum
1651 1308 1700 1341 M:
1727 1309 1857 1349 merito,
1882 1316 1967 1349 quo-

175 1362 322 1394 rundam
341 1362 614 1403 interpretatione
634 1362 680 1394 ad
701 1370 793 1394 omen
816 1370 858 1394 ac
871 1365 984 1394 votum
997 1362 1108 1394 Raim.
1126 1362 1294 1403 Seyffert;
1317 1363 1449 1403 merito,
1472 1372 1548 1396 cum
1569 1364 1781 1403 quorundam
1795 1365 1969 1398 admonitu

177 1418 223 1450 ad
243 1427 338 1451 omen
359 1417 644 1459 Bezzenberger;
668 1418 797 1457 merito,
823 1426 966 1458 quorum
987 1418 1159 1450 admonitu
1173 1419 1218 1451 ad
1233 1422 1347 1451 votum
1368 1418 1591 1462 Nipperdey;
1615 1421 1754 1453 merito:
1776 1421 1865 1453 Nero
1880 1429 1966 1462 pro-

175 1473 295 1514 hibuit,
318 1482 359 1506 ne
381 1475 593 1515 quorundam
613 1474 708 1506 dolus
729 1475 776 1506 ad
797 1474 911 1507 omina
933 1475 1067 1513 Haase3
1099 1476 1230 1516 merito,
1253 1476 1311 1508 sed
1331 1476 1401 1516 ipso
1418 1476 1603 1517 prohibuit,
1634 1487 1676 1511 ne
1695 1478 1969 1519 interpretatione

177 1531 387 1585 qumnqgm
409 1531 454 1563 aa
477 1529 577 1563 omen·
592 1531 704 1563 acm
719 1529 886 1578 Halmius.
907 1548 943 1554 -
969 1531 1001 1564 9.
1027 1529 1082 1564 αηῑ
1104 1532 1139 1565 M
1154 1548 1190 1554 -—
1217 1532 1271 1564 ιο.
1296 1532 1438 1565 dasem.
1464 1532 1595 1566 Comen·
1618 1533 1721 1567 Tacita·
1742 1520 1858 1576 Εωρῖ
1870 1534 1968 1567 Liber

176 1585 245 1619 XV.
268 1586 371 1628 Incip.
396 1586 478 1619 liber
499 1587 583 1619 XVI.

178 1704 232 1737 ⁴7.
253 1722 289 1728 —
314 1705 391 1737 divo
405 1704 542 1747 Neroni]
558 1704 598 1737 ut
611 1705 752 1738 iamiam
768 1705 953 1747 apotheosi
968 1704 1044 1737 eius
1094 1705 1273 1738 Sententia
1296 1704 1365 1738 loci
1388 1707 1544 1749 corrupti
1567 1707 1657 1740 haec
1679 1707 1752 1741 fere
1768 1707 1849 1741 suit:
1876 1717 1966 1742 «non

178 1752 287 1792 facta:
312 1756 435 1787 contra
457 1755 636 1796 inscriptio
658 1753 874 1796 templorum
889 1756 1044 1796 Augusto
1095 1754 1251 1788 defuisse
1274 1756 1406 1796 tamen,
1432 1758 1490 1798 qui
1514 1758 1548 1790 in
1572 1758 1640 1791 hac
1659 1759 1769 1791 Anicii
1792 1760 1966 1793 sententia

178 1803 258 1836 vivo
281 1805 541 1837 exstructorum
564 1805 640 1837 erat
666 1803 816 1837 ROMAE
836 1804 894 1836 ET
911 1804 1045 1837 AVGV-
1096 1813 1203 1838 omen
1233 1806 1422 1848 propinqui
1453 1808 1567 1841 exitus
1589 1809 1739 1842 Neronis
1761 1809 1965 1851 praesagire

178 1852 270 1894 STO,
285 1855 361 1887 sine
378 1854 533 1897 epitheto
549 1854 599 1887 DI
602 1853 664 1887 VO.
685 1871 721 1878 —-
735 1855 947 1895 quorundam
962 1854 1045 1895 cet]
1096 1855 1164 1889 sibi
1186 1855 1426 1890 viderentur.»
