2254 3770
783 290 939 338 mei
965 290 1035 337 xl.
1064 291 1165 350 cap.
1193 292 1234 336 5.
1262 291 1303 336 6.
1329 290 1372 336 7.
1883 287 1972 333 3⁴5

201 400 446 446 mercedem
472 400 642 458 negotia
669 406 858 459 agantur,
887 398 1093 458 pauciora
1110 399 1222 444 sore:
1253 413 1366 444 nunc
1393 398 1631 444 inimicitias
1659 397 1965 450 accusationes,

201 476 299 521 odia
327 482 371 520 et
397 475 573 520 iniurias
600 475 751 528 foveri,
789 482 838 520 ut
865 489 953 534 quo
987 475 1117 520 modo
1149 475 1216 519 vis
1247 474 1495 519 morborum
1521 474 1657 533 pretia
1683 472 1964 524 medentibus,

199 551 263 596 sic
289 550 367 595 sori
395 551 518 596 tabes
544 551 772 609 pecuniam
798 550 1016 596 advocatis
1044 551 1160 595 ferat.
1190 550 1482 595 meminissent
1505 550 1582 595 Gai
1606 549 1749 599 Asinii,
1778 549 1836 593 Μ.
1857 549 1968 592 Mes-

198 624 325 678 salae,
355 639 407 672 ac
433 627 718 671 recentiorum
746 627 929 670 Arruntii
959 633 1002 671 et
1027 626 1266 671 Aesernini:
1297 625 1351 670 ad
1380 639 1547 669 summa
1573 630 1800 683 provectos
1827 624 1968 668 incor-

198 707 320 760 rupta
356 701 443 745 vita
471 707 514 745 et
546 701 756 746 facundia.
798 701 895 745 talia
925 701 1093 746 dicente
1121 700 1298 745 consule
1327 700 1564 758 designato,
1604 699 1999 744 consentientibus⁵

197 776 300 827 aliis,
331 777 562 835 parabatur
579 777 787 821 sententia
806 790 893 835 qua
911 777 1005 834 lege
1028 776 1362 835 repetundarum
1390 782 1646 827 tenerentur,
1676 789 1776 820 cum
1793 774 1966 819 Suillius

197 858 240 896 et
266 852 544 897 Cossutianus
573 858 616 896 et
645 852 793 902 ceteri,
831 852 905 911 qui
933 865 1019 896 non
1047 851 1269 902 iudicium,
1309 851 1470 909 quippe
1506 852 1551 894 in
1585 851 1848 901 manifestos,
1887 849 1965 894 sed

194 940 379 986 poenam
405 927 533 971 statui
561 927 773 977 videbant,
805 927 1119 972 circumsistunt
1147 927 1391 978 Caesarem,
1420 932 1519 970 ante
1547 933 1640 971 acta
1670 926 1964 984 deprecantes.

195 1003 251 1060 (7)
280 1008 324 1047 et
351 1007 578 1060 postquam
606 1002 767 1054 annuit,
804 1003 866 1046 ita
898 1016 1027 1060 agere
1055 1002 1278 1060 incipiunt:
1320 1015 1449 1061 quem
1478 991 1596 1045 illum
1623 1008 1737 1046 tanta
1765 1001 1967 1059 superbia

194 1090 292 1122 esse
330 1083 379 1121 ut
412 1077 704 1122 aeternitatem
739 1077 876 1122 famae
916 1091 995 1136 spe
1031 1078 1307 1136 praesumat?
1343 1077 1440 1121 usui
1479 1083 1522 1122 et
1559 1077 1690 1121 rebus
1727 1076 1965 1120 subsidium
1979 1082 2016 1113 ⁴⁰

195 1153 456 1212 praeparari,
485 1166 541 1197 ne
569 1153 667 1211 quis
695 1153 840 1211 inopia
868 1153 1173 1197 advocatorum
1202 1153 1446 1211 potentibus
1473 1151 1684 1196 obnoxius
1714 1152 1780 1196 sit.
1825 1165 1966 1210 neque

191 1234 334 1273 tamen
363 1227 648 1287 eloquentiam
682 1228 862 1286 gratuito
891 1228 1154 1286 contingere:
1195 1229 1328 1272 omitti
1357 1242 1482 1272 curas
1510 1227 1756 1278 familiares,
1794 1233 1840 1271 ut
1868 1228 1965 1285 quis

193 1313 241 1348 se
279 1303 428 1348 alienis
467 1304 650 1362 negotiis
689 1304 890 1348 intendat.
938 1303 1094 1348 multos
1126 1303 1291 1353 militia,
1329 1302 1540 1361 quosdam
1568 1301 1809 1347 exercendo
1838 1316 1965 1360 agros

193 1378 374 1423 tolerare
395 1379 542 1432 vitam3
573 1379 674 1422 nihil
697 1393 721 1422 a
741 1392 959 1437 quoquam
978 1379 1130 1437 expeti,
1161 1379 1241 1423 nisi
1262 1379 1384 1423 cuius
1403 1379 1562 1423 fructus
1591 1384 1689 1422 ante
1717 1377 1961 1436 providerit.

189 1454 310 1498 facile
338 1454 527 1498 Asinium
556 1460 600 1498 et
627 1454 862 1505 Messalam,
893 1455 1002 1498 inter
1029 1455 1255 1498 Antonium
1278 1461 1322 1498 et
1341 1456 1575 1511 Augustum
1602 1453 1810 1498 bellorum
1839 1458 2014 1511 prae-⁴5

189 1529 286 1573 miis
322 1528 517 1580 refertoS‚
558 1535 630 1573 aut
658 1528 807 1573 ditium
842 1527 1093 1573 familiarum
1126 1527 1329 1579 heredes,
1371 1530 1628 1573 Aeserninos
1658 1535 1701 1573 et
1729 1530 1960 1578 Arruntios,

190 1617 388 1662 maguum
428 1605 615 1648 animum
649 1603 852 1649 induisse.
900 1611 1095 1662 prompta
1123 1604 1204 1649 sibi
1234 1604 1446 1663 exempla,
1486 1605 1655 1663 quantis
1692 1604 1962 1649 mercedibus

255 1743 286 1776 4.
310 1744 444 1786 myctia
470 1747 619 1786 agantur
647 1744 827 1778 Heinsius:
856 1744 1027 1786 nepotiane
1052 1744 1086 1778 Μ
1107 1752 1208 1778 erasa
1230 1744 1266 1777 in
1288 1744 1358 1777 fine
1379 1743 1494 1777 littera
1515 1743 1571 1776 vel
1594 1744 1678 1777 nota
1699 1743 1831 1785 aliqum
1860 1753 1963 1787 noyo—

189 1802 318 1834 &aanor
340 1800 415 1840 alii;
439 1801 572 1843 negotia
592 1804 751 1834 tueantur
773 1803 815 1839 G;
842 1803 975 1844 negotia
996 1805 1074 1835 eant
1094 1803 1120 1834 1.
1138 1802 1174 1834 F.
1192 1802 1404 1841 Gronovius;
1427 1802 1562 1843 myctia
1578 1803 1664 1843 flant
1684 1800 1959 1843 Bezzenberger.

191 1874 237 1882 —
257 1858 291 1890 2.
315 1855 395 1898 fitia
421 1856 581 1899 (praetia)
610 1858 644 1891 Μ
669 1875 706 1880 -
741 1857 774 1890 3.
796 1858 868 1899 gali
896 1858 949 1898 Μ,
984 1857 1021 1890 id
1051 1857 1147 1899 quod
1175 1857 1269 1890 aliud
1298 1858 1334 1890 in
1356 1857 1425 1890 hoc
1445 1857 1569 1891 codice
1592 1866 1662 1891 non
1685 1859 1740 1891 est
1762 1865 1870 1899 quam
1890 1859 1963 1900 yaii

189 1913 321 1957 (galbae
342 1913 428 1948 falso
451 1914 508 1947 hic
531 1914 597 1947 sihi
619 1914 741 1947 videre
762 1915 860 1947 visus
874 1915 930 1947 est
943 1914 1144 1956 Victorius);
1168 1913 1299 1947 delevit
1313 1913 1492 1948 Walthero
1508 1915 1652 1947 auctore
1667 1915 1828 1954 Ritterus,
1854 1922 1960 1955 quem

187 1970 299 2003 secuti
321 1971 403 2003 sunt
425 1969 597 2009 Halmius,
621 1971 835 2013 Nipperdey,
860 1971 986 2005 Haase.
1004 1988 1042 1996 —
1067 1972 1114 2005 Μ.
1130 1972 1293 2004 Messalae
1314 1971 1493 2005 Heinsius:
1515 1972 1674 2004 messalae
1695 1971 1746 2010 Μ;
1771 1974 1803 2003 et
1823 1970 1961 2004 Messal-

185 2026 239 2059 lae
259 2027 406 2068 Lipsius.
434 2043 470 2050 -
495 2025 526 2059 4.
553 2024 658 2059 aretii
679 2028 712 2060 Μ
736 2044 772 2050 -
796 2031 969 2067 prouectas
989 2029 1063 2069 (pro
1082 2036 1146 2070 per
1164 2027 1425 2070 compendium)
1450 2036 1543 2061 corr.
1560 2028 1612 2061 Μ;
1633 2024 1771 2068 fiwctos
1792 2036 1845 2069 pr.
1865 2028 1897 2060 Μ
1922 2045 1958 2050 -

186 2083 218 2115 7.
243 2082 277 2115 in
294 2079 579 2124 mallmauifestos
600 2084 634 2116 Μ
658 2101 694 2107 -
718 2083 751 2116 8.
773 2093 943 2117 caesarem
964 2093 1142 2127 superscr.
1158 2085 1328 2117 claudium
1348 2085 1382 2118 Μ
1399 2102 1436 2108 -
1460 2082 1633 2126 desiccatos
1654 2085 1688 2118 Μ
1713 2103 1749 2109 -
1773 2085 1805 2117 9.
1831 2084 1960 2123 annuit,

184 2139 235 2171 ita
256 2147 355 2180 agere
370 2138 642 2172 Weissenborn:
668 2142 786 2173 annuit
807 2144 915 2173 tacere
937 2150 989 2183 pr.
1009 2141 1060 2180 Μ;
1085 2142 1204 2174 annuit
1226 2150 1324 2183 agere
1346 2149 1437 2173 corr.
1455 2141 1507 2178 Μ;
1532 2142 1669 2181 annuit,
1693 2142 1801 2174 iacere
1823 2141 1960 2173 Freins-

185 2194 338 2227 hemius.
364 2212 400 2218 —
427 2195 480 2227 40.
503 2195 594 2236 same
615 2196 648 2229 Μ
674 2214 709 2219 -
735 2196 832 2229 rebus
854 2197 904 2230 M:
936 2198 1002 2230 reis
1025 2198 1077 2230 Fr.
1102 2197 1218 2230 Iacob.
1246 2215 1282 2220 —
1308 2197 1361 2230 44.
1378 2197 1585 2238 praeparari
1607 2198 1654 2229 G:
1674 2205 1884 2238 praeparare
1906 2198 1937 2230 Μ
1951 2208 1958 2233 ;

180 2253 303 2293 parari
326 2252 452 2285 Haase.
479 2269 515 2275 -
542 2253 596 2285 42.
620 2252 741 2295 tamen]
764 2254 864 2286 talem
885 2253 1107 2287 Doederlein.
1128 2272 1165 2278 —-
1192 2254 1243 2286 43.
1268 2263 1302 2287 se
1323 2253 1452 2287 delevit
1474 2254 1648 2287 Heinsius.
1669 2270 1703 2276 —
1731 2252 1783 2286 44.
1808 2253 1962 2285 tollerare

185 2316 240 2350 pr.
263 2308 298 2341 Μ
322 2325 359 2332 -
383 2307 485 2341 niem
506 2309 539 2341 Μ
565 2327 600 2332 -
619 2310 809 2350 prosciderit
831 2310 906 2352 (per
929 2309 1190 2353 compendium)
1215 2311 1265 2344 M:
1283 2311 1492 2352 praeviderit
1511 2310 1676 2344 Pichena.
1694 2327 1730 2333 —
1758 2309 1812 2342 46.
1836 2310 1961 2342 eserni-

182 2373 243 2397 πω
264 2365 298 2398 Μ
321 2381 358 2388 -
382 2362 531 2397 annitius
551 2365 596 2399 Μ.

185 2475 263 2508 olim
284 2476 431 2509 onmium
450 2477 579 2510 artium
592 2477 726 2510 donam
738 2478 814 2520 Ῑὶιὶι.
830 2497 874 2503 -
895 2479 1046 2521 sordidis]

184 2524 416 2568 βαναύσοις,
445 2528 576 2570 quippe
599 2529 749 2570 pecunia
773 2530 923 2575 emptis.
947 2530 1046 2562 Ovid.

184 2579 262 2610 Am.
295 2577 328 2615 4,
354 2577 408 2616 40,
433 2577 494 2610 39:
534 2577 638 2619 Turpe
666 2587 741 2611 reos
770 2582 882 2619 empta
911 2580 1048 2612 miseros

183 2627 352 2668 desendeoe
372 2627 500 2669 linqua.
527 2645 564 2651 —
591 2629 656 2662 Gai
677 2629 783 2662 Asinii
805 2631 852 2662 M.
876 2630 1046 2672 Messalae]

1095 2481 1220 2519 visere,
1256 2480 1330 2520 quis
1356 2479 1412 2513 ille
1439 2481 1488 2511 boe
1507 2487 1572 2520 per
1604 2487 1711 2511 annos
1731 2487 1808 2519 opes
1828 2482 1961 2511 nostras

1097 2532 1280 2572 sprevisset.
1302 2548 1338 2553 --
1361 2530 1437 2562 usui
1458 2533 1491 2562 et
1510 2529 1608 2562 rebus
1629 2538 1655 2562 s.
1674 2528 1726 2571 p.]
1748 2530 1807 2571 fiir
1821 2531 1882 2562 das
1895 2530 1959 2562 Be-

1097 2581 1243 2622 durfniss
1262 2581 1331 2613 und
1345 2581 1398 2613 die
1414 2580 1648 2613 Wirklichkeit.
1672 2580 1830 2613 Burncuf
1839 2590 1847 2612 :
1872 2581 1959 2613 selon

1096 2639 1164 2663 eum
1185 2631 1383 2671 l'eloquence
1404 2639 1427 2663 a
1448 2638 1495 2662 un
1516 2630 1600 2670 objet
1618 2631 1696 2671 plus
1716 2631 1797 2663 utile
1828 2633 1861 2663 et
1882 2631 1960 2671 plus

183 2679 234 2711 De
265 2678 304 2710 C.
329 2678 447 2710 Asinio
475 2677 629 2712 Pollione
659 2682 695 2712 et
723 2681 767 2712 Μ.
793 2679 938 2713 Messala
964 2681 1048 2713 Cor-

182 2727 276 2766 vino,
289 2726 480 2761 illustribus
493 2728 708 2768 oratoribus,
726 2730 787 2771 qui
800 2730 939 2762 circiter
952 2732 1048 2763 octo-

182 2778 277 2818 ginta
306 2779 387 2810 ente
418 2785 530 2810 annos
561 2778 773 2818 floruerant,
805 2780 850 2813 cf.
876 2781 907 2820 4,
934 2781 986 2813 42.
1011 2780 1044 2820 4,

181 2826 236 2860 34.
260 2827 301 2865 6,
335 2827 388 2859 44.
422 2826 483 2866 43,
508 2827 561 2861 34.
596 2828 654 2861 Or.
682 2829 734 2861 47.
758 2830 813 2862 24.
838 2830 892 2862 25.
920 2847 955 2853 -
979 2830 1046 2862 Ar-

180 2877 297 2918 runtii]
320 2877 373 2910 cf.
398 2878 430 2917 4,
456 2877 509 2911 43.
529 2895 565 2901 -
590 2879 771 2921 Aesernini]
795 2879 967 2919 Marcelli;
998 2881 1042 2913 cf.

181 2927 214 2967 3,
239 2927 292 2960 44.
317 2945 353 2950 -
377 2927 446 2969 leye
466 2930 726 2969 repetundarum
747 2930 945 2972 tenerentur]
969 2930 1043 2964 scil.

180 2977 221 3016 ii,
253 2977 314 3018 qui
336 2976 383 3009 ob
407 2986 550 3011 causam
573 2979 743 3012 orandam
770 2981 956 3022 pecuniam
980 2981 1045 3013 do-

182 3035 313 3060 numve
336 3028 566 3068 accepissent.
596 3045 633 3052 —
659 3029 885 3071 Cossutianus]
910 3030 1042 3072 Capito,

180 3077 457 3119 repetundarum
480 3077 666 3112 damnatus
688 3088 721 3111 a.
747 3088 782 3112 u.
805 3080 869 3112 840
893 3080 957 3120 (43,
975 3080 1041 3119 33),

180 3128 214 3160 in
246 3127 407 3159 ordinem
435 3129 649 3161 senatorium
676 3130 856 3167 restitutus
878 3129 1044 3171 precibus

181 3175 352 3218 Tigellini,
378 3178 493 3210 soceri
515 3178 569 3211 sui
593 3176 657 3215 (44,
682 3178 761 3218 48),
793 3180 977 3220 promptus
999 3179 1043 3212 ad

181 3225 296 3259 scelus
318 3227 385 3266 (46,
410 3227 482 3267 26),
513 3230 650 3268 praeter
679 3229 827 3260 animum
849 3229 894 3260 ad
914 3229 1046 3270 tlayitia

179 3277 393 3317 praecipitem
414 3277 548 3317 iniquus
565 3277 723 3309 Thraseae
739 3278 804 3317 (46,
824 3279 889 3318 24).
919 3278 970 3310 Ci.
989 3278 1041 3315 46,

184 3325 235 3356 4Ἷ.
259 3326 313 3358 28.
339 3327 456 3358 luven.
482 3327 515 3365 8,
532 3326 591 3358 93:
618 3335 720 3366 quam
740 3327 877 3367 Mutine
897 3328 984 3359 iusto
1002 3327 1046 3359 Et

183 3374 298 3414 capito
319 3379 352 3407 et
372 3377 527 3408 Numitor
547 3377 688 3409 ruer-int.

223 3423 256 3456 7.
280 3431 379 3464 quem
399 3425 494 3458 &uun
508 3426 590 3468 εει]
615 3425 666 3459 Cf.
686 3426 738 3466 42,
756 3425 817 3459 36:
842 3425 1044 3467 avebantque

1095 2682 1174 2714 νέοι.
1199 2681 1371 2714 Derident
1383 2689 1474 2714 vana
1491 2680 1620 2722 gloriae
1638 2682 1786 2714 somnia.
1809 2699 1843 2704 -
1865 2690 1958 2714 se·—

1094 2730 1253 2771 intendat]
1287 2739 1351 2773 pro
1383 2729 1516 2772 vulgari
1548 2732 1698 2763 animum
1729 2731 1891 2763 intendat.
1917 2747 1953 2754 -

1095 2782 1277 2814 ever-cende
1292 2780 1405 2823 apros]
1427 2781 1571 2813 Locutio
1587 2782 1644 2814 est
1658 2782 1808 2823 poetica,
1834 2790 1854 2814 e
1869 2782 1958 2814 Ver-

1096 2830 1175 2872 gilio
1197 2831 1336 2872 sumpta
1358 2832 1445 2863 Aen.
1463 2831 1496 2870 7,
1514 2830 1596 2863 798:
1622 2831 1679 2871 qui
1702 2832 1840 2864 Rutulos
1860 2840 1957 2864 σει-ον-

1095 2884 1168 2913 cent
1187 2880 1318 2912 cornere
1339 2881 1441 2912 collis.
1469 2880 1560 2912 Dixit
1581 2881 1700 2914 tamen
1723 2881 1829 2913 etiam
1853 2880 1958 2914 Colu-

1095 2929 1199 2962 mella
1215 2929 1247 2969 8,
1267 2930 1280 2961 4
1305 2938 1460 2962 emer-cere
1472 2938 1542 2961 rus.
1568 2929 1619 2963 Cf.
1638 2931 1755 2963 Germ.
1773 2931 1834 2963 29:
1859 2939 1958 2972 ayros

1094 2983 1258 3012 exercwit.
1285 2996 1321 3002 —
1355 2983 1432 3011 ante
1450 2980 1646 3022 providerit]
1668 2981 1714 3013 ita
1736 2982 1774 3013 ut
1797 2981 1861 3013 hos
1884 2980 1957 3012 fru-

1095 3031 1173 3062 ctus
1195 3037 1234 3061 se
1258 3028 1469 3070 adepturum
1492 3038 1604 3072 prope
1627 3031 1747 3063 certus
1763 3031 1823 3069 sit,
1848 3031 1958 3062 omni-

1095 3078 1162 3110 bus
1186 3078 1226 3110 iis
1248 3079 1398 3120 paratis,
1423 3079 1551 3120 quibus
1574 3080 1706 3122 percipi
1729 3080 1874 3121 possint.
1903 3080 1958 3111 Si-

1095 3127 1223 3159 militer
1244 3128 1376 3161 Caesar
1397 3129 1433 3161 B.
1461 3130 1499 3161 G.
1525 3130 1564 3168 5,
1589 3129 1647 3161 33:
1684 3130 1741 3169 qui
1770 3128 1852 3160 nihil
1880 3132 1958 3161 ante

1088 3177 1297 3217 providisset.
1334 3178 1506 3211 Pichenae
1536 3178 1639 3211 lectio
1662 3182 1737 3210 ante
1752 3178 1958 3217 praeviderit

1094 3226 1319 3268 pleonasmus
1341 3228 1375 3260 h.
1394 3227 1416 3261 l.
1442 3231 1540 3262 certe
1563 3230 1619 3261 est
1640 3236 1812 3269 perquam
1835 3235 1955 3269 super-

1095 3284 1282 3309 vacaneus.
1310 3295 1345 3301 -
1370 3279 1409 3310 P.
1430 3277 1571 3319 Clodius]
1597 3277 1774 3309 Ciceronis
1796 3277 1956 3310 inimicus

1094 3335 1114 3358 a
1152 3326 1278 3360 Milone
1314 3329 1530 3361 interfectus.
1577 3328 1701 3360 Cicero
1730 3326 1775 3359 de
1803 3327 1951 3370 Herusp.

1094 3385 1188 3419 resp.
1213 3377 1233 3418 g
1255 3377 1316 3410 42:
1341 3387 1365 3410 a
1387 3379 1533 3411 Catilina
1553 3379 1729 3417 pecuniam
1750 3378 1893 3418 aceepit,
1917 3383 1953 3410 ut

1093 3427 1280 3468 tur-pissime
1294 3428 1604 3469 praevaricaretur.
1624 3444 1660 3450 —
1682 3427 1718 3460 C.
1735 3427 1846 3471 Curio]
1869 3428 1954 3460 Sue—
