2254 3770
281 293 363 338 ’ΜΟ
756 296 800 339 Ρ.
833 294 1082 339 CORNELII
1110 295 1280 340 TACITI
1308 295 1575 341 ANNALIUM

280 400 536 446 Macedones
579 401 766 460 Hyrcani
812 408 1041 454 vocantur,
1089 408 1131 447 et
1173 402 1566 454 Hierocaesariam,
1611 402 1836 462 Myrinam,
1882 384 2058 463 Cymen,

281 475 472 520 Tmolum
500 476 632 521 levari
661 477 778 521 idem
807 477 849 520 in
878 483 1047 536 tempus
1075 478 1259 530 tributis,
1299 478 1494 536 mittique
1524 492 1577 523 ex
1611 485 1762 523 senatu
1799 478 1958 538 placuit
1986 479 2061 538 qui

279 553 521 610 praesentia
558 559 773 611 spectaret
810 552 1120 612 refoveretque.
1170 552 1364 598 delectus
1401 560 1467 598 est
1495 554 1547 597 M.
1578 553 1738 598 Aletius
1768 568 1793 599 e
1822 554 2060 613 praetoriis,

279 641 333 671 ne
363 627 575 672 consulari
605 628 822 672 obtinente
844 628 985 673 Asiam
1014 628 1242 673 aemulatio
1271 629 1382 673 inter
1409 618 1538 687 pares
1562 635 1605 673 et
1625 643 1679 674 ex
1698 643 1751 674 eo
1782 629 2064 688 impedimen-

247 719 267 749 5
280 709 368 747 tum
388 711 594 747 oreretur.
645 703 726 761 (48)
756 703 1025 762 magnificam
1044 705 1086 748 in
1105 703 1325 762 publicum
1344 704 1610 762 largitionem
1630 705 1746 749 auxit
1767 706 1927 750 Caesar
1946 705 2061 750 haud

278 780 418 823 minus
439 785 557 837 grata
576 778 845 830 liberalitate,
877 779 995 838 quod
1016 779 1129 824 bona
1148 779 1353 824 Aemiliae
1374 780 1537 832 Musae,
1569 779 1794 839 locupletis
1824 781 2062 833 intestatae,

277 855 408 912 petita
449 855 489 897 in
518 853 669 898 fiscum
699 854 878 899 Aemilio
906 855 1089 913 Lepido,
1122 855 1244 912 cuius
1275 869 1300 899 e
1330 854 1458 899 domo
1499 855 1744 910 videbatur,
1786 862 1828 901 et
1856 856 2063 908 Pantulei,

278 929 418 973 divitis
440 930 595 988 equitis
614 930 804 981 Romani,
827 929 1123 982 hereditatem,
1147 944 1408 989 quamquam
1430 931 1523 989 ipse
1543 930 1670 976 heres
1693 932 1732 974 in
1755 938 1874 990 parte
1896 931 2064 990 legere-

278 1010 357 1057 tur,
389 1005 562 1049 tradidit
590 1005 641 1049 M.
660 1005 854 1058 Servilio,
885 1019 1016 1064 quem
1045 1006 1261 1064 prioribus
1281 1020 1425 1065 neque
1445 1007 1658 1065 suspectis
1679 1007 1834 1051 tabulis
1855 996 2062 1065 scriptum

228 1097 265 1127 ιο
278 1088 562 1139 compererat,
605 1080 866 1125 nobilitatem
895 1081 1120 1140 utriusque
1149 1083 1335 1140 pecunia
1370 1082 1600 1126 iuvandam
1633 1082 1862 1140 praefatus.
1921 1096 2063 1141 neque

276 1156 555 1201 hereditatem
582 1156 837 1214 cuiusquam
867 1156 969 1201 adiit
996 1157 1078 1201 nisi
1108 1171 1207 1202 cum
1226 1157 1409 1202 amicitia
1429 1158 1670 1202 meruisset.
1721 1146 1887 1216 ignotos
1908 1165 1950 1202 et
1970 1157 2063 1202 aliis

279 1232 485 1283 infensos,
533 1246 674 1290 eoque
716 1232 955 1291 principem
993 1239 1307 1291 nuncupanteS,
1354 1233 1504 1291 procul
1544 1233 1731 1278 arcebat.
1790 1241 1980 1279 ceterum
2019 1241 2066 1278 ut

276 1307 499 1352 honestam
538 1307 826 1352 innocentium
861 1314 1157 1366 paupertatem
1191 1308 1365 1359 levavit,
1405 1308 1463 1352 ita
1497 1309 1703 1367 prodigos
1739 1315 1781 1353 et
1809 1310 1866 1353 ob
1906 1309 2065 1368 flagitia

277 1390 477 1441 egentes,
524 1383 739 1428 Vibidium
781 1384 1037 1436 Varronem,
1089 1383 1268 1428 Marium
1307 1385 1539 1442 Nepotem,
1586 1384 1771 1443 Appium
1814 1386 2064 1443 Appianum,

343 1557 373 1590 4.
402 1556 494 1589 hiero
521 1552 677 1589 caesaria
705 1556 767 1598 (sic
790 1555 911 1598 divise)
934 1556 970 1590 M
1005 1573 1042 1580 —
1078 1559 1208 1598 cyment
1232 1556 1357 1590 molum
1379 1557 1413 1591 M
1449 1574 1486 1580 —
1522 1556 1555 1590 3.
1579 1557 1704 1590 Aletius
1731 1555 1879 1591 Orellius
1910 1558 1942 1600 (e
1965 1557 2063 1591 Grut.

275 1613 351 1654 585,
369 1611 420 1654 2);
446 1613 551 1645 aletus
572 1613 606 1646 M
631 1630 667 1635 —
693 1613 727 1645 5.
751 1615 902 1645 oreretur
924 1621 979 1655 pr.
1002 1613 1052 1646 M:
1080 1613 1227 1646 oriretur
1249 1622 1341 1646 corr.
1366 1614 1411 1647 M.
1438 1613 1489 1646 Cf.
1511 1614 1601 1646 Anu.
1619 1614 1673 1654 44,
1698 1613 1753 1646 23.
1778 1613 1831 1647 38.
1858 1614 1911 1654 45,
1935 1614 1990 1647 54.
2007 1614 2061 1647 52.

275 1669 361 1703 Hist.
379 1668 412 1710 4,
437 1668 498 1709 49;
524 1670 608 1702 item
628 1671 798 1710 poteretur
819 1670 907 1702 Ann.
925 1669 958 1710 3,
983 1669 1037 1702 64.
1063 1669 1116 1703 73.
1142 1670 1175 1710 6,
1199 1669 1253 1703 30.
1279 1670 1332 1710 44,
1359 1670 1411 1703 42.
1437 1669 1491 1702 36.
1517 1670 1570 1710 42,
1596 1669 1651 1703 48.
1667 1670 1729 1702 -54,
1755 1669 1809 1702 65.
1835 1669 1889 1710 43,
1915 1669 1974 1709 49;
1998 1669 2064 1703 sed

271 1727 437 1767 potiretur
459 1727 494 1758 et
510 1727 703 1767 potirentur
729 1728 818 1759 Ann.
844 1727 898 1767 43,
923 1726 977 1760 46.
1003 1727 1089 1760 Hist.
1115 1727 1148 1768 3,
1172 1727 1226 1760 52.
1251 1725 1284 1768 4,
1310 1727 1364 1760 73.
1390 1728 1422 1767 5,
1449 1727 1502 1761 43.
1530 1745 1566 1750 -
1592 1727 1625 1761 6.
1649 1727 1800 1760 intestato
1821 1728 1855 1761 M
1881 1745 1916 1751 —
1941 1727 1973 1760 7.
1995 1722 2063 1768 ρᾶ-

273 1783 353 1815 tulei
374 1783 425 1817 M:
450 1783 576 1816 Patulei
603 1782 719 1824 vulgo.
750 1785 974 1816 Praenomen
997 1783 1170 1817 excidisse
1193 1783 1349 1823 videtum
1374 1783 1455 1817 vide
1479 1783 1525 1817 ad
1548 1783 1603 1825 43,
1629 1784 1684 1818 30.
1712 1801 1749 1808 —-
1781 1784 1835 1816 40.
1859 1783 2064 1818 nobilitatem

273 1840 448 1881 utriusque
468 1838 679 1874 Beroaldus:
704 1839 884 1874 Nobilitate
903 1841 1055 1883 utrisque
1076 1841 1110 1875 M
1135 1858 1172 1864 —
1192 1840 1357 1882 peccunia
1378 1841 1422 1875 M.

275 1987 336 2017 aut
357 1985 421 2019 iter
442 1985 542 2017 iuxta
564 1984 686 2017 editum
707 1985 766 2026 sit,
797 1985 831 2017 in
856 1993 927 2027 quo
949 1983 1027 2017 loco
1057 1985 1144 2017 item

274 2035 487 2068 haesitatum
511 2035 599 2068 est.»
629 2035 738 2068 HALM.
765 2052 800 2058 —
832 2035 1028 2068 Macedones
1053 2035 1144 2076 Hyr-

274 2085 367 2128 cani]
403 2084 439 2117 id
462 2086 517 2118 est
538 2085 692 2126 Hyrcani
721 2085 886 2127 permixti
919 2093 1000 2118 cum
1023 2086 1143 2118 Maee-

275 2135 445 2176 donibus;
485 2134 693 2168 habitabant
730 2135 766 2168 in
799 2135 930 2177 Lydiae
965 2135 1142 2177 Hyrcanio

276 2194 413 2228 campo.

318 2235 372 2270 48.
397 2235 512 2278 auoeit]
548 2236 624 2269 Hoc
646 2234 738 2268 vult:
776 2236 928 2268 Gratiam
956 2235 1142 2278 magnifica

275 2287 310 2319 in
343 2285 526 2328 publicum
557 2285 739 2327 largitione
774 2287 1016 2328 comparatam
1049 2286 1144 2318 auxit

274 2337 409 2379 privata
437 2335 645 2369 liberalitate
676 2335 773 2379 haud
796 2337 912 2369 minus
935 2337 1045 2378 grata.
1084 2336 1143 2370 Li-

274 2386 432 2420 beralitas
459 2386 601 2428 proprie
632 2386 760 2419 dicitur
782 2386 826 2419 de
851 2387 1044 2419 Caesarum
1071 2384 1143 2418 lar-

275 2436 404 2478 gitione
436 2436 473 2469 in
507 2436 679 2478 privatos:
719 2436 805 2469 Hist.
832 2437 863 2476 4,
894 2436 949 2469 20.
996 2436 1139 2468 sueton.

275 2485 382 2519 Galba
408 2486 468 2519 ⁴5:
505 2485 718 2519 liberalitates
739 2486 880 2519 Neronis
900 2495 968 2519 non
988 2486 1063 2527 plus
1084 2486 1143 2518 de-

274 2536 368 2569 cimis
388 2536 545 2568 concessis
561 2552 580 2559 —
592 2552 611 2559 —
626 2537 832 2569 revocandas
853 2535 994 2569 curavit.
1031 2536 1139 2568 Dono.

277 2602 313 2608 —
338 2585 498 2618 Aemiliae
518 2584 652 2627 Musae]
688 2585 887 2618 «Libertina
915 2584 1009 2618 haud
1034 2584 1141 2618 dubie

276 2636 352 2668 erat
379 2636 503 2668 Musa»
542 2635 587 2676 (id
618 2635 715 2677 quod
749 2634 865 2669 elucet
896 2644 939 2668 ex
967 2635 1036 2667 hoc
1063 2634 1141 2677 ipso

276 2685 504 2726 cognomine,
529 2686 568 2718 ut
589 2684 736 2718 libertus
754 2687 830 2718 erat
843 2685 1013 2718 Antonius
1029 2685 1139 2725 Musa,

274 2734 416 2768 illustris
446 2734 502 2768 ille
525 2736 671 2777 Augusti
702 2736 874 2777 medicus)
910 2734 1143 2778 «propinquis

275 2784 378 2819 nullis
401 2794 469 2818 nec
493 2787 641 2827 patrono
665 2788 725 2818 aut
747 2786 884 2828 patroni
905 2785 1057 2828 posteris
1080 2793 1143 2818 su-

274 2834 480 2878 perstithus
511 2837 571 2868 aut
593 2834 719 2869 saltem
749 2845 819 2869 non
843 2836 926 2869 satis
949 2835 1054 2868 certis
1078 2834 1143 2867 de-

274 2887 434 2926 mortua,
471 2885 570 2918 cuius
592 2885 685 2918 bona
708 2887 748 2919 ut
770 2895 902 2926 vacua,
934 2880 1141 2925 ἀδέσποτα,

274 2936 311 2968 in
334 2936 460 2969 fiscum
482 2934 719 2978 petebantur»
755 2935 811 2978 (ab
842 2936 946 2969 huius
972 2943 1144 2978 procura-

274 2985 429 3019 toribus:
470 2987 713 3018 memorantur
747 2986 881 3028 proprii
906 2989 1145 3027 procuratores

273 3036 493 3069 hereditatum
515 3044 559 3068 ex
576 3036 630 3068 Fr.
649 3035 703 3068 32.
729 3035 774 3068 de
798 3037 874 3069 iure
898 3036 986 3070 fisci.
1011 3035 1066 3070 49.
1087 3035 1141 3069 44.

275 3095 295 3118 a
319 3086 503 3119 Dirksenio
524 3084 677 3119 Manual.
703 3094 737 3128 p.
764 3086 839 3118 768.
870 3094 912 3119 ac
934 3087 1024 3119 teste
1048 3086 1145 3119 Stra-

274 3136 367 3169 bone
399 3137 452 3169 47.
484 3145 519 3179 p.
543 3135 607 3168 797
638 3135 673 3167 in
696 3136 855 3177 Aegypto
879 3137 956 3169 erat
978 3132 1000 3168 ὁ
1024 3145 1145 3183 προσ-

273 3183 556 3232 αγορευόμενος
594 3182 690 3226 ἴδιος
720 3182 836 3228 λόγος
878 3181 922 3226 ὃς
949 3183 1025 3218 τῶν
1055 3183 1144 3218 ἀδε-

276 3235 432 3269 σπότων
468 3236 535 3268 καὶ
572 3232 648 3268 τῶν
685 3234 738 3276 εἰς
775 3234 953 3281 Καίσαρα
996 3236 1144 3269 πίπτειν

275 3282 511 3326 ὀφειλόντων
546 3281 751 3327 ἐξεταστής
789 3284 919 3327 ἐστιν).
972 3285 1144 3319 «Remisit

277 3335 424 3375 Caesar,
449 3337 632 3377 tamquam
656 3336 793 3368 certum
817 3336 912 3368 esset
934 3334 1030 3376 quod
1048 3335 1143 3368 vide-

274 3383 381 3417 batur
405 3386 560 3425 tantum,
585 3384 651 3418 sed
673 3383 768 3427 apud
790 3384 925 3417 iudices
941 3384 1055 3417 evinci
1071 3393 1143 3417 non

275 3435 415 3477 poterat
437 3434 482 3467 ad
497 3433 633 3468 Aemilii
655 3434 803 3468 domum
818 3441 898 3468 eam
913 3433 1140 3476 pertinuisse,

1192 1985 1315 2027 utpote
1339 1984 1384 2017 ab
1407 1993 1478 2018 uno
1502 1993 1546 2017 ex
1569 1985 1645 2018 eius
1661 1983 1855 2018 maioribus
1871 1985 2064 2018 manumis-

1193 2043 1305 2068 sam.»
1330 2035 1438 2068 Doun.
1458 2052 1494 2058 —
1520 2034 1657 2068 Aemilio
1679 2035 1819 2078 Lepido]
1843 2035 1943 2069 Idem
1966 2035 2063 2068 vide—

1193 2087 1250 2117 tur
1270 2085 1318 2118 M.
1342 2084 1500 2118 Aemilius
1529 2085 1687 2126 Lepidus,
1723 2093 1832 2127 quem
1862 2085 2001 2118 Tacitus
2026 2085 2060 2122 3.

1193 2135 1235 2167 32
1263 2136 1392 2176 inopem
1421 2136 1456 2167 et
1479 2134 1516 2175 3,
1549 2136 1591 2167 72
1617 2135 1781 2176 pecuniae
1810 2136 1975 2169 modicum
1996 2145 2063 2168 vo-

1193 2185 1296 2217 cavit.
1325 2203 1360 2209 -
1386 2185 1549 2226 Pantulei]
1573 2186 1704 2219 Rarum
1727 2186 1796 2219 hoc
1819 2194 1950 2219 nomen
1973 2185 2062 2228 legi-

1192 2235 1250 2267 tur
1273 2235 1379 2268 etiam
1403 2234 1498 2277 apud
1519 2235 1718 2269 Varronem
1736 2237 1774 2269 R.
1793 2237 1831 2269 R.
1858 2235 1890 2277 3,
1915 2237 1935 2269 ὅ
1958 2235 2062 2279 (Pan-

1192 2286 1310 2319 tuleius
1331 2285 1453 2328 Parra)
1484 2286 1520 2318 et
1542 2287 1731 2319 Gruterum
1755 2287 1817 2320 426
1848 2288 1884 2320 et
1905 2287 1988 2328 895,
2019 2286 2061 2321 ⁴4

1192 2334 1248 2378 (C.
1287 2336 1477 2369 Pantuleius
1522 2336 1726 2377 Graptiacus
1774 2338 1810 2370 et
1852 2336 2060 2380 Anatellon).

1191 2387 1348 2419 Num-zm).
1377 2405 1412 2410 —
1438 2387 1486 2419 Μ.
1511 2386 1671 2429 Servilio]
1704 2385 1840 2421 consuli
1863 2396 1895 2420 a.
1922 2397 1955 2421 u.
1980 2387 2059 2422 756.

1193 2435 1244 2469 Cf.
1263 2436 1294 2477 3,
1313 2436 1366 2469 22.
1394 2436 1425 2476 6,
1444 2436 1500 2469 34.
1521 2455 1556 2460 -
1580 2437 1785 2470 nobilitatem
1799 2455 1850 2462 --
1863 2437 2060 2481 iuvandam]

1191 2487 1230 2518 ut
1253 2494 1334 2519 eam
1363 2487 1454 2519 tueri
1484 2495 1598 2528 eaque
1622 2487 1726 2529 digne
1748 2488 1869 2521 vivere
1900 2489 2058 2531 possent.

1192 2536 1274 2568 Eas.
1300 2553 1337 2559 —
1362 2536 1427 2569 nisi
1449 2545 1524 2569 cum
1554 2537 1705 2570 amicitia
1732 2537 1919 2580 meruisset]
1953 2538 2060 2572 heres

1192 2584 1317 2625 scribi3
1350 2584 1450 2619 multi
1481 2586 1577 2619 enim
1600 2586 1636 2619 id
1658 2595 1702 2619 ex
1730 2595 1830 2621 mera
1860 2586 2060 2622 adulatione

1192 2635 1386 2676 faciebant,
1426 2637 1486 2668 aut
1523 2637 1561 2669 ut
1598 2638 1750 2678 posteris
1783 2637 1856 2671 suis
1891 2637 2060 2680 principis

1192 2685 1350 2719 favorem
1382 2684 1626 2727 conciliarent,
1662 2688 1723 2719 aut
1756 2689 1853 2720 certe
1886 2686 2060 2729 reliquam

1191 2736 1329 2778 partem
1363 2734 1540 2768 bonorum
1575 2736 1617 2769 iis
1651 2738 1845 2769 servarent.
1891 2738 1974 2778 Agr.
2002 2735 2057 2770 43.

1191 2784 1321 2818 Plinius
1344 2786 1472 2827 Paneg.
1491 2784 1533 2818 43
1555 2785 1601 2818 ad
1625 2786 1827 2819 Traianum:
1855 2786 2062 2820 Testamenta

1191 2839 1307 2868 nostra
1329 2843 1447 2868 secura
1469 2839 1564 2876 sunt,
1588 2845 1647 2869 nec
1668 2845 1756 2869 unus
1778 2837 1942 2877 omnium,
1972 2845 2061 2869 nunc

1192 2885 1274 2925 quia
1295 2885 1456 2926 scriptus,
1479 2894 1568 2918 nunc
1590 2886 1671 2926 quia
1693 2895 1759 2918 non
1773 2886 1932 2927 scriptus,
1955 2886 2057 2919 heres.

1191 2935 1267 2968 Non
1288 2937 1325 2967 tu
1345 2934 1457 2976 falsis,
1488 2944 1556 2967 non
1589 2938 1626 2967 tu
1651 2935 1777 2977 iniquis
1805 2935 1926 2968 tabulis
1953 2936 2059 2969 advo-

1191 2984 1291 3018 caris.
1315 2984 1446 3017 Nullius
1469 2985 1515 3017 ad
1537 2988 1567 3018 te
1587 2984 1796 3031 iracundia,
1811 2986 1934 3019 nudius
1950 2986 2058 3027 inpie-

1193 3038 1263 3075 tas,
1286 3034 1410 3068 nullius
1430 3034 1528 3077 furor
1549 3035 1715 3077 confugit,
1739 3044 1798 3068 nec
1821 3036 1903 3078 quia
1924 3036 2059 3078 offendit

1193 3085 1297 3126 alius,
1332 3085 1554 3126 nuncuparis,
1589 3085 1646 3118 sed
1678 3085 1760 3127 quia
1792 3085 1862 3127 ipse
1893 3087 2054 3120 meruisti.

1192 3135 1293 3168 Idem
1316 3143 1358 3168 ac
1381 3136 1520 3168 Tacitus
1542 3134 1649 3168 tradit
1670 3135 1734 3168 Dio
1757 3135 1811 3176 57,
1836 3136 1877 3169 47
1901 3138 1988 3169 extr.
2016 3155 2053 3161 —

1192 3185 1283 3228 aliis]
1319 3185 1360 3219 iis
1383 3184 1548 3228 quidem,
1584 3185 1629 3218 ad
1653 3194 1742 3228 quos
1770 3185 1950 3220 hereditas
1978 3187 2055 3220 iure

1192 3236 1378 3277 pervenire
1407 3234 1574 3268 debebat.
1605 3236 1733 3269 Donni«.
1760 3252 1795 3259 —
1817 3236 1938 3277 procul
1957 3245 2055 3270 arce-

1192 3285 1265 3328 bat]
1289 3294 1414 3319 eorum
1431 3286 1643 3319 testamenta
1659 3293 1729 3318 non
1745 3284 1970 3327 admittebat,
1995 3295 2055 3320 re-

1192 3334 1372 3378 pudiabat.
1400 3353 1435 3359 -
1463 3336 1502 3376 Q.
1527 3334 1706 3377 Vitellium]
1730 3336 1769 3368 A.
1793 3334 1918 3368 Vitellii
1940 3336 2055 3379 impe-

1194 3385 1321 3419 ratoris
1344 3384 1570 3418 avunculum.
1595 3385 1737 3417 sueton.
1753 3383 1866 3418 Vitell.
1883 3386 1923 3419 2:
1950 3386 2057 3427 Quin-

1193 3437 1246 3469 tus
1267 3434 1378 3468 canat
1391 3434 1525 3475 ordine,
1549 3442 1625 3468 eum
1639 3437 1776 3469 auctore
1791 3434 1919 3470 morto
1933 3436 2059 3471 secem
