2254 3770
235 274 317 319 424

713 279 758 323 Ρ.
791 276 1043 323 CORNELII
1072 277 1243 323 TACITI
1271 277 1540 323 ANNALIUM

233 384 440 443 permisit.
491 385 534 428 in
574 399 626 430 ea
665 384 875 430 divisione
915 398 1017 429 arva
1047 391 1090 429 et
1119 385 1249 430 urbes
1279 390 1322 428 et
1351 384 1491 429 vicina
1521 384 1696 430 Graecis
1726 385 1870 446 Cotyi,
1911 385 2029 443 quod

234 459 458 512 incultum,
503 461 643 513 ferox,
686 461 901 504 adnexum
939 460 1155 512 hostibus,
1198 459 1511 519 Rhescuporidi
1551 460 1702 515 cessit;
1751 461 2031 519 ipsorumque

234 549 387 594 regum
424 536 610 594 ingenia,
650 536 707 579 illi
744 536 844 580 mite
876 541 918 580 et
947 550 1197 588 amoenum,
1239 535 1340 579 huic
1370 541 1509 587 atrox,
1541 535 1714 580 avidum
1743 542 1786 581 et
1815 536 2033 581 societatis

234 611 445 669 inpatiens
483 618 585 656 erat.
635 611 714 656 sed
748 611 887 670 primo
929 611 1112 655 subdola
1152 611 1385 660 concordia
1414 624 1570 669 egere:
1614 625 1715 655 mox
1742 611 2033 671 Rhescuporis

198 695 221 725 -5
235 686 383 744 egredi
409 686 535 739 fines,
567 693 736 731 vertere
763 687 807 730 in
834 700 883 731 se
906 687 1028 747 Cotyi
1061 686 1157 731 data
1187 692 1230 731 et
1250 686 1465 730 resistenti
1486 686 1571 730 vim
1591 686 1752 739 facere,
1785 694 2035 732 cunctanter

235 763 317 806 sub
348 764 556 820 Augusto,
589 777 718 821 quem
750 768 968 807 auctorem
999 762 1225 821 utriusque
1254 762 1393 820 regni,
1426 762 1463 805 si
1493 768 1787 820 sperneretur,
1819 763 2035 808 vindicem

235 837 465 882 metuebat.
511 838 731 882 enimvero
762 838 906 883 audita
925 838 1160 882 mutatione
1180 838 1387 896 principis
1408 837 1619 882 inmittere
1638 837 1850 883 latronum
1871 838 2033 898 globos,

237 913 468 958 excindere
498 913 690 965 castella,
734 926 888 958 causas
918 913 1046 958 bello.
1093 914 1174 971 (65)
1206 912 1308 956 nihil
1339 927 1479 972 aeque
1510 913 1725 958 Tiberium
1755 915 1929 958 anxium
1958 914 2036 959 ha-

235 988 367 1033 bebat
395 1003 525 1048 quam
555 1003 610 1033 ne
641 989 864 1047 conposita
893 989 1180 1033 turbarentur.
1225 988 1373 1046 deligit
1402 990 1696 1034 centurionem
1717 990 1791 1048 qui
1821 992 2037 1036 nuntiaret

184 1064 412 1123 ioregibus
452 1077 508 1108 ne
544 1065 674 1109 armis
713 1065 1022 1123 disceptarent;
1067 1064 1296 1123 statimque
1335 1078 1360 1108 a
1399 1065 1535 1124 Cotye
1573 1065 1751 1109 dimissa
1787 1072 1885 1110 sunt
1922 1080 2035 1125 quae

235 1147 462 1199 paraverat
491 1140 659 1184 auxilia.
705 1140 995 1199 Rhescuporis
1024 1140 1124 1185 ficta
1153 1139 1361 1184 modestia
1391 1140 1578 1198 postulat
1607 1140 1794 1185 eundem
1824 1141 1867 1185 in
1893 1141 2037 1186 locum

236 1216 445 1262 coiretur:
483 1230 614 1275 posse
652 1215 707 1260 de
749 1216 1052 1261 controversiis
1082 1215 1313 1274 conloquio
1343 1216 1532 1274 transigi.
1583 1230 1664 1261 nec
1694 1215 1767 1260 diu
1798 1216 2038 1262 dubitatum

238 1292 294 1336 de
323 1298 539 1350 tempore,
570 1292 685 1341 loco,
719 1291 820 1336 dein
850 1291 1198 1343 condicionibus,
1242 1305 1340 1336 cum
1372 1291 1479 1335 alter
1508 1291 1718 1345 facilitate,
1749 1291 1858 1337 alter
1886 1293 2038 1338 fraude

239 1373 392 1412 cuncta
429 1368 539 1412 inter
575 1381 623 1412 se
664 1367 954 1412 concederent
982 1368 1330 1426 acciperentque.
1376 1367 1668 1425 Rhescuporis
1697 1367 1951 1421 sanciendo,
1992 1374 2040 1413 ut

187 1453 224 1484 ⁴5
235 1443 475 1495 dictitabat,
507 1443 671 1488 foederi
702 1443 945 1488 convivium
974 1444 1125 1496 adicit,
1154 1449 1377 1502 tractaque
1407 1443 1449 1486 in
1479 1442 1654 1487 multam
1682 1449 1851 1487 noctem
1880 1443 2039 1489 laetitia

237 1534 317 1578 per
355 1519 506 1578 epulas
536 1533 587 1564 ac
616 1519 889 1564 vinolentiam
920 1520 1139 1564 incautum
1169 1520 1307 1580 Cotyn
1337 1525 1396 1571 et,
1438 1525 1667 1577 postquam
1698 1518 1845 1563 dolum
1874 1519 2040 1565 intelle-

237 1602 378 1647 xerat,
411 1609 535 1639 sacra
564 1595 705 1654 regni,
739 1595 934 1640 eiusdem
966 1595 1150 1639 familiae
1181 1595 1288 1640 deos
1309 1601 1352 1639 et
1380 1594 1602 1653 hospitalis
1623 1609 1797 1639 mensas
1819 1594 2038 1640 obtestan-

238 1677 324 1715 tem
346 1671 507 1715 catenis
528 1677 690 1715 onerat.
723 1670 1015 1730 Thraeciaque
1038 1671 1150 1715 omni
1173 1671 1332 1729 potitus
1353 1670 1524 1728 scripsit
1545 1670 1598 1714 ad
1616 1670 1833 1715 Tiberium
1853 1677 2038 1716 structas

239 1747 321 1791 sibi
351 1747 550 1799 insidias,
583 1753 865 1802 praeventum
893 1747 1207 1799 insidiatorem3
1240 1745 1365 1790 simul
1394 1745 1553 1790 bellum
1574 1745 1783 1790 adversus
1808 1747 2038 1792 Basternas

188 1833 226 1865 20
240 1824 509 1883 Scythasque
542 1822 831 1881 praetendens
860 1823 981 1867 novis
1011 1822 1205 1881 peditum
1236 1828 1279 1865 et
1309 1822 1503 1880 equitum
1533 1822 1668 1880 copiis
1703 1836 1803 1866 sese
1829 1822 2037 1868 firmabat.

239 1900 423 1944 molliter
467 1899 742 1957 rescriptum,
791 1899 826 1942 si
869 1899 985 1942 fraus
1024 1898 1215 1949 abesset,
1263 1911 1394 1956 posse
1432 1911 1531 1942 eum
1568 1897 1838 1942 innocentiae
1877 1898 2038 1952 fidere;

304 2039 337 2073 4.
361 2040 530 2081 inpaciens
552 2040 586 2073 M
611 2057 648 2062 —
674 2039 706 2072 ὅ.
731 2039 896 2072 resistenti
917 2040 987 2072 vim
1009 2039 1216 2071 Rhenanus:
1247 2038 1469 2071 resistentium
1495 2038 1529 2071 M
1553 2054 1589 2060 —
1616 2037 1649 2070 8.
1674 2037 1832 2070 animiam
1853 2047 1908 2081 pr.
1936 2040 1971 2086 M
2001 2057 2036 2063 -—

240 2098 294 2130 44.
310 2097 523 2137 rhescupores
545 2096 580 2128 h.
599 2095 621 2128 1.
640 2096 673 2129 M
692 2114 727 2118 —
748 2096 800 2128 48.
825 2095 953 2128 scribsit
969 2096 1001 2129 M
1025 2114 1061 2118 —
1088 2095 1141 2127 49.
1167 2095 1355 2127 Bastarnas
1377 2094 1578 2127 Rhenanus.
1614 2094 1798 2127 Basternae
1820 2094 2041 2137 appellantur

241 2154 349 2186 etiam
375 2162 394 2185 a
417 2152 526 2186 Plinio
550 2153 591 2185 N.
620 2152 662 2184 H.
690 2152 728 2192 4,
756 2152 775 2194 5
799 2152 852 2184 84.
879 2153 954 2185 400.
988 2153 1178 2184 Bastarnae
1204 2152 1239 2184 in
1271 2152 1503 2184 monumento
1531 2152 1720 2192 Ancyrano
1751 2150 1836 2183 Tab.
1862 2151 1902 2191 V,
1934 2152 1976 2186 52
2005 2153 2042 2186 et

239 2211 350 2242 Inscr.
370 2210 457 2242 Latt.
483 2218 518 2241 n.
543 2209 620 2241 750.

241 2327 494 2363 ΒΑΣΙΛΕΩΣ
509 2326 855 2361 ΡΟΙΜΗΤΑΛΚΟΤ
869 2336 951 2360 cum
969 2327 1045 2360 eius
1061 2335 1117 2359 ea·
1139 2319 1147 2352 Ι
1165 2329 1316 2359 sanctum
1346 2334 1412 2359 esse
1437 2325 1601 2358 videatur.
1639 2325 1695 2358 Sic
1719 2326 1750 2366 4,
1776 2324 1832 2359 42;
1871 2335 1972 2360 sacra
1994 2329 2042 2362 le-

241 2381 325 2423 pite.
359 2380 515 2412 Visconti
539 2378 561 2411 l.
587 2378 608 2411 l.
642 2388 675 2421 p.
703 2380 778 2411 440.
808 2397 843 2403 -
878 2378 982 2420 Cotyi]
1013 2378 1117 2410 huius

241 2430 394 2464 nominis
428 2430 563 2471 quinto.
599 2430 755 2463 Visconti
791 2428 812 2462 1.
845 2428 865 2462 1.
900 2438 934 2471 p,
967 2429 1042 2461 442.
1079 2446 1114 2450 ——

243 2479 428 2522 amoenam]
446 2481 484 2512 ut
500 2480 674 2520 Senecae,
697 2481 786 2513 Anu.
807 2479 859 2519 43,
878 2478 908 2511 3.
935 2478 1033 2511 Adeo
1050 2478 1118 2510 hoc

242 2540 370 2565 verum
401 2531 472 2571 est,
505 2532 544 2562 ut
575 2531 682 2572 Cotys
714 2529 772 2563 hic
806 2530 911 2562 etiam
935 2528 1059 2562 litteris
1084 2529 1120 2560 et

243 2582 343 2624 poesi
368 2579 527 2613 excultus
552 2580 664 2613 fuerit.
696 2581 748 2613 Ad
767 2589 848 2613 eum
867 2580 960 2612 enim
979 2580 1033 2611 est
1046 2577 1120 2611 ele-

245 2633 300 2676 gia
324 2631 436 2665 Ovidii
460 2640 502 2663 ex
525 2632 635 2664 Ponto
659 2632 698 2671 2,
723 2631 742 2663 9
767 2632 802 2664 et
824 2631 859 2663 in
883 2626 987 2662 huius
1009 2638 1119 2671 regno

244 2685 346 2717 vates
368 2681 424 2715 ille
449 2680 630 2715 exsulavit.
656 2682 745 2714 Lips.
782 2680 833 2714 lbi
849 2691 882 2713 v.
901 2682 940 2713 5:
965 2681 1120 2713 iuvenum

244 2735 425 2768 mitissime.
451 2742 486 2766 v.
511 2731 571 2765 49:
598 2733 665 2764 Nec
687 2741 804 2773 regum
821 2732 998 2772 quisquam
1013 2731 1122 2773 mayis

245 2788 291 2817 est
314 2785 492 2817 instructus
514 2782 555 2814 ab
578 2782 643 2814 illis
668 2782 839 2823 (ingenuis
863 2780 1028 2822 artibus),
1054 2780 1122 2813 Mi-

246 2835 331 2868 !ibus
361 2836 420 2866 aut
447 2832 562 2865 studiis
592 2835 742 2872 tempora
768 2831 873 2872 plura
896 2832 1003 2864 dedit:
1035 2831 1122 2864 Car-

246 2886 341 2917 mina
364 2886 528 2916 testantur
551 2883 619 2914 cet.
654 2882 777 2914 Eidem
794 2881 943 2914 mirifice
960 2880 1123 2913 adulatur

248 2936 355 2968 etiam
378 2934 558 2976 Antipater
580 2931 906 2966 Thessalonicensis
930 2933 963 2965 in
981 2930 1119 2965 Anthol.

247 2985 319 3019 Pal.
340 2986 379 3017 11.
405 2993 440 3026 p.
459 2983 535 3017 646.
557 3001 592 3006 -—
618 2986 746 3015 vertere
769 2983 804 3015 in
825 2982 868 3024 se]
894 2983 965 3015 Liv.
984 2982 1039 3022 24,
1058 2981 1119 3014 53:

249 3035 378 3068 occasio
402 3035 437 3066 in
456 3042 489 3066 se
504 3041 608 3065 anam
623 3033 798 3065 vertendae
812 3033 949 3074 9loriae.
976 3033 1119 3064 Sueton.

247 3087 356 3128 Vesp.
375 3085 414 3118 4:
440 3088 478 3117 at
496 3084 644 3125 primum
663 3083 873 3123 provinciam
889 3083 1015 3124 attiyit,
1037 3091 1123 3123 pro-

248 3137 362 3168 oeimas
396 3143 525 3177 quoque
558 3132 719 3166 convertit
750 3133 786 3164 in
815 3141 858 3164 se.
887 3150 922 3155 -
959 3132 1123 3165 inmittere

249 3187 419 3219 latronum
433 3184 554 3228 ylobos]
573 3183 702 3217 Iisdem
718 3181 837 3215 verbis
849 3191 934 3215 usus
949 3183 1003 3215 est
1016 3183 1121 3216 etiam

250 3236 337 3268 infra
364 3237 422 3276 42,
447 3235 501 3268 54.
523 3253 557 3258 —-
583 3242 705 3267 causas
726 3232 816 3275 bello]
841 3232 928 3265 Vide
953 3232 998 3264 ad
1015 3233 1047 3272 4,
1064 3232 1120 3265 27.

297 3335 349 3367 65.
375 3344 475 3367 sacra
490 3333 595 3376 regni]
616 3332 837 3367 sanctitatem
853 3331 938 3373 regii
955 3331 1119 3371 nominis,

253 3384 347 3426 quod
372 3393 474 3426 reges
499 3384 715 3417 sacrosancti
735 3384 770 3416 et
791 3380 1020 3415 inviolabiles.
1047 3381 1120 3414 Cic.

254 3435 299 3469 de
323 3434 345 3469 l.
370 3434 483 3470 Manil.
509 3435 548 3468 9:
581 3438 618 3468 ut
639 3443 757 3467 nomen
778 3432 890 3476 reqale
911 3441 1072 3475 maynum
1093 3435 1124 3465 et

1165 2376 1320 2419 gationis.
1355 2376 1451 2408 Suet.
1478 2376 1578 2409 Caes.
1606 2375 1646 2408 6:
1672 2376 1832 2408 sanctitas
1853 2385 1981 2419 regum.
2004 2396 2039 2402 —

1167 2426 1339 2467 hospitatis
1371 2426 1519 2468 mensas]
1559 2424 1686 2459 Similis
1717 2424 1816 2459 locus
1845 2427 1939 2470 apud
1969 2429 2040 2462 Liv.

1167 2476 1222 2518 23,
1238 2477 1269 2509 9.
1295 2475 1357 2508 ubi
1381 2477 1482 2518 pater
1506 2474 1615 2508 filium
1632 2477 1820 2509 conantem
1841 2476 2042 2510 interficere

1168 2525 1401 2560 Hannibalem
1426 2527 1477 2560 sic
1500 2526 1676 2559 deterret:
1701 2527 1749 2560 Ab
1763 2527 1917 2568 hospitali
1930 2536 2044 2562 mensa

1168 2578 1294 2620 surgis,
1320 2595 1370 2601 --
1391 2580 1429 2609 ut
1458 2585 1533 2610 eam
1561 2577 1669 2617 ipsam
1695 2581 1888 2610 cruentares
1909 2578 2045 2619 hospitis

1169 2627 1359 2670 sanquine?
1381 2627 1463 2660 ERN.
1491 2626 1542 2660 Cf.
1568 2629 1658 2660 Ann.
1686 2628 1740 2668 45,
1765 2628 1827 2660 52:
1852 2628 1908 2660 sed
1929 2627 2045 2662 abnuit

1170 2677 1330 2720 (Neronis
1355 2676 1505 2710 caedem
1520 2677 1555 2709 in
1571 2676 1651 2709 villa
1669 2677 1744 2719 sua)
1768 2677 1859 2718 Piso,
1882 2678 2046 2711 invidiam

1168 2728 1404 2770 praetendens,
1429 2727 1458 2759 si
1480 2736 1581 2759 sacra
1602 2735 1736 2760 mensae
1751 2727 1848 2767 dique
1869 2727 2046 2768 hospitales

1170 2778 1269 2810 caede
1298 2776 1548 2818 qualiscumque
1577 2776 1741 2817 principis
1774 2780 2043 2812 cruemarentar.

1174 2846 1209 2850 —
1234 2828 1428 2868 Basternas]
1461 2825 1631 2869 populum
1655 2827 1903 2860 Germanicum
1936 2828 2045 2870 (certe

1171 2877 1279 2911 Plinio
1303 2879 1343 2910 N.
1364 2878 1404 2910 H.
1423 2876 1461 2917 4,
1488 2877 1560 2919 58⁴
1591 2878 1627 2910 et
1651 2877 1713 2910 400
1737 2879 1773 2910 et
1788 2878 1907 2910 Tacito
1924 2880 2041 2912 Germ.

1171 2929 1237 2970 46),
1263 2928 1363 2961 cuius
1393 2927 1499 2960 sedes
1535 2929 1636 2960 erant
1666 2927 1701 2960 in
1730 2928 2045 2964 Transdanubiana

1171 2979 1328 3021 regione.
1354 2978 1426 3010 Liv.
1444 2976 1499 3017 40,
1518 2977 1572 3010 58.
1597 2978 1753 3010 Primum
1778 2982 1986 3021 comparent
2009 2981 2044 3013 in

1171 3026 1396 3061 auxiliaribus
1419 3027 1538 3061 Persei
1562 3029 1656 3068 regis
1678 3026 1920 3061 Macedoniae.
1953 3029 2041 3062 lhid.

1170 3079 1191 3112 5
1215 3078 1252 3111 et
1273 3078 1327 3110 57.
1359 3078 1466 3110 Zeuss
1489 3077 1544 3110 die
1565 3078 1748 3110 Deutschen
1770 3086 1806 3120 p.
1833 3078 1908 3111 427.
1940 3079 2045 3113 Ukert

1172 3128 1373 3163 Ger-manien
1394 3136 1429 3170 p.
1452 3126 1527 3160 426.
1550 3145 1585 3150 -
1610 3128 1817 3170 transferret]
1841 3137 1862 3162 a
1885 3137 1924 3162 se
1947 3137 2044 3162 amo-

1172 3182 1272 3214 veret
1306 3180 1412 3221 atque
1446 3179 1482 3211 in
1517 3178 1649 3222 Cotyn,
1684 3188 1811 3212 verum
1846 3180 2041 3221 auctorem,

1171 3229 1396 3268 transferret,
1423 3229 1462 3261 ut
1484 3228 1542 3260 hic
1558 3229 1721 3262 Romanis
1738 3229 1886 3262 traditus
1901 3229 1945 3262 ad
1962 3238 2044 3263 con-

1173 3281 1364 3314 fessionem
1389 3278 1534 3312 sceleris
1558 3280 1722 3322 concepti
1737 3280 1828 3322 adigi
1842 3278 1898 3312 vel
1915 3278 2042 3314 saltem

1171 3330 1321 3364 testibus
1345 3330 1505 3363 convinci
1533 3331 1664 3372 posset.
1700 3329 1842 3364 occulte
1865 3330 2042 3372 significa-

1170 3384 1229 3415 tur
1251 3382 1457 3423 suspectum
1482 3380 1552 3414 ficti
1575 3381 1730 3414 criminis
1752 3381 1865 3415 videri
1887 3381 2042 3417 Rhescu-

1171 3432 1271 3476 porin
1299 3432 1428 3475 ipsum.
