2254 3770
218 242 301 288 200
697 243 743 287 Ρ.
776 241 1027 286 CORNELII
1056 241 1227 287 TACITI
1256 240 1526 286 ANNALIUM

221 349 344 394 cuius
375 348 445 393 ille
476 348 712 394 avunculus
743 354 846 392 erat.
893 361 944 392 ac
972 353 1114 392 tamen
1144 362 1214 392 res
1243 347 1384 392 Blaesi
1414 346 1568 406 dignae
1598 348 1758 394 decore
1786 349 1857 394 tali
1883 348 2015 394 fuere.

223 425 305 482 (73)
336 439 435 469 nam
465 425 723 475 Tacfarinas,
763 437 1025 482 quamquam
1054 424 1229 482 saepius
1260 423 1487 482 depulsus,
1528 426 1735 483 reparatis
1764 439 1844 484 per
1872 425 2018 469 intima

222 500 387 545 Africae
419 499 585 544 auxiliis
617 499 701 543 huc
732 499 1007 557 adrogantiae
1037 506 1212 544 venerat
1240 505 1286 542 ut
1314 498 1477 557 legatos
1508 499 1562 543 ad
1593 500 1807 544 Tiberium
1837 500 2021 544 mitteret

223 576 461 635 sedemque
491 575 601 619 ultro
632 574 714 619 sibi
745 581 874 633 atque
896 575 1101 620 exercitui
1125 589 1203 619 suo
1234 574 1470 633 postularet
1500 581 1571 619 aut
1601 575 1759 620 bellum
1788 575 2020 634 inexplica-

190 652 309 703 5bile
341 652 618 695 minitaretur.
663 664 747 694 non
778 650 882 694 alias
914 651 1047 708 magis
1078 665 1156 694 sua
1192 650 1427 709 populique
1464 651 1640 695 Romani
1671 651 1926 696 contumelia
1956 652 2021 695 in-

225 727 415 772 doluisse
447 727 676 771 Caesarem
708 726 857 776 ferunt.
890 741 1019 785 quam
1050 726 1168 785 quod
1199 726 1393 770 desertor
1422 733 1464 770 et
1492 727 1655 785 praedo
1687 727 1872 771 hostium
1900 741 2021 771 more

225 809 384 862 ageret.
431 817 485 847 ne
526 803 732 860 Spartaco
771 801 949 860 quidem
992 809 1090 860 post
1133 809 1193 846 tot
1237 802 1526 847 consularium
1567 803 1831 847 exercituum
1875 802 2021 847 clades

227 879 402 923 inultam
431 877 592 922 Italiam
622 877 780 929 urenti,
820 892 1081 936 quamquam
1113 878 1288 922 Sertorii
1326 885 1454 937 atque
1494 878 1741 922 Mithridatis
1781 878 2022 936 ingentibus

225 955 350 999 bellis
380 954 544 998 labaret
573 967 644 997 res
675 953 864 1011 publica,
898 953 1042 997 datum
1073 961 1118 997 ut
1148 961 1272 1012 pacto
1303 955 1344 997 in
1374 953 1504 998 fidem
1535 955 1824 1012 acciperetur:
1864 954 2023 998 nedum

176 1049 211 1080 ⁴0
226 1030 514 1090 pulcherrimo
544 1029 691 1088 populi
723 1032 768 1074 R.
799 1030 963 1087 fastigio
994 1029 1100 1073 latro
1122 1030 1363 1074 Tacfarinas
1394 1044 1500 1088 pace
1522 1036 1564 1074 et
1590 1030 1871 1074 concessione
1901 1044 2025 1088 agro-

227 1122 321 1151 rum
344 1105 639 1150 redimeretur.
678 1105 750 1149 dat
770 1106 986 1163 negotium
1003 1105 1167 1154 Blaeso,
1192 1112 1358 1149 ceteros
1381 1104 1556 1164 quidem
1577 1105 1629 1149 ad
1652 1120 1773 1164 spem
1794 1105 2025 1164 proliceret

228 1196 347 1227 arma
376 1181 468 1244 sine
497 1195 609 1225 noxa
637 1180 840 1239 ponendi,
873 1182 1008 1240 ipsius
1039 1188 1181 1225 autem
1202 1180 1324 1225 ducis
1345 1195 1522 1239 quoquo
1552 1181 1681 1225 modo
1710 1188 1943 1239 poteretur.
1981 1187 2025 1226 et

228 1259 390 1318 recepti
421 1272 473 1302 ea
501 1257 627 1302 venia
657 1257 867 1315 plerique.
912 1271 1010 1301 mox
1040 1258 1270 1301 adversum
1291 1262 1404 1300 artes
1425 1257 1698 1300 Tacfarinatis
1723 1256 1808 1300 hau
1830 1256 2023 1300 dissimili

227 1334 357 1379 modo
397 1333 706 1390 belligeratum.
752 1333 833 1390 (74)
874 1347 972 1376 nam
1003 1333 1105 1391 quia
1141 1332 1210 1376 ille
1240 1331 1398 1376 robore
1430 1332 1642 1376 exercitus
1674 1333 1815 1390 inpar,
1857 1332 2025 1376 furandi

177 1427 214 1458 45
228 1410 398 1461 melior,
430 1409 564 1468 pluris
594 1423 673 1467 per
702 1408 853 1467 globos
884 1408 1123 1470 incprsaret
1153 1408 1434 1467 eluderetque
1463 1414 1505 1452 et
1542 1408 1720 1451 insidias
1757 1408 1883 1452 simul
1919 1414 2026 1453 tem-

227 1493 376 1546 ptaret,
409 1492 497 1530 tres
528 1486 734 1535 incessus,
763 1484 940 1528 totidem
969 1484 1138 1542 agmina
1170 1490 1383 1541 parantur.
1415 1498 1468 1528 ex
1496 1484 1594 1542 'quis
1627 1484 1850 1528 Cornelius
1881 1484 2024 1542 Scipio

227 1562 392 1620 legatus
432 1561 615 1620 praefuit
650 1574 737 1619 qua
776 1559 998 1618 praedatio
1036 1561 1079 1603 in
1117 1561 1361 1618 Leptitanos
1400 1567 1442 1604 et
1479 1559 1661 1617 suffugia
1699 1559 2024 1613 Garamantum3

229 1639 311 1684 alio
340 1638 494 1689 latere,
537 1651 591 1681 ne
622 1636 879 1681 Cirtensium
916 1637 1013 1694 pagi
1055 1637 1227 1695 impune
1267 1635 1553 1687 traherentur,
1594 1636 1813 1694 propriam
1852 1649 2026 1680 manum

228 1715 407 1760 Blaesus
437 1712 551 1757 filius
581 1712 712 1757 duxit.
757 1712 901 1756 medio
933 1726 1031 1756 cum
1061 1712 1255 1764 delectis,
1297 1711 1471 1756 castella
1500 1718 1542 1756 et
1570 1711 1829 1755 munitiones
1860 1711 2027 1757 idoneis

294 1855 326 1887 2.
345 1856 524 1895 reparatus
546 1861 600 1895 pr.
619 1853 652 1886 M
671 1871 706 1877 —
732 1852 763 1886 3.
783 1852 973 1885 attiberium
989 1861 1043 1894 pr.
1062 1853 1095 1886 M
1113 1871 1148 1876 --
1173 1852 1204 1886 4.
1222 1852 1488 1893 inexplicabilem
1510 1852 1690 1884 initaretur
1705 1852 1737 1885 M
1757 1869 1793 1875 -
1813 1851 1866 1884 40.
1886 1860 1932 1893 po
1945 1853 2028 1895 {lpo-

222 1911 299 1954 puli
322 1912 355 1945 M
381 1929 416 1935 -
444 1911 497 1943 44.
523 1912 670 1942 caeteros
691 1909 724 1942 M
751 1926 786 1931 —
813 1909 866 1945 42.
889 1912 1060 1949 poteretur
1082 1918 1135 1951 pr.
1154 1910 1202 1942 M:
1227 1910 1393 1950 potiretur
1416 1917 1507 1941 corr.
1529 1909 1572 1942 M.
1598 1908 1685 1940 Vide
1709 1907 1753 1940 ad
1769 1909 1807 1947 2,
1826 1907 1879 1941 47.
1908 1925 1945 1932 —
1973 1907 2025 1941 43.

227 1967 447 2001 haudissimili
469 1975 522 2009 pr.
548 1967 598 2005 M;
624 1966 714 1998 haud
736 1966 885 1999 dissimili
909 1975 1001 1999 corr.
1021 1967 1053 1999 M
1078 1984 1115 1989 —
1142 1966 1194 1999 47.
1220 1967 1408 2007 Leptitanos
1432 1965 1712 1999 Freinshemius:
1737 1965 1881 2007 lepcinos
1901 1974 1956 2008 pr.
1974 1966 2025 2004 M;

229 2026 366 2067 leptinos
389 2032 480 2057 corr.
506 2023 540 2057 M
566 2040 602 2046 -
629 2022 681 2055 48.
708 2023 950 2056 necertensium
972 2023 1006 2056 M
1030 2023 1080 2065 (ne
1104 2023 1300 2056 Cirtensium
1323 2021 1470 2064 margo).

272 2144 325 2178 73.
354 2142 561 2184 Tacfarinas]
600 2141 651 2175 Cf.
685 2142 723 2182 2,
745 2142 799 2175 52.
831 2142 869 2183 3,
900 2143 954 2175 20.
981 2142 1033 2175 32.
1063 2161 1098 2166 —

226 2193 470 2236 inevplicabitel
497 2193 596 2234 quasi
620 2191 823 2233 insolubile,
850 2194 1057 2235 metaphora
1081 2203 1101 2226 a

227 2245 376 2280 vinculis
408 2243 462 2277 vel
492 2243 628 2285 laqueis
659 2243 865 2284 desumpta,
901 2244 997 2277 idem
1028 2244 1101 2277 fere

229 2306 271 2330 ac
296 2297 525 2338 perpetuum,
552 2295 684 2326 exitum
708 2294 888 2335 finemque
914 2304 984 2327 non
1005 2295 1103 2328 habi—

229 2350 360 2381 turum.
396 2346 454 2386 Sic
478 2345 594 2377 Livius
617 2344 672 2384 37,
699 2345 758 2376 52:
795 2354 871 2376 cum
899 2355 965 2378 non
994 2346 1103 2387 maqts

228 2401 347 2430 mutua
375 2404 476 2436 quam
503 2394 729 2434 inexplicabili
758 2394 919 2435 facilitate
941 2399 1103 2428 certatum

230 2451 321 2482 esset.
363 2445 468 2479 Multo
495 2447 613 2478 tamen
639 2445 857 2486 frequentius
882 2448 936 2479 est
959 2446 1003 2479 de
1028 2447 1103 2480 eius

230 2498 327 2533 modi
362 2496 454 2530 bello
485 2497 665 2538 epitheton
699 2497 911 2537 ineoepiabite.
950 2497 1000 2529 Cf.
1029 2498 1101 2531 Liv,

230 2549 269 2589 4,
295 2548 349 2581 35.
376 2547 497 2580 lustin.
523 2547 578 2586 38,
604 2546 635 2587 6,
662 2547 694 2578 6.
721 2546 775 2586 40,
795 2548 826 2586 4,
853 2547 884 2580 4.
911 2547 1000 2580 Flor.
1018 2547 1051 2588 4,
1069 2547 1101 2587 4,

232 2600 263 2632 4.
291 2616 329 2622 -
355 2598 497 2630 hostium
524 2606 615 2629 more
645 2597 772 2639 ageret]
806 2606 856 2629 sc.
882 2597 1016 2630 bellum
1037 2607 1104 2630 vo-

233 2657 335 2688 cans,
384 2647 480 2689 quod
523 2646 744 2680 latrocinium
783 2649 880 2687 erat;
930 2647 1102 2690 postulata

232 2699 360 2738 edens,
398 2696 511 2739 qualia
547 2697 657 2730 hostis
692 2698 726 2729 in
761 2697 852 2730 iusto
883 2697 976 2731 bello
1001 2697 1100 2731 solet.

231 2751 313 2783 Em.
341 2766 376 2772 -
407 2757 449 2781 ne
479 2748 644 2788 Spartaco
668 2749 799 2788 quidem
827 2749 908 2790 cet]
941 2749 991 2782 Cf.
1018 2748 1103 2780 Livii

233 2801 315 2843 epit.
342 2799 394 2832 96.

275 2849 328 2883 74.
353 2848 507 2891 furandi]
544 2847 632 2881 dolis
663 2849 769 2890 atque
804 2849 937 2882 insidiis
967 2849 1100 2882 utendi.

232 2899 360 2942 Vergil.
379 2901 466 2933 Aen.
487 2899 539 2937 44,
558 2899 639 2930 543:
666 2900 774 2931 Furta
791 2909 879 2940 paro
895 2900 985 2940 belli,
1012 2908 1102 2941 quae

233 2960 316 2984 mox
348 2959 381 2982 v.
407 2949 470 2983 523
505 2957 680 2981 armorum
711 2949 801 2981 doles
824 2952 940 2983 vocat.
969 2969 1004 2974 —
1040 2953 1105 2982 tres

231 3001 386 3043 incessus]
410 2998 582 3033 Burnouf:
609 3000 693 3031 dans
716 3001 797 3032 trois
812 3001 987 3033 directions
1001 3004 1031 3033 et
1046 3009 1106 3032 sur

232 3052 314 3084 trois
336 3051 498 3083 colonnes.
525 3067 560 3073 —
588 3049 758 3082 Cornelius
780 3051 902 3091 Scipio]
933 3051 987 3083 Ad
1010 3051 1104 3083 hunc

233 3102 447 3143 Borghesius
471 3099 603 3133 rettulit
627 3100 891 3141 inscriptionem
909 3110 963 3143 ap.
983 3102 1106 3133 Grute-

234 3160 312 3184 rum
346 3151 421 3191 396,
447 3152 484 3183 5:
517 3151 553 3184 P.
580 3150 730 3183 Cornelio
759 3150 793 3182 P.
818 3150 842 3191 f.
868 3150 1007 3183 Lentulo
1030 3151 1105 3183 Sci-

230 3201 324 3242 pioni
353 3210 417 3234 cos.
438 3203 554 3242 praet.
579 3201 709 3239 aerari,
741 3199 849 3242 teyaco
881 3201 925 3232 Ti.
953 3201 1106 3233 Caesaris

233 3250 317 3292 Auq.
343 3251 483 3293 leyionis
511 3252 598 3284 VIIII
616 3251 786 3292 Hispanae
812 3250 866 3290 (cf.
893 3259 923 3282 c.
946 3251 994 3290 9),
1017 3261 1105 3292 pon-

234 3302 330 3342 zinci,
360 3303 478 3342 fetiali.
517 3302 568 3335 Cf.
595 3302 648 3342 44,
673 3303 706 3335 2.
737 3318 772 3324 —
809 3302 1015 3341 Leptitanos]
1051 3302 1101 3334 Cf.

235 3351 321 3384 Hist.
349 3350 386 3389 4.
413 3353 466 3385 50.
493 3351 630 3385 Sallust.
654 3353 727 3394 lug.
753 3351 793 3384 77
811 3353 847 3383 et
863 3351 916 3383 79.
943 3351 1044 3383 Caes.
1064 3352 1100 3383 B.

236 3400 274 3434 C.
300 3401 340 3442 2,
367 3401 419 3436 38.
445 3403 531 3436 Hirt.
557 3403 595 3437 B.
620 3402 690 3436 Afr.
709 3402 761 3436 97.
800 3400 1033 3443 cogitandum
1050 3402 1104 3434 est

1153 2143 1198 2176 de
1224 2143 1321 2184 Lepti
1345 2143 1482 2175 minore
1505 2142 1599 2174 iuxta
1622 2142 1856 2175 Adrumetum
1881 2143 1917 2175 et
1939 2142 2027 2184 Syr-

1153 2194 1215 2226 tim
1235 2194 1428 2232 minorem,
1455 2201 1546 2234 quae
1563 2193 1705 2234 saepius
1723 2191 1885 2225 absolute
1902 2192 2030 2225 dicitur

1153 2245 1287 2286 Leptis;
1318 2253 1399 2276 nam
1423 2244 1559 2286 Leptis,
1586 2252 1677 2285 quae
1701 2243 1799 2275 audit
1824 2238 1966 2285 magna,
1992 2243 2028 2276 in

1152 2296 1295 2335 regione
1320 2295 1455 2334 Syrtica
1480 2293 1615 2335 longius
1632 2293 1676 2325 ab
1694 2293 1762 2326 hoc
1779 2292 1871 2326 bello
1890 2293 2028 2327 aberat.

1153 2346 1295 2378 WALrn.
1321 2345 1431 2377 Hodie
1448 2347 1597 2377 vocatur
1608 2344 1747 2384 Lamba,
1768 2345 1886 2386 Leptis
1900 2353 2028 2386 magna

1153 2395 1289 2428 Lebeda.
1311 2413 1347 2418 —
1375 2394 1583 2436 Cirtensium]
1610 2395 1703 2427 Cirta
1718 2420 1725 2434 ,
1753 2403 1846 2427 nunc
1866 2394 2029 2427 Constan-

1152 2446 1228 2478 tine.
1257 2463 1294 2468 —
1320 2445 1541 2487 traherentur]
1567 2444 1822 2487 diriperentur,
1849 2446 2029 2477 vastaren-

1153 2497 1227 2536 tur,
1254 2497 1292 2528 ut
1308 2497 1393 2529 Hist.
1413 2497 1445 2535 2,
1464 2496 1499 2528 64
1517 2505 1524 2528 z
1546 2497 1722 2537 prooetmos
1736 2496 1923 2528 Aeduorum
1938 2495 2029 2528 vicos

1153 2546 1315 2579 trahebat.
1346 2565 1378 2569 -
1405 2546 1542 2578 Blaesus
1562 2546 1664 2588 fitius]
1689 2545 1740 2578 Cf.
1768 2546 1799 2584 4,
1827 2545 1880 2578 49.
1907 2562 1942 2568 -
1968 2554 2027 2578 ve-

1154 2597 1233 2628 teris
1252 2595 1458 2637 provinciae]
1487 2595 1828 2637 Karthaginiensium
1851 2596 1920 2628 cet.
1946 2596 2028 2628 sunt

1155 2647 1263 2687 fines,
1295 2649 1376 2679 ante
1400 2647 1644 2688 Iugurthinum
1667 2645 1800 2679 bellum
1823 2646 1859 2678 in
1883 2646 2027 2688 provin·

1154 2700 1229 2730 ciae
1261 2697 1412 2730 formam
1442 2697 1587 2730 redacti.
1626 2696 1678 2730 Cf.
1704 2697 1735 2735 4,
1760 2696 1813 2729 58.
1844 2714 1880 2720 -
1915 2696 2028 2729 limine

1154 2748 1236 2789 belli]
1253 2748 1357 2780 huius
1374 2747 1607 2788 expeditionis
1625 2746 1813 2788 principio,
1839 2748 1877 2778 ut
1891 2746 2025 2779 Seneca

1155 2800 1256 2831 Herc.
1285 2798 1349 2830 fur.
1378 2798 1478 2830 4⁴32:
1506 2806 1589 2838 quas
1611 2797 1646 2828 in
1663 2797 1776 2837 primo
1793 2796 1920 2828 Limine
1938 2797 2028 2830 vitae

1153 2849 1256 2880 scelus
1270 2848 1440 2888 oppressit.
1463 2865 1497 2869 —
1516 2850 1700 2879 mutantem
1713 2846 1877 2888 mapalia]
1896 2848 2024 2887 castra,

1154 2907 1245 2940 quae
1270 2895 1420 2939 mapalia
1445 2906 1508 2938 pro
1528 2897 1686 2929 tentoriis
1703 2895 1893 2928 habebant.
1921 2896 1971 2929 Cf.
1991 2896 2024 2938 4,

1153 2951 1212 2982 25:
1258 2948 1422 2981 Numidas
1458 2949 1573 2988 positis
1614 2946 1803 2987 mapalibus
1835 2948 2025 2980 consedisse.

1153 2999 1307 3040 Mapalia
1330 2997 1383 3030 illa
1410 2996 1525 3039 qualia
1545 2997 1690 3036 tuerint,
1716 2997 1821 3029 docet
1838 2998 1953 3030 Livius
1969 2997 2022 3037 30,

1154 3050 1192 3082 3:
1218 3049 1383 3081 arundine
1397 3051 1491 3079 texta
1505 3050 1678 3087 storeaque
1694 3049 1795 3086 tecta,
1821 3047 1880 3088 qui
1898 3045 2026 3079 eadem

1154 3108 1184 3132 o.
1211 3101 1230 3132 5
1253 3107 1351 3130 casas
1372 3098 1487 3130 vocat.
1522 3096 1632 3129 Hodie
1657 3095 1755 3128 beetel
1777 3096 1885 3136 schar,
1911 3097 2027 3128 domus

1151 3151 1296 3191 pellium.
1323 3150 1424 3182 Shaw
1450 3149 1582 3180 Travets
1603 3149 1639 3180 in
1662 3146 1764 3179 Barb.
1788 3147 1814 3179 1.
1839 3155 1874 3188 p.
1892 3147 1967 3179 2⁴0.
1986 3166 2017 3171 —

1152 3201 1188 3233 id
1211 3209 1340 3241 quoque
1354 3199 1470 3231 Blaeso
1493 3197 1608 3230 tribuit
1623 3200 1660 3229 ut
1676 3196 1756 3238 cet.]
1782 3196 1834 3229 Ct'.
1852 3195 1973 3229 Vellei.
1988 3197 2021 3237 2,

1155 3252 1236 3284 425:
1273 3248 1649 3290 Drusus--sinyulari
1678 3248 1713 3279 in
1741 3256 1778 3279 eo
1805 3247 1934 3288 negotio
1971 3248 2022 3288 (in

1153 3300 1312 3334 sedando
1341 3300 1621 3334 Pannonicarum
1650 3297 1827 3338 legionum
1858 3296 2022 3337 tumultu)

1153 3360 1232 3383 usus
1253 3351 1349 3383 Iunio
1371 3351 1505 3389 Blaeso,
1528 3349 1603 3381 viro
1624 3348 1751 3380 nescias
1765 3346 1896 3378 utiliore
1910 3348 1946 3379 in
1961 3355 2022 3379 ca-

1153 3402 1230 3434 stris
1252 3410 1299 3434 an
1320 3400 1455 3435 meliore
1477 3401 1511 3435 in
1526 3402 1622 3446 toga,
1648 3397 1705 3440 qui
1720 3399 1797 3439 post
1813 3406 1942 3438 paucos
1956 3406 2020 3430 an-

2247 814 2254 965 ..—.-—...-
2247 489 2254 781 A....-*..-.‹-.u—ffl
2251 462 2254 477 .-
2248 401 2254 446 ἀμ.
2247 327 2254 386 ..α-κ

2251 1454 2254 1467 λ
2240 1307 2254 1438 -ιὴι--ω
2246 972 2254 1291 -...—-Q-
