2254 3770
318 291 403 335 546

806 294 851 337 Ρ.
883 292 1134 338 CORNELII
1163 293 1333 339 TACITI
1362 294 1632 341 ANNALrUM

315 404 486 443 veteres
523 412 630 457 opes
667 399 790 457 quasi
832 398 985 443 oblatis
1015 414 1124 458 quas
1153 401 1309 445 multos
1339 415 1420 459 per
1447 416 1582 446 annos
1613 403 1874 461 prodigeret.
1923 404 2026 463 quin
2069 410 2112 449 et

316 474 415 518 inde
454 475 539 518 iam
574 474 854 532 largiebatur;
900 481 942 519 et
977 474 1217 520 divitiarum
1257 479 1494 535 expectatio
1525 478 1635 522 inter
1665 492 1818 523 causas
1848 480 2111 538 paupertatis

314 549 513 608 publicae
544 557 647 594 erat.
691 563 788 594 nam
819 551 980 594 Bassus
1010 550 1168 595 effosso
1200 566 1303 610 agro
1333 566 1414 596 suo
1443 552 1626 612 latisque
1652 554 1813 599 circum
1842 556 1974 606 arvis,
2006 555 2110 600 dum

316 625 428 670 hunc
453 625 521 669 vel
551 625 669 669 illum
690 625 832 670 locum
852 626 1052 684 promissi
1075 641 1233 685 specus
1254 627 1496 679 adseverat,
1529 636 1855 688 sequunturque
1876 644 1959 675 non
1980 631 2110 676 modo

281 709 300 739 5
315 701 487 752 milites,
520 701 598 744 sed
624 700 809 759 populus
830 702 1062 759 agrestium
1085 702 1311 747 efficiendo
1333 704 1453 761 operi
1476 704 1746 763 adsumptus,
1778 706 1951 750 tandem
1970 706 2110 765 posita

313 776 564 827 vaecordia,
606 790 690 820 non
729 776 833 821 falsa
870 783 994 821 antea
1024 778 1187 821 somnia
1219 792 1296 821 sua
1328 792 1465 836 seque
1494 785 1594 823 tunc
1624 780 1807 837 primum
1837 780 2005 825 elusum
2033 781 2111 825 ad-

312 852 494 901 mirans,
524 850 737 909 pudorem
767 858 809 896 et
839 859 999 896 metum
1031 859 1165 897 morte
1186 852 1424 897 voluntaria
1454 853 1612 912 effugit.
1655 855 1832 912 quidam
1852 856 2040 901 vinctum
2058 869 2111 901 ao

312 941 412 972 mox
442 927 665 971 dimissum
694 927 932 979 tradidere,
965 927 1175 986 ademptis
1208 928 1331 972 bonis
1363 929 1404 972 in
1434 928 1576 973 locum
1606 930 1750 987 regiae
1781 945 1925 989 gazae.

427 1003 480 1061 (4)
520 1006 688 1047 Interea
723 1009 916 1055 senatuS‚
960 1004 1206 1062 propinquo
1247 1004 1330 1048 iam
1359 1003 1519 1048 lustrali
1552 1005 1802 1058 certamine,
1842 1013 1889 1050 ut
1917 1006 2110 1052 dedecus

263 1085 545 1130 inaverteret,
587 1078 711 1122 offert
747 1079 994 1136 imperatori
1035 1079 1256 1123 victoriam
1297 1087 1447 1124 cantus
1484 1080 1700 1139 adicitque
1730 1080 1955 1126 facundiae
1985 1095 2110 1127 coro-

313 1168 429 1207 nam,
462 1168 549 1213 qua
578 1153 744 1198 ludicra
773 1154 1019 1198 deformitas
1048 1153 1276 1199 velaretur.
1307 1155 1386 1199 sed
1411 1156 1524 1199 Nero
1555 1155 1656 1198 nihil
1686 1156 1848 1200 ambitu
1876 1170 1959 1201 nec
1987 1163 2110 1215 pote-

312 1236 419 1275 state
451 1236 625 1274 senatus
655 1243 765 1287 opus
795 1243 895 1274 esse
925 1229 1142 1280 dictitans,
1176 1244 1224 1274 se
1254 1244 1442 1289 aequum
1472 1231 1703 1275 adversum
1725 1232 1919 1276 aemulos
1939 1239 1981 1277 et
2010 1232 2109 1277 reli-

311 1306 438 1363 gione
477 1305 668 1349 iudicum
706 1305 902 1349 meritam
938 1304 1111 1349 laudem
1141 1306 1468 1358 adsecuturum,
1508 1307 1646 1364 primo
1677 1321 1848 1352 carmen
1878 1309 1920 1350 in
1950 1322 2108 1353 scaena

310 1382 480 1434 recitat;
516 1395 615 1424 mox
643 1380 859 1438 flagitante
890 1380 1017 1439 vulgo
1048 1387 1094 1424 ut
1123 1382 1267 1425 omnia
1297 1381 1438 1425 studia
1467 1395 1546 1425 sua
1575 1381 1814 1440 publicaret
1843 1383 1964 1437 (haec
1993 1384 2107 1428 enim

260 1468 296 1498 ⁴5
310 1457 442 1501 verba
473 1456 647 1513 dixere),
680 1456 918 1515 ingreditur
947 1455 1177 1509 theatrum,
1208 1457 1373 1501 cunctis
1393 1457 1580 1501 citharae
1604 1457 1771 1515 legibus
1791 1458 2106 1517 obtemperans,

309 1547 364 1577 ne
396 1533 535 1576 fessus
565 1531 789 1583 resideret,
823 1545 877 1576 ne
907 1531 1113 1576 sudorem
1132 1533 1212 1576 nisi
1235 1546 1298 1583 ea,
1331 1546 1460 1591 quam
1483 1533 1646 1575 indutui
1670 1532 1858 1590 gerebat,
1890 1541 2010 1579 veste
2031 1534 2109 1579 dea

308 1614 513 1667 tergeret,
544 1615 592 1651 ut
621 1606 736 1651 nulla
763 1607 851 1651 oris
872 1614 945 1652 aut
965 1608 1132 1651 narium
1153 1615 1424 1653 excrementa
1444 1609 1699 1653 viserentur.
1731 1615 1950 1667 postremo
1971 1609 2113 1657 flexus,

373 1705 404 1739 6.
429 1705 589 1738 uecordia
611 1703 645 1738 M
671 1722 707 1728 —
733 1707 835 1737 ante-a
856 1704 909 1737 M:
934 1707 1012 1737 ante
1034 1703 1102 1737 alii.
1122 1721 1159 1727 —
1185 1706 1372 1738 ammiram
1396 1704 1448 1744 M;
1474 1704 1650 1747 affirmans
1672 1704 1889 1748 Nipperdey.
1913 1720 1947 1730 -
1973 1704 2054 1749 offrt
2074 1706 2108 1741 Μ

308 1777 346 1784 -
372 1759 426 1792 44.
450 1758 550 1792 nichil
572 1758 605 1792 M
630 1776 667 1782 ·-
694 1758 747 1790 42.
766 1755 912 1790 aduersu
934 1758 985 1792 M:
1011 1758 1173 1791 adversus
1188 1757 1256 1792 alii.
1278 1776 1315 1782 —
1339 1758 1464 1791 emulos
1486 1759 1518 1791 M
1538 1776 1574 1781 —
1595 1757 1649 1790 43.
1667 1766 1766 1791 scena
1787 1759 1821 1793 M
1845 1777 1881 1782 —
1909 1760 1962 1793 45.
1980 1759 2109 1794 cithare

305 1813 339 1847 M
364 1830 400 1835 —-
427 1812 482 1845 47.
506 1812 694 1844 viserentur
716 1810 947 1845 Puteolanus:
974 1812 1120 1844 uiserent
1145 1812 1188 1845 M.

304 1888 452 1922 mnosior
473 1895 576 1927 quam
597 1886 634 1919 in
656 1886 876 1929 aedificando.
898 1904 934 1909 —
960 1888 1075 1929 effosso
1095 1895 1181 1929 agro

305 1938 389 1980 cet.]
406 1936 587 1971 Simillima
602 1936 792 1970 vaecordia
810 1936 967 1978 Pompeii
984 1937 1180 1969 exercitum

303 1988 440 2030 incidit,
467 1996 550 2021 cum
573 1988 601 2021 is
625 1987 661 2020 in
685 1986 813 2020 eadem
829 1986 944 2019 Africa
969 1988 1091 2019 contra
1107 1988 1180 2019 Do-

304 2039 443 2072 mitium
473 2039 509 2071 et
537 2036 678 2070 larbam
707 2035 842 2070 bellum
865 2038 1008 2078 gereret
1030 2037 1178 2078 eiusque

303 2088 432 2123 milites
456 2088 501 2121 ad
525 2096 652 2120 aurum
670 2096 691 2120 a
707 2087 854 2127 Poenis,
879 2088 918 2119 ut
940 2086 1176 2128 somniabant,

304 2140 400 2172 terra
424 2138 606 2171 defossum
630 2135 871 2170 effodiendum
896 2145 935 2170 se
965 2145 1030 2179 per
1059 2136 1179 2179 plures

304 2188 380 2223 dies
404 2188 596 2228 dederunt,
629 2187 745 2221 donec
768 2187 899 2220 frustra
923 2185 1102 2229 defatigati
1124 2188 1180 2220 in-

304 2240 408 2282 cepto
432 2237 579 2271 tandem
602 2236 826 2271 absisterent.
852 2236 1028 2270 Plutarch.
1053 2237 1176 2280 Pomp.

279 2303 281 2308 κ
303 2290 357 2323 44.
382 2307 427 2314 —-
449 2288 640 2330 admirans]
678 2296 788 2321 «cum
812 2287 1047 2321 admiratione
1071 2287 1179 2321 adse-

302 2348 465 2374 veransn.
487 2357 521 2362 -
541 2338 656 2381 regiae
677 2337 796 2380 yazae]
815 2337 1015 2371 abditarum
1031 2337 1178 2370 Didonis

303 2392 446 2432 reginae
470 2398 597 2432 opum,
623 2398 774 2430 quarum
793 2397 896 2431 spem
911 2388 1055 2421 fecerat.
1083 2389 1180 2421 Gaza

304 2444 360 2474 est
373 2442 525 2484 pecunia
541 2441 575 2474 in
590 2449 698 2473 usum
711 2440 839 2473 domus
856 2440 973 2481 regiae
990 2439 1176 2473 destinata.

304 2491 355 2524 Cf.
375 2491 407 2531 6,
426 2491 480 2523 37.
506 2490 646 2523 Curtius
663 2489 695 2530 3,
715 2490 768 2530 43,
783 2490 821 2522 5:
845 2489 1022 2531 pecuniam
1034 2490 1177 2532 regiam,

303 2551 406 2585 quam
428 2550 553 2584 qazam
575 2541 694 2573 Persae
716 2540 840 2573 dicunt.

347 2592 379 2626 4.
404 2591 547 2634 lustrati]
566 2590 662 2633 quod
678 2590 923 2631 quinquennale
938 2590 1103 2623 ludicrum
1119 2599 1180 2633 ap-

303 2642 444 2686 pellavit
467 2651 574 2684 supra
600 2641 653 2680 44,
670 2642 724 2674 20.
756 2641 902 2674 Errasse
926 2640 1067 2674 videtur
1089 2642 1178 2674 Sue-

303 2693 419 2727 tonius
441 2694 525 2726 Ner.
542 2692 602 2724 24:
631 2692 821 2724 Neroneum
843 2700 956 2733 ayona
978 2695 1055 2724 ante
1073 2700 1179 2732 prae-

302 2744 453 2777 stitutam
475 2743 561 2776 diem
582 2742 764 2775 revocavit.
789 2741 909 2774 Verba
926 2742 1021 2775 enim
1041 2743 1179 2784 propin-

303 2802 368 2835 quo
402 2793 472 2825 iam
505 2792 529 2825 t.
554 2792 735 2825 certamine
768 2793 910 2834 tempus
939 2791 1110 2825 sollemne
1144 2794 1179 2826 et

302 2844 551 2886 praestitutum
574 2842 781 2884 significant.
804 2860 839 2865 -
865 2842 998 2875 ludicra
1020 2843 1179 2884 aesomni-

302 2894 370 2937 tas]
407 2893 532 2926 cantus
559 2893 596 2925 in
625 2901 774 2930 scaena;
810 2893 973 2932 facundia
1001 2894 1097 2926 certe
1121 2902 1179 2926 ars

303 2945 380 2978 erat
402 2951 586 2986 generosa.
609 2960 644 2966 —
662 2952 695 2975 se
713 2951 856 2983 aequum
872 2942 955 2985 cet]
973 2952 1032 2976 «se
1049 2943 1179 2976 adver-

303 3004 383 3029 sum
404 2993 566 3028 aemulos
582 3002 626 3027 ex
641 3002 757 3034 aequo
774 3001 880 3034 agere
897 2996 1002 3027 exuto
1019 2995 1178 3037 principe

302 3046 455 3088 ideoque
487 3046 574 3078 item
604 3053 649 3078 ex
680 3052 795 3084 aequo
828 3052 910 3077 cum
934 3045 1177 3077 ceterisfiudi-

303 3096 458 3130 candum
481 3103 598 3129 esse.»
616 3112 652 3118 -
674 3093 871 3136 publicaret]
897 3093 1054 3136 «populo
1079 3095 1178 3128 exhi—

303 3146 406 3180 beret
428 3154 471 3178 ac
494 3144 749 3178 monstraret».
782 3142 831 3175 Cf.
859 3143 1002 3176 Sueton.
1020 3145 1103 3177 Ner.
1120 3145 1175 3177 2⁴:

301 3205 370 3229 non
390 3195 528 3228 cessavit
549 3194 725 3228 identidem
747 3200 779 3224 se
797 3192 980 3233 publicare.
1007 3211 1041 3216 —
1067 3195 1178 3236 ingre·

302 3246 394 3278 ditur
415 3243 592 3286 theatrum]
617 3243 761 3276 Sueton.
787 3240 900 3274 Vitell.
925 3241 963 3274 4:
982 3243 1178 3283 praesidens

301 3295 476 3328 certamini
490 3295 653 3334 Neroneo,
674 3292 858 3334 cupientem
874 3291 1072 3334 (Neronem)
1090 3294 1177 3326 inter

301 3345 507 3377 citharoedos
528 3343 722 3376 contendere
735 3350 796 3375 nee
810 3342 963 3382 quamvis
982 3343 1175 3384 flagitanti-

302 3393 362 3426 bus
375 3394 501 3426 eunctis
512 3393 708 3434 promittere
721 3392 896 3425 audentem
909 3390 1048 3431 ideoque
1062 3400 1175 3433 egres—

301 3451 375 3476 sum
407 3443 535 3476 theatro
567 3444 784 3476 revocaverat
818 3438 1034 3483 (Vitellius),
1077 3441 1174 3482 quasi

1228 1887 1471 1928 perseverantis
1495 1887 1614 1928 populi
1636 1887 1798 1929 legatione
1819 1890 1989 1930 mentita,
2021 1895 2106 1922 ewo-

1228 1937 1440 1978 randumque
1463 1936 1677 1978 praebuerat.
1705 1955 1741 1961 —-
1768 1946 1811 1970 ne
1837 1938 1991 1971 sudorem
2019 1937 2104 1981 cet.]

1230 1987 1416 2020 Suetonius
1433 1987 1514 2020 Ner.
1533 1987 1593 2020 24:
1619 1987 1657 2019 In
1678 1987 1836 2021 certando
1857 1987 1907 2020 ita
1926 1987 1992 2030 legi
2005 1987 2105 2021 oboe-

1229 2037 1357 2078 diebat,
1380 2040 1418 2070 ut
1432 2046 1618 2078 numquam
1632 2046 1794 2072 excreare
1809 2047 1923 2079 austes,
1947 2039 2103 2072 sudorem

1229 2097 1359 2130 quoque
1378 2089 1499 2130 frontis
1522 2088 1657 2122 brachio
1675 2089 1867 2131 detergeret.
1893 2089 1945 2123 Cf.
1963 2089 2028 2123 Dio
2044 2089 2102 2131 64,

1228 2139 1282 2171 20.
1301 2157 1336 2162 —
1362 2142 1490 2172 coetum
1505 2139 1600 2171 illum
1614 2148 1719 2172 manu
1732 2139 1919 2180 veneratus]
1943 2139 1982 2172 111
1998 2137 2102 2182 culpa

1229 2189 1328 2231 ponit
1342 2189 1492 2222 Tacitus.
1524 2190 1656 2222 Tamen
1681 2188 1954 2232 imperatoribus
1976 2189 2103 2232 postea

1228 2237 1265 2271 id
1288 2241 1487 2279 servatum,
1513 2239 1552 2272 ut
1567 2237 1729 2272 sollemni
1743 2239 1813 2272 ritu
1826 2238 1998 2282 populum
2015 2238 2104 2272 ado-

1228 2291 1349 2322 rarent
1370 2291 1406 2322 in
1429 2291 1537 2323 circo.
1569 2289 1783 2323 Claudianus
1804 2288 1952 2333 pulchre
1975 2288 2021 2322 de
2044 2289 2103 2324 vl.

1229 2341 1335 2374 Cous.
1353 2341 1496 2374 Honorii
1517 2341 1594 2374 6⁴4:
1620 2341 1646 2374 Ο
1663 2344 1826 2382 quantum
1844 2340 1968 2382 populo
1989 2340 2106 2373 secreti

1227 2392 1373 2424 numinis
1394 2392 1488 2424 addit
1508 2391 1641 2432 Imperii
1659 2399 1819 2432 praesens
1832 2391 1971 2431 Genius,
1997 2398 2104 2430 quan·

1228 2444 1362 2482 tamque
1382 2441 1533 2481 rependit
1554 2441 1714 2474 Maiestas
1736 2441 1868 2473 alterna
1886 2441 2004 2481 vienn,
2027 2449 2105 2474 eum

1226 2492 1323 2534 reaia
1345 2491 1428 2524 circi
1443 2491 1635 2525 Conveaeum
1656 2491 1817 2533 aradibus
1830 2493 2011 2524 veneratur
2020 2498 2104 2532 pur*

1225 2550 1317 2583 pura
1339 2542 1458 2583 vulqus
1480 2541 1685 2582 Assensuque
1705 2550 1810 2574 cavae
1827 2540 1977 2574 sublatus
1990 2540 2028 2573 in
2041 2549 2103 2574 aab

1228 2592 1324 2624 thera
1344 2591 1445 2623 vallis
1462 2591 1564 2624 Plebis
1579 2592 1744 2624 adoratae
1756 2590 1872 2624 reboat
1883 2590 2005 2633 fragor
2017 2597 2103 2623 utia—

1228 2651 1290 2684 que
1322 2643 1399 2675 totis
1427 2643 1562 2675 Intonat
1588 2641 1773 2684 Augustum
1803 2641 1941 2682 septenis
1968 2640 2103 2674 arcibus

1227 2693 1328 2726 Echo.
1355 2693 1441 2725 LlPs.
1471 2710 1506 2716 -
1532 2692 1709 2725 sententias
1730 2691 1879 2725 iudicum
1901 2692 1986 2732 cet]
2008 2691 2102 2724 Sue-

1228 2745 1301 2776 ton.
1326 2744 1407 2775 Ner.
1433 2742 1495 2775 23:
1522 2743 1632 2783 Quam
1654 2745 1767 2775 autem
1788 2741 1914 2783 trepide
1933 2741 2103 2783 anaeieque

1228 2793 1417 2832 certaverit,
1432 2795 1562 2833 quanta
1575 2792 1852 2825 adversariorum
1866 2791 2100 2833 aemulatione,

1229 2852 1293 2884 quo
1315 2846 1405 2875 metu
1426 2843 1593 2882 iudicum,
1618 2842 1679 2874 vice
1700 2842 1791 2875 credi
1809 2844 1928 2882 potest.
1963 2841 2028 2874 Dio
2043 2840 2098 2882 63,

1229 2893 1268 2926 9:
1293 2891 1382 2933 Πῶς
1405 2887 1454 2924 ἅν
1476 2901 1532 2933 τις
1552 2891 1616 2924 καὶ
1633 2887 1902 2935 ἀκοῦσαι,μὴ
1917 2885 1978 2924 ὅτι
1995 2888 2098 2932 ἰδεῖν,

1227 2939 1442 2986 ὑπομείνειε
1462 2959 1513 2966 --
1535 2939 1626 2982 τοὺς
1658 2937 1904 2985 αγωνοθέτας
1936 2937 2028 2982 τούς
2058 2948 2101 2974 τε

1226 2988 1545 3051 μαστιγοφόρους
1560 2989 1825 3034 φοβούμενον,
1837 2991 1902 3023 καὶ
1917 2988 2100 3048 χρήματα

1227 3037 1361 3083 αὐτοῖς
1395 3038 1529 3088 κρύφα
1558 3035 1702 3074 ἅπασιν
1729 3036 2007 3081 ἀναλίσκοντα,
2040 3035 2097 3083 μή

1226 3093 1292 3125 καὶ
1315 3090 1508 3136 ἐλεγχθεὶς
1529 3089 1771 3150 μαστιγωθῇ.
1789 3110 1839 3117 --
1862 3090 1937 3125 Καὶ
1959 3088 2096 3130 πάντα,

1228 3138 1305 3175 ὅσα
1327 3141 1368 3174 οἱ
1395 3139 1575 3183 τυχόντες
1600 3138 1887 3188 ὑποκρίνονται,
1919 3135 2098 3180 κάκεῖνος

1226 3193 1291 3226 καὶ
1313 3188 1417 3252 ἐλεγε
1438 3193 1504 3225 καὶ
1526 3188 1687 3250 ἔπραττε
1709 3193 1773 3226 καὶ
1795 3187 1962 3232 ἔπασχε,
1997 3186 2097 3233 πλην

1225 3243 1313 3276 καθ’
1345 3237 1443 3276 ὅσον
1465 3245 1629 3290 χρυσαῖς
1651 3239 1835 3276 ἁλύσεσιν
1856 3237 2093 3284 ἐδεσμεύετο.

1228 3310 1265 3316 -
1282 3295 1392 3335 aestus
1412 3292 1541 3335 iuvare]
1559 3292 1698 3333 favore,
1722 3291 1847 3335 plausu
1861 3290 2008 3324 incitare
2021 3290 2096 3323 stu·

1225 3342 1323 3375 dium
1353 3342 1545 3375 histrionis.
1580 3342 1654 3375 Liv.
1681 3343 1713 3383 4,
1737 3342 1801 3375 25:
1841 3340 1922 3373 Tum
1949 3339 2095 3372 cimon

1223 3393 1363 3426 Romani
1391 3393 1555 3425 adiuvant
1574 3392 1712 3425 munem
1732 3398 1840 3424 mian.
1877 3389 1973 3431 quod
1996 3389 2093 3422 idem

1223 3451 1254 3475 c.
1281 3442 1323 3476 ⁴2
1346 3443 1450 3475 vocat
1474 3442 1592 3484 favore
1613 3441 1735 3475 adam
1755 3439 1917 3474 aninum.
1943 3439 2024 3473 Ean.
2051 3454 2088 3462 —
