2254 3770
247 289 302 333 48
725 291 770 334 P.
802 290 1051 335 CORNELII
1081 291 1251 337 TACITI
1280 292 1548 338 ANNALIUM

247 397 397 442 terruit
417 397 598 442 Caecina
619 397 704 442 huc
725 396 825 442 illuc
845 398 985 442 serens
1005 412 1141 450 arma,
1174 405 1216 443 et
1236 399 1398 443 Marsos
1428 398 1631 456 congredi
1661 412 1790 443 ausos
1821 411 2031 457 prospero

245 473 411 531 proelio
442 472 642 518 cohibuit.
703 473 783 530 (57)
815 487 957 532 neque
987 474 1119 518 multo
1149 481 1246 532 post
1274 474 1399 533 legati
1431 489 1454 518 a
1487 476 1664 532 Segeste
1685 480 1894 518 venerunt
1913 474 2033 518 auxi-

245 548 348 592 lium
369 556 540 593 orantes
560 548 768 592 adversus
787 549 874 592 vim
893 549 1184 607 popularium,
1217 564 1240 593 a
1262 550 1358 608 quis
1383 549 1795 604 circumsedebatur,
1825 549 2032 594 validiore

246 631 348 682 aput
377 638 453 668 eos
479 624 687 675 Arminio,
720 624 923 683 quoniam
953 624 1111 669 bellum
1130 625 1359 669 suadebat:
1391 639 1490 669 nam
1509 624 1722 676 barbaris,
1755 632 1917 684 quanto
1934 625 2032 684 quis

214 699 426 744 saudacia
462 706 707 758 promptus,
754 706 868 744 tanto
907 701 1042 758 magis
1079 700 1191 744 fidus
1234 701 1452 759 rebusque
1490 701 1615 745 motis
1654 700 1795 759 potior
1839 700 2031 745 habetur.

245 775 469 820 addiderat
488 776 690 833 Segestes
719 774 869 832 legatis
890 775 1041 827 filium,
1073 776 1244 820 nomine
1266 776 1593 834 Segimundum:
1626 775 1704 820 sed
1735 777 1898 820 iuvenis
1930 790 2032 820 con-

245 851 423 896 scientia
458 850 747 895 cunctabatur.
808 851 976 909 quippev
1007 865 1117 894 anno
1158 865 1244 910 quo
1277 852 1528 896 Germaniae
1567 851 1791 896 descivere
1828 851 2032 896 sacerdos

244 933 347 985 aput
375 940 493 970 aram
519 925 724 971 Ubiorum
754 933 923 970 creatus
953 933 1128 984 ruperat
1155 927 1297 979 vittas,
1331 927 1536 985 profugus
1567 927 1620 970 ad
1652 926 1847 971 rebelles.
1895 927 2032 971 addu-

245 1009 337 1047 ctus
366 1009 507 1046 tamen
536 1002 579 1044 in
609 1015 731 1060 spem
761 1001 1010 1045 clementiae
1041 1003 1256 1047 Romanae
1287 1002 1457 1060 pertulit
1486 1003 1616 1060 patris
1647 1002 1861 1053 mandata,
1910 1002 2031 1046 beni-

194 1090 231 1120 io
244 1092 414 1136 gneque
434 1084 639 1135 exceptus
661 1090 759 1121 cum
779 1077 995 1134 praesidio
1018 1077 1222 1122 Gallicam
1252 1078 1292 1120 in
1317 1079 1452 1136 ripam
1478 1079 1636 1122 missus
1658 1085 1734 1122 est.
1777 1078 2030 1122 Germanico

242 1154 427 1212 pretium
456 1153 532 1197 fuit
561 1159 811 1197 convertere
840 1166 1012 1211 agmen,
1057 1160 1378 1211 pugnatumque
1413 1153 1455 1196 in
1486 1153 1742 1203 obsidentis,
1784 1161 1827 1197 et
1856 1161 2029 1212 ereptus

242 1230 443 1287 Segestes
472 1242 626 1287 magna
656 1242 755 1272 cum
783 1229 1123 1287 propinquorum
1153 1236 1195 1273 et
1224 1229 1441 1273 clientium
1474 1244 1615 1272 manu.
1656 1229 1820 1273 inerant
1849 1230 2030 1274 feminae

241 1304 427 1358 nobiles,
471 1305 577 1348 inter
607 1318 716 1362 quas
746 1318 853 1348 uxor
883 1305 1056 1347 Arminii
1087 1304 1328 1363 eademque
1356 1304 1442 1348 filia
1473 1305 1683 1363 Segestis,
1726 1306 1864 1350 mariti
1895 1305 2030 1364 magis

241 1395 372 1440 quam
405 1380 594 1439 parentis
631 1381 793 1432 animo,
836 1394 979 1438 neque
1015 1380 1151 1424 evicta
1192 1380 1233 1423 in
1272 1380 1469 1424 lacrimas
1510 1394 1652 1438 neque
1692 1394 1797 1425 voce
1836 1381 2028 1440 supplex,

193 1456 502 1515 iscompressis
541 1456 650 1499 intra
688 1455 830 1499 sinum
866 1455 1063 1499 manibus
1093 1455 1316 1513 gravidum
1354 1463 1524 1499 uterum
1553 1456 1733 1500 intuens.
1785 1456 2031 1501 ferebantur

242 1540 284 1578 et
313 1532 450 1591 spolia
468 1532 676 1577 Varianae
707 1531 856 1582 cladis,
889 1530 1106 1589 plerisque
1138 1545 1288 1575 eorum
1318 1532 1390 1589 qui
1422 1538 1511 1575 tum
1539 1531 1581 1574 in
1601 1531 1864 1576 deditionem
1883 1533 2030 1576 venie-

242 1609 344 1653 bant
373 1607 562 1667 praedae
592 1606 710 1660 data;
741 1605 867 1650 simul
898 1607 1098 1664 Segestes
1129 1607 1244 1664 ipse,
1277 1607 1425 1665 ingens
1455 1607 1550 1651 visu
1580 1614 1622 1651 et
1651 1608 1857 1651 memoria
1888 1607 2028 1652 bonae

241 1684 456 1729 societatis
495 1682 733 1741 inpavidus.
794 1683 875 1739 (58)
906 1682 1039 1726 verba
1076 1683 1168 1726 eius
1208 1683 1251 1725 in
1280 1682 1394 1726 hunc
1422 1682 1599 1726 modum
1627 1682 1767 1727 fuere:
1813 1698 1928 1728 «non
1961 1684 2028 1728 hic

238 1760 342 1804 mibi
371 1759 535 1818 primus
565 1771 668 1816 erga
695 1757 902 1816 populum
920 1758 1156 1802 Romanum
1184 1757 1286 1802 fidei
1315 1765 1357 1802 et
1387 1759 1647 1802 constantiae
1676 1758 1781 1803 dies.
1821 1773 1875 1803 ex
1894 1774 1981 1818 quo
2003 1774 2027 1804 a

282 1868 315 1902 4.
341 1868 499 1910 quoniam
520 1865 613 1909 (quo)
633 1868 684 1902 M:
711 1868 843 1908 quando
865 1866 1070 1901 Beroaldus.
1096 1885 1133 1891 —
1159 1869 1191 1901 5.
1215 1867 1376 1909 rebusque
1395 1869 1492 1901 motis
1513 1868 1667 1910 Lipsius:
1693 1868 1790 1902 rebus
1810 1871 1981 1903 commotis
1995 1870 2027 1904 M

241 1943 279 1951 —
306 1926 358 1959 40.
378 1925 525 1967 presidio
547 1925 580 1959 Μ
605 1941 640 1948 -
667 1925 720 1957 44.
746 1933 863 1957 acmen
885 1925 915 1958 M
945 1942 981 1949 -
1007 1925 1059 1959 ⁴2.
1085 1925 1296 1958 eticlientium
1320 1924 1443 1966 (littera
1465 1926 1574 1958 iante
1598 1935 1615 1958 c
1638 1926 1769 1968 puncto
1786 1927 1969 1968 notata).M
1989 1944 2023 1949 —

238 1982 291 2016 43.
315 1985 451 2024 seqestes
471 1990 526 2024 pr.
551 1981 585 2015 M
609 1998 646 2004 —
678 1980 732 2014 44.
753 1984 910 2023 parentes
930 1990 984 2023 pr.
1010 1982 1043 2015 M
1067 1999 1104 2006 —
1129 1991 1234 2023 neque
1255 1983 1361 2016 evicta
1383 1983 1490 2015 Leon.
1516 1981 1666 2025 Spengel
1690 1981 1785 2025 (coll.
1811 1984 1865 2024 44,
1890 1983 1950 2016 37:
1983 1983 2028 2016 ad

237 2039 482 2073 miserationem
503 2038 620 2072 evicta.
646 2038 733 2071 Hist.
758 2039 790 2080 2,
817 2038 877 2072 64:
903 2038 938 2071 in
960 2039 1122 2081 gaudium
1144 2040 1278 2081 evicta):
1303 2048 1408 2082 neque
1428 2039 1517 2072 victa
1535 2040 1569 2073 M
1594 2056 1631 2063 -
1657 2039 1710 2072 49.
1733 2049 1915 2073 remanum
1935 2041 1982 2075 M.

281 2134 336 2167 57.
365 2133 468 2175 toyati
497 2142 521 2166 a
548 2133 677 2174 Segeste
700 2132 780 2174 cet.]
811 2132 866 2166 Ad
887 2133 1002 2166 totum
1024 2133 1060 2167 h.
1084 2132 1106 2167 l.
1158 2134 1211 2167 73.
1237 2134 1269 2174 3,
1294 2133 1348 2168 46.
1374 2134 1428 2175 44,
1455 2134 1496 2167 49
1520 2135 1555 2167 et
1578 2133 1623 2166 de
1647 2133 1773 2167 eadem
1796 2143 1836 2167 re
1859 2136 1940 2177 Agr.
1964 2136 2024 2168 45:

238 2184 282 2218 cf.
300 2182 426 2217 Strabo
446 2182 478 2224 7,
505 2183 536 2223 4,
555 2182 587 2216 4.
605 2192 641 2225 p.
659 2183 742 2216 29⁴:
784 2182 824 2215 ot
845 2183 1108 2224 πιστευθέντες
1155 2185 1205 2216 sic
1238 2184 1437 2217 Germanias
1468 2186 1652 2217 excussisse
1687 2185 1815 2226 iugum.
1856 2202 1891 2208 —
1928 2194 2027 2217 aram

237 2233 431 2277 (Germani,
458 2232 587 2275 quibus
603 2233 752 2266 Romani
774 2233 883 2267 fidem
900 2232 1106 2275 tribuerant)
1161 2233 1327 2276 Ubiorum]
1363 2234 1414 2267 Cf.
1447 2234 1493 2267 ad
1525 2244 1557 2268 c.
1583 2234 1637 2268 39.
1666 2251 1701 2258 -—
1739 2237 1880 2276 ruperat
1911 2235 2025 2277 vittas]

235 2282 284 2319 τὰ
327 2285 491 2328 μέγιστα
533 2282 807 2326 κατέβλαψαν,
853 2281 1029 2331 καθάπερ
1070 2284 1111 2317 οἱ
1156 2282 1374 2317 laceraverat
1396 2284 1464 2317 hoc
1487 2284 1677 2318 sacerdotii
1705 2285 1861 2327 insigue;
1893 2285 2026 2318 etenim

225 2334 464 2397 Χηροῦσκοι
484 2335 550 2367 καὶ
573 2334 613 2367 οἱ
634 2332 779 2368 τούτων
803 2330 982 2378 ὑπήκοοι.
1009 2353 1044 2358 -
1069 2354 1105 2359 -

225 2382 385 2420 “Euam
415 2384 457 2419 δὲ
484 2384 593 2427 δίκας
621 2379 788 2427 ἅπαντες
818 2386 883 2419 καὶ
913 2386 1107 2432 παρέσχον

235 2436 287 2482 τῷ
343 2437 512 2484 νεωτέρῳ
547 2435 784 2496 Γερμανικῷ
838 2434 1107 2484 λαμπρότατον

235 2486 443 2548 θρίαμβον,
469 2486 510 2520 ἐν
533 2479 563 2531 ᾦ
588 2484 852 2534 ἐθριαμβεύθη
876 2485 951 2520 τῶν
967 2487 1108 2529 ἐπιφα-

235 2536 428 2572 νεστάτων
450 2534 599 2597 ἀνδρῶν
623 2536 786 2581 σώματα
815 2538 882 2571 καὶ
903 2537 1105 2582 γυναικῶν,

235 2585 494 2634 Σεγιμοῦντός
519 2597 560 2621 τε
582 2587 771 2646 Σεγέστου
796 2586 897 2630 υἱός,
921 2586 1107 2647 Χηρούσ-

237 2650 315 2673 κων
349 2635 522 2683 ἡγεμών,
557 2638 623 2672 καὶ
657 2633 805 2681 ἀδελφὴ
841 2635 980 2680 αὐτοῦ,
1010 2635 1106 2683 γυνὴ

238 2689 270 2724 δ’
305 2686 498 2738 Ἀρμενίου
539 2687 607 2722 τοῦ
654 2687 1023 2747 πολεμαρχήσαντος
1067 2688 1107 2722 ἐν

238 2743 321 2783 τοῖς
357 2739 606 2787 Χηρούσκοις
643 2739 683 2773 ἐν
728 2738 774 2786 τῇ
814 2737 909 2787 πρὸς
955 2736 1106 2799 Ουαρον

239 2789 500 2826 Κουιντίλλιον
517 2787 848 2849 παρασπονδήσει,
873 2790 938 2823 καὶ
960 2789 1029 2824 νῦν
1051 2786 1107 2823 ῗέτι

238 2842 470 2881 συνέχοντος
499 2837 568 2873 τὸν
598 2838 786 2883 πόλεμον,
823 2836 950 2883 ὄνομα
978 2840 1107 2874 &ovo-

238 2890 368 2933 νέλδα,
403 2891 469 2924 καὶ
499 2888 584 2932 υἱὸς
612 2888 760 2938 τριετής
795 2893 838 2932 (a.
864 2891 971 2933 770.),
1008 2891 1108 2925 Θου-

237 2939 406 2987 μελικός.
437 2961 457 2968 -
471 2960 491 2967 -
507 2960 527 2967 -·
557 2941 745 2986 Σεγέστης
786 2940 826 2974 δὲ
864 2937 887 2974 ὁ
925 2939 1107 3002 πενθερὸς

237 2993 306 3029 τοῦ
334 2989 527 3053 Αρμενίου
556 2993 622 3025 καὶ
649 2989 690 3034 ἐξ
712 2988 837 3037 ἀρχῆς
859 2990 988 3036 διέστη
1012 2989 1107 3051 πρὸς

237 3041 308 3089 τὴν
330 3041 486 3089 γνώμην
508 3039 627 3077 αὐτοῦ
651 3042 717 3075 καὶ
741 3039 870 3082 λαβὼν
886 3040 1021 3090 καιρὸν
1037 3040 1108 3087 ηὐ-

237 3094 453 3140 τομόλησε,
486 3094 551 3128 καὶ
587 3091 638 3138 τῷ
667 3091 846 3151 θριάμβῳ
876 3092 1001 3140 παρῆν
1031 3093 1109 3127 τῶν

238 3143 450 3187 φιλτάτων,
479 3143 520 3178 ἐν
548 3141 639 3191 τιμῇ
667 3139 859 3187 ἀγόμενος
881 3142 961 3195 κτλ.
989 3163 1025 3168 -
1049 3153 1106 3177 re-

238 3196 361 3238 busque
386 3194 494 3237 motis]
522 3195 571 3228 Ea
598 3202 684 3228 vera
714 3195 768 3227 est
796 3193 840 3226 de
869 3187 956 3228 hac
965 3203 1003 3227 re
1030 3194 1106 3227 for-

238 3246 353 3287 mula;
379 3246 423 3280 cf.
439 3246 527 3280 infra
549 3245 582 3286 2,
608 3246 639 3278 4.
664 3243 719 3278 43.
745 3242 798 3284 44,
824 3244 878 3277 64.
903 3252 1106 3278 commovere

237 3295 332 3330 valet
361 3296 405 3330 de
439 3297 624 3330 homiuum
656 3294 782 3327 animis
812 3293 1101 3336 adfectibusque;

239 3345 283 3380 cf.
301 3347 333 3387 4,
358 3346 413 3379 28.
438 3345 494 3386 44,
516 3345 570 3379 34.
596 3344 722 3386 45,“47.
746 3344 932 3378 ἮΑιτΗΕιι.
953 3360 989 3368 -
1016 3352 1104 3377 anno

239 3404 304 3438 quo
333 3395 373 3429 G.
397 3394 570 3437 descivere]
603 3403 635 3427 a.
667 3402 704 3427 u.
732 3401 765 3427 c.
794 3394 870 3427 762.
908 3393 1105 3427 Germanias

1157 2335 1298 2378 proprie
1332 2334 1473 2367 videtur
1505 2334 1770 2377 intelligendum
1807 2335 1851 2368 de
1887 2335 2024 2368 actione

1157 2384 1311 2426 insolita,
1337 2394 1405 2427 qua
1429 2385 1636 2427 significavit
1655 2387 1853 2418 Romanum
1875 2386 1944 2419 hoc
1966 2395 2026 2419 sa-

1158 2435 1353 2469 cerdotium
1377 2444 1397 2468 a
1421 2444 1459 2468 se
1483 2437 1519 2468 in
1542 2437 1755 2478 perpetuum
1778 2436 1908 2478 respui.
1941 2436 2025 2468 Vio-

1157 2485 1251 2519 lenta
1273 2485 1363 2518 haec
1384 2486 1490 2518 vittas
1511 2485 1701 2528 rumpendi
1724 2486 1814 2518 actio
1837 2485 1923 2518 mihi
1946 2486 2026 2527 qui-

1157 2535 1240 2569 dem
1263 2534 1446 2577 probabile
1469 2535 1586 2568 reddit
1601 2536 1797 2568 Romanum
1817 2533 1899 2567 illud
1917 2534 2024 2568 ruisse

1157 2584 1416 2625 sacerdotium,
1447 2593 1549 2626 nou,—
1565 2586 1604 2617 ut
1626 2584 1700 2618 vult
1728 2584 1834 2617 Barth
1857 2584 1951 2627 (iiber
1973 2585 2027 2618 aaa

1156 2637 1307 2670 Druiden
1330 2636 1388 2667 der
1401 2635 1527 2668 Kelten.
1554 2635 1735 2677 Erlanyen.
1759 2635 1855 2668 ⁴826.
1881 2644 1916 2677 p.
1935 2636 2023 2677 ⁴52),

1158 2686 1423 2725 Germanicum,
1457 2684 1554 2726 quod
1577 2694 1641 2718 cur
1662 2684 1720 2717 tali
1743 2684 1851 2717 modo
1874 2693 2024 2727 respue-

1156 2737 1255 2769 retur
1283 2734 1376 2768 nulla
1401 2744 1507 2768 causa
1531 2737 1618 2768 erat.
1655 2735 1768 2768 Etiam
1791 2735 1924 2767 Grimm
1947 2735 2025 2775 My-

1156 2786 1233 2818 thol.
1265 2785 1328 2818 Ed.
1360 2783 1417 2817 alt.
1451 2794 1485 2826 p.
1510 2785 1565 2818 80.
1590 2785 1841 2826 interpretatur
1868 2784 1903 2816 h.
1930 2782 1952 2816 l.
1978 2783 2024 2817 de

1156 2837 1312 2869 Romano
1336 2834 1547 2868 sacerdotio.
1575 2852 1611 2859 -—
1635 2835 1783 2876 pretium
1803 2833 1880 2876 fuit]
1913 2833 1964 2867 Cf.
1989 2834 2022 2874 2,

1156 2886 1217 2920 35:
1239 2887 1274 2919 ιιι·
1292 2887 1439 2927 pretium
1459 2885 1546 2927 foret
1560 2902 1610 2909 —-
1626 2894 1769 2918 noscere.
1791 2902 1826 2907 —
1845 2885 2022 2927 clientium]

1157 2935 1207 2970 Cf.
1234 2937 1352 2969 Germ.
1376 2936 1429 2969 43.
1450 2935 1502 2970 44.
1529 2934 1629 2968 Tales
1652 2934 1736 2968 Galli
1758 2935 1935 2968 vocabant
1954 2935 2024 2968 sol-

1155 2987 1270 3019 durios
1303 2986 1446 3028 (Caesar
1473 2986 1510 3018 B.
1545 2986 1583 3018 G.
1618 2985 1654 3025 3,
1679 2985 1738 3024 22)
1768 2983 1823 3017 vel
1854 2985 2023 3018 ambactos

1157 3036 1217 3079 (Id.
1244 3036 1275 3078 6,
1302 3037 1374 3078 45),
1405 3037 1442 3070 in
1464 3035 1715 3077 Nibeluugiade
1738 3035 1924 3077 inaesinde,
1951 3037 2022 3069 stne

1154 3096 1245 3120 man.
1275 3105 1311 3111 -
1343 3086 1456 3128 bonae]
1487 3094 1595 3128 quam
1617 3094 1761 3128 semper
1784 3085 1892 3119 fidam
1914 3086 2020 3128 atque

1153 3135 1354 3170 inviolatam
1377 3138 1549 3176 servarat;
1581 3134 1733 3169 «nullum
1752 3134 2021 3182 ἐναργέστερον

1154 3186 1368 3221 vocabulum
1397 3187 1570 3226 invenias,
1610 3184 1744 3219 nullum
1772 3186 1808 3219 in
1834 3186 1910 3228 pari
1932 3187 2020 3219 sim-

1154 3237 1306 3281 plicitate
1330 3237 1502 3279 dignius.»
1525 3237 1645 3270 Wour.

1196 3294 1249 3327 58.
1275 3292 1464 3334 conducere]
1487 3292 1537 3326 Ex
1546 3291 1657 3326 verbo
1663 3290 1848 3334 probabam
1859 3292 2017 3324 nostram

1153 3342 1198 3376 ad
1220 3343 1393 3376 rationem
1416 3351 1482 3385 per
1503 3349 1649 3383 zeugma
1672 3349 1812 3375 assume
1834 3349 1868 3374 v.
1889 3341 2019 3374 iudica—

1152 3393 1229 3427 bam
1245 3392 1300 3427 vel
1315 3392 1426 3426 rebar.
1443 3410 1479 3416 -
1492 3400 1610 3434 pacem
1625 3399 1727 3433 quam
1740 3389 1868 3433 boumn]
1884 3391 2016 3424 omisso

238 3445 342 3479 vocat
362 3442 482 3487 plures
505 3443 713 3478 Germaniae
736 3441 903 3486 populos,
928 3443 967 3476 ut
989 3443 1021 3484 2,
1045 3442 1100 3476 26.
1151 3451 1185 3477 v.
1209 3443 1334 3486 mavis,
1357 3444 1397 3475 ut
1419 3441 1603 3484 aliquoties
1625 3439 1720 3484 apud
1735 3441 1905 3482 Tacitum,
1929 3448 1963 3473 v.
1981 3447 2014 3473 e.
