2254 3770
755 299 910 347 Llfflffl
934 298 1150 357 ,V13‘›Cflp·
1180 299 1248 344 29.
1271 299 1355 350 8⁰3³
1373 299 1442 344 3⁴.

1911 298 1997 349 293.

210 422 356 457 sorem
379 421 464 453 non
493 407 767 466 aliter-quam
794 406 999 452 indicium
1029 406 1178 452 mortis
1206 413 1495 465 accepturum.
1525 406 1742 451 firmarent
1768 405 1884 450 velut
1903 405 1993 451 foe-

209 485 302 536 dus,
325 497 420 542 quo
449 483 650 541 princeps
680 489 921 527 ceterarum
948 492 1094 530 rerum
1114 487 1345 539 poteretur,
1378 482 1471 540 ipse
1492 481 1757 540 provinciam
1775 480 1989 531 retineret.

207 560 325 610 haec,
355 559 463 602 mira
483 571 756 616 quamquam,
786 556 917 601 fidem
938 570 992 601 ex
1011 570 1077 601 eo·
1094 555 1328 607 trahebant,
1360 557 1476 615 quod
1498 570 1611 605 unus,
1628 555 1821 605 omnium
1847 554 1991 599 Seiani

207 634 413 679 adfinium
439 633 663 679 incolumis
692 631 911 690 multaque
941 631 1280 689 gratiamansit,
1310 638 1546 690 ,reputante
1575 631 1744 676 Tiberio
1770 629 1992 688 publicum

205 709 287 755 sibi
317 709 748 760 odium-extremam
778 713 980 758 aetatem,
1011 707 1234 765 magisque
1262 707 1373 751 fama
1403 720 1533 764 quam
1559 706 1603 752 vi
1632 713 1746 751 stare
1775 719 1847 750 res
1875 713 2024 750 suasa

319 784 400 840 (3⁴)
432 784 476 830 C.
500 784 642 829 Cestio
662 784 714 826 Μ.
735 781 920 830 Servilio
932 783 1019 826 cos.
1046 782 1211 828 nobiles
1240 781 1382 826 Parthi
1408 782 1451 825 in
1465 781 1622 831 ,urbem
1640 794 1823 833 venere,¹
1843 782 1990 839 ignaro

207 874 308 918 rege
339 859 563 903 Artabano.
586 884 588 886 -
612 859 647 903 is
686 864 801 907 metu
822 857 1070 904 Germanici
1092 855 1218 904 -fidus
1254 857 1473 908 RomaniS,
1515 857 1750 915 aequabilis
1789 857 1833 905 in
1873 870 1988 908 suos,

207 949 304 979 mox
342 934 589 993 superbiam
615 935 669 976 ‘in
707 947 804 981 nos.
846 933 1066 979 saevitiam
1089 932 1146 975 in
1182 931 1415 990 populares
1449 933 1645 990 sumpsit,
1686 932 1818 976 fretus
1853 931 1988 983 bellis,

206 1024 318 1069 quae
347 1009 539 1058 secunda
564 1008 797 1057 adversum
823 1008 1119 1052 circumiectas
1149 1007 1343 1055 nationes
1360 1014 1624 1058 exercuerat,
1655 1013 1700 1051 et
1727 1013 1991 1053 senectutem

205 1085 360 1130 Tiberii
395 1092 447 1129 rut
467 1111 473 1122 ·.
484 1085 691 1133 inermem
721 1083 965 1141 despiciens
1003 1082 1243 1141 avidusque
1272 1083 1513 1133 Armeniae,
1554 1082 1622 1127 cui
1653 1082 1852 1132 defuncto
1882 1091 2043 1140 'regem

205 1161 379 1208 Artaxia·
397 1164 606 1211 Arsacen,
638 1159 883 1207 liberorum,
900 1172 1077 1203 suorum
1098 1158 1398 1208 veterrimum,
1432 1158 1636 1216 inposuit,
1668 1157 1812 1202 addita
1842 1163 1991 1202 contu-

205 1236 331 1285 melia
360 1243 403 1280 et
431 1235 573 1279 missis
602 1235 676 1293 qui
706 1249 855 1292 gazam
885 1248 917 1283 a,
938 1235 1113 1282 Vonone
1140 1233 1340 1281 ,relictam
1369 1234 1421 1283 in«
1438 1233 1567 1292 Syria
1598 1233 1831 1291 Ciliciaque
1862 1246 1991 1290 repo-

205 1318 398 1363 scerent,
427 1310 553 1354 simul
582 1318 752 1357 veteres
780 1311 1010 1358 Persarum
1039 1323 1090 1354 ac
1119 1309 1400 1353 Macedonum
1438 1309 1680 1358 terminos,·.
1697 1321 1834 1367 seque
1872 1308 1992 1352 inva-

205 1401 368 1434 surum„
391 1399 600 1444 possessa·
624 1386 814 1444 Cyroet
849 1392 953 1442 post·
974 1384 1214 1430 Alexandro
1247 1398 1331 1442 vper
1368 1383 1728 1442 vaniloquentiam
1765 1397 1816 1428 ac
1853 1384 1991 1429 minas

205 1461 409 1512 iaciebat,
443 1461 535 1505 sed·
560 1460 725 1507 Parthis
764 1460 953 1503 mittendi
990 1466 1182 1504 secretos
1217 1460 1384 1504 nuntios
1423 1459 1890 1504 validissimusauctor
1915 1460 2043 1504 suita

204 1538 427 1587 Sinnaces,
465 1535 810 1592 insigni-&familia
847 1549 899 1579 ac
936 1535 1116 1592 perinde
1153 1535 1328 1592 opibus,
1369 1542 1412 1578 et
1448 1534 1668 1592 proximus
1703 1534 1802 1579 huic
1830 1534 1988 1586 Abdus,

205 1613 430 1669 ademptae
460 1611 678 1654 virilitatis.
722 1612 819 1666 (non
850 1610 1100 1667 despectum
1131 1610 1175 1653 id
1205 1609 1319 1668 apud
1350 1609 1576 1659 barbaros,
1611 1609 1810 1668 ultroque
1839 1616 1991 1668 poten-

204 1688 306 1731 tiam
335 1686 554 1742 habet.)*ii
586 1686 758 1729 adscitis
788 1693 831 1729 et
860 1685 954 1728 aliis
982 1686 1253 1743 primoribus,
1285 1686 1395 1744 quia
1416 1685 1628 1729 neminem
1658 1685 1794 1742 gentis
1822 1686 1991 1730 Arsaci-

205 1762 357 1806 darum
386 1774 578 1805 summae
609 1761 670 1805 rei
701 1761 906 1820 inponere
936 1753 1161 1820 peteraht,
1186 1761 1415 1804 interfectis
1445 1760 1498 1804 ab
1529 1760 1742 1804 Artabano
1770 1759 1990 1819 plerisque

204 1823 278 1882 aut
295 1837 486 1882 nondum
506 1835 673 1886 adultis,
704 1835 924 1886 Phraaten,
957 1836 1071 1894 regis
1091 1824 1282 1880 Phraatis
1301 1835 1446 1886 filium,
1474 1837 1608 1880 Roma
1626 1835 1883 1894 poscebant:
1912 1850 1989 1880 no·
2002 1846 2040 1878 20

267 1965 300 1997 2.
320 1964 529 2005 prouinciam
552 1963 584 1996 M
610 1981 645 1986 —
671 1964 703 1995 5.
728 1963 867 1994 uisitare
890 1963 922 1995 M
946 1964 989 2003 (vi
1011 1966 1100 1996 stare
1122 1963 1255 2005 margo)
1281 1980 1318 1988 —
1344 1964 1377 1996 6.
1404 1964 1452 2006 0.]
1478 1964 1519 1996 G.
1542 1963 1576 1996 M
1601 1981 1636 1987 —
1663 1962 1695 1996 9.
1719 1967 1933 1996 execreuerat
1954 1965 1989 1998 M

204 2023 413 2064 (exercuerat
432 2025 568 2062 margo)
594 2036 628 2044 -—
657 2020 711 2052 ⁴0.
734 2021 872 2052 inertem
896 2020 1072 2063 Heinsius.
1092 2039 1127 2044 —
1153 2021 1206 2053 ⁴2.
1230 2021 1372 2061 ciliaque
1395 2030 1448 2063 pr.
1468 2021 1502 2054 Μ
1526 2038 1563 2044 -
1589 2019 1642 2054 44.
1668 2020 1755 2060 Cyro
1776 2018 1997 2057 Beroaldus:,

201 2079 295 2120 {cyro
317 2078 350 2110 M
374 2076 499 2119 (littera
521 2077 534 2109 i
554 2077 687 2119 puncto
710 2076 854 2117 notata),
879 2077 915 2109 in
938 2085 1008 2118 quo
1032 2077 1110 2109 fort.
1136 2075 1222 2110 latet
1240 2078 1388 2118 primum
1409 2077 1508 2118 Cyro.
1532 2094 1577 2101 —
1599 2076 1653 2110 49.
1679 2079 1801 2109 artano
1822 2085 1877 2118 pr.
1898 2076 1944 2110 M.
1990 2092 1993 2095 ⁴

203 2183 324 2218 mallet
344 2182 575 2217 condemnari
598 2183 704 2224 atque
720 2183 839 2220 necari
855 2191 875 2214 a
894 2183 1067 2224 principe.

203 2236 351 2268 Prorsus
377 2234 430 2267 sic
452 2242 484 2265 c.
508 2232 570 2266 40:
602 2234 691 2273 quod
718 2234 851 2275 siynum
874 2235 993 2269 mortis
1014 2234 1070 2265 in-

203 2285 356 2319 mmero
376 2287 406 2316 et
427 2283 574 2319 muscenti
585 2286 674 2315 sunt.
692 2300 731 2306 -
748 2284 839 2316 mira
854 2282 1068 2325 quamquam]

203 2333 477 2369 neven-borum
505 2334 630 2367 ordine
659 2333 706 2366 cf.
730 2334 770 2373 ὅ,
794 2334 825 2366 9.
861 2333 925 2373 ⁴4,
947 2334 1003 2367 2⁴.
1032 2347 1068 2357 d

203 2383 399 2425 emti-emam]
422 2392 597 2417 annorum
620 2383 690 2415 iam
707 2391 768 2416 sex
785 2385 822 2415 et
836 2383 1067 2425 septuaginta.

206 2452 243 2458 -
267 2435 303 2467 vi
324 2434 425 2474 staro]
450 2433 502 2466 Cf.
527 2433 626 2466 ovid.
652 2434 743 2466 Fast.
767 2433 799 2472 6,
825 2433 908 2466 299:
941 2434 1016 2466 Stat
1036 2434 1070 2466 vi

203 2487 296 2516 terra
317 2493 397 2524 sua,
421 2484 456 2515 vi
477 2479 595 2516 stando
621 2484 716 2516 Vesta
736 2487 887 2521 vocatur.
971 2479 973 2481 ’

247 2534 300 2567 34.
326 2534 362 2566 C.
387 2533 504 2574 Cestio]
529 2531 637 2565 Gallo.
661 2532 749 2565 Vide
773 2533 818 2564 ad
840 2532 872 2571 3,
891 2533 1002 2566 36..—
1020 2535 1068 2566 M.

204 2583 357 2625 Servilio]
382 2584 553 2622 Noniano,
579 2583 638 2624 qui
658 2582 844 2615 historicus
859 2583 928 2615 fuit-
936 2585 973 2616 et
988 2592 1070 2616 ora-

203 2637 268 2667 tor.
296 2633 348 2666 Cf.
373 2633 427 2671 ⁴4,
453 2633 506 2665 49.
532 2632 590 2665 Or.
615 2633 669 2666 23.
696 2631 780 2664 Plin.
807 2633 893 2674 Epp.
913 2633 1067 2672 ⁴.43,.-3.

203 2682 342 2723 Quintil.
368 2682 422 2722 ⁴0,
449 2683 479 2722 ⁴,
505 2683 579 2714 ⁴02.
616 2683 759 2715 Sueton.
784 2682 820 2715 in
847 2683 917 2714 vita
946 2683 1067 2715 Persii.

203 2733 304 2770 Filius
339 2734 416 2765 erat
444 2733 488 2766 M.
522 2731 656 2764 Servilii
687 2731 845 2766 consulis⁴
874 2728 906 2764 aJ
932 2741 966 2764 u.
992 2732 1068 2771 756,

202 2784 248 2816 de
277 2792 348 2826 quo
377 2783 416 2822 2.
441 2782 496 2816 48.
522 2782 555 2821 3,
579 2783 635 2815 22.
672 2800 708 2806 —-
743 2783 864 2815 nobiles
892 2783 1004 2823 Parthi
1033 2784 1070 2815 in

201 2833 316 2865 urbem
342 2841 460 2865 venere
481 2833 564 2873 cet]
593 2832 744 2867 Easdem
775 2841 834 2867 res
863 2834 985 2865 narrat
1007 2833 1070 2865 Dio

202 2882 262 2922 58,
286 2882 342 2915 26.
367 2899 404 2905 —
437 2881 618 2923 Artabano]
651 2882 754 2915 huius
777 2883 930 2919 nominis
952 2883 1067 2915 tertio.

203 2931 263 2964 Cf:
285 2932 323 2970 2,
355 2931 375 2964 3
405 2939 460 2973 sq.
484 2931 540 2964 58.
576 2932 730 2964 visconti
757 2932 909 2973 lconoyr.
933 2941 986 2973 9r.
1012 2932 1068 2970 111,

203 2990 237 3023 p.
256 2981 419 3014 98-402.
437 2998 473 3004 —
487 2984 582 3024 ,motu
596 2982 784 3014 Germanici
800 2983 888 3024 fidus
902 2983 1069 3024 Romanis]

204 3031 255 3065 Cf.
280 3032 313 3070 2,
339 3031 394 3064 56.
416 3048 452 3055 -
477 3035 516 3063 ut
537 3033 695 3064 inormem
717 3031 904 3073 despiciens]
927 3034 1072 3074 propter

204 3083 399 3113 extremam
416 3082 637 3114 senectutem
650 3090 768 3122 neque
784 3083 988 3123 promptum
1001 3083 1069 3114 iam

204 3140 321 3172 neque
359 3133 482 3172 aptum
515 3130 560 3164 ad
590 3130 723 3163 bellum
756 3131 973 3172 gerendum;
1003 3140 1071 3164 nec

203 3189 288 3214 vero
316 3179 462 3212 ductum
492 3180 668 3213 exercitus
696 3182 769 3213 tam
793 3182 1070 3222 magni,‚·quam

204 3230 249 3263 ad
272 3230 366 3262 hanc
389 3229 649 3272 expeditionem
672 3230 937 3271 requirebatur,
970 3229 1069 3262 facile

204 3279 260 3312 alii
292 3281 548 3314 commissurus
577 3280 717 3318 fuisset,
752 3282 895 3322 propter
920 3282 1068 3321 metum,

206 3337 251 3360 ne
281 3330 311 3362 is
334 3329 465 3362 deinde
487 3329 534 3362 ab
558 3330 635 3371 ipso
659 3329 862 3362 defecturus
883 3329 984 3362 foret.
1017 3329 1068 3363 Cf.

205 3385 238 3409 c.
262 3378 316 3410 32.
353 3379 404 3411 De
437 3378 605 3412 Artabani
641 3378 810 3420 superbia
844 3378 888 3412 cf.
925 3380 1067 3412 Sueton.

205 3426 280 3461 Tib.
304 3428 363 3462 66:
397 3430 483 3471 Quin
511 3432 544 3463 ot
571 3429 734 3463 Artabani
764 3430 963 3463 Parthorum
982 3430 1071 3472 regis

1118 2184 1286 2216 laceratus
1317 2186 1365 2215 est
1394 2183 1531 2222 litteris,
1563 2182 1753 2223 parricidia
1768 2175 1803 2214 'et
1825 2182 1939 2215 caedes
1960 2186 1992 2215 ot

1119 2234 1293 2275 iynaviam
1320 2237 1352 2265 et
1379 2233 1558 2266 luxuriam
1580 2233 1747 2265 obicientis
1768 2233 1991 2273 monentisque

1119 2286 1156 2316 ut
1191 2283 1385 2315 voluntaria
1422 2285 1530 2316 morte
1564 2283 1716 2315 maximo
1751 2282 1991 2324 iustissimoque

1120 2335 1242 2367 civium
1269 2335 1344 2367 odio
1374 2343 1476 2374 quam
1505 2334 1655 2374 primum
1686 2333 1768 2366 satis
1787 2333 1922 2374 faceret.
1949 2350 1986 2358 -

1118 2384 1282 2426 Artaxia]
1319 2384 1375 2417 cui
1409 2384 1638 2416 Germanicus
1674 2383 1839 2417 diadema
1872 2383 1994 2424 impe-i

1120 2436 1250 2467 suerat.
1278 2435 1332 2468 Cf.
1357 2435 1396 2474 Ξ,
1421 2434 1475 2467 56.
1511 2451 1549 2458 —
1572 2433 1733 2475 Arsacen]
1763 2433 1872 2466 Huius
1895 2441 1990 2466 nunc

1121 2486 1235 2517 exstat
1251 2484 1554 2520 tetradrachmnm
1570 2492 1652 2516 cum
1668 2484 1896 2525 inscriptione
1911 2481 1991 2516 ΒΑ-

1119 2533 1306 2567 ΣΙΛΕΩΣ
1345 2532 1563 2568 ΑΡΣΑΚΟΤ
1593 2532 1788 2567 ΔΙΚΑΙΟΤ
1818 2531 1990 2566 ΕΠΙΦΑ-

1119 2583 1254 2616 Non.
1275 2603 1311 2608 —
1344 2583 1482 2626 Vonone]
1508 2583 1559 2617 Cf.
1582 2584 1615 2624 2,
1641 2584 1673 2617 4.
1698 2583 1732 2623 4,
1748 2584 1804 2617 58.
1821 2583 1874 2616 68.
1900 2584 1990 2616 Sue-

1120 2636 1192 2667 ton.
1226 2633 1301 2666 Tib.
1333 2633 1388 2667 49.
1427 2651 1467 2661 -ε
1499 2632 1875 2675 veteres-—termino31
1911 2631 1987 2668 scil.

1122 2692 1217 2715 «non
1250 2684 1324 2716 sine
1359 2684 1546 2716 iactatione
1581 2683 1648 2716 sibi
1681 2681 1921 2722 vindicabat,n
1952 2682 1989 2715 id

1121 2733 1218 2775 quod
1235 2733 1445 2766 eliciendum
1462 2742 1504 2766 ex
1521 2734 1688 2775 proximis
1704 2732 1834 2766 verbis.
1856 2750 1892 2756 —-
1914 2741 1990 2773 per-

1121 2785 1195 2817 inde
1217 2783 1342 2825 opibus]
1367 2784 1523 2824 insignis.
1559 2783 1700 2822 Quintil.
1725 2783 1758 2824 8,
1776 2783 1809 2824 3,
1825 2783 1885 2816 82:
1909 2783 1989 2815 Bro-

1120 2835 1207 2866 vieas
1231 2838 1278 2866 est
1293 2834 1539 2875 pulcherrima,
1563 2842 1640 2866 cum
1651 2834 1755 2874 plura
1764 2834 1883 2875 paucis
1898 2842 1990 2866 com—

1118 2884 1286 2923 plectitur,
1312 2883 1410 2924 quale
1425 2883 1577 2916 Sallustii
1597 2886 1665 2916 ost:
1686 2883 1895 2917 Mithridates
1917 2891 1990 2915 cor-

1117 2941 1201 2973 pore
1223 2933 1365 2974 ingenti,
1386 2931 1526 2973 per-inae
1539 2936 1702 2965 amatus.
1726 2933 1794 2965 Hoc
1807 2933 1896 2965 male
1910 2932 1990 2964 imi—

1122 2984 1227 3015 tantes
1249 2982 1398 3022 sequitur
1420 2981 1627 3015 obscuritas:
1649 2982 1686 3015 id
1709 2982 1805 3024 quod
1820 2981 1865 3014 de
1881 2981 1990 3015 Taciti

1122 3031 1198 3064 loco
1223 3040 1337 3074 aeque
1361 3031 1456 3066 claro
1478 3041 1522 3065 ac
1542 3032 1748 3067 Sallustiana
1770 3031 1866 3065 haud
1881 3030 1986 3065 valet.

1126 3099 1159 3104 —
1185 3089 1252 3113 non
1285 3082 1488 3123 despectum]
1524 3091 1567 3116 ex
1596 3083 1752 3115 instituto
1782 3081 1865 3123 Cyri
1893 3081 1991 3123 apud

1121 3133 1281 3175 Xenoph.
1307 3134 1339 3174 7,
1363 3135 1396 3167 5.
1430 3134 1489 3175 qui
1520 3135 1574 3167 sui
1605 3134 1764 3176 corporis
1791 3132 1991 3167 custodiam

1122 3191 1316 3224 curamque
1349 3183 1432 3217 solis
1456 3185 1635 3217 commisit
1656 3183 1827 3216 eunuchis
1850 3183 1886 3215 et
1905 3181 1991 3215 inti-

1122 3241 1217 3266 mam
1246 3231 1362 3267 aulam
1394 3242 1436 3274 ex
1464 3234 1533 3266 hoc
1556 3234 1723 3267 semiviro
1746 3240 1877 3274 genere
1899 3240 1988 3274 con,-

1121 3282 1353 3324 stituit-quasi
1376 3282 1558 3317 fidissimo.
1577 3276 1579 3280 ’
1596 3285 1647 3316 lta
1671 3283 1840 3325 deinceps
1862 3283 1898 3316 in
1919 3283 1988 3316 ho-

1122 3341 1219 3365 nore.
1243 3333 1330 3366 Lirs.
1357 3349 1393 3356 —
1426 3334 1517 3375 regis
1536 3333 1691 3366 Phraatis
1709 3332 1828 3376 fllium]
1857 3334 1895 3367 et
1914 3333 1987 3367 Vo-

1121 3382 1223 3416 nonis
1251 3383 1407 3416 fratrem.
1445 3383 1497 3416 Cf.
1522 3383 1559 3423 2,
1593 3383 1626 3416 ⁴.
1652 3383 1686 3416 2.
1721 3382 1848 3417 Strabo
1872 3384 1924 3424 ⁴6,
1950 3384 1983 3425 ⁴,

1119 3431 1162 3465 28
1184 3440 1220 3475 p.
1245 3432 1327 3467 748:
1358 3430 1523 3475 καλέσας
1547 3432 1740 3475 (Phraates)
1767 3433 1822 3476 εἰς
1842 3431 1984 3468 σύλλο-
