2254 3770
329 314 415 359 5⁴8

330 421 444 466 nulla
480 421 631 466 umbra
672 407 909 466 defensam'
932 421 1128 478 graviore
1168 427 1289 465 aestu
1325 421 1570 465 ardescere.

807 315 853 358 P.
885 314 1137 359 CORNELII
1165 314 1336 358 TACITI
1365 313 1651 365 ANNALIUM,

1625 420 1706 477 (44)
1739 427 1781 465 et
1808 420 1916 465 haec
1944 420 2120 480 quidem

331 497 528 542 humanis
559 497 748 542 consiliis
778 495 1126 555 providebantur.
1170 510 1270 540 mox
1307 497 1438 554 petita
1467 496 1534 540 dis
1562 495 1730 554 piacula
1758 496 1948 554 aditique
1978 496 2121 556 Sibyl-

328 572 395 617 lae
425 573 541 625 libri,
582 587 635 617 ex
664 572 822 631 quibus
859 571 1143 630 supplicatum
1173 572 1358 617 Volcano
1389 578 1432 616 et
1460 572 1605 616 Cereri
1635 572 2029 631 Proserpinaeque,
2069 585 2122 617 ac

329 649 556 707 propitiata
585 650 691 692 Iuno
725 662 802 707 per
831 653 1065 700 matronas,
1100 648 1285 706 primum
1315 648 1358 690 in
1388 646 1613 705 Capitolio,
1646 647 1803 692 deinde
1834 647 1948 706 apud
1979 647 2122 705 proxi-

296 739 447 770 5mum
476 738 612 776 mare,
642 723 759 768 unde
790 723 942 767 hausta
972 737 1085 782 aqua
1113 722 1318 782 templum
1349 729 1391 767 et
1416 723 1691 768 simulacrum
1711 723 1820 767 deae
1843 737 2122 781 perspersum

328 806 414 853 est3
446 806 490 843 et
518 799 772 844 sellisternia
803 813 854 844 ac
883 799 1106 858 pervigilia
1135 798 1410 844 celebravere
1442 799 1621 844 feminae
1648 799 1806 857 quibus
1831 798 1968 842 mariti
1989 804 2120 856 erant.

327 875 405 920 sed
435 889 520 919 non
551 889 635 933 ope
666 874 869 925 humana,
913 889 998 919 non
1028 874 1321 932 largitionibus
1350 875 1555 932 principis
1584 881 1657 918 aut
1685 874 1813 919 deum
1844 873 2123 932 placamentis

327 950 568 995 decedebat
604 950 795 1002 infamia,
837 964 941 1019 ‘1AE
980 950 1145 1008 iussum
1184 950 1431 1022 incendium
1454 949 1729 1018 crederetur
1775 964 1878 1007 ergo
1909 949 2121 994 abolendo

925 1005 1135 1018 &namt-‹omma›
1150 1004 1336 1034 -υι-ἰὶνψγήωΜίΙ.

1562 1004 1731 1023 ''fflfffiflk-Oo‘w

327 1026 488 1070 rumori
519 1027 630 1070 Nero
662 1024 852 1070 subdidit
881 1039 980 1070 reos
1011 1032 1054 1070 et
1082 1026 1411 1084 quaesitissimis
1433 1012 1594 1084 poenis
1625 1024 1781 1077 affecit,
1815 1039 1926 1083 quos
1947 1039 2026 1084 per
2045 1025 2122 1070 fla-

278 1118 315 1148 io
327 1102 427 1160 gitia
457 1101 619 1146 invisos
649 1101 827 1160 vulgus
829 1101 1146 1159 Christianosa
1100 1101 1376 1172 affellabat.
1421 1107 1584 1159 auctor
1598 1100 1791 1168 nominis
1803 1100 2122 1160 eius—Qumis

326 1177 496 1222 Tiberio
503 1177 1274 1251 iwfflper-pmnummmm.
1275 1177 1491 1243 Pontium
1495 1155 1700 1246 Pilatum
1712 1165 1761 1220 su
1826 1175 1923 1221 licio
1944 1175 2098 1222 affectu
2071 1190 2122 1221 us

326 1259 440 1306 erat3
479 1244 771 1311 repressaque
808 1252 851 1295 in
880 1266 1089 1310 praesens
1120 1252 1346 1298 exitiabilis
1376 1252 1622 1310 superstitio
1653 1266 1824 1295 rursum
1853 1251 2118 1310 erumpebat,

318 1310 447 1337 N.

389 1374 422 1407 2.
445 1374 551 1415 petita
574 1374 625 1407 dis
652 1374 678 1406 Ι.
704 1373 759 1406 Fr.
786 1373 1001 1406 Gronovius:
1034 1374 1140 1415 petita
1163 1383 1186 1407 a
1208 1374 1259 1407 dis
1280 1374 1313 1408 M
1348 1391 1383 1397 -
1417 1373 1449 1406 3.
1471 1374 1728 1415 proserpineque
1750 1374 1784 1408 M
1810 1390 1844 1397 -
1878 1373 1911 1406 5.
1935 1381 2123 1414 respersum

323 1429 608 1472 Bezzenberger,
640 1429 718 1464 coll.
746 1430 800 1471 46,
827 1430 879 1463 40.
908 1447 941 1453 -
975 1430 1008 1463 7.
1034 1428 1089 1463 dm
1116 1431 1149 1464 M
1176 1450 1211 1455 —
1244 1430 1275 1463 9.
1302 1430 1528 1470 quesitissimis
1553 1431 1648 1477 penis
1670 1430 1703 1464 M
1727 1447 1763 1453 -
1797 1430 1850 1463 Μ.
1875 1429 2001 1470 tyberio
2022 1430 2057 1464 M
2081 1446 2119 1455 -—

325 1487 378 1521 ⁴2.
404 1487 570 1521 exitiabili
591 1487 625 1521 M
651 1504 687 1510 —
713 1484 818 1519 rursii
838 1487 888 1520 M:
914 1495 1034 1520 rursus
1056 1486 1124 1520 alii.

367 1605 421 1640 44.
437 1607 542 1648 petita
557 1606 607 1639 dis
619 1605 769 1648 piacula]
789 1606 1007 1648 «conquisita
1022 1606 1106 1640 sunt
1121 1607 1198 1648 pia-

324 1655 401 1689 cula
424 1656 499 1689 sive
522 1656 692 1689 sacrificia
710 1655 897 1699 piacularia
916 1657 952 1689 et
966 1665 1078 1696 sacra,
1105 1665 1196 1698 quae

323 1706 378 1740 dis
402 1706 548 1740 fierent»
575 1706 686 1750 (deum
705 1706 946 1749 placamenta).
981 1706 1121 1740 Codicis
1145 1706 1197 1740 le-

324 1757 478 1790 ctionem
512 1758 564 1790 sic
593 1757 683 1790 tueri
713 1757 860 1790 conatus
892 1758 947 1790 est
972 1755 1194 1790 Waltherus:

325 1807 489 1840 «Piacula
512 1817 534 1839 a
557 1807 608 1840 dis
634 1807 739 1848 petita
768 1807 826 1840 hic
849 1808 889 1839 ut
911 1807 1028 1839 divina
1053 1806 1195 1839 consilia

323 1858 550 1900 opponuntur
573 1858 736 1890 humanis
761 1856 927 1890 consiliis.
955 1857 1043 1890 Nam
1061 1856 1196 1900 piacula

323 1908 516 1949 antiquitus
539 1917 559 1940 a
583 1908 649 1941 diis
674 1916 754 1941 esse
778 1908 885 1950 petita
905 1908 940 1940 h.
960 1917 991 1941 e.
1011 1908 1098 1940 deos
1115 1916 1195 1940 esse

322 1959 556 2001 interrogatos
580 1957 625 1992 de
649 1957 893 2002 placamentis,
920 1966 1011 2000 quae
1029 1958 1105 1991 fieri
1120 1957 1197 1991 vel-

321 2007 415 2049 lent,
440 2009 518 2050 quis
543 2009 684 2042 nescit?
711 2009 766 2041 Dii
789 2010 909 2041 autem
931 2007 1198 2050 respondebant

322 2068 387 2102 per
410 2058 571 2099 oracula,
604 2058 699 2101 apud
723 2059 900 2091 Romanos
923 2067 989 2100 per
1010 2057 1120 2091 libros
1144 2059 1197 2090 Si-

322 2107 454 2150 byllae.
487 2109 603 2147 Quare
628 2107 826 2151 explicandi
844 2117 950 2141 causa
968 2108 1111 2141 additur
1126 2108 1198 2140 adi-

321 2162 411 2202 tique
426 2159 571 2200 Sibyllae
593 2159 701 2192 libri».
723 2177 759 2182 —
783 2159 904 2192 hausta
919 2158 1023 2201 aqua]
1042 2160 1196 2192 Deorum

324 2211 360 2244 et
382 2209 513 2252 templa
537 2211 573 2242 et
595 2208 784 2243 simulacra
807 2209 862 2243 vel
890 2210 1024 2242 marina
1048 2208 1104 2242 vel
1129 2210 1197 2242 ssu-

323 2259 403 2294 viali
425 2269 516 2302 aqua
541 2260 727 2302 perspergi
750 2261 811 2293 aut
833 2258 941 2292 lavari
961 2258 1135 2304 solebant,
1161 2269 1194 2292 v.

324 2320 357 2344 c.
383 2311 511 2344 Vestae
535 2310 636 2352 aquis
660 2318 703 2342 ex
726 2309 821 2343 fonte
846 2310 1083 2342 Camenarum
1106 2310 1195 2342 hau-

324 2361 397 2394 stis.
436 2359 545 2402 (Ovid.
571 2360 663 2393 Fast.
688 2359 721 2400 3,
746 2359 813 2400 ⁴2.)
855 2359 1044 2392 Notissima
1075 2361 1195 2392 autem

322 2409 450 2444 lavatio
476 2409 768 2451 (simulacrorum)
789 2410 938 2443 Veneris
954 2409 1195 2443 Verticordiae

324 2462 360 2495 et
374 2462 493 2495 Matris
509 2462 624 2494 Deum
640 2459 696 2493 vel
713 2470 755 2494 ex
772 2461 870 2494 Ovid.
886 2461 976 2494 Fast.
990 2460 1024 2501 4,
1040 2460 1102 2493 436
1114 2469 1192 2502 sqq

324 2511 387 2544 337
404 2519 483 2553 sqq.
509 2511 664 2543 Ruruiiri.
685 2528 720 2534 —
743 2511 950 2553 sellisternia]
975 2510 1062 2543 Vide
1078 2510 1123 2544 ad
1140 2510 1194 2551 44,

324 2562 366 2596 42
390 2561 463 2594 init.
503 2562 616 2594 Locus
651 2560 695 2594 de
730 2561 799 2594 hac
832 2570 871 2594 re
902 2561 1115 2603 praecipuus
1143 2561 1197 2594 est

324 2611 419 2653 apud
443 2609 622 2643 Valerium
643 2611 734 2645 Max.
759 2612 792 2651 2,
820 2612 851 2651 l,
876 2611 915 2643 2:
945 2611 1100 2644 Feminae
1122 2619 1197 2643 cum

323 2662 407 2695 viris
420 2661 616 2694 cubantibus
630 2662 774 2695 sedentes
792 2662 992 2702 cenitabant,
1017 2671 1103 2702 quae
1116 2671 1196 2694 con-

323 2713 461 2745 suetudo
489 2721 534 2745 ex
562 2712 732 2745 hominum
757 2714 913 2745 convictu
934 2713 979 2745 ad
1001 2712 1117 2745 divina
1137 2721 1197 2754 pe-

324 2763 490 2802 netravit,·
525 2770 606 2795 nam
636 2763 723 2795 Iovis
753 2762 847 2803 epulo
875 2762 943 2803 ipse
971 2763 1007 2795 in
1029 2762 1194 2803 lectulum,

323 2814 406 2846 Iuno
428 2816 460 2846 et
480 2813 635 2846 Minerva
655 2813 691 2845 in
705 2813 801 2845 sellas
816 2813 861 2846 ad
875 2822 991 2846 cenam
1004 2813 1196 2846 invitaban-

325 2867 394 2897 tur.
432 2864 526 2905 Quod
547 2871 650 2905 penus
671 2863 856 2896 severitatis
879 2867 973 2896 aetas
994 2867 1109 2896 nostra
1125 2864 1198 2897 dili—

324 2915 455 2957 gentius
487 2914 523 2946 in
553 2913 715 2954 Capitolio
745 2923 846 2954 quam
879 2914 915 2947 in
947 2915 1017 2947 suis
1049 2914 1198 2947 domibus

325 2966 510 3004 conservat,
531 2963 680 2996 videlicet
695 2964 777 3004 quia
791 2964 900 3006 mayis
915 2965 960 2996 ad
974 2973 1045 2997 rem
1056 2965 1199 3005 pertinet

326 3015 466 3048 dearum
489 3022 591 3055 quam
607 3013 784 3046 mulierum
799 3014 1008 3055 disciplinam
1023 3015 1194 3047 contineri.

325 3062 548 3098 Vocabulum
577 3063 694 3105 ipsum
722 3064 780 3095 vix
807 3066 993 3105 praeterea
1023 3065 1198 3107 reperitur

328 3115 395 3148 nisi
417 3114 512 3156 apud
536 3114 678 3146 Festum
699 3122 734 3156 p.
751 3113 816 3146 298
832 3113 968 3147 Muell.:
992 3115 1096 3147 soliar
1117 3119 1197 3148 ster-

326 3174 405 3198 nere
427 3165 597 3205 dicwntur,
621 3164 677 3205 qui
700 3163 896 3196 sellisternia
913 3165 1051 3206 habent,
1076 3165 1113 3198 id
1129 3166 1193 3206 est,

328 3217 388 3258 qui
421 3217 504 3249 sunt
538 3213 702 3262 στρῶται
735 3214 902 3252 dearum3
939 3218 975 3248 et
1001 3217 1035 3249 in
1066 3215 1195 3249 Glossis

329 3265 465 3307 Cyrilli:
486 3266 729 3305 sellisternium‚
746 3261 1039 3311 σελλάστρωσις.
1061 3283 1097 3290 -
1116 3266 1196 3307 quin

327 3316 453 3348 iussum
481 3316 669 3349 incendium
690 3314 896 3356 crederetur]
926 3316 1021 3348 Haec
1045 3317 1081 3348 et
1104 3324 1195 3358 quae

327 3367 526 3408 sequuntur
557 3365 797 3408 transscripsit
818 3372 942 3397 rursus
965 3364 1137 3407 Sulpicius
1160 3367 1194 3405 2,

328 3416 388 3450 29ι
414 3416 527 3456 Neque
548 3416 619 3449 ulla
640 3424 679 3449 re
700 3416 789 3449 Nero
805 3414 981 3458 efficiebat,
1006 3415 1086 3455 quin
1101 3416 1142 3447 ab
1159 3424 1195 3448 eo

328 3466 453 3499 iussum
472 3466 661 3500 incendium
679 3468 869 3508 putaretur.
897 3465 1006 3507 [attur
1026 3466 1126 3498 vertit
1145 3467 1196 3498 in—

1246 1605 1373 1638 vidiam
1386 1607 1423 1638 in
1436 1605 1641 1639 Christianos
1653 1608 1814 1648 actaeque
1828 1605 1863 1638 in
1876 1605 2035 1639 innoxios
2046 1614 2122 1638 cru-

1247 1656 1432 1689 delissimae
1461 1656 1680 1697 quaestiones;
1714 1656 1794 1696 quin
1817 1659 1847 1688 et
1870 1665 1976 1688 novae
1997 1659 2121 1689 mortes

1246 1708 1475 1748 excogitatae,
1500 1710 1537 1738 ut
1553 1706 1705 1747 ferarum
1721 1706 1823 1748 tergis
1836 1706 1974 1739 contecti
1989 1705 2122 1739 laniatu

1246 1766 1368 1790 canum
1401 1757 1586 1790 interirent.
1622 1757 1722 1790 Multi
1752 1757 1905 1789 crucibus
1934 1757 2033 1799 afflati
2062 1759 2124 1790 aut

1245 1809 1386 1850 flamma
1404 1808 1488 1847 usti,·
1509 1807 1659 1848 plerique
1673 1807 1707 1839 in
1724 1807 1758 1839 id
1771 1808 1955 1847 reservati,
1980 1810 2029 1847 ut,
2046 1815 2123 1840 cum

1246 1858 1411 1899 defecisset
1431 1858 1516 1898 dies,
1541 1857 1576 1889 in
1598 1866 1694 1889 usum
1715 1857 1870 1889 nocturni
1891 1857 2027 1890 luminis
2046 1866 2123 1890 ure-

1245 1911 1374 1941 rentur.
1404 1926 1439 1931 -
1459 1916 1523 1948 per
1543 1907 1688 1950 flagitia]
1714 1915 1805 1948 quae
1830 1906 1875 1939 ob
1899 1907 2121 1949 suspectissi-

1248 1967 1324 1991 mas
1341 1957 1415 1991 illas
1430 1953 1582 2001 ἀγάπας
1596 1958 1760 1998 (caritatis
1772 1958 1941 1998 convivia)
1957 1957 2121 1991 Christia-
2159 1998 2166 2005 .

1248 2008 1301 2041 nis
1314 2007 1358 2040 ab
1375 2007 1588 2040 adversariis
1604 2006 1873 2048 affingebantur.
1892 2007 2119 2040 Atrociss'ima

1247 2067 1411 2100 quaeque
1429 2058 1576 2091 crimina
1594 2058 1783 2099 propterea
1802 2058 1838 2090 in
1855 2066 1918 2090 eos
1933 2056 2058 2090 collata
2073 2058 2121 2090 ita

1248 2108 1494 2151 complectitur
1509 2107 1742 2141 Tertullianus
1755 2107 1899 2151 Apolog.
1915 2108 1948 2141 7:
1965 2108 2121 2141 Dicimur

1246 2159 1487 2192 sceleratissimi
1509 2159 1548 2191 de
1570 2161 1778 2191 sacramento
1793 2158 1995 2200 infanticidii
2009 2161 2040 2192 et
2052 2167 2121 2200 pa-

1247 2209 1321 2242 bulo
1349 2209 1442 2249 inde,
1478 2212 1509 2241 et
1532 2212 1609 2250 post
1638 2208 1825 2241 convivium
1853 2208 1996 2247 incesto;
2033 2209 2121 2250 quod

1245 2268 1412 2293 eversores
1433 2259 1594 2292 luminum
1618 2268 1734 2298 canes,
1759 2259 1890 2291 lenones
1911 2259 2051 2299 scilicet,
2076 2262 2123 2292 te-

1245 2309 1383 2349 nebras,
1408 2312 1479 2342 tum
1494 2312 1524 2342 et
1538 2309 1710 2341 libidinum
1728 2309 1911 2349 impiarum
1924 2309 2122 2342 inverecun-

1246 2361 1337 2393 diam
1355 2362 1548 2401 procurent.
1569 2378 1605 2383 —
1632 2359 1844 2402 Christianos]
1868 2360 1942 2392 sive
1960 2359 2123 2393 Chrestia-

1245 2419 1323 2451 nos,
1356 2411 1396 2443 ut
1424 2410 1600 2452 scripsere
1632 2419 1698 2452 per
1724 2410 1900 2442 inscitiam
1923 2407 1981 2443 illi.
2018 2409 2121 2450 Quod

1247 2469 1377 2493 nomen
1393 2462 1512 2493 ortum
1528 2459 1675 2493 demum
1688 2459 1841 2492 observo
1858 2459 2008 2501 imperio
2020 2458 2122 2499 Clau·

1248 2510 1295 2543 dii
1311 2513 1483 2543 extremo.
1510 2509 1635 2543 Suidas
1652 2510 1698 2551 (in
1715 2519 1747 2542 v.
1763 2508 2022 2556 Χριστιανοῆε
2036 2505 2120 2544 Ἐπὶ

1247 2559 1439 2594 Κλαυδίου
1455 2559 1646 2601 βασιλέως
1657 2556 1865 2603 Ρωμαίων,
1884 2559 2034 2606 Πέτρου
2049 2558 2119 2594 τοῦ
2166 2591 2169 2595 ,
2233 2564 2235 2566 ’

1247 2609 1470 2646 ἀποστόλου
1507 2621 1853 2658 χειροτονησαντος
1880 2607 2049 2645 Eidem
2078 2609 2120 2646 ἐν

1242 2659 1451 2708 Ἀντιοχεία
1482 2662 1598 2705 (quod
1625 2662 1862 2703 Hieronymus
1885 2662 1921 2695 in
1945 2663 2120 2696 Chronico

1247 2713 1304 2747 ed.
1322 2712 1477 2746 Roncall.
1496 2721 1530 2754 p.
1545 2711 1610 2746 429
1627 2711 1734 2745 refert
1748 2711 1794 2744 ad
1810 2721 1843 2745 a.
1861 2713 1942 2754 post
1954 2712 2036 2745 Chr.
2051 2711 2118 2752 45),

1245 2760 1609 2807 μετωνομάσθησαν
1633 2762 1674 2795 οἱ
1686 2760 1806 2795 πάλαι
1821 2759 2023 2806 λεγόμενοι
2038 2762 2120 2795 Να-

1246 2815 1397 2859 ζαραῖοι
1419 2814 1484 2846 καὶ
1505 2811 1702 2846 Γαλιλαῖοι
1724 2809 1964 2859 Χριστιανοὶ.
1990 2812 2060 2845 Sed
2083 2813 2121 2846 et

1245 2865 1360 2897 Iudaei
1376 2862 1540 2906 appellati
1557 2864 1679 2903 antea,
1706 2862 1802 2905 quod
1818 2862 1945 2896 frustra
1963 2862 2120 2904 negitant

1247 2914 1403 2956 quidam.
1438 2914 1568 2955 Aperte
1602 2888 1770 2946 Arrianus
1792 2913 1832 2950 2,
1858 2912 1896 2952 9,
1921 2912 1986 2945 20.
2024 2906 2120 2944 ὅταν

1246 2960 1330 2997 τινὰ
1361 2963 1715 3020 ἐπαμφοτερίζοντα
1745 2960 1897 3004 ιδωμεν,
1926 2959 2119 3004 εἰώθαμεν

1246 3012 1378 3057 λέγειν,
1404 3009 1483 3046 Οὐκ
1506 3008 1611 3045 ἔστιν
1629 3007 1828 3053 Ἰουδαῖος,
1853 3009 1934 3044 ἀλλ’
1959 3007 2119 3066 ὑποκρι-

1245 3073 1366 3096 νεται
1393 3073 1486 3096 οταν
1509 3061 1538 3096 δ’
1559 3059 1738 3121 ἀναλάβῃ
1762 3059 1806 3095 τὸ
1830 3060 1957 3103 πάθος
1978 3058 2024 3094 τὸ
2046 3057 2116 3095 τοῦ

1244 3113 1494 3157 βεβαμμένου
1517 3113 1582 3146 καὶ
1605 3110 1815 3159 ᾑρημένου,
1840 3109 1927 3145 τότε
1946 3111 2012 3144 καὶ
2035 3120 2116 3145 εστι

1246 3164 1296 3208 τῷ
1329 3160 1411 3198 ὄντι
1438 3165 1504 3198 καὶ
1534 3163 1705 3197 καλεῖται
1734 3161 1928 3204 Ιουδαΐος.
1966 3163 2023 3195 Ait
2046 3158 2116 3195 τοῦ

1245 3213 1507 3258 βεβαμμένου.
1545 3215 1610 3254 Qui
1644 3223 1727 3255 ergo
1758 3214 1854 3246 tincti
1884 3214 1920 3246 et
1949 3211 2116 3254 baptizati

1245 3267 1387 3307 praeter
1418 3265 1662 3298 Christianos?
1699 3265 1757 3303 (At
1784 3262 1884 3296 aliter
1910 3262 1946 3294 et
1968 3261 2115 3303 quidem

1245 3316 1375 3348 rectius
1398 3316 1534 3348 Arriani
1559 3315 1735 3356 interpres
1757 3314 1792 3345 in
1815 3311 1872 3346 ed.
1898 3311 2008 3345 Paris.
2028 3311 2113 3346 ⁴840
2168 3321 2174 3325 ’

1246 3364 1395 3407 explicat
1411 3366 1553 3398 vertens
1568 3365 1628 3397 illa
1643 3363 1818 3403 disciplina
1833 3361 1936 3394 tincti.
1959 3361 2009 3394 Cf.
2029 3361 2110 3395 Eru.

1245 3415 1291 3447 ad
1314 3416 1457 3448 Sueton.
1478 3414 1597 3447 Claud.
1615 3414 1682 3454 25.)
1707 3412 1892 3445 Suetonius
1909 3410 2031 3444 Claud.
2048 3412 2107 3444 25:

1242 3466 1380 3498 Iudaeos
1400 3464 1580 3506 impulsore
1595 3463 1725 3497 Chresto
1747 3462 1878 3495 assidue
1899 3461 2110 3494 tumultuan-
