<?xml version="1.0" encoding="UTF-8"?>
<!DOCTYPE html PUBLIC "-//W3C//DTD XHTML 1.0 Transitional//EN"
    "http://www.w3.org/TR/xhtml1/DTD/xhtml1-transitional.dtd">
<html xmlns="http://www.w3.org/1999/xhtml" xml:lang="en" lang="en">
 <head>
  <title>
</title>
<meta http-equiv="Content-Type" content="text/html;charset=utf-8" />
  <meta name='ocr-system' content='tesseract 3.04.00' />
  <meta name='ocr-capabilities' content='ocr_page ocr_carea ocr_par ocr_line ocrx_word'/>
</head>
<body>
  <div class='ocr_page' id='page_1' title='image "./pcorneliitacitio01taciuoft_0065.png"; bbox 0 0 2254 3770; ppageno 0'>
   <div class='ocr_carea' id='block_1_1' title="bbox 762 255 2006 329">
    <p class='ocr_par' dir='ltr' id='par_1_1' title="bbox 762 255 2006 329">
     <span class='ocr_line' id='line_1_1' title="bbox 762 255 2006 329; baseline 0.001 -30"><span class='ocrx_word' id='word_1_1' title='bbox 762 255 861 299; x_wconf 79' lang='lat' dir='ltr'>Lm.</span> <span class='ocrx_word' id='word_1_2' title='bbox 889 255 921 329; x_wconf 82' lang='lat'>.¹·</span> <span class='ocrx_word' id='word_1_3' title='bbox 979 255 1080 314; x_wconf 81' lang='lat' dir='ltr'>cap.</span> <span class='ocrx_word' id='word_1_4' title='bbox 1109 255 1178 300; x_wconf 76' lang='lat'>25.</span> <span class='ocrx_word' id='word_1_5' title='bbox 1207 256 1276 301; x_wconf 79' lang='lat'>26.</span> <span class='ocrx_word' id='word_1_6' title='bbox 1304 256 1373 301; x_wconf 84' lang='grc'>27.</span> <span class='ocrx_word' id='word_1_7' title='bbox 1401 257 1470 302; x_wconf 78' lang='grc'>28.</span> <span class='ocrx_word' id='word_1_8' title='bbox 1950 255 2006 300; x_wconf 80' lang='grc'>27</span> 
     </span>
    </p>
   </div>
   <div class='ocr_carea' id='block_1_2' title="bbox 221 360 2059 1698">
    <p class='ocr_par' dir='ltr' id='par_1_2' title="bbox 221 360 2059 1698">
     <span class='ocr_line' id='line_1_2' title="bbox 226 360 2005 420; baseline -0.003 -12"><span class='ocrx_word' id='word_1_9' title='bbox 226 365 413 409; x_wconf 87' lang='lat' dir='ltr'>Drusum</span> <span class='ocrx_word' id='word_1_10' title='bbox 441 362 697 408; x_wconf 82' lang='lat' dir='ltr'>credebatur</span> <span class='ocrx_word' id='word_1_11' title='bbox 723 369 767 406; x_wconf 89' lang='lat' dir='ltr'>et</span> <span class='ocrx_word' id='word_1_12' title='bbox 794 361 874 405; x_wconf 84' lang='lat' dir='ltr'>illa·</span> <span class='ocrx_word' id='word_1_13' title='bbox 894 361 1065 405; x_wconf 91' lang='lat' dir='ltr'>militiae</span> <span class='ocrx_word' id='word_1_14' title='bbox 1093 360 1251 418; x_wconf 84' lang='lat' dir='ltr'>flagitia</span> <span class='ocrx_word' id='word_1_15' title='bbox 1279 362 1443 420; x_wconf 89' lang='lat' dir='ltr'>primus</span> <span class='ocrx_word' id='word_1_16' title='bbox 1471 361 1706 420; x_wconf 91' lang='lat' dir='ltr'>aspernari.</span> <span class='ocrx_word' id='word_1_17' title='bbox 1763 374 1846 405; x_wconf 89' lang='lat' dir='ltr'>nec</span> <span class='ocrx_word' id='word_1_18' title='bbox 1874 360 2005 404; x_wconf 89' lang='lat' dir='ltr'>multo</span> 
     </span>
     <span class='ocr_line' id='line_1_3' title="bbox 225 436 2007 498; baseline -0.002 -15"><span class='ocrx_word' id='word_1_19' title='bbox 225 446 323 498; x_wconf 88' lang='lat' dir='ltr'>post</span> <span class='ocrx_word' id='word_1_20' title='bbox 349 438 656 496; x_wconf 78' lang='lat' dir='ltr'>digredientem</span> <span class='ocrx_word' id='word_1_21' title='bbox 686 451 783 482; x_wconf 90' lang='lat' dir='ltr'>cum</span> <span class='ocrx_word' id='word_1_22' title='bbox 806 437 1011 488; x_wconf 82' lang='lat' dir='ltr'>Caesare,</span> <span class='ocrx_word' id='word_1_23' title='bbox 1042 450 1094 481; x_wconf 92' lang='lat' dir='ltr'>ac</span> <span class='ocrx_word' id='word_1_24' title='bbox 1122 437 1296 494; x_wconf 90' lang='lat' dir='ltr'>provisu</span> <span class='ocrx_word' id='word_1_25' title='bbox 1326 436 1504 494; x_wconf 90' lang='lat' dir='ltr'>periculi</span> <span class='ocrx_word' id='word_1_26' title='bbox 1521 436 1703 480; x_wconf 89' lang='lat' dir='ltr'>hiberna</span> <span class='ocrx_word' id='word_1_27' title='bbox 1722 442 1862 479; x_wconf 88' lang='lat' dir='ltr'>castra</span> <span class='ocrx_word' id='word_1_28' title='bbox 1880 449 2007 493; x_wconf 89' lang='lat' dir='ltr'>repe-</span> 
     </span>
     <span class='ocr_line' id='line_1_4' title="bbox 227 509 2006 570; baseline -0.002 -13"><span class='ocrx_word' id='word_1_29' title='bbox 227 521 402 565; x_wconf 88' lang='lat' dir='ltr'>tentem,</span> <span class='ocrx_word' id='word_1_30' title='bbox 443 513 776 562; x_wconf 84' lang='lat' dir='ltr'><strong>circumsistunt,</strong></span> <span class='ocrx_word' id='word_1_31' title='bbox 818 512 1049 569; x_wconf 82' lang='lat' dir='ltr'><strong>rogitantes</strong></span> <span class='ocrx_word' id='word_1_32' title='bbox 1079 525 1167 570; x_wconf 91' lang='lat' dir='ltr'>quo</span> <span class='ocrx_word' id='word_1_33' title='bbox 1195 518 1416 569; x_wconf 81' lang='lat' dir='ltr'>pergeret,</span> <span class='ocrx_word' id='word_1_34' title='bbox 1454 511 1508 555; x_wconf 93' lang='lat' dir='ltr'>ad</span> <span class='ocrx_word' id='word_1_35' title='bbox 1538 512 1839 569; x_wconf 84' lang='lat' dir='ltr'>imperatorem</span> <span class='ocrx_word' id='word_1_36' title='bbox 1868 524 1922 553; x_wconf 92' lang='lat' dir='ltr'>an</span> <span class='ocrx_word' id='word_1_37' title='bbox 1950 509 2006 553; x_wconf 90' lang='lat' dir='ltr'>ad</span> 
     </span>
     <span class='ocr_line' id='line_1_5' title="bbox 223 585 2003 647; baseline -0.003 -15"><span class='ocrx_word' id='word_1_38' title='bbox 223 595 385 647; x_wconf 89' lang='lat' dir='ltr'>patres,</span> <span class='ocrx_word' id='word_1_39' title='bbox 415 595 462 631; x_wconf 91' lang='lat' dir='ltr'>ut</span> <span class='ocrx_word' id='word_1_40' title='bbox 482 587 566 632; x_wconf 91' lang='lat' dir='ltr'>illic</span> <span class='ocrx_word' id='word_1_41' title='bbox 585 601 760 646; x_wconf 90' lang='lat' dir='ltr'>quoque</span> <span class='ocrx_word' id='word_1_42' title='bbox 782 586 1018 631; x_wconf 90' lang='lat' dir='ltr'>commodis</span> <span class='ocrx_word' id='word_1_43' title='bbox 1044 586 1258 644; x_wconf 83' lang='lat' dir='ltr'>legionum</span> <span class='ocrx_word' id='word_1_44' title='bbox 1280 585 1593 630; x_wconf 85' lang='lat' dir='ltr'>adversaretur.</span> <span class='ocrx_word' id='word_1_45' title='bbox 1636 585 1760 630; x_wconf 92' lang='lat' dir='ltr'>simul</span> <span class='ocrx_word' id='word_1_46' title='bbox 1791 585 2003 642; x_wconf 86' lang='lat' dir='ltr'>ingruunt,</span> 
     </span>
     <span class='ocr_line' id='line_1_6' title="bbox 223 659 2038 720; baseline -0.004 -13"><span class='ocrx_word' id='word_1_47' title='bbox 223 677 326 708; x_wconf 82' lang='lat' dir='ltr'>saxa</span> <span class='ocrx_word' id='word_1_48' title='bbox 354 663 524 707; x_wconf 90' lang='lat' dir='ltr'>iaciunt.</span> <span class='ocrx_word' id='word_1_49' title='bbox 570 663 742 720; x_wconf 90' lang='lat' dir='ltr'>iamque</span> <span class='ocrx_word' id='word_1_50' title='bbox 768 661 923 720; x_wconf 88' lang='lat' dir='ltr'>lapidis</span> <span class='ocrx_word' id='word_1_51' title='bbox 953 662 1037 705; x_wconf 91' lang='lat' dir='ltr'>ictu</span> <span class='ocrx_word' id='word_1_52' title='bbox 1068 668 1270 705; x_wconf 91' lang='lat' dir='ltr'>cruentus</span> <span class='ocrx_word' id='word_1_53' title='bbox 1296 668 1338 705; x_wconf 92' lang='lat' dir='ltr'>et</span> <span class='ocrx_word' id='word_1_54' title='bbox 1362 661 1477 705; x_wconf 85' lang='lat' dir='ltr'>exitii</span> <span class='ocrx_word' id='word_1_55' title='bbox 1508 668 1652 705; x_wconf 90' lang='lat' dir='ltr'>certus</span> <span class='ocrx_word' id='word_1_56' title='bbox 1681 659 1869 704; x_wconf 86' lang='lat' dir='ltr'>adcursu</span> <span class='ocrx_word' id='word_1_57' title='bbox 1896 659 2038 703; x_wconf 87' lang='lat' dir='ltr'>mul-5</span> 
     </span>
     <span class='ocr_line' id='line_1_7' title="bbox 223 736 2006 796; baseline -0.002 -14"><span class='ocrx_word' id='word_1_58' title='bbox 223 737 413 782; x_wconf 85' lang='lat' dir='ltr'>titudinis</span> <span class='ocrx_word' id='word_1_59' title='bbox 433 751 545 796; x_wconf 91' lang='lat' dir='ltr'>quae</span> <span class='ocrx_word' id='word_1_60' title='bbox 566 751 662 782; x_wconf 92' lang='lat' dir='ltr'>cum</span> <span class='ocrx_word' id='word_1_61' title='bbox 684 738 823 780; x_wconf 89' lang='lat' dir='ltr'>Druso</span> <span class='ocrx_word' id='word_1_62' title='bbox 853 737 1084 780; x_wconf 88' lang='lat' dir='ltr'>advenerat</span> <span class='ocrx_word' id='word_1_63' title='bbox 1110 743 1329 795; x_wconf 89' lang='lat' dir='ltr'>protectus</span> <span class='ocrx_word' id='word_1_64' title='bbox 1358 743 1435 780; x_wconf 90' lang='lat' dir='ltr'>est.</span> <span class='ocrx_word' id='word_1_65' title='bbox 1495 737 1577 792; x_wconf 75' lang='lat'>(28)</span> <span class='ocrx_word' id='word_1_66' title='bbox 1608 742 1776 780; x_wconf 91' lang='lat' dir='ltr'>noctem</span> <span class='ocrx_word' id='word_1_67' title='bbox 1797 736 2006 779; x_wconf 86' lang='lat' dir='ltr'>minacem</span> 
     </span>
     <span class='ocr_line' id='line_1_8' title="bbox 223 810 2008 870; baseline -0.003 -13"><span class='ocrx_word' id='word_1_68' title='bbox 223 820 266 858; x_wconf 91' lang='lat' dir='ltr'>et</span> <span class='ocrx_word' id='word_1_69' title='bbox 293 813 336 856; x_wconf 90' lang='lat' dir='ltr'>in</span> <span class='ocrx_word' id='word_1_70' title='bbox 366 812 508 857; x_wconf 88' lang='lat' dir='ltr'>scelus</span> <span class='ocrx_word' id='word_1_71' title='bbox 537 820 783 870; x_wconf 86' lang='lat' dir='ltr'>erupturam</span> <span class='ocrx_word' id='word_1_72' title='bbox 822 812 909 855; x_wconf 87' lang='lat' dir='ltr'>sors</span> <span class='ocrx_word' id='word_1_73' title='bbox 947 812 1112 856; x_wconf 88' lang='lat' dir='ltr'>lenivit:</span> <span class='ocrx_word' id='word_1_74' title='bbox 1158 825 1256 854; x_wconf 91' lang='lat' dir='ltr'>nam</span> <span class='ocrx_word' id='word_1_75' title='bbox 1291 811 1392 854; x_wconf 90' lang='lat' dir='ltr'>luna</span> <span class='ocrx_word' id='word_1_76' title='bbox 1433 811 1549 855; x_wconf 86' lang='lat' dir='ltr'>claro</span> <span class='ocrx_word' id='word_1_77' title='bbox 1587 810 1714 869; x_wconf 87' lang='lat' dir='ltr'>plena</span> <span class='ocrx_word' id='word_1_78' title='bbox 1756 810 1876 854; x_wconf 90' lang='lat' dir='ltr'>caelo</span> <span class='ocrx_word' id='word_1_79' title='bbox 1916 810 2008 853; x_wconf 90' lang='lat' dir='ltr'>visa</span> 
     </span>
     <span class='ocr_line' id='line_1_9' title="bbox 222 885 2006 945; baseline -0.003 -13"><span class='ocrx_word' id='word_1_80' title='bbox 222 888 518 945; x_wconf 84' lang='lat' dir='ltr'>languescere.</span> <span class='ocrx_word' id='word_1_81' title='bbox 576 888 617 931; x_wconf 88' lang='lat' dir='ltr'>id</span> <span class='ocrx_word' id='word_1_82' title='bbox 648 886 771 931; x_wconf 88' lang='lat' dir='ltr'>miles</span> <span class='ocrx_word' id='word_1_83' title='bbox 800 887 976 930; x_wconf 89' lang='lat' dir='ltr'>rationis</span> <span class='ocrx_word' id='word_1_84' title='bbox 1015 887 1188 944; x_wconf 83' lang='lat' dir='ltr'>ignarus</span> <span class='ocrx_word' id='word_1_85' title='bbox 1218 901 1342 931; x_wconf 90' lang='lat' dir='ltr'>omen</span> <span class='ocrx_word' id='word_1_86' title='bbox 1373 887 1663 945; x_wconf 87' lang='lat' dir='ltr'>praesentium</span> <span class='ocrx_word' id='word_1_87' title='bbox 1693 886 1877 944; x_wconf 90' lang='lat' dir='ltr'>accepit,</span> <span class='ocrx_word' id='word_1_88' title='bbox 1916 885 2006 928; x_wconf 92' lang='lat' dir='ltr'>suis</span> 
     </span>
     <span class='ocr_line' id='line_1_10' title="bbox 222 961 2006 1020; baseline -0.002 -13"><span class='ocrx_word' id='word_1_89' title='bbox 222 963 441 1007; x_wconf 90' lang='lat' dir='ltr'>laboribus</span> <span class='ocrx_word' id='word_1_90' title='bbox 487 963 768 1007; x_wconf 83' lang='lat' dir='ltr'>defectionem</span> <span class='ocrx_word' id='word_1_91' title='bbox 813 962 968 1006; x_wconf 86' lang='lat' dir='ltr'>sideris</span> <span class='ocrx_word' id='word_1_92' title='bbox 1012 961 1290 1013; x_wconf 84' lang='lat' dir='ltr'>adsimulans,</span> <span class='ocrx_word' id='word_1_93' title='bbox 1332 975 1629 1020; x_wconf 88' lang='lat' dir='ltr'>prospereque</span> <span class='ocrx_word' id='word_1_94' title='bbox 1674 975 1850 1005; x_wconf 91' lang='lat' dir='ltr'>cessura</span> <span class='ocrx_word' id='word_1_95' title='bbox 1893 974 2006 1019; x_wconf 88' lang='lat' dir='ltr'>quae</span> 
     </span>
     <span class='ocr_line' id='line_1_11' title="bbox 222 1036 2057 1097; baseline -0.004 -14"><span class='ocrx_word' id='word_1_96' title='bbox 222 1046 470 1097; x_wconf 82' lang='lat' dir='ltr'>pergerent.</span> <span class='ocrx_word' id='word_1_97' title='bbox 517 1038 554 1082; x_wconf 92' lang='lat' dir='ltr'>si</span> <span class='ocrx_word' id='word_1_98' title='bbox 591 1037 730 1095; x_wconf 81' lang='lat' dir='ltr'>fulgor</span> <span class='ocrx_word' id='word_1_99' title='bbox 768 1044 811 1082; x_wconf 88' lang='lat' dir='ltr'>et</span> <span class='ocrx_word' id='word_1_100' title='bbox 848 1037 1055 1082; x_wconf 91' lang='lat' dir='ltr'>claritudo</span> <span class='ocrx_word' id='word_1_101' title='bbox 1094 1037 1202 1081; x_wconf 90' lang='lat' dir='ltr'>deae</span> <span class='ocrx_word' id='word_1_102' title='bbox 1240 1037 1507 1081; x_wconf 87' lang='lat' dir='ltr'>redderetur.</span> <span class='ocrx_word' id='word_1_103' title='bbox 1567 1037 1693 1093; x_wconf 85' lang='lat' dir='ltr'>igitur</span> <span class='ocrx_word' id='word_1_104' title='bbox 1734 1036 1846 1080; x_wconf 90' lang='lat' dir='ltr'>aeris</span> <span class='ocrx_word' id='word_1_105' title='bbox 1884 1045 2057 1087; x_wconf 73' lang='lat' dir='ltr'>sono,⁴o</span> 
     </span>
     <span class='ocr_line' id='line_1_12' title="bbox 222 1111 2005 1171; baseline -0.001 -14"><span class='ocrx_word' id='word_1_106' title='bbox 222 1113 420 1157; x_wconf 90' lang='lat' dir='ltr'>tubarum</span> <span class='ocrx_word' id='word_1_107' title='bbox 449 1127 743 1171; x_wconf 91' lang='lat' dir='ltr'>cornuumque</span> <span class='ocrx_word' id='word_1_108' title='bbox 774 1119 982 1156; x_wconf 87' lang='lat' dir='ltr'>concentu</span> <span class='ocrx_word' id='word_1_109' title='bbox 1013 1119 1226 1170; x_wconf 89' lang='lat' dir='ltr'>strepere;</span> <span class='ocrx_word' id='word_1_110' title='bbox 1264 1119 1391 1170; x_wconf 87' lang='lat' dir='ltr'>prout</span> <span class='ocrx_word' id='word_1_111' title='bbox 1420 1111 1685 1170; x_wconf 88' lang='lat' dir='ltr'>splendidior</span> <span class='ocrx_word' id='word_1_112' title='bbox 1714 1111 2005 1160; x_wconf 85' lang='lat' dir='ltr'>obscuriorve,</span> 
     </span>
     <span class='ocr_line' id='line_1_13' title="bbox 221 1186 2007 1246; baseline -0.001 -14"><span class='ocrx_word' id='word_1_113' title='bbox 221 1188 369 1232; x_wconf 88' lang='lat' dir='ltr'>laetari</span> <span class='ocrx_word' id='word_1_114' title='bbox 399 1195 472 1232; x_wconf 91' lang='lat' dir='ltr'>aut</span> <span class='ocrx_word' id='word_1_115' title='bbox 500 1202 715 1241; x_wconf 81' lang='lat' dir='ltr'>maerere3</span> <span class='ocrx_word' id='word_1_116' title='bbox 746 1195 789 1232; x_wconf 90' lang='lat' dir='ltr'>et</span> <span class='ocrx_word' id='word_1_117' title='bbox 816 1194 1045 1246; x_wconf 89' lang='lat' dir='ltr'>postquam</span> <span class='ocrx_word' id='word_1_118' title='bbox 1076 1195 1194 1231; x_wconf 91' lang='lat' dir='ltr'>ortae</span> <span class='ocrx_word' id='word_1_119' title='bbox 1214 1187 1352 1231; x_wconf 91' lang='lat' dir='ltr'>nubes</span> <span class='ocrx_word' id='word_1_120' title='bbox 1373 1186 1560 1231; x_wconf 87' lang='lat' dir='ltr'>offecere</span> <span class='ocrx_word' id='word_1_121' title='bbox 1582 1187 1690 1230; x_wconf 90' lang='lat' dir='ltr'>visui</span> <span class='ocrx_word' id='word_1_122' title='bbox 1711 1186 2007 1244; x_wconf 90' lang='lat' dir='ltr'>creditumque</span> 
     </span>
     <span class='ocr_line' id='line_1_14' title="bbox 223 1261 2008 1320; baseline -0.002 -13"><span class='ocrx_word' id='word_1_123' title='bbox 223 1263 437 1308; x_wconf 90' lang='lat' dir='ltr'>conditam</span> <span class='ocrx_word' id='word_1_124' title='bbox 465 1263 671 1313; x_wconf 91' lang='lat' dir='ltr'>tenebris,</span> <span class='ocrx_word' id='word_1_125' title='bbox 711 1270 760 1306; x_wconf 91' lang='lat' dir='ltr'>ut</span> <span class='ocrx_word' id='word_1_126' title='bbox 794 1270 892 1307; x_wconf 90' lang='lat' dir='ltr'>sunt</span> <span class='ocrx_word' id='word_1_127' title='bbox 933 1262 1114 1306; x_wconf 88' lang='lat' dir='ltr'>mobiles</span> <span class='ocrx_word' id='word_1_128' title='bbox 1144 1262 1199 1306; x_wconf 91' lang='lat' dir='ltr'>ad</span> <span class='ocrx_word' id='word_1_129' title='bbox 1228 1263 1575 1320; x_wconf 88' lang='lat' dir='ltr'>superstitionem</span> <span class='ocrx_word' id='word_1_130' title='bbox 1611 1261 1838 1320; x_wconf 88' lang='lat' dir='ltr'>perculsae</span> <span class='ocrx_word' id='word_1_131' title='bbox 1873 1261 2008 1305; x_wconf 90' lang='lat' dir='ltr'>semel</span> 
     </span>
     <span class='ocr_line' id='line_1_15' title="bbox 222 1337 2008 1396; baseline -0.001 -14"><span class='ocrx_word' id='word_1_132' title='bbox 222 1346 410 1388; x_wconf 86' lang='lat' dir='ltr'>mentes,</span> <span class='ocrx_word' id='word_1_133' title='bbox 457 1338 539 1382; x_wconf 90' lang='lat' dir='ltr'>sibi</span> <span class='ocrx_word' id='word_1_134' title='bbox 577 1345 798 1382; x_wconf 89' lang='lat' dir='ltr'>aeternum</span> <span class='ocrx_word' id='word_1_135' title='bbox 833 1337 1024 1382; x_wconf 90' lang='lat' dir='ltr'>laborem</span> <span class='ocrx_word' id='word_1_136' title='bbox 1063 1337 1281 1396; x_wconf 89' lang='lat' dir='ltr'>portendi,</span> <span class='ocrx_word' id='word_1_137' title='bbox 1328 1351 1407 1381; x_wconf 89' lang='lat' dir='ltr'>sua</span> <span class='ocrx_word' id='word_1_138' title='bbox 1443 1337 1631 1381; x_wconf 78' lang='lat' dir='ltr'>facinora</span> <span class='ocrx_word' id='word_1_139' title='bbox 1675 1337 1863 1380; x_wconf 84' lang='lat' dir='ltr'>aversari</span> <span class='ocrx_word' id='word_1_140' title='bbox 1901 1337 2008 1380; x_wconf 91' lang='lat' dir='ltr'>deos</span> 
     </span>
     <span class='ocr_line' id='line_1_16' title="bbox 223 1411 2059 1470; baseline -0.001 -13"><span class='ocrx_word' id='word_1_141' title='bbox 223 1414 518 1458; x_wconf 89' lang='lat' dir='ltr'>lamentantur.</span> <span class='ocrx_word' id='word_1_142' title='bbox 576 1413 783 1457; x_wconf 90' lang='lat' dir='ltr'>utendum</span> <span class='ocrx_word' id='word_1_143' title='bbox 818 1413 1088 1457; x_wconf 87' lang='lat' dir='ltr'>inclinatione</span> <span class='ocrx_word' id='word_1_144' title='bbox 1123 1427 1176 1457; x_wconf 88' lang='lat' dir='ltr'>ea</span> <span class='ocrx_word' id='word_1_145' title='bbox 1217 1413 1376 1457; x_wconf 90' lang='lat' dir='ltr'>Caesar</span> <span class='ocrx_word' id='word_1_146' title='bbox 1412 1420 1454 1457; x_wconf 93' lang='lat' dir='ltr'>et</span> <span class='ocrx_word' id='word_1_147' title='bbox 1488 1426 1600 1470; x_wconf 88' lang='lat' dir='ltr'>quae</span> <span class='ocrx_word' id='word_1_148' title='bbox 1636 1426 1763 1456; x_wconf 89' lang='lat' dir='ltr'>casus</span> <span class='ocrx_word' id='word_1_149' title='bbox 1798 1411 2059 1455; x_wconf 61' lang='lat' dir='ltr'>obtuleram-²&gt;</span> 
     </span>
     <span class='ocr_line' id='line_1_17' title="bbox 225 1486 2007 1547; baseline -0.002 -14"><span class='ocrx_word' id='word_1_150' title='bbox 225 1490 267 1533; x_wconf 91' lang='lat' dir='ltr'>in</span> <span class='ocrx_word' id='word_1_151' title='bbox 297 1490 546 1547; x_wconf 90' lang='lat' dir='ltr'>sapientiam</span> <span class='ocrx_word' id='word_1_152' title='bbox 579 1488 783 1532; x_wconf 90' lang='lat' dir='ltr'>vertenda</span> <span class='ocrx_word' id='word_1_153' title='bbox 813 1495 930 1532; x_wconf 92' lang='lat' dir='ltr'>ratus</span> <span class='ocrx_word' id='word_1_154' title='bbox 969 1488 1183 1532; x_wconf 88' lang='lat' dir='ltr'>circumiri</span> <span class='ocrx_word' id='word_1_155' title='bbox 1221 1488 1403 1532; x_wconf 90' lang='lat' dir='ltr'>tentoria</span> <span class='ocrx_word' id='word_1_156' title='bbox 1437 1487 1566 1531; x_wconf 87' lang='lat' dir='ltr'>iubet.</span> <span class='ocrx_word' id='word_1_157' title='bbox 1626 1487 1786 1532; x_wconf 89' lang='lat' dir='ltr'>accitur</span> <span class='ocrx_word' id='word_1_158' title='bbox 1815 1486 2007 1531; x_wconf 90' lang='lat' dir='ltr'>centurio</span> 
     </span>
     <span class='ocr_line' id='line_1_18' title="bbox 224 1561 2006 1621; baseline -0.002 -13"><span class='ocrx_word' id='word_1_159' title='bbox 224 1564 442 1613; x_wconf 91' lang='lat' dir='ltr'>Clemens,</span> <span class='ocrx_word' id='word_1_160' title='bbox 475 1571 517 1608; x_wconf 91' lang='lat' dir='ltr'>et</span> <span class='ocrx_word' id='word_1_161' title='bbox 546 1565 582 1607; x_wconf 87' lang='lat' dir='ltr'>si</span> <span class='ocrx_word' id='word_1_162' title='bbox 612 1563 683 1607; x_wconf 90' lang='lat' dir='ltr'>alii</span> <span class='ocrx_word' id='word_1_163' title='bbox 714 1563 837 1607; x_wconf 93' lang='lat' dir='ltr'>bonis</span> <span class='ocrx_word' id='word_1_164' title='bbox 867 1563 1030 1607; x_wconf 89' lang='lat' dir='ltr'>artibus</span> <span class='ocrx_word' id='word_1_165' title='bbox 1059 1564 1166 1620; x_wconf 80' lang='lat' dir='ltr'>grati</span> <span class='ocrx_word' id='word_1_166' title='bbox 1195 1564 1238 1605; x_wconf 84' lang='lat' dir='ltr'>in</span> <span class='ocrx_word' id='word_1_167' title='bbox 1267 1562 1433 1621; x_wconf 81' lang='lat' dir='ltr'>vulgus.</span> <span class='ocrx_word' id='word_1_168' title='bbox 1463 1562 1506 1606; x_wconf 92' lang='lat' dir='ltr'>hi</span> <span class='ocrx_word' id='word_1_169' title='bbox 1536 1562 1709 1620; x_wconf 83' lang='lat' dir='ltr'>vigiliis,</span> <span class='ocrx_word' id='word_1_170' title='bbox 1742 1561 2006 1613; x_wconf 87' lang='lat' dir='ltr'>stationibus,</span> 
     </span>
     <span class='ocr_line' id='line_1_19' title="bbox 225 1638 2008 1698; baseline -0.002 -14"><span class='ocrx_word' id='word_1_171' title='bbox 225 1639 430 1685; x_wconf 89' lang='lat' dir='ltr'>custodiis</span> <span class='ocrx_word' id='word_1_172' title='bbox 449 1646 669 1698; x_wconf 91' lang='lat' dir='ltr'>portarum</span> <span class='ocrx_word' id='word_1_173' title='bbox 688 1653 735 1683; x_wconf 91' lang='lat' dir='ltr'>se</span> <span class='ocrx_word' id='word_1_174' title='bbox 757 1639 966 1690; x_wconf 91' lang='lat' dir='ltr'>inserunt,</span> <span class='ocrx_word' id='word_1_175' title='bbox 988 1653 1112 1697; x_wconf 90' lang='lat' dir='ltr'>spem</span> <span class='ocrx_word' id='word_1_176' title='bbox 1131 1639 1330 1690; x_wconf 84' lang='lat' dir='ltr'>offerunt,</span> <span class='ocrx_word' id='word_1_177' title='bbox 1356 1645 1517 1682; x_wconf 92' lang='lat' dir='ltr'>metum</span> <span class='ocrx_word' id='word_1_178' title='bbox 1538 1638 1773 1682; x_wconf 88' lang='lat' dir='ltr'>intendunt.</span> <span class='ocrx_word' id='word_1_179' title='bbox 1822 1651 2008 1696; x_wconf 87' lang='lat' dir='ltr'>«quous-</span> 
     </span>
    </p>
   </div>
   <div class='ocr_carea' id='block_1_3' title="bbox 220 1777 2010 2158">
    <p class='ocr_par' dir='ltr' id='par_1_3' title="bbox 220 1777 2010 2158">
     <span class='ocr_line' id='line_1_20' title="bbox 265 1777 2005 1820; baseline -0.002 -8"><span class='ocrx_word' id='word_1_180' title='bbox 265 1781 297 1812; x_wconf 78' lang='lat'>2.</span> <span class='ocrx_word' id='word_1_181' title='bbox 323 1788 398 1812; x_wconf 80' lang='lat' dir='ltr'>ewm</span> <span class='ocrx_word' id='word_1_182' title='bbox 420 1780 453 1812; x_wconf 90' lang='lat' dir='ltr'>M</span> <span class='ocrx_word' id='word_1_183' title='bbox 476 1780 563 1820; x_wconf 79' lang='lat' dir='ltr'>(cum</span> <span class='ocrx_word' id='word_1_184' title='bbox 578 1778 708 1820; x_wconf 87' lang='lat' dir='ltr'>margo)</span> <span class='ocrx_word' id='word_1_185' title='bbox 737 1796 773 1802; x_wconf 83' lang='lat'>—</span> <span class='ocrx_word' id='word_1_186' title='bbox 799 1779 831 1811; x_wconf 82' lang='lat'>5.</span> <span class='ocrx_word' id='word_1_187' title='bbox 856 1779 953 1811; x_wconf 72' lang='lat' dir='ltr'>exitu</span> <span class='ocrx_word' id='word_1_188' title='bbox 974 1779 1009 1811; x_wconf 88' lang='lat' dir='ltr'>in</span> <span class='ocrx_word' id='word_1_189' title='bbox 1024 1779 1058 1811; x_wconf 89' lang='lat' dir='ltr'>M</span> <span class='ocrx_word' id='word_1_190' title='bbox 1079 1777 1206 1819; x_wconf 83' lang='lat' dir='ltr'>legisse</span> <span class='ocrx_word' id='word_1_191' title='bbox 1230 1777 1369 1811; x_wconf 89' lang='lat' dir='ltr'>videtur</span> <span class='ocrx_word' id='word_1_192' title='bbox 1391 1779 1451 1820; x_wconf 92' lang='lat' dir='ltr'>qui</span> <span class='ocrx_word' id='word_1_193' title='bbox 1474 1778 1622 1819; x_wconf 87' lang='lat' dir='ltr'>margini</span> <span class='ocrx_word' id='word_1_194' title='bbox 1644 1777 1833 1819; x_wconf 84' lang='lat' dir='ltr'>adscripsit</span> <span class='ocrx_word' id='word_1_195' title='bbox 1853 1778 1951 1809; x_wconf 76' lang='lat' dir='ltr'>exitii</span> <span class='ocrx_word' id='word_1_196' title='bbox 1969 1794 2005 1800; x_wconf 92' lang='grc'><strong>-</strong></span> 
     </span>
     <span class='ocr_line' id='line_1_21' title="bbox 222 1832 2008 1876; baseline -0.003 -7"><span class='ocrx_word' id='word_1_197' title='bbox 222 1832 365 1869; x_wconf 69' lang='lat' dir='ltr'>7.&#39;ctaro</span> <span class='ocrx_word' id='word_1_198' title='bbox 379 1836 483 1876; x_wconf 86' lang='lat' dir='ltr'>plena</span> <span class='ocrx_word' id='word_1_199' title='bbox 496 1834 769 1869; x_wconf 87' lang='lat' dir='ltr'>Weissenborn:</span> <span class='ocrx_word' id='word_1_200' title='bbox 795 1836 939 1867; x_wconf 84' lang='lat' dir='ltr'>clamore</span> <span class='ocrx_word' id='word_1_201' title='bbox 955 1844 1046 1876; x_wconf 89' lang='lat' dir='ltr'>pena</span> <span class='ocrx_word' id='word_1_202' title='bbox 1068 1836 1119 1871; x_wconf 85' lang='lat' dir='ltr'>M;</span> <span class='ocrx_word' id='word_1_203' title='bbox 1145 1835 1290 1867; x_wconf 81' lang='lat' dir='ltr'>clariore</span> <span class='ocrx_word' id='word_1_204' title='bbox 1306 1835 1408 1875; x_wconf 87' lang='lat' dir='ltr'>plena</span> <span class='ocrx_word' id='word_1_205' title='bbox 1430 1833 1636 1872; x_wconf 88' lang='lat' dir='ltr'>Salinerius;</span> <span class='ocrx_word' id='word_1_206' title='bbox 1661 1835 1753 1866; x_wconf 87' lang='lat' dir='ltr'>claro</span> <span class='ocrx_word' id='word_1_207' title='bbox 1774 1836 1904 1874; x_wconf 87' lang='lat' dir='ltr'>repente</span> <span class='ocrx_word' id='word_1_208' title='bbox 1926 1833 2008 1874; x_wconf 89' lang='lat' dir='ltr'>Lip-</span> 
     </span>
     <span class='ocr_line' id='line_1_22' title="bbox 221 1890 2010 1932; baseline -0.002 -7"><span class='ocrx_word' id='word_1_209' title='bbox 221 1893 306 1926; x_wconf 87' lang='lat' dir='ltr'>sius.</span> <span class='ocrx_word' id='word_1_210' title='bbox 327 1910 363 1915; x_wconf 99' lang='lat'><strong>—</strong></span> <span class='ocrx_word' id='word_1_211' title='bbox 389 1891 422 1924; x_wconf 89' lang='lat'>8.</span> <span class='ocrx_word' id='word_1_212' title='bbox 439 1893 510 1924; x_wconf 84' lang='lat' dir='ltr'>suis</span> <span class='ocrx_word' id='word_1_213' title='bbox 524 1891 799 1924; x_wconf 84' lang='lat' dir='ltr'>Freinshemius:</span> <span class='ocrx_word' id='word_1_214' title='bbox 827 1900 850 1923; x_wconf 85' lang='lat' dir='ltr'>a</span> <span class='ocrx_word' id='word_1_215' title='bbox 871 1893 1007 1932; x_wconf 85' lang='lat' dir='ltr'>(margo</span> <span class='ocrx_word' id='word_1_216' title='bbox 1024 1892 1074 1932; x_wconf 90' lang='lat' dir='ltr'>ac)</span> <span class='ocrx_word' id='word_1_217' title='bbox 1097 1893 1167 1923; x_wconf 87' lang='lat' dir='ltr'>suis</span> <span class='ocrx_word' id='word_1_218' title='bbox 1181 1892 1214 1924; x_wconf 92' lang='lat' dir='ltr'>M</span> <span class='ocrx_word' id='word_1_219' title='bbox 1232 1908 1269 1914; x_wconf 89' lang='lat'><em>-</em></span> <span class='ocrx_word' id='word_1_220' title='bbox 1295 1891 1327 1922; x_wconf 82' lang='lat'>9.</span> <span class='ocrx_word' id='word_1_221' title='bbox 1346 1899 1430 1931; x_wconf 82' lang='lat' dir='ltr'>quae</span> <span class='ocrx_word' id='word_1_222' title='bbox 1447 1893 1626 1931; x_wconf 70' lang='lat' dir='ltr'>pergerent</span> <span class='ocrx_word' id='word_1_223' title='bbox 1641 1891 1674 1922; x_wconf 88' lang='lat' dir='ltr'>M</span> <span class='ocrx_word' id='word_1_224' title='bbox 1690 1890 1854 1931; x_wconf 65' lang='lat' dir='ltr'>(gererent</span> <span class='ocrx_word' id='word_1_225' title='bbox 1875 1891 1910 1921; x_wconf 88' lang='lat' dir='ltr'>et</span> <span class='ocrx_word' id='word_1_226' title='bbox 1926 1897 2010 1929; x_wconf 87' lang='lat' dir='ltr'>per-</span> 
     </span>
     <span class='ocr_line' id='line_1_23' title="bbox 221 1945 2010 1991; baseline -0.003 -10"><span class='ocrx_word' id='word_1_227' title='bbox 221 1952 357 1991; x_wconf 65' lang='lat' dir='ltr'>agerent</span> <span class='ocrx_word' id='word_1_228' title='bbox 377 1949 529 1989; x_wconf 81' lang='lat' dir='ltr'>margo);</span> <span class='ocrx_word' id='word_1_229' title='bbox 560 1948 604 1979; x_wconf 83' lang='lat' dir='ltr'>ad</span> <span class='ocrx_word' id='word_1_230' title='bbox 633 1956 719 1988; x_wconf 87' lang='lat' dir='ltr'>quae</span> <span class='ocrx_word' id='word_1_231' title='bbox 737 1950 913 1989; x_wconf 65' lang='lat' dir='ltr'>pergerent</span> <span class='ocrx_word' id='word_1_232' title='bbox 934 1946 1099 1986; x_wconf 78' lang='lat' dir='ltr'>Orellius3</span> <span class='ocrx_word' id='word_1_233' title='bbox 1131 1956 1196 1988; x_wconf 81' lang='lat' dir='ltr'>quo</span> <span class='ocrx_word' id='word_1_234' title='bbox 1221 1950 1397 1988; x_wconf 67' lang='lat' dir='ltr'>pergerent</span> <span class='ocrx_word' id='word_1_235' title='bbox 1418 1946 1598 1984; x_wconf 79' lang='lat' dir='ltr'>Heinsius3</span> <span class='ocrx_word' id='word_1_236' title='bbox 1628 1954 1714 1986; x_wconf 81' lang='lat' dir='ltr'>quae</span> <span class='ocrx_word' id='word_1_237' title='bbox 1744 1948 1879 1987; x_wconf 66' lang='lat' dir='ltr'>agerent</span> <span class='ocrx_word' id='word_1_238' title='bbox 1901 1945 2010 1977; x_wconf 88' lang='lat' dir='ltr'>Davi-</span> 
     </span>
     <span class='ocr_line' id='line_1_24' title="bbox 220 2000 2007 2046; baseline -0.003 -9"><span class='ocrx_word' id='word_1_239' title='bbox 220 2005 312 2042; x_wconf 81' lang='lat' dir='ltr'>sius;</span> <span class='ocrx_word' id='word_1_240' title='bbox 331 2014 417 2046; x_wconf 83' lang='lat' dir='ltr'>quae</span> <span class='ocrx_word' id='word_1_241' title='bbox 425 2008 590 2046; x_wconf 84' lang='lat' dir='ltr'>pararent</span> <span class='ocrx_word' id='word_1_242' title='bbox 605 2005 714 2037; x_wconf 86' lang='lat' dir='ltr'>Raim.</span> <span class='ocrx_word' id='word_1_243' title='bbox 732 2004 900 2045; x_wconf 82' lang='lat' dir='ltr'>Seyffert;</span> <span class='ocrx_word' id='word_1_244' title='bbox 926 2013 1012 2045; x_wconf 83' lang='lat' dir='ltr'>quae</span> <span class='ocrx_word' id='word_1_245' title='bbox 1027 2007 1176 2045; x_wconf 85' lang='lat' dir='ltr'>peterent</span> <span class='ocrx_word' id='word_1_246' title='bbox 1191 2005 1317 2042; x_wconf 88' lang='lat' dir='ltr'>Ritter;</span> <span class='ocrx_word' id='word_1_247' title='bbox 1339 2012 1506 2036; x_wconf 82' lang='lat' dir='ltr'>cessurum</span> <span class='ocrx_word' id='word_1_248' title='bbox 1521 2012 1589 2043; x_wconf 81' lang='lat' dir='ltr'>qua</span> <span class='ocrx_word' id='word_1_249' title='bbox 1602 2004 1778 2044; x_wconf 65' lang='lat' dir='ltr'>pergerent</span> <span class='ocrx_word' id='word_1_250' title='bbox 1792 2000 2007 2043; x_wconf 86' lang='lat' dir='ltr'>Nipperdey.</span> 
     </span>
     <span class='ocr_line' id='line_1_25' title="bbox 223 2057 2009 2102; baseline -0.004 -7"><span class='ocrx_word' id='word_1_251' title='bbox 223 2079 260 2085; x_wconf 93' lang='lat'><strong>—</strong></span> <span class='ocrx_word' id='word_1_252' title='bbox 279 2062 331 2095; x_wconf 78' lang='grc' dir='ltr'>Η,</span> <span class='ocrx_word' id='word_1_253' title='bbox 348 2061 536 2102; x_wconf 80' lang='lat' dir='ltr'>spelndider</span> <span class='ocrx_word' id='word_1_254' title='bbox 559 2061 630 2101; x_wconf 92' lang='lat' dir='ltr'>(sic)</span> <span class='ocrx_word' id='word_1_255' title='bbox 650 2062 683 2094; x_wconf 87' lang='lat' dir='ltr'>M</span> <span class='ocrx_word' id='word_1_256' title='bbox 701 2078 736 2084; x_wconf 92' lang='lat'>—</span> <span class='ocrx_word' id='word_1_257' title='bbox 756 2060 806 2094; x_wconf 78' lang='lat'>⁴4.</span> <span class='ocrx_word' id='word_1_258' title='bbox 833 2060 976 2092; x_wconf 86' lang='lat' dir='ltr'>loborem</span> <span class='ocrx_word' id='word_1_259' title='bbox 998 2061 1031 2093; x_wconf 88' lang='lat' dir='ltr'>M</span> <span class='ocrx_word' id='word_1_260' title='bbox 1049 2078 1086 2083; x_wconf 92' lang='lat'>—</span> <span class='ocrx_word' id='word_1_261' title='bbox 1105 2060 1246 2101; x_wconf 82' lang='lat' dir='ltr'>potandi</span> <span class='ocrx_word' id='word_1_262' title='bbox 1263 2061 1295 2093; x_wconf 83' lang='lat' dir='ltr'>M</span> <span class='ocrx_word' id='word_1_263' title='bbox 1314 2060 1475 2101; x_wconf 83' lang='lat' dir='ltr'>(portendi</span> <span class='ocrx_word' id='word_1_264' title='bbox 1491 2061 1621 2100; x_wconf 86' lang='lat' dir='ltr'>margo)</span> <span class='ocrx_word' id='word_1_265' title='bbox 1642 2076 1677 2082; x_wconf 92' lang='lat'><em>-</em></span> <span class='ocrx_word' id='word_1_266' title='bbox 1703 2057 1855 2090; x_wconf 82' lang='lat' dir='ltr'>aversari</span> <span class='ocrx_word' id='word_1_267' title='bbox 1869 2057 2009 2090; x_wconf 86' lang='lat' dir='ltr'>Rhena-</span> 
     </span>
     <span class='ocr_line' id='line_1_26' title="bbox 221 2116 1321 2158; baseline -0.004 -6"><span class='ocrx_word' id='word_1_268' title='bbox 221 2127 308 2152; x_wconf 88' lang='lat' dir='ltr'>nus:</span> <span class='ocrx_word' id='word_1_269' title='bbox 331 2118 509 2151; x_wconf 82' lang='lat' dir='ltr'>aduersari</span> <span class='ocrx_word' id='word_1_270' title='bbox 530 2118 564 2151; x_wconf 90' lang='lat' dir='ltr'>M</span> <span class='ocrx_word' id='word_1_271' title='bbox 590 2135 626 2141; x_wconf 90' lang='lat'><strong>—</strong></span> <span class='ocrx_word' id='word_1_272' title='bbox 653 2117 705 2150; x_wconf 77' lang='lat'>⁴7.</span> <span class='ocrx_word' id='word_1_273' title='bbox 731 2117 765 2149; x_wconf 81' lang='lat' dir='ltr'>hi</span> <span class='ocrx_word' id='word_1_274' title='bbox 789 2117 963 2150; x_wconf 89' lang='lat' dir='ltr'>Weikert:</span> <span class='ocrx_word' id='word_1_275' title='bbox 987 2118 1023 2149; x_wconf 89' lang='lat' dir='ltr'>in</span> <span class='ocrx_word' id='word_1_276' title='bbox 1045 2117 1097 2156; x_wconf 87' lang='lat' dir='ltr'>M;</span> <span class='ocrx_word' id='word_1_277' title='bbox 1122 2118 1147 2150; x_wconf 88' lang='lat' dir='ltr'>ii</span> <span class='ocrx_word' id='word_1_278' title='bbox 1172 2116 1321 2158; x_wconf 88' lang='lat' dir='ltr'>Lipsius.</span> 
     </span>
    </p>
   </div>
   <div class='ocr_carea' id='block_1_4' title="bbox 218 2229 1090 2313">
    <p class='ocr_par' dir='ltr' id='par_1_4' title="bbox 218 2229 1090 2313">
     <span class='ocr_line' id='line_1_27' title="bbox 218 2229 1090 2273; baseline -0.001 -10"><span class='ocrx_word' id='word_1_279' title='bbox 218 2232 368 2273; x_wconf 77' lang='lat' dir='ltr'>firmare.</span> <span class='ocrx_word' id='word_1_280' title='bbox 391 2248 425 2253; x_wconf 88' lang='lat'>-</span> <span class='ocrx_word' id='word_1_281' title='bbox 449 2230 589 2262; x_wconf 79' lang='lat' dir='ltr'>militiae</span> <span class='ocrx_word' id='word_1_282' title='bbox 609 2230 751 2272; x_wconf 59' lang='lat' dir='ltr'>flagitia]</span> <span class='ocrx_word' id='word_1_283' title='bbox 769 2229 951 2263; x_wconf 84' lang='lat' dir='ltr'>seditionis</span> <span class='ocrx_word' id='word_1_284' title='bbox 967 2229 1090 2262; x_wconf 88' lang='lat' dir='ltr'>turbas</span> 
     </span>
     <span class='ocr_line' id='line_1_28' title="bbox 223 2279 663 2313; baseline -0.002 0"><span class='ocrx_word' id='word_1_285' title='bbox 223 2280 369 2313; x_wconf 89' lang='lat' dir='ltr'>militem</span> <span class='ocrx_word' id='word_1_286' title='bbox 393 2279 663 2313; x_wconf 89' lang='lat' dir='ltr'>dedecorantes.</span> 
     </span>
    </p>
   </div>
   <div class='ocr_carea' id='block_1_5' title="bbox 1141 2227 2012 2318">
    <p class='ocr_par' dir='ltr' id='par_1_5' title="bbox 1141 2227 2012 2318">
     <span class='ocr_line' id='line_1_29' title="bbox 1141 2227 2012 2270; baseline -0.003 -9"><span class='ocrx_word' id='word_1_287' title='bbox 1141 2231 1231 2267; x_wconf 84' lang='lat' dir='ltr'>tant,</span> <span class='ocrx_word' id='word_1_288' title='bbox 1264 2237 1335 2270; x_wconf 91' lang='lat' dir='ltr'>quo</span> <span class='ocrx_word' id='word_1_289' title='bbox 1364 2228 1571 2270; x_wconf 83' lang='lat' dir='ltr'>frequenter</span> <span class='ocrx_word' id='word_1_290' title='bbox 1592 2236 1674 2260; x_wconf 89' lang='lat' dir='ltr'>cum</span> <span class='ocrx_word' id='word_1_291' title='bbox 1705 2227 1925 2260; x_wconf 88' lang='lat' dir='ltr'>substantivo</span> <span class='ocrx_word' id='word_1_292' title='bbox 1946 2227 2012 2258; x_wconf 85' lang='lat' dir='ltr'>iter</span> 
     </span>
     <span class='ocr_line' id='line_1_30' title="bbox 1141 2277 2007 2318; baseline -0.003 -7"><span class='ocrx_word' id='word_1_293' title='bbox 1141 2280 1299 2311; x_wconf 87' lang='lat' dir='ltr'>iunctum</span> <span class='ocrx_word' id='word_1_294' title='bbox 1323 2280 1394 2317; x_wconf 85' lang='lat' dir='ltr'>est;</span> <span class='ocrx_word' id='word_1_295' title='bbox 1420 2278 1464 2311; x_wconf 81' lang='lat' dir='ltr'>cs.</span> <span class='ocrx_word' id='word_1_296' title='bbox 1490 2278 1522 2318; x_wconf 88' lang='lat'>3,</span> <span class='ocrx_word' id='word_1_297' title='bbox 1548 2278 1602 2311; x_wconf 87' lang='grc'>66.</span> <span class='ocrx_word' id='word_1_298' title='bbox 1628 2278 1660 2317; x_wconf 81' lang='lat'>4,</span> <span class='ocrx_word' id='word_1_299' title='bbox 1686 2278 1740 2310; x_wconf 74' lang='lat'>20.</span> <span class='ocrx_word' id='word_1_300' title='bbox 1767 2278 1819 2315; x_wconf 73' lang='lat'>⁴5,</span> <span class='ocrx_word' id='word_1_301' title='bbox 1841 2277 1896 2309; x_wconf 73' lang='lat'>27.</span> <span class='ocrx_word' id='word_1_302' title='bbox 1922 2277 2007 2309; x_wconf 82' lang='lat' dir='ltr'>Hist.</span> 
     </span>
    </p>
   </div>
   <div class='ocr_carea' id='block_1_6' title="bbox 210 2329 1092 3420">
    <p class='ocr_par' dir='ltr' id='par_1_6' title="bbox 210 2329 1092 3420">
     <span class='ocr_line' id='line_1_31' title="bbox 265 2329 1088 2372; baseline -0.001 -9"><span class='ocrx_word' id='word_1_303' title='bbox 265 2331 319 2363; x_wconf 75' lang='lat'>28.</span> <span class='ocrx_word' id='word_1_304' title='bbox 356 2331 437 2362; x_wconf 86' lang='lat' dir='ltr'>luna</span> <span class='ocrx_word' id='word_1_305' title='bbox 462 2348 481 2353; x_wconf 97' lang='lat'>-</span> <span class='ocrx_word' id='word_1_306' title='bbox 499 2347 518 2353; x_wconf 95' lang='lat'>—</span> <span class='ocrx_word' id='word_1_307' title='bbox 546 2330 766 2372; x_wconf 65' lang='lat' dir='ltr'>languescere]</span> <span class='ocrx_word' id='word_1_308' title='bbox 807 2329 953 2372; x_wconf 89' lang='lat' dir='ltr'>Eclipsis</span> <span class='ocrx_word' id='word_1_309' title='bbox 987 2329 1088 2368; x_wconf 85' lang='lat' dir='ltr'>haec,</span> 
     </span>
     <span class='ocr_line' id='line_1_32' title="bbox 222 2378 1088 2422; baseline -0.002 -10"><span class='ocrx_word' id='word_1_310' title='bbox 222 2379 316 2422; x_wconf 88' lang='lat' dir='ltr'>apud</span> <span class='ocrx_word' id='word_1_311' title='bbox 332 2379 563 2421; x_wconf 85' lang='lat' dir='ltr'>chronologos</span> <span class='ocrx_word' id='word_1_312' title='bbox 579 2379 742 2418; x_wconf 88' lang='lat' dir='ltr'>celebris,</span> <span class='ocrx_word' id='word_1_313' title='bbox 767 2379 888 2412; x_wconf 89' lang='lat' dir='ltr'>incidit</span> <span class='ocrx_word' id='word_1_314' title='bbox 907 2380 943 2411; x_wconf 92' lang='lat' dir='ltr'>in</span> <span class='ocrx_word' id='word_1_315' title='bbox 957 2379 997 2410; x_wconf 90' lang='lat' dir='ltr'>V.</span> <span class='ocrx_word' id='word_1_316' title='bbox 1016 2378 1088 2411; x_wconf 84' lang='lat' dir='ltr'>Kal.</span> 
     </span>
     <span class='ocr_line' id='line_1_33' title="bbox 222 2429 1088 2470; baseline -0.002 -8"><span class='ocrx_word' id='word_1_317' title='bbox 222 2429 365 2463; x_wconf 87' lang='lat' dir='ltr'>Octobr.</span> <span class='ocrx_word' id='word_1_318' title='bbox 397 2430 494 2462; x_wconf 88' lang='lat' dir='ltr'>initio</span> <span class='ocrx_word' id='word_1_319' title='bbox 525 2430 602 2461; x_wconf 91' lang='lat' dir='ltr'>hor.</span> <span class='ocrx_word' id='word_1_320' title='bbox 627 2429 660 2470; x_wconf 88' lang='lat'>3,</span> <span class='ocrx_word' id='word_1_321' title='bbox 686 2429 754 2469; x_wconf 73' lang='lat'>⁴8¹,</span> <span class='ocrx_word' id='word_1_322' title='bbox 780 2429 862 2469; x_wconf 69' lang='lat'>32¹⁴,</span> <span class='ocrx_word' id='word_1_323' title='bbox 895 2429 964 2461; x_wconf 85' lang='lat' dir='ltr'>fine</span> <span class='ocrx_word' id='word_1_324' title='bbox 995 2429 1030 2460; x_wconf 85' lang='lat' dir='ltr'>h.</span> <span class='ocrx_word' id='word_1_325' title='bbox 1056 2429 1088 2467; x_wconf 87' lang='lat'>7,</span> 
     </span>
     <span class='ocr_line' id='line_1_34' title="bbox 222 2479 1090 2521; baseline -0.002 -9"><span class='ocrx_word' id='word_1_326' title='bbox 222 2481 269 2519; x_wconf 86' lang='lat'>6¹,</span> <span class='ocrx_word' id='word_1_327' title='bbox 295 2479 378 2519; x_wconf 74' lang='lat'>321‘,</span> <span class='ocrx_word' id='word_1_328' title='bbox 412 2481 507 2512; x_wconf 87' lang='lat' dir='ltr'>certa</span> <span class='ocrx_word' id='word_1_329' title='bbox 531 2479 630 2511; x_wconf 88' lang='lat' dir='ltr'>testis</span> <span class='ocrx_word' id='word_1_330' title='bbox 653 2479 851 2520; x_wconf 87' lang='lat' dir='ltr'>incipientis</span> <span class='ocrx_word' id='word_1_331' title='bbox 874 2479 1090 2521; x_wconf 83' lang='lat' dir='ltr'>principatus</span> 
     </span>
     <span class='ocr_line' id='line_1_35' title="bbox 222 2528 1088 2572; baseline -0.003 -9"><span class='ocrx_word' id='word_1_332' title='bbox 222 2529 362 2563; x_wconf 90' lang='lat' dir='ltr'>Tiberii.</span> <span class='ocrx_word' id='word_1_333' title='bbox 380 2530 500 2563; x_wconf 69' lang='lat' dir='ltr'>Wouv.</span> <span class='ocrx_word' id='word_1_334' title='bbox 520 2546 556 2551; x_wconf 93' lang='lat'>—</span> <span class='ocrx_word' id='word_1_335' title='bbox 582 2529 675 2561; x_wconf 86' lang='lat' dir='ltr'>claro</span> <span class='ocrx_word' id='word_1_336' title='bbox 695 2529 794 2570; x_wconf 87' lang='lat' dir='ltr'>plena</span> <span class='ocrx_word' id='word_1_337' title='bbox 817 2529 919 2572; x_wconf 87' lang='lat' dir='ltr'>caelo]</span> <span class='ocrx_word' id='word_1_338' title='bbox 945 2528 996 2561; x_wconf 84' lang='lat' dir='ltr'>Cf.</span> <span class='ocrx_word' id='word_1_339' title='bbox 1016 2529 1088 2561; x_wconf 92' lang='lat' dir='ltr'>Cic.</span> 
     </span>
     <span class='ocr_line' id='line_1_36' title="bbox 222 2578 1092 2622; baseline -0.002 -10"><span class='ocrx_word' id='word_1_340' title='bbox 222 2580 267 2612; x_wconf 88' lang='lat' dir='ltr'>de</span> <span class='ocrx_word' id='word_1_341' title='bbox 284 2580 368 2622; x_wconf 88' lang='lat' dir='ltr'>Rep.</span> <span class='ocrx_word' id='word_1_342' title='bbox 387 2581 418 2619; x_wconf 75' lang='lat'>⁴,</span> <span class='ocrx_word' id='word_1_343' title='bbox 443 2579 502 2611; x_wconf 77' lang='lat'>⁴5:</span> <span class='ocrx_word' id='word_1_344' title='bbox 524 2578 718 2620; x_wconf 87' lang='lat' dir='ltr'>perturbari</span> <span class='ocrx_word' id='word_1_345' title='bbox 739 2580 921 2611; x_wconf 65' lang='lat' dir='ltr'>exercitum</span> <span class='ocrx_word' id='word_1_346' title='bbox 943 2583 1092 2610; x_wconf 89' lang='lat' dir='ltr'>nostrum</span> 
     </span>
     <span class='ocr_line' id='line_1_37' title="bbox 220 2628 1092 2671; baseline -0.001 -9"><span class='ocrx_word' id='word_1_347' title='bbox 220 2630 378 2671; x_wconf 66' lang='lat' dir='ltr'>religione</span> <span class='ocrx_word' id='word_1_348' title='bbox 405 2633 437 2661; x_wconf 88' lang='lat' dir='ltr'>et</span> <span class='ocrx_word' id='word_1_349' title='bbox 462 2633 571 2669; x_wconf 88' lang='lat' dir='ltr'>metu,</span> <span class='ocrx_word' id='word_1_350' title='bbox 606 2629 693 2669; x_wconf 83' lang='lat' dir='ltr'>quod</span> <span class='ocrx_word' id='word_1_351' title='bbox 719 2638 836 2661; x_wconf 86' lang='lat' dir='ltr'>serena</span> <span class='ocrx_word' id='word_1_352' title='bbox 864 2632 958 2661; x_wconf 89' lang='lat' dir='ltr'>nocte</span> <span class='ocrx_word' id='word_1_353' title='bbox 985 2628 1092 2661; x_wconf 85' lang='lat' dir='ltr'>subito</span> 
     </span>
     <span class='ocr_line' id='line_1_38' title="bbox 220 2677 1091 2719; baseline -0.002 -7"><span class='ocrx_word' id='word_1_354' title='bbox 220 2679 365 2712; x_wconf 84' lang='lat' dir='ltr'>candens</span> <span class='ocrx_word' id='word_1_355' title='bbox 386 2682 418 2711; x_wconf 89' lang='lat' dir='ltr'>et</span> <span class='ocrx_word' id='word_1_356' title='bbox 444 2679 544 2719; x_wconf 88' lang='lat' dir='ltr'>plena</span> <span class='ocrx_word' id='word_1_357' title='bbox 566 2679 647 2711; x_wconf 86' lang='lat' dir='ltr'>luna</span> <span class='ocrx_word' id='word_1_358' title='bbox 670 2679 843 2719; x_wconf 78' lang='lat' dir='ltr'>defecisset.</span> <span class='ocrx_word' id='word_1_359' title='bbox 878 2679 917 2710; x_wconf 92' lang='lat' dir='ltr'>In</span> <span class='ocrx_word' id='word_1_360' title='bbox 940 2677 1091 2711; x_wconf 86' lang='lat' dir='ltr'>lectione</span> 
     </span>
     <span class='ocr_line' id='line_1_39' title="bbox 220 2728 1090 2771; baseline 0 -10"><span class='ocrx_word' id='word_1_361' title='bbox 220 2730 314 2762; x_wconf 84' lang='lat' dir='ltr'>claro</span> <span class='ocrx_word' id='word_1_362' title='bbox 344 2733 474 2770; x_wconf 85' lang='lat' dir='ltr'>repente</span> <span class='ocrx_word' id='word_1_363' title='bbox 503 2729 614 2769; x_wconf 88' lang='lat' dir='ltr'>caelo,</span> <span class='ocrx_word' id='word_1_364' title='bbox 652 2737 759 2771; x_wconf 90' lang='lat' dir='ltr'>quam</span> <span class='ocrx_word' id='word_1_365' title='bbox 791 2728 949 2771; x_wconf 86' lang='lat' dir='ltr'>plerique</span> <span class='ocrx_word' id='word_1_366' title='bbox 980 2730 1090 2762; x_wconf 90' lang='lat' dir='ltr'>secuti</span> 
     </span>
     <span class='ocr_line' id='line_1_40' title="bbox 221 2779 1089 2821; baseline -0.001 -9"><span class='ocrx_word' id='word_1_367' title='bbox 221 2781 323 2818; x_wconf 87' lang='lat' dir='ltr'>sunt,</span> <span class='ocrx_word' id='word_1_368' title='bbox 356 2779 436 2812; x_wconf 87' lang='lat' dir='ltr'>adv.</span> <span class='ocrx_word' id='word_1_369' title='bbox 461 2783 593 2820; x_wconf 85' lang='lat' dir='ltr'>repente</span> <span class='ocrx_word' id='word_1_370' title='bbox 622 2788 768 2821; x_wconf 87' lang='lat' dir='ltr'>pravam</span> <span class='ocrx_word' id='word_1_371' title='bbox 795 2779 920 2812; x_wconf 87' lang='lat' dir='ltr'>sedem</span> <span class='ocrx_word' id='word_1_372' title='bbox 943 2779 1089 2818; x_wconf 84' lang='lat' dir='ltr'>obtinet,</span> 
     </span>
     <span class='ocr_line' id='line_1_41' title="bbox 222 2828 1091 2870; baseline 0 -8"><span class='ocrx_word' id='word_1_373' title='bbox 222 2838 305 2862; x_wconf 91' lang='lat' dir='ltr'>cum</span> <span class='ocrx_word' id='word_1_374' title='bbox 327 2838 397 2862; x_wconf 90' lang='lat' dir='ltr'>non</span> <span class='ocrx_word' id='word_1_375' title='bbox 429 2829 545 2862; x_wconf 87' lang='lat' dir='ltr'>subita</span> <span class='ocrx_word' id='word_1_376' title='bbox 569 2828 655 2862; x_wconf 88' lang='lat' dir='ltr'>caeli</span> <span class='ocrx_word' id='word_1_377' title='bbox 678 2829 866 2870; x_wconf 84' lang='lat' dir='ltr'>claritudo,</span> <span class='ocrx_word' id='word_1_378' title='bbox 896 2829 961 2862; x_wconf 91' lang='lat' dir='ltr'>sed</span> <span class='ocrx_word' id='word_1_379' title='bbox 987 2829 1091 2862; x_wconf 87' lang='lat' dir='ltr'>lunae</span> 
     </span>
     <span class='ocr_line' id='line_1_42' title="bbox 222 2878 1092 2920; baseline -0.001 -8"><span class='ocrx_word' id='word_1_380' title='bbox 222 2879 338 2913; x_wconf 79' lang='lat' dir='ltr'>subita</span> <span class='ocrx_word' id='word_1_381' title='bbox 363 2879 514 2912; x_wconf 82' lang='lat' dir='ltr'>desectio</span> <span class='ocrx_word' id='word_1_382' title='bbox 532 2878 659 2912; x_wconf 89' lang='lat' dir='ltr'>milites</span> <span class='ocrx_word' id='word_1_383' title='bbox 675 2881 835 2912; x_wconf 89' lang='lat' dir='ltr'>terreret.</span> <span class='ocrx_word' id='word_1_384' title='bbox 857 2878 893 2903; x_wconf 85' lang='lat'>‘—</span> <span class='ocrx_word' id='word_1_385' title='bbox 917 2888 1092 2920; x_wconf 82' lang='lat' dir='ltr'>prospere-</span> 
     </span>
     <span class='ocr_line' id='line_1_43' title="bbox 223 2929 1092 2971; baseline 0 -10"><span class='ocrx_word' id='word_1_386' title='bbox 223 2938 286 2970; x_wconf 81' lang='lat' dir='ltr'>que</span> <span class='ocrx_word' id='word_1_387' title='bbox 307 2929 451 2971; x_wconf 86' lang='lat' dir='ltr'>cessura]</span> <span class='ocrx_word' id='word_1_388' title='bbox 483 2931 524 2963; x_wconf 87' lang='lat' dir='ltr'>Ut</span> <span class='ocrx_word' id='word_1_389' title='bbox 544 2929 665 2962; x_wconf 89' lang='lat' dir='ltr'>verbis</span> <span class='ocrx_word' id='word_1_390' title='bbox 689 2931 847 2971; x_wconf 83' lang='lat' dir='ltr'>proxime</span> <span class='ocrx_word' id='word_1_391' title='bbox 871 2929 1092 2971; x_wconf 89' lang='lat' dir='ltr'>praeceden-</span> 
     </span>
     <span class='ocr_line' id='line_1_44' title="bbox 223 2978 1092 3021; baseline -0.001 -10"><span class='ocrx_word' id='word_1_392' title='bbox 223 2978 319 3011; x_wconf 86' lang='lat' dir='ltr'>tibus</span> <span class='ocrx_word' id='word_1_393' title='bbox 343 2979 564 3021; x_wconf 83' lang='lat' dir='ltr'>exprimitur,</span> <span class='ocrx_word' id='word_1_394' title='bbox 595 2979 679 3021; x_wconf 87' lang='lat' dir='ltr'>quid</span> <span class='ocrx_word' id='word_1_395' title='bbox 702 2978 830 3012; x_wconf 87' lang='lat' dir='ltr'>milites</span> <span class='ocrx_word' id='word_1_396' title='bbox 854 2981 890 3012; x_wconf 90' lang='lat' dir='ltr'>et</span> <span class='ocrx_word' id='word_1_397' title='bbox 912 2980 1092 3012; x_wconf 88' lang='lat' dir='ltr'>existima-</span> 
     </span>
     <span class='ocr_line' id='line_1_45' title="bbox 224 3029 1092 3069; baseline -0.001 -8"><span class='ocrx_word' id='word_1_398' title='bbox 224 3030 294 3061; x_wconf 90' lang='lat' dir='ltr'>rint</span> <span class='ocrx_word' id='word_1_399' title='bbox 324 3030 359 3061; x_wconf 87' lang='lat' dir='ltr'>et</span> <span class='ocrx_word' id='word_1_400' title='bbox 390 3030 481 3061; x_wconf 90' lang='lat' dir='ltr'>inter</span> <span class='ocrx_word' id='word_1_401' title='bbox 502 3037 540 3062; x_wconf 89' lang='lat' dir='ltr'>se</span> <span class='ocrx_word' id='word_1_402' title='bbox 565 3030 789 3062; x_wconf 87' lang='lat' dir='ltr'>sermocinati</span> <span class='ocrx_word' id='word_1_403' title='bbox 812 3029 895 3069; x_wconf 82' lang='lat' dir='ltr'>sint,</span> <span class='ocrx_word' id='word_1_404' title='bbox 926 3030 973 3061; x_wconf 92' lang='lat' dir='ltr'>ita</span> <span class='ocrx_word' id='word_1_405' title='bbox 1002 3029 1092 3061; x_wconf 88' lang='lat' dir='ltr'>haec</span> 
     </span>
     <span class='ocr_line' id='line_1_46' title="bbox 225 3077 1092 3124; baseline 0 -14"><span class='ocrx_word' id='word_1_406' title='bbox 225 3087 367 3120; x_wconf 90' lang='lat' dir='ltr'>quoque</span> <span class='ocrx_word' id='word_1_407' title='bbox 393 3086 518 3110; x_wconf 89' lang='lat' dir='ltr'>eorum</span> <span class='ocrx_word' id='word_1_408' title='bbox 540 3087 666 3111; x_wconf 90' lang='lat' dir='ltr'>sensus</span> <span class='ocrx_word' id='word_1_409' title='bbox 682 3078 846 3120; x_wconf 88' lang='lat' dir='ltr'>dictaque</span> <span class='ocrx_word' id='word_1_410' title='bbox 862 3088 927 3121; x_wconf 89' lang='lat' dir='ltr'>per</span> <span class='ocrx_word' id='word_1_411' title='bbox 945 3077 1092 3124; x_wconf 81' lang='grc' dir='ltr'><em>βραχυ-</em></span> 
     </span>
     <span class='ocr_line' id='line_1_47' title="bbox 224 3126 1092 3171; baseline 0 -12"><span class='ocrx_word' id='word_1_412' title='bbox 224 3126 357 3171; x_wconf 77' lang='grc' dir='ltr'><em>λογίαν</em></span> <span class='ocrx_word' id='word_1_413' title='bbox 380 3127 586 3169; x_wconf 86' lang='lat' dir='ltr'>significant.</span> <span class='ocrx_word' id='word_1_414' title='bbox 610 3146 645 3151; x_wconf 98' lang='lat'><strong>—</strong></span> <span class='ocrx_word' id='word_1_415' title='bbox 672 3136 757 3170; x_wconf 84' lang='lat' dir='ltr'>quae</span> <span class='ocrx_word' id='word_1_416' title='bbox 776 3128 961 3170; x_wconf 66' lang='lat' dir='ltr'>pergerent]</span> <span class='ocrx_word' id='word_1_417' title='bbox 987 3129 1092 3166; x_wconf 90' lang='lat' dir='ltr'>Quic-</span> 
     </span>
     <span class='ocr_line' id='line_1_48' title="bbox 225 3177 1090 3218; baseline 0 -8"><span class='ocrx_word' id='word_1_418' title='bbox 225 3177 309 3218; x_wconf 90' lang='lat' dir='ltr'>quid</span> <span class='ocrx_word' id='word_1_419' title='bbox 333 3177 378 3210; x_wconf 91' lang='lat' dir='ltr'>de</span> <span class='ocrx_word' id='word_1_420' title='bbox 401 3178 602 3210; x_wconf 84' lang='lat' dir='ltr'>sinceritate</span> <span class='ocrx_word' id='word_1_421' title='bbox 631 3177 734 3210; x_wconf 89' lang='lat' dir='ltr'>huius</span> <span class='ocrx_word' id='word_1_422' title='bbox 760 3177 920 3210; x_wconf 87' lang='lat' dir='ltr'>lectionis</span> <span class='ocrx_word' id='word_1_423' title='bbox 944 3177 1090 3216; x_wconf 91' lang='lat' dir='ltr'>iudicas,</span> 
     </span>
     <span class='ocr_line' id='line_1_49' title="bbox 223 3227 1092 3268; baseline 0 -9"><span class='ocrx_word' id='word_1_424' title='bbox 223 3227 417 3260; x_wconf 85' lang='lat' dir='ltr'>verborum</span> <span class='ocrx_word' id='word_1_425' title='bbox 440 3227 612 3259; x_wconf 86' lang='lat' dir='ltr'>sententia</span> <span class='ocrx_word' id='word_1_426' title='bbox 637 3227 726 3259; x_wconf 87' lang='lat' dir='ltr'>haec</span> <span class='ocrx_word' id='word_1_427' title='bbox 749 3229 823 3259; x_wconf 86' lang='lat' dir='ltr'>est:</span> <span class='ocrx_word' id='word_1_428' title='bbox 858 3235 974 3268; x_wconf 73' lang='lat' dir='ltr'>«quae</span> <span class='ocrx_word' id='word_1_429' title='bbox 1004 3227 1092 3259; x_wconf 88' lang='lat' dir='ltr'>inci-</span> 
     </span>
     <span class='ocr_line' id='line_1_50' title="bbox 225 3275 1090 3319; baseline 0 -10"><span class='ocrx_word' id='word_1_430' title='bbox 225 3279 386 3319; x_wconf 85' lang='lat' dir='ltr'>perent.»</span> <span class='ocrx_word' id='word_1_431' title='bbox 411 3275 566 3310; x_wconf 89' lang='lat' dir='ltr'>Halmius</span> <span class='ocrx_word' id='word_1_432' title='bbox 590 3275 734 3309; x_wconf 88' lang='lat' dir='ltr'>contulit</span> <span class='ocrx_word' id='word_1_433' title='bbox 755 3277 858 3318; x_wconf 85' lang='lat' dir='ltr'>Verg.</span> <span class='ocrx_word' id='word_1_434' title='bbox 883 3276 956 3310; x_wconf 87' lang='lat' dir='ltr'>Ecl.</span> <span class='ocrx_word' id='word_1_435' title='bbox 975 3277 1007 3315; x_wconf 87' lang='lat'>6,</span> <span class='ocrx_word' id='word_1_436' title='bbox 1030 3277 1090 3309; x_wconf 78' lang='lat'>⁴3:</span> 
     </span>
     <span class='ocr_line' id='line_1_51' title="bbox 222 3326 1091 3369; baseline 0 -10"><span class='ocrx_word' id='word_1_437' title='bbox 222 3328 349 3369; x_wconf 67' lang='lat' dir='ltr'>pergite</span> <span class='ocrx_word' id='word_1_438' title='bbox 370 3327 524 3359; x_wconf 77' lang='lat' dir='ltr'>Pierides.</span> <span class='ocrx_word' id='word_1_439' title='bbox 563 3326 627 3360; x_wconf 80' lang='lat' dir='ltr'>Alii</span> <span class='ocrx_word' id='word_1_440' title='bbox 651 3326 761 3359; x_wconf 90' lang='lat' dir='ltr'>verbo</span> <span class='ocrx_word' id='word_1_441' title='bbox 782 3336 920 3369; x_wconf 64' lang='lat' dir='ltr'>perpere</span> <span class='ocrx_word' id='word_1_442' title='bbox 942 3335 1091 3360; x_wconf 89' lang='lat' dir='ltr'>accusa-</span> 
     </span>
     <span class='ocr_line' id='line_1_52' title="bbox 210 3375 1092 3420; baseline 0.005 -14"><span class='ocrx_word' id='word_1_443' title='bbox 210 3375 335 3410; x_wconf 79' lang='lat' dir='ltr'>.tivum</span> <span class='ocrx_word' id='word_1_444' title='bbox 349 3377 565 3419; x_wconf 89' lang='lat' dir='ltr'>pronominis</span> <span class='ocrx_word' id='word_1_445' title='bbox 581 3377 710 3411; x_wconf 90' lang='lat' dir='ltr'>eodem</span> <span class='ocrx_word' id='word_1_446' title='bbox 726 3376 833 3410; x_wconf 89' lang='lat' dir='ltr'>modo</span> <span class='ocrx_word' id='word_1_447' title='bbox 850 3376 1010 3410; x_wconf 86' lang='lat' dir='ltr'>additum</span> <span class='ocrx_word' id='word_1_448' title='bbox 1024 3386 1092 3420; x_wconf 93' lang='lat' dir='ltr'>pu-</span> 
     </span>
    </p>
   </div>
   <div class='ocr_carea' id='block_1_7' title="bbox 1138 2327 2011 3418">
    <p class='ocr_par' dir='ltr' id='par_1_7' title="bbox 1138 2327 2011 3418">
     <span class='ocr_line' id='line_1_53' title="bbox 1141 2327 2010 2369; baseline -0.003 -8"><span class='ocrx_word' id='word_1_449' title='bbox 1141 2329 1173 2367; x_wconf 87' lang='lat'>3,</span> <span class='ocrx_word' id='word_1_450' title='bbox 1192 2329 1245 2361; x_wconf 88' lang='lat'>68.</span> <span class='ocrx_word' id='word_1_451' title='bbox 1265 2346 1300 2351; x_wconf 97' lang='lat'><strong>—</strong></span> <span class='ocrx_word' id='word_1_452' title='bbox 1328 2329 1416 2360; x_wconf 87' lang='lat' dir='ltr'>aeris</span> <span class='ocrx_word' id='word_1_453' title='bbox 1437 2337 1516 2360; x_wconf 88' lang='lat' dir='ltr'>sono</span> <span class='ocrx_word' id='word_1_454' title='bbox 1532 2346 1582 2351; x_wconf 94' lang='lat'>--</span> <span class='ocrx_word' id='word_1_455' title='bbox 1596 2327 1750 2369; x_wconf 80' lang='lat' dir='ltr'>strepere]</span> <span class='ocrx_word' id='word_1_456' title='bbox 1774 2335 1844 2368; x_wconf 88' lang='lat' dir='ltr'>quo</span> <span class='ocrx_word' id='word_1_457' title='bbox 1861 2327 2010 2368; x_wconf 87' lang='lat' dir='ltr'>strepitu</span> 
     </span>
     <span class='ocr_line' id='line_1_54' title="bbox 1141 2376 2011 2419; baseline -0.002 -9"><span class='ocrx_word' id='word_1_458' title='bbox 1141 2379 1383 2411; x_wconf 89' lang='lat' dir='ltr'>incantationis</span> <span class='ocrx_word' id='word_1_459' title='bbox 1408 2379 1496 2417; x_wconf 91' lang='lat' dir='ltr'>vim,</span> <span class='ocrx_word' id='word_1_460' title='bbox 1522 2386 1591 2419; x_wconf 87' lang='lat' dir='ltr'>qua</span> <span class='ocrx_word' id='word_1_461' title='bbox 1614 2378 1726 2410; x_wconf 87' lang='lat' dir='ltr'>teneri</span> <span class='ocrx_word' id='word_1_462' title='bbox 1750 2376 1868 2409; x_wconf 86' lang='lat' dir='ltr'>lunam</span> <span class='ocrx_word' id='word_1_463' title='bbox 1893 2377 2011 2418; x_wconf 86' lang='lat' dir='ltr'>opina-</span> 
     </span>
     <span class='ocr_line' id='line_1_55' title="bbox 1141 2427 2011 2470; baseline -0.001 -10"><span class='ocrx_word' id='word_1_464' title='bbox 1141 2428 1290 2468; x_wconf 89' lang='lat' dir='ltr'>bantur,</span> <span class='ocrx_word' id='word_1_465' title='bbox 1326 2427 1397 2461; x_wconf 90' lang='lat' dir='ltr'>tolli</span> <span class='ocrx_word' id='word_1_466' title='bbox 1430 2427 1612 2470; x_wconf 84' lang='lat' dir='ltr'>putabant.</span> <span class='ocrx_word' id='word_1_467' title='bbox 1651 2428 1723 2461; x_wconf 82' lang='lat' dir='ltr'>Liv.</span> <span class='ocrx_word' id='word_1_468' title='bbox 1753 2428 1814 2466; x_wconf 73' lang='lat'>25,</span> <span class='ocrx_word' id='word_1_469' title='bbox 1847 2427 1886 2460; x_wconf 84' lang='lat'>6:</span> <span class='ocrx_word' id='word_1_470' title='bbox 1923 2427 2011 2459; x_wconf 85' lang='lat' dir='ltr'>aeris</span> 
     </span>
     <span class='ocr_line' id='line_1_56' title="bbox 1140 2478 2011 2519; baseline -0.001 -9"><span class='ocrx_word' id='word_1_471' title='bbox 1140 2479 1284 2519; x_wconf 81' lang='lat' dir='ltr'>crepitu,</span> <span class='ocrx_word' id='word_1_472' title='bbox 1318 2478 1426 2519; x_wconf 79' lang='lat' dir='ltr'>qualis</span> <span class='ocrx_word' id='word_1_473' title='bbox 1450 2479 1486 2510; x_wconf 87' lang='lat' dir='ltr'>in</span> <span class='ocrx_word' id='word_1_474' title='bbox 1517 2478 1642 2518; x_wconf 78' lang='lat' dir='ltr'>defectu</span> <span class='ocrx_word' id='word_1_475' title='bbox 1670 2479 1770 2510; x_wconf 87' lang='lat' dir='ltr'>lunae</span> <span class='ocrx_word' id='word_1_476' title='bbox 1790 2478 1897 2510; x_wconf 77' lang='lat' dir='ltr'>silenti</span> <span class='ocrx_word' id='word_1_477' title='bbox 1917 2480 2011 2509; x_wconf 80' lang='lat' dir='ltr'>nocte</span> 
     </span>
     <span class='ocr_line' id='line_1_57' title="bbox 1141 2527 2011 2569; baseline -0.002 -9"><span class='ocrx_word' id='word_1_478' title='bbox 1141 2529 1221 2560; x_wconf 85' lang='lat' dir='ltr'>cieri</span> <span class='ocrx_word' id='word_1_479' title='bbox 1243 2529 1333 2560; x_wconf 87' lang='lat' dir='ltr'>solet.</span> <span class='ocrx_word' id='word_1_480' title='bbox 1371 2528 1454 2561; x_wconf 92' lang='lat' dir='ltr'>Plin.</span> <span class='ocrx_word' id='word_1_481' title='bbox 1482 2529 1522 2560; x_wconf 89' lang='lat' dir='ltr'>N.</span> <span class='ocrx_word' id='word_1_482' title='bbox 1549 2529 1589 2560; x_wconf 90' lang='lat' dir='ltr'>H.</span> <span class='ocrx_word' id='word_1_483' title='bbox 1614 2528 1647 2567; x_wconf 79' lang='lat'>2,</span> <span class='ocrx_word' id='word_1_484' title='bbox 1673 2527 1692 2569; x_wconf 69' lang='lat' dir='ltr'>g</span> <span class='ocrx_word' id='word_1_485' title='bbox 1716 2527 1776 2560; x_wconf 72' lang='lat'>54:</span> <span class='ocrx_word' id='word_1_486' title='bbox 1804 2528 1928 2559; x_wconf 88' lang='lat' dir='ltr'>misera</span> <span class='ocrx_word' id='word_1_487' title='bbox 1949 2527 2011 2558; x_wconf 82' lang='lat' dir='ltr'>ho—</span> 
     </span>
     <span class='ocr_line' id='line_1_58' title="bbox 1140 2577 2010 2619; baseline -0.002 -9"><span class='ocrx_word' id='word_1_488' title='bbox 1140 2579 1267 2610; x_wconf 86' lang='lat' dir='ltr'>minum</span> <span class='ocrx_word' id='word_1_489' title='bbox 1288 2581 1394 2610; x_wconf 86' lang='lat' dir='ltr'>mente</span> <span class='ocrx_word' id='word_1_490' title='bbox 1416 2578 1451 2610; x_wconf 87' lang='lat' dir='ltr'>in</span> <span class='ocrx_word' id='word_1_491' title='bbox 1474 2578 1648 2619; x_wconf 80' lang='lat' dir='ltr'>defectibus</span> <span class='ocrx_word' id='word_1_492' title='bbox 1662 2577 1786 2610; x_wconf 88' lang='lat' dir='ltr'>scelera</span> <span class='ocrx_word' id='word_1_493' title='bbox 1800 2580 1859 2609; x_wconf 85' lang='lat' dir='ltr'>aut</span> <span class='ocrx_word' id='word_1_494' title='bbox 1871 2580 2010 2608; x_wconf 87' lang='lat' dir='ltr'>mortem</span> 
     </span>
     <span class='ocr_line' id='line_1_59' title="bbox 1142 2627 2010 2669; baseline -0.002 -9"><span class='ocrx_word' id='word_1_495' title='bbox 1142 2629 1293 2669; x_wconf 79' lang='lat' dir='ltr'>aliquam</span> <span class='ocrx_word' id='word_1_496' title='bbox 1315 2629 1461 2660; x_wconf 80' lang='lat' dir='ltr'>siderum</span> <span class='ocrx_word' id='word_1_497' title='bbox 1489 2631 1644 2668; x_wconf 83' lang='lat' dir='ltr'>pavente,</span> <span class='ocrx_word' id='word_1_498' title='bbox 1674 2644 1725 2651; x_wconf 90' lang='lat'>--</span> <span class='ocrx_word' id='word_1_499' title='bbox 1740 2630 1776 2659; x_wconf 87' lang='lat' dir='ltr'>at</span> <span class='ocrx_word' id='word_1_500' title='bbox 1797 2627 1832 2658; x_wconf 87' lang='lat' dir='ltr'>in</span> <span class='ocrx_word' id='word_1_501' title='bbox 1855 2627 1937 2658; x_wconf 82' lang='lat' dir='ltr'>luna</span> <span class='ocrx_word' id='word_1_502' title='bbox 1956 2636 2010 2658; x_wconf 84' lang='lat' dir='ltr'>ve—</span> 
     </span>
     <span class='ocr_line' id='line_1_60' title="bbox 1140 2677 2010 2720; baseline -0.002 -11"><span class='ocrx_word' id='word_1_503' title='bbox 1140 2679 1254 2720; x_wconf 75' lang='lat' dir='ltr'>nificia</span> <span class='ocrx_word' id='word_1_504' title='bbox 1282 2682 1440 2720; x_wconf 63' lang='lat' dir='ltr'>arguente</span> <span class='ocrx_word' id='word_1_505' title='bbox 1469 2678 1673 2709; x_wconf 84' lang='lat' dir='ltr'>mortalitate</span> <span class='ocrx_word' id='word_1_506' title='bbox 1702 2680 1732 2709; x_wconf 90' lang='lat' dir='ltr'>et</span> <span class='ocrx_word' id='word_1_507' title='bbox 1761 2677 1800 2709; x_wconf 89' lang='lat' dir='ltr'>ob</span> <span class='ocrx_word' id='word_1_508' title='bbox 1827 2677 1862 2708; x_wconf 84' lang='lat' dir='ltr'>id</span> <span class='ocrx_word' id='word_1_509' title='bbox 1883 2677 2010 2716; x_wconf 84' lang='lat' dir='ltr'>crepitu</span> 
     </span>
     <span class='ocr_line' id='line_1_61' title="bbox 1142 2725 2007 2767; baseline -0.002 -8"><span class='ocrx_word' id='word_1_510' title='bbox 1142 2729 1270 2759; x_wconf 81' lang='lat' dir='ltr'>dissono</span> <span class='ocrx_word' id='word_1_511' title='bbox 1286 2728 1483 2760; x_wconf 69' lang='lat' dir='ltr'>auxiliante.</span> <span class='ocrx_word' id='word_1_512' title='bbox 1510 2728 1629 2759; x_wconf 84' lang='lat' dir='ltr'>iuven.</span> <span class='ocrx_word' id='word_1_513' title='bbox 1648 2727 1681 2765; x_wconf 89' lang='lat'>6,</span> <span class='ocrx_word' id='word_1_514' title='bbox 1698 2726 1756 2759; x_wconf 55' lang='lat'>424</span> <span class='ocrx_word' id='word_1_515' title='bbox 1782 2727 1826 2758; x_wconf 90' lang='lat' dir='ltr'>de</span> <span class='ocrx_word' id='word_1_516' title='bbox 1850 2725 2007 2767; x_wconf 85' lang='lat' dir='ltr'>garrula:</span> 
     </span>
     <span class='ocr_line' id='line_1_62' title="bbox 1141 2775 2008 2817; baseline -0.002 -8"><span class='ocrx_word' id='word_1_517' title='bbox 1141 2787 1209 2809; x_wconf 85' lang='lat' dir='ltr'>una</span> <span class='ocrx_word' id='word_1_518' title='bbox 1232 2777 1399 2809; x_wconf 84' lang='lat' dir='ltr'>laboranti</span> <span class='ocrx_word' id='word_1_519' title='bbox 1420 2777 1540 2817; x_wconf 81' lang='lat' dir='ltr'>poterit</span> <span class='ocrx_word' id='word_1_520' title='bbox 1561 2785 1754 2808; x_wconf 88' lang='lat' dir='ltr'>succurrere</span> <span class='ocrx_word' id='word_1_521' title='bbox 1775 2776 1884 2808; x_wconf 85' lang='lat' dir='ltr'>lunae.</span> <span class='ocrx_word' id='word_1_522' title='bbox 1921 2775 2008 2807; x_wconf 84' lang='lat' dir='ltr'>Eum</span> 
     </span>
     <span class='ocr_line' id='line_1_63' title="bbox 1142 2824 2010 2866; baseline -0.002 -8"><span class='ocrx_word' id='word_1_523' title='bbox 1142 2835 1279 2859; x_wconf 91' lang='lat' dir='ltr'>morem</span> <span class='ocrx_word' id='word_1_524' title='bbox 1303 2835 1347 2858; x_wconf 91' lang='lat' dir='ltr'>ne</span> <span class='ocrx_word' id='word_1_525' title='bbox 1365 2826 1581 2859; x_wconf 86' lang='lat' dir='ltr'>Christianos</span> <span class='ocrx_word' id='word_1_526' title='bbox 1606 2825 1750 2866; x_wconf 78' lang='lat' dir='ltr'>quidem</span> <span class='ocrx_word' id='word_1_527' title='bbox 1774 2826 1920 2858; x_wconf 89' lang='lat' dir='ltr'>desiisse</span> <span class='ocrx_word' id='word_1_528' title='bbox 1944 2824 2010 2856; x_wconf 89' lang='lat' dir='ltr'>do-</span> 
     </span>
     <span class='ocr_line' id='line_1_64' title="bbox 1142 2873 2009 2918; baseline -0.005 -9"><span class='ocrx_word' id='word_1_529' title='bbox 1142 2878 1199 2909; x_wconf 87' lang='lat' dir='ltr'>cet</span> <span class='ocrx_word' id='word_1_530' title='bbox 1221 2877 1357 2918; x_wconf 89' lang='lat' dir='ltr'>Lipsius</span> <span class='ocrx_word' id='word_1_531' title='bbox 1389 2885 1430 2907; x_wconf 87' lang='lat' dir='ltr'>ex</span> <span class='ocrx_word' id='word_1_532' title='bbox 1454 2876 1592 2908; x_wconf 80' lang='lat' dir='ltr'>Maximi</span> <span class='ocrx_word' id='word_1_533' title='bbox 1616 2876 1840 2908; x_wconf 91' lang='lat' dir='ltr'>Taurinensis</span> <span class='ocrx_word' id='word_1_534' title='bbox 1869 2873 2009 2906; x_wconf 90' lang='lat' dir='ltr'>homilia</span> 
     </span>
     <span class='ocr_line' id='line_1_65' title="bbox 1142 2923 2010 2966; baseline -0.005 -7"><span class='ocrx_word' id='word_1_535' title='bbox 1142 2927 1186 2959; x_wconf 91' lang='lat' dir='ltr'>de</span> <span class='ocrx_word' id='word_1_536' title='bbox 1211 2926 1352 2959; x_wconf 80' lang='lat' dir='ltr'>defectu</span> <span class='ocrx_word' id='word_1_537' title='bbox 1374 2924 1498 2958; x_wconf 84' lang='lat' dir='ltr'>lunae:</span> <span class='ocrx_word' id='word_1_538' title='bbox 1523 2935 1598 2957; x_wconf 85' lang='lat' dir='ltr'>cum</span> <span class='ocrx_word' id='word_1_539' title='bbox 1612 2926 1833 2966; x_wconf 81' lang='lat' dir='ltr'>requirerem,</span> <span class='ocrx_word' id='word_1_540' title='bbox 1859 2925 1936 2964; x_wconf 82' lang='lat' dir='ltr'>quid</span> <span class='ocrx_word' id='word_1_541' title='bbox 1950 2923 2010 2955; x_wconf 88' lang='lat' dir='ltr'>sibi</span> 
     </span>
     <span class='ocr_line' id='line_1_66' title="bbox 1140 2973 2010 3015; baseline -0.003 -7"><span class='ocrx_word' id='word_1_542' title='bbox 1140 2977 1268 3008; x_wconf 87' lang='lat' dir='ltr'>clamor</span> <span class='ocrx_word' id='word_1_543' title='bbox 1288 2976 1340 3007; x_wconf 78' lang='lat' dir='ltr'>hic</span> <span class='ocrx_word' id='word_1_544' title='bbox 1361 2975 1472 3015; x_wconf 85' lang='lat' dir='ltr'>vellet,</span> <span class='ocrx_word' id='word_1_545' title='bbox 1498 2975 1654 3007; x_wconf 70' lang='lat' dir='ltr'>diverunt</span> <span class='ocrx_word' id='word_1_546' title='bbox 1675 2975 1773 3014; x_wconf 79' lang='lat' dir='ltr'>mihi,</span> <span class='ocrx_word' id='word_1_547' title='bbox 1807 2974 1894 3014; x_wconf 84' lang='lat' dir='ltr'>quod</span> <span class='ocrx_word' id='word_1_548' title='bbox 1915 2973 2010 3005; x_wconf 87' lang='lat' dir='ltr'>labo-</span> 
     </span>
     <span class='ocr_line' id='line_1_67' title="bbox 1140 3010 2010 3066; baseline -0.002 -9"><span class='ocrx_word' id='word_1_549' title='bbox 1140 3026 1232 3057; x_wconf 86' lang='lat' dir='ltr'>ranti</span> <span class='ocrx_word' id='word_1_550' title='bbox 1265 3010 1365 3056; x_wconf 58' lang='lat' dir='ltr'>lt’tae</span> <span class='ocrx_word' id='word_1_551' title='bbox 1395 3028 1507 3057; x_wconf 86' lang='lat' dir='ltr'>vestra</span> <span class='ocrx_word' id='word_1_552' title='bbox 1537 3025 1731 3066; x_wconf 80' lang='lat' dir='ltr'>vociferatio</span> <span class='ocrx_word' id='word_1_553' title='bbox 1764 3023 1947 3056; x_wconf 83' lang='lat' dir='ltr'>subveniret</span> <span class='ocrx_word' id='word_1_554' title='bbox 1979 3025 2010 3055; x_wconf 87' lang='lat' dir='ltr'>et</span> 
     </span>
     <span class='ocr_line' id='line_1_68' title="bbox 1142 3074 2007 3116; baseline -0.002 -9"><span class='ocrx_word' id='word_1_555' title='bbox 1142 3075 1300 3116; x_wconf 79' lang='lat' dir='ltr'>defectum</span> <span class='ocrx_word' id='word_1_556' title='bbox 1330 3075 1399 3107; x_wconf 85' lang='lat' dir='ltr'>eius</span> <span class='ocrx_word' id='word_1_557' title='bbox 1424 3075 1493 3106; x_wconf 84' lang='lat' dir='ltr'>suis</span> <span class='ocrx_word' id='word_1_558' title='bbox 1519 3074 1719 3107; x_wconf 85' lang='lat' dir='ltr'>clamoribus</span> <span class='ocrx_word' id='word_1_559' title='bbox 1746 3074 1934 3106; x_wconf 82' lang='lat' dir='ltr'>adiuvaret.</span> <span class='ocrx_word' id='word_1_560' title='bbox 1969 3089 2007 3096; x_wconf 87' lang='lat'>—</span> 
     </span>
     <span class='ocr_line' id='line_1_69' title="bbox 1141 3121 2007 3167; baseline -0.003 -10"><span class='ocrx_word' id='word_1_561' title='bbox 1141 3134 1228 3167; x_wconf 83' lang='lat' dir='ltr'>quae</span> <span class='ocrx_word' id='word_1_562' title='bbox 1249 3133 1347 3157; x_wconf 87' lang='lat' dir='ltr'>casus</span> <span class='ocrx_word' id='word_1_563' title='bbox 1368 3125 1547 3165; x_wconf 86' lang='lat' dir='ltr'>obtulerat,</span> <span class='ocrx_word' id='word_1_564' title='bbox 1571 3125 1607 3157; x_wconf 87' lang='lat' dir='ltr'>in</span> <span class='ocrx_word' id='word_1_565' title='bbox 1629 3124 1825 3164; x_wconf 85' lang='lat' dir='ltr'>sapientiam</span> <span class='ocrx_word' id='word_1_566' title='bbox 1839 3121 2007 3164; x_wconf 80' lang='lat' dir='ltr'>vertenda]</span> 
     </span>
     <span class='ocr_line' id='line_1_70' title="bbox 1142 3175 2009 3217; baseline -0.006 -6"><span class='ocrx_word' id='word_1_567' title='bbox 1142 3179 1259 3211; x_wconf 85' lang='lat' dir='ltr'>Germ.</span> <span class='ocrx_word' id='word_1_568' title='bbox 1284 3178 1345 3210; x_wconf 86' lang='lat'>36:</span> <span class='ocrx_word' id='word_1_569' title='bbox 1378 3178 1502 3211; x_wconf 79' lang='lat' dir='ltr'>Chattis</span> <span class='ocrx_word' id='word_1_570' title='bbox 1530 3176 1708 3209; x_wconf 86' lang='lat' dir='ltr'>victoribus</span> <span class='ocrx_word' id='word_1_571' title='bbox 1735 3177 1872 3217; x_wconf 81' lang='lat' dir='ltr'>fortuna</span> <span class='ocrx_word' id='word_1_572' title='bbox 1892 3175 1928 3207; x_wconf 82' lang='lat' dir='ltr'>in</span> <span class='ocrx_word' id='word_1_573' title='bbox 1949 3183 2009 3207; x_wconf 85' lang='lat' dir='ltr'>sa-</span> 
     </span>
     <span class='ocr_line' id='line_1_71' title="bbox 1138 3224 2009 3268; baseline -0.005 -8"><span class='ocrx_word' id='word_1_574' title='bbox 1138 3229 1298 3268; x_wconf 87' lang='lat' dir='ltr'>pientiam</span> <span class='ocrx_word' id='word_1_575' title='bbox 1319 3228 1422 3260; x_wconf 87' lang='lat' dir='ltr'>cessit.</span> <span class='ocrx_word' id='word_1_576' title='bbox 1451 3245 1485 3251; x_wconf 87' lang='lat'>-—·</span> <span class='ocrx_word' id='word_1_577' title='bbox 1511 3227 1645 3268; x_wconf 67' lang='lat' dir='ltr'>vigitiis,</span> <span class='ocrx_word' id='word_1_578' title='bbox 1669 3224 1876 3265; x_wconf 85' lang='lat' dir='ltr'>stationibus,</span> <span class='ocrx_word' id='word_1_579' title='bbox 1899 3229 2009 3257; x_wconf 87' lang='lat' dir='ltr'>custo-</span> 
     </span>
     <span class='ocr_line' id='line_1_72' title="bbox 1140 3275 2009 3319; baseline -0.003 -9"><span class='ocrx_word' id='word_1_580' title='bbox 1140 3278 1203 3310; x_wconf 80' lang='lat' dir='ltr'>diis</span> <span class='ocrx_word' id='word_1_581' title='bbox 1221 3278 1411 3319; x_wconf 81' lang='lat' dir='ltr'>portarum]</span> <span class='ocrx_word' id='word_1_582' title='bbox 1446 3277 1584 3318; x_wconf 75' lang='lat' dir='ltr'>Viyiliae</span> <span class='ocrx_word' id='word_1_583' title='bbox 1614 3277 1649 3308; x_wconf 92' lang='lat' dir='ltr'>in</span> <span class='ocrx_word' id='word_1_584' title='bbox 1672 3284 1711 3307; x_wconf 88' lang='lat' dir='ltr'>re</span> <span class='ocrx_word' id='word_1_585' title='bbox 1735 3275 1906 3308; x_wconf 82' lang='lat' dir='ltr'>castrensi</span> <span class='ocrx_word' id='word_1_586' title='bbox 1928 3277 2009 3307; x_wconf 85' lang='lat' dir='ltr'>sunt</span> 
     </span>
     <span class='ocr_line' id='line_1_73' title="bbox 1141 3324 2008 3369; baseline -0.002 -9"><span class='ocrx_word' id='word_1_587' title='bbox 1141 3335 1231 3369; x_wconf 87' lang='lat' dir='ltr'>quae</span> <span class='ocrx_word' id='word_1_588' title='bbox 1266 3329 1380 3360; x_wconf 88' lang='lat' dir='ltr'>noctis</span> <span class='ocrx_word' id='word_1_589' title='bbox 1415 3328 1574 3368; x_wconf 91' lang='lat' dir='ltr'>tempore</span> <span class='ocrx_word' id='word_1_590' title='bbox 1605 3324 1831 3367; x_wconf 88' lang='lat' dir='ltr'>speculantur</span> <span class='ocrx_word' id='word_1_591' title='bbox 1853 3324 2008 3358; x_wconf 82' lang='lat' dir='ltr'>circum-</span> 
     </span>
     <span class='ocr_line' id='line_1_74' title="bbox 1141 3374 2008 3418; baseline -0.001 -8"><span class='ocrx_word' id='word_1_592' title='bbox 1141 3376 1275 3418; x_wconf 90' lang='lat' dir='ltr'>eundo,</span> <span class='ocrx_word' id='word_1_593' title='bbox 1301 3379 1444 3410; x_wconf 87' lang='lat' dir='ltr'>rectene</span> <span class='ocrx_word' id='word_1_594' title='bbox 1468 3385 1507 3409; x_wconf 87' lang='lat' dir='ltr'>se</span> <span class='ocrx_word' id='word_1_595' title='bbox 1530 3374 1685 3408; x_wconf 85' lang='lat' dir='ltr'>habeant</span> <span class='ocrx_word' id='word_1_596' title='bbox 1700 3374 1816 3408; x_wconf 87' lang='lat' dir='ltr'>omnia</span> <span class='ocrx_word' id='word_1_597' title='bbox 1834 3375 1867 3408; x_wconf 94' lang='lat' dir='ltr'>in</span> <span class='ocrx_word' id='word_1_598' title='bbox 1884 3375 2008 3410; x_wconf 77' lang='lat' dir='ltr'>castris</span> 
     </span>
    </p>
   </div>
  </div>
 </body>
</html>
