2254 3770
635 333 789 379 LIBER
815 332 917 379 XIV.
961 331 1062 391 Cap.
1090 332 1158 376 38.
1189 331 1256 376 39.
1285 331 1352 376 40.
1424 346 1431 357 ¹
1802 328 1884 373 467

117 444 290 489 victoris
318 443 550 488 clementer
578 441 734 486 deditis
764 439 1067 485 consulturum.
1112 438 1235 482 simul
1265 440 1306 482 in
1336 438 1489 483 urbem
1515 437 1761 490 mandabat,
1791 437 1885 480 nul-

115 519 203 563 lum
231 518 490 577 proeliorum
518 517 644 560 finem
675 521 958 574 expectarent,
989 514 1068 558 nisi
1094 513 1398 558 succederetur
1422 514 1638 566 Suetonio,
1669 513 1792 557 cuius
1810 511 1886 556 ad-

116 607 240 638 versa
280 593 473 651 pravitati
513 592 664 650 ipsius,
703 603 911 650 prospera
950 589 1004 634 ad
1039 589 1248 633 fortunam
1286 589 1509 634 referebat.
1554 589 1634 646 (39)
1671 588 1797 646 igitur
1832 587 1884 631 ad

114 668 393 727 spectandum
432 668 670 711 Britanniae
709 672 862 710 statum
898 666 1055 709 missus
1096 671 1160 708 est
1197 678 1222 708 e
1259 664 1418 709 libertis
1446 664 1696 724 Polyclitus,
1734 676 1887 721 magna

113 743 292 788 Neronis
322 757 400 801 spe
429 756 558 801 posse
579 742 826 786 auctoritate
846 741 938 785 eius
964 753 1048 784 non
1069 739 1197 784 modo
1218 740 1326 792 inter
1345 740 1528 797 legatum
1548 745 1885 797 procuratorem-
1899 747 1919 779 s

114 831 201 877 que
229 818 503 863 concordiam
533 817 662 875 gigni,
696 816 772 860 sed
804 822 846 860 et
864 815 1048 859 rebelles
1068 814 1345 859 barbarorum
1366 815 1529 859 animos
1549 827 1656 873 pace
1677 815 1887 873 componi.

114 907 196 938 nec
225 894 357 938 defuit
384 892 615 952 Polyclitus
636 905 723 950 quo
743 892 903 943 minus,
935 890 1091 949 ingenti
1115 891 1283 948 agmine
1303 890 1447 935 Italiae
1469 889 1714 948 Galliaeque
1736 890 1887 947 gravis,

113 975 339 1027 postquam
371 969 592 1013 Oceanum
623 967 935 1017 transmiserat,
975 965 1177 1010 militibus
1206 979 1380 1024 quoque
1414 966 1570 1009 nostris
1599 965 1798 1010 terribilis
1827 965 1892 1008 in-

115 1044 302 1088 cederet.
345 1043 424 1087 sed
452 1043 646 1087 hostibus
674 1042 815 1085 irrisui
845 1041 937 1094 fuit,
976 1041 1088 1099 apud
1120 1055 1229 1100 quos
1258 1040 1462 1096 flagrante
1492 1042 1617 1088 etiam
1647 1048 1737 1084 tum
1764 1040 1893 1084 liber-

116 1125 201 1163 tate
230 1118 418 1163 nondum
447 1118 615 1176 cognita
634 1117 924 1161 libertinorum
951 1117 1139 1175 potentia
1159 1122 1271 1170 erat3
1301 1116 1650 1174 mirabanturque
1670 1116 1785 1174 quod
1808 1115 1892 1160 dux
1906 1126 1942 1157 io

115 1201 158 1238 et
200 1195 414 1238 exercitus
452 1194 554 1238 tanti
593 1192 692 1237 belli
731 1192 947 1236 confector
984 1192 1166 1235 servitiis
1206 1191 1440 1236 obedirent.
1484 1197 1636 1235 cuncta
1669 1198 1808 1235 tamen
1839 1190 1893 1235 ad

116 1270 417 1327 imperatorem
455 1269 498 1311 in
534 1267 703 1312 mollius
742 1267 894 1319 relata;
938 1266 1224 1325 detentusque
1259 1267 1389 1311 rebus
1419 1267 1621 1325 gerundis
1652 1267 1892 1319 Suetonius,

55 1331 58 1334 ’
117 1344 234 1403 quod
265 1351 363 1402 post
390 1357 550 1402 paucas
578 1357 709 1387 naves
740 1343 782 1385 in
810 1342 931 1386 litore
961 1342 1272 1400 remigiumque
1296 1342 1410 1386 iniis
1429 1343 1647 1394 amiserat,
1678 1348 1894 1400 tamquam

117 1419 298 1464 durante
327 1419 439 1463 bello
468 1419 638 1463 tradere
667 1418 900 1462 exercitum
929 1418 1126 1461 Petronio
1156 1417 1415 1476 Turpiliano,
1455 1419 1528 1476 qui
1558 1419 1643 1461 iam
1674 1416 1894 1461 consulatu

118 1495 301 1546 abierat,
341 1483 525 1538 iubetu'r.
570 1493 606 1537 is
636 1507 719 1536 non
759 1493 918 1536 irritato
948 1492 1069 1537 hoste
1100 1507 1242 1551 neque
1271 1492 1495 1538 lacessitus
1523 1492 1748 1537 honestum
1778 1493 1896 1551 pacis
1909 1503 1945 1533 ⁴5

118 1583 272 1614 nomen
303 1569 423 1627 segni
454 1569 539 1613 otio
569 1568 782 1627 imposuit.

233 1644 314 1702 (40)
344 1644 507 1690 Eodem
535 1657 646 1688 anno
676 1644 834 1687 Romae
863 1642 1043 1701 insignia
1073 1642 1254 1696 scelera,
1286 1643 1465 1690 alterum
1489 1645 1721 1698 senatoris,
1754 1645 1897 1690 servili

122 1720 300 1765 alterum
330 1719 529 1771 audacia,
572 1718 759 1762 admissa
788 1724 896 1761 sunt.
941 1718 1148 1762 Domitius
1177 1718 1335 1763 Balbus
1365 1725 1457 1764 erat
1484 1721 1742 1778 praetorius,
1774 1721 1896 1765 simul

119 1795 247 1853 longa
275 1801 468 1847 senecta,
501 1793 624 1838 simul
654 1793 834 1837 orbitate
864 1799 907 1837 et
934 1794 1115 1851 pecunia
1135 1793 1301 1837 insidiis
1320 1794 1543 1839 obnoxius.
1574 1796 1613 1840 ei
1633 1797 1898 1855 propinquus

120 1870 313 1916 Valerius
341 1870 570 1921 Fabianus,
602 1868 880 1928 capessendis
908 1868 1142 1913 honoribus
1170 1869 1422 1922 destinatus,
1454 1870 1644 1915 subdidit
1671 1877 1900 1917 testamen·
1911 1879 1949 1912 20

120 1952 211 1990 tum
249 1945 392 1990 ascitis
422 1944 581 1990 Vinicio
619 1943 769 1988 Rufino
806 1949 850 1988 et
880 1944 1075 1988 Terentio
1103 1944 1297 1995 Lentino,
1329 1945 1545 2003 equitibus
1581 1947 1792 1991 Romanis.
1838 1947 1898 1991 illi

117 2020 344 2066 Antonium
373 2019 559 2064 Primum
590 2026 632 2065 et
660 2018 848 2063 Asinium
878 2018 1122 2064 Marcellum
1152 2019 1430 2065 sociaverant.
1487 2021 1690 2068 Antonius
1720 2022 1900 2069 audacia

117 2102 360 2155 promptus,
401 2094 626 2142 Marcellus
655 2094 800 2139 Asinio
830 2093 1021 2140 Pollione
1050 2109 1210 2153 proavo
1241 2095 1381 2140 clarus
1411 2110 1553 2155 neque
1583 2111 1750 2141 morum
1778 2112 1901 2157 sper-

185 2223 216 2256 t.
240 2221 354 2256 urbem
375 2222 584 2256 Rhenanus:
615 2220 697 2254 urbe
717 2221 752 2255 M
775 2237 812 2244 —-
842 2221 875 2254 2.
895 2221 1101 2262 proeliorum
1122 2221 1273 2265 Lipsius:
1303 2222 1435 2264 praelio
1457 2223 1491 2257 M
1515 2241 1551 2247 -
1578 2226 1761 2259 succederet
1782 2232 1902 2260 ursus-

118 2279 208 2312 tonia
230 2279 264 2312 M
288 2297 325 2303 —
350 2278 382 2312 3.
408 2278 453 2311 ad
472 2278 644 2319 fortunam
665 2276 866 2311 Ernestius:
898 2278 943 2310 ad
962 2277 1135 2320 fortunam
1156 2278 1259 2320 ipsius
1280 2279 1314 2312 Μ
1337 2287 1380 2312 ex
1402 2280 1631 2323 repetitione;
1663 2283 1708 2315 ad
1729 2281 1900 2322 fortunam

117 2335 168 2369 rei
185 2335 341 2377 publicae
362 2333 586 2367 Puteolanus.
612 2333 664 2367 Cf.
687 2342 761 2366 var.
779 2332 859 2367 lect.
877 2333 922 2366 ad
944 2342 981 2376 p.
998 2332 1075 2376 402,
1093 2333 1125 2367 9.
1153 2352 1189 2357 -
1214 2333 1245 2368 4.
1272 2334 1472 2369 brittanniae
1493 2337 1527 2371 M
1553 2355 1589 2361 —
1614 2338 1646 2371 ὅ.
1671 2339 1787 2372 neroni
1809 2340 1843 2373 Μ
1860 2356 1896 2363 -

119 2392 152 2426 6.
176 2390 359 2424 barbarum
385 2398 440 2433 pr.
465 2390 499 2424 Μ
534 2407 570 2414 -
606 2389 639 2424 7.
663 2389 826 2432 quinoque
854 2390 889 2424 Μ
921 2408 957 2415 -
988 2391 1042 2423 40.
1073 2390 1303 2424 libertinorum
1332 2392 1383 2425 M:
1414 2392 1608 2428 libertorum
1629 2393 1832 2429 Beroaldus.
1860 2412 1898 2419 -

120 2447 175 2481 43.
194 2450 272 2489 post
286 2447 338 2481 M:
358 2448 465 2488 paulo
483 2449 558 2488 post
572 2445 794 2489 Nipperdey3
815 2446 952 2488 posthac
974 2445 1031 2480 vel
1049 2450 1167 2488 postea
1188 2446 1358 2482 Halmius.
1378 2463 1414 2473 —-
1439 2449 1667 2492 remiaumque
1686 2452 1724 2484 in
1745 2451 1796 2483 his
1817 2448 1902 2485 ‹tmi-

118 2506 208 2537 serat
228 2506 391 2543 tanquam
413 2503 447 2537 M
473 2518 509 2526 —
537 2502 590 2536 ⁴5.
614 2502 663 2535 his
684 2503 718 2536 M
743 2520 780 2528 -
805 2503 860 2540 ⁴7,
881 2511 973 2537 ronne
994 2503 1029 2537 M
1054 2521 1090 2527 -
1115 2503 1254 2537 seruitia
1275 2504 1310 2538 Μ
1334 2521 1366 2530 -
1397 2504 1450 2538 49.
1476 2506 1506 2538 ei
1527 2506 1735 2540 Rhenanus:
1760 2508 1896 2542 etM—

119 2560 175 2594 20.
199 2559 345 2602 fabianis
366 2559 400 2593 M
418 2575 455 2583 -
480 2560 534 2593 2⁴.
555 2559 681 2593 Vinicio
703 2559 912 2592 Rhenanus:
935 2559 1047 2593 uincio
1068 2560 1103 2594 M
1124 2578 1168 2585 -
1188 2560 1244 2594 23.
1265 2563 1423 2603 promptu
1444 2562 1477 2596 Μ
1496 2580 1531 2588 -
1556 2563 1653 2597 atilio
1674 2564 1709 2599 M
1726 2580 1764 2589 -
1787 2564 1905 2598 clarus

118 2616 171 2650 M:
199 2616 312 2649 clarus
333 2619 409 2649 erat
430 2615 645 2659 Nipperdey.
813 2622 815 2624 ·

121 2726 193 2763 tus,
217 2721 253 2754 h.
280 2730 311 2755 e.
335 2721 548 2765 prohibitus,
572 2722 612 2754 ut
632 2719 741 2755 Plaut.
765 2722 873 2755 Poen.
899 2722 931 2763 i,
947 2722 981 2763 2,

119 2771 202 2804 ⁴90:
238 2771 359 2804 detinet
384 2781 445 2804 nos
474 2772 513 2804 de
533 2774 644 2804 nostro
665 2771 806 2814 neqotio.
841 2773 910 2805 Res
932 2773 983 2805 sic

118 2820 245 2854 habet:
276 2829 442 2855 amovere
464 2829 585 2854 rerum
609 2829 692 2854 cura
715 2819 896 2854 Paulinum
920 2830 984 2855 cu-

120 2869 264 2913 piebant
293 2870 489 2904 concordes
513 2869 746 2904 Classicianus
771 2871 806 2903 et
834 2870 985 2912 Polycli-

118 2922 195 2959 tus;
220 2919 284 2953 sed
308 2921 510 2962 praetextus
532 2919 656 2963 aliquis
680 2922 756 2954 erat
774 2922 985 2964 exspectan—

120 2970 198 3003 dus.
234 2971 357 3012 Itaque
379 2971 521 3003 interim
543 2970 747 3004 detinebant
768 2979 851 3003 eum
874 2971 984 3005 rebus

1033 2723 1194 2756 mentum
1222 2722 1453 2757 simulabatur
1480 2724 1525 2758 ad
1551 2724 1684 2759 bellum
1707 2726 1901 2769 profligan·-

1034 2772 1120 2805 dum
1136 2772 1241 2806 alium
1258 2773 1386 2807 ducem
1401 2782 1481 2808 esse
1494 2775 1738 2810 mittendum.»
1753 2777 1895 2811 witru.

1036 2839 1073 2846 -—
1096 2823 1248 2856 Petronio
1272 2824 1475 2867 Turpiliano]
1500 2825 1551 2859 Cf.
1578 2835 1608 2859 c.
1633 2827 1687 2860 29.
1713 2827 1799 2860 Hist.
1825 2829 1857 2869 4,
1876 2829 1898 2861 6

1034 2873 1070 2905 et
1091 2872 1144 2906 37.
1169 2873 1250 2914 Agr.
1277 2873 1329 2906 ⁴6.

1076 2921 1129 2955 40.
1154 2922 1334 2966 senatoris]
1358 2923 1394 2958 h.
1410 2922 1434 2957 l.
1458 2924 1482 2957 i.
1500 2933 1535 2967 q.
1556 2925 1709 2960 hominis
1731 2926 1899 2961 senatorii

1034 2972 1184 3014 ordinis,
1216 2974 1275 3015 qui
1305 2981 1387 3007 mox
1415 2976 1621 3017 capessendis
1641 2977 1817 3011 honoribus
1839 2980 1899 3012 de-

121 3019 300 3062 gerundis,
325 3019 441 3053 donec
455 3021 548 3062 post,
570 3021 712 3054 navium
728 3019 861 3062 aliquot
875 3022 985 3054 amis-

120 3071 236 3111 sione,
270 3071 496 3103 occasionem
524 3071 618 3103 nacti
647 3071 729 3104 sunt
756 3069 860 3113 plane
883 3079 985 3104 amo-

120 3119 237 3154 vendi.
275 3121 474 3163 Promptior
500 3119 536 3153 iu
563 3119 755 3154 Annalibus
783 3120 829 3153 ad
860 3120 985 3154 defen·

122 3168 278 3203 dendum
311 3169 496 3203 Paulinum
524 3169 662 3202 Tacitus
691 3170 746 3202 est
772 3177 879 3212 quam
901 3169 983 3203 olim

122 3218 185 3252 ruit
205 3219 241 3252 in
255 3221 336 3262 Agr.
356 3220 411 3253 46.
430 3236 465 3242 -
487 3227 617 3260 paucas
630 3227 731 3252 naves
744 3235 764 3245 —
777 3236 797 3243 -
813 3219 984 3263 amiserat]

121 3269 241 3302 utrum
273 3269 472 3311 naufragio,
508 3278 553 3302 an
586 3268 621 3301 in
652 3267 784 3311 proelio
813 3268 984 3303 adversus

123 3317 253 3359 piratas
267 3319 503 3359 Britannicos,
529 3327 599 3351 non
615 3318 717 3358 dicit;
743 3317 806 3351 sed
822 3318 890 3352 hoc
905 3327 984 3361 pro-

123 3365 273 3401 babilius
294 3368 445 3402 videtur.
473 3385 509 3392 -
535 3371 708 3409 tamquam
729 3368 871 3402 durante
891 3367 984 3411 bello]

1031 3023 1174 3055 stinatus
1203 3022 1341 3056 dicitur.
1367 3041 1405 3047 -
1437 3025 1547 3059 servili
1574 3026 1716 3060 alterum
1738 3028 1896 3073 audacia]

1033 3072 1120 3105 Vide
1136 3081 1167 3105 c.
1185 3072 1239 3106 42.
1261 3090 1295 3096 —
1318 3073 1442 3108 Vinicio
1457 3075 1586 3118 Rufino]
1604 3077 1760 3110 Rhenani
1776 3086 1898 3112 emen-

1033 3120 1213 3154 dationem
1225 3121 1343 3156 firmat
1356 3122 1475 3158 titulus
1487 3125 1734 3168 Neapolitanus
1746 3136 1780 3160 n.
1795 3126 1893 3161 3436:

1032 3171 1076 3203 D.
1096 3171 1144 3204 Μ.
1171 3171 1365 3206 VINICIAE.
1391 3173 1429 3207 A.
1448 3174 1485 3208 F.
1502 3175 1698 3208 RVFINAE.
1725 3194 1760 3200 —
1789 3176 1893 3210 Anto-

1031 3222 1125 3254 nium
1145 3221 1302 3265 bimum]
1327 3222 1378 3256 Cf.
1396 3225 1482 3258 Hist.
1500 3225 1538 3265 2,
1556 3225 1616 3258 86:
1640 3225 1682 3258 At
1702 3227 1739 3259 in
1760 3227 1895 3261 Panno-

1031 3271 1092 3303 nia
1119 3270 1218 3304 tertia
1239 3272 1378 3306 decuma
1399 3274 1483 3316 leyio
1506 3283 1546 3306 ac
1567 3275 1705 3315 septima
1728 3275 1895 3311 Galbiana

1031 3320 1122 3353 haud
1134 3324 1326 3356 cunctanter
1342 3324 1538 3365 Vespasiano
1553 3332 1727 3365 accessere,
1743 3325 1779 3358 vi
1786 3335 1894 3368 prae-

1031 3370 1130 3410 cipua
1142 3370 1246 3403 Primi
1258 3371 1402 3406 Antonii.
1427 3374 1455 3406 is
1475 3372 1599 3415 legibus
1619 3382 1738 3407 nocens
1759 3378 1790 3408 et
1810 3379 1894 3410 tem-

125 3415 188 3449 «id
217 3425 303 3450 vero
335 3418 407 3452 iam
437 3418 659 3461 profligatum
690 3418 778 3450 erat.
813 3418 919 3460 Igitur
947 3418 983 3452 in
1026 3427 1110 3460 pore
1130 3420 1272 3454 Neronis
1293 3422 1370 3464 falsi
1392 3423 1587 3464 damnatus,
1618 3424 1705 3457 inter
1725 3424 1797 3458 alia
1818 3426 1895 3460 belli

124 3465 296 3500 honorem
316 3467 470 3502 Petronii
490 3468 527 3502 et
547 3468 583 3501 in
599 3466 753 3502 suetonii
775 3466 984 3502 dehonesta—
1029 3468 1124 3503 mala
1154 3471 1357 3505 senatorium
1388 3472 1535 3507 ordinem
1564 3473 1822 3516 reciperaverat.
1851 3494 1891 3501 -
