2254 3770
238 232 320 279 436

717 234 763 278 P.
796 232 1048 278 CORNELII
1077 231 1249 276 TACITI
1280 230 1550 276 ANNALIUM

235 357 345 388 neve
377 343 474 402 quis
504 342 660 387 flamen
692 347 765 385 aut
794 354 931 398 augur
959 339 1002 383 in
1031 339 1174 384 locum
1204 339 1445 383 Germanici
1474 339 1557 382 nisi
1586 339 1724 397 gentis
1752 338 1885 383 Iuliae
1916 353 2036 384 crea-

237 426 368 464 retur.
412 433 540 464 arcus
562 418 693 462 additi
715 419 876 461 Romae
897 422 939 460 et
959 422 1062 474 aput
1083 416 1221 473 ripam
1242 414 1375 458 Rheni
1398 421 1440 458 et
1459 414 1502 457 in
1523 421 1666 459 monte
1686 415 1839 459 Suriae
1859 415 2034 464 Amano.-

238 510 336 541 cum
366 495 641 553 inscriptione
672 507 815 544 rerum
846 498 1081 549 gestarum,
1120 505 1171 535 ac
1200 496 1380 534 mortem
1412 490 1468 534 ob
1499 504 1592 534 rem
1619 490 1836 549 publicam
1866 491 2035 545 obisse;

237 569 514 630 sepulchrum
542 568 804 619 Antiochiae,
836 568 910 611 ubi
941 573 1174 618 crematus,
1205 566 1391 611 tribunal
1420 566 1716 625 Epidaphnae,
1749 581 1836 626 quo
1867 567 1910 610 in
1938 566 2035 611 loco

205 648 366 692 avitam
396 646 575 691 finierat.
623 651 857 689 statuarum
887 643 1136 689 locorumve
1167 643 1209 686 in
1239 643 1337 702 quis
1362 642 1625 695 colerentur,
1659 643 1772 687 haud
1793 643 1915 688 facile
1937 644 2035 702 quis

235 737 462 768 numerum
503 721 655 766 inierit.
701 735 800 766 cum
837 726 1088 764 censeretur
1127 718 1294 777 clipeus
1329 732 1435 762 auro
1466 725 1508 763 et
1535 719 1828 777 magnitudine
1856 719 2062 778 insignis,

236 799 348 844 inter
376 805 576 843 auctores
604 796 896 855 eloquentiae,
929 795 1200 840 adseveravit
1219 794 1412 839 Tiberius
1433 794 1604 839 solitum
1623 805 1858 854 paremque
1879 796 2035 841 ceteris

279 941 312 974 2.
338 939 458 972 adiditi
487 938 601 981 (tertia
622 936 739 970 littera
763 935 876 977 erasa)
903 924 938 969 M
969 953 1006 958 —
1037 943 1158 968 amone
1186 935 1220 968 M
1250 934 1388 977 (Amano
1418 934 1552 977 margo)
1588 954 1624 959 —
1657 935 1690 970 4.
1714 935 1915 978 epidaphene
1936 937 1970 969 M
1995 954 2033 960 —

236 997 345 1031 locum
367 996 401 1030 M
425 995 512 1038 (loeo
535 993 676 1036 margo)
707 1010 743 1016 —
778 994 810 1026 5.
835 993 1000 1025 coleretur
1026 990 1232 1026 Beroaldus.
1267 1010 1304 1016 -
1336 991 1367 1025 6.
1394 991 1513 1033 clipeos
1537 992 1571 1026 M
1596 1009 1632 1016 —
1665 993 1700 1026 7.
1723 993 1937 1027 adseveravit
1962 993 2032 1026 Iac.

237 1053 450 1087 Gronovius:
476 1050 653 1085 adserauit
673 1059 727 1093 pr.
753 1050 804 1090 M;
831 1049 980 1083 adseruit
1002 1057 1094 1082 corr.
1120 1048 1165 1082 M.

235 1172 352 1206 Valer.
377 1172 468 1206 Max.
492 1172 532 1212 2,
558 1171 597 1212 8,
623 1171 664 1204 7:
696 1171 847 1204 Ceterum
875 1171 921 1203 ad
950 1178 1109 1211 quercum

228 1232 360 1266 pronae
381 1230 503 1255 manus
519 1223 762 1264 porriquntur,
792 1221 849 1253 ubi
872 1220 911 1252 ob
934 1221 1021 1253 cives
1042 1229 1110 1252 ser-

234 1276 331 1306 vatos
353 1281 478 1305 corona
500 1273 614 1305 danda
635 1274 700 1312 est,
726 1280 795 1312 qua
810 1274 922 1312 postes
940 1270 1110 1313 Augustae

235 1324 351 1356 domus
383 1323 583 1364 sempiterna
613 1322 726 1364 gloria
754 1321 971 1362 triumphant.
1008 1319 1106 1353 ovid.

235 1375 329 1408 Fast.
348 1374 379 1413 4,
397 1373 478 1407 544ε
504 1374 635 1415 Auqeat
656 1372 833 1415 (Iuppiter)
855 1372 1032 1413 imperium
1046 1380 1110 1403 no-

235 1426 298 1458 stri
320 1425 431 1465 ducis,
456 1428 581 1466 auqeat
602 1433 722 1463 annos,
752 1425 909 1466 Proteqat
930 1427 961 1456 et
981 1426 1111 1455 vestras

234 1485 365 1517 querna
396 1484 523 1508 corona
552 1476 653 1516 fores.
694 1475 746 1508 Cf.
776 1474 861 1507 ibid.
895 1474 933 1514 4,
965 1474 1041 1507 953.
1070 1491 1106 1496 —

234 1527 331 1559 ludos
353 1528 514 1559 circenses
536 1525 618 1567 cet.]
648 1526 709 1567 qui
739 1526 853 1558 honos
878 1525 943 1558 diis
967 1523 1109 1557 habitus

236 1578 273 1610 et
296 1577 356 1617 qui
379 1576 516 1609 divinos
539 1575 668 1609 deinde
692 1576 846 1609 honores
871 1576 986 1609 meriti
1008 1575 1109 1607 vide-

235 1626 380 1660 bantur.
414 1627 525 1660 Notae
555 1627 638 1659 sunt
659 1626 694 1658 in
720 1626 773 1659 his
796 1625 888 1659 ludis
912 1629 1040 1666 tensae,
1074 1626 1110 1658 et

236 1677 418 1710 eburneae
448 1679 484 1710 et
514 1678 720 1719 argenteae,
758 1677 887 1719 quibus
921 1675 1108 1710 simulacra

235 1729 281 1763 ad
303 1727 467 1771 pulvinar
488 1728 724 1761 vehebantur.
749 1730 920 1771 Pompam
945 1736 1024 1760 eam
1049 1727 1110 1760 de-

235 1779 359 1813 scribit
392 1779 538 1820 Dionys.
574 1778 682 1811 Halic.
715 1779 752 1817 7,
790 1779 843 1811 72.
890 1780 928 1811 In
963 1777 1108 1819 reliquis

236 1829 371 1862 decreti
404 1827 548 1870 legitur:
585 1828 778 1861 SENATVI.
810 1828 1012 1861 PLACERE.
1045 1828 1112 1859 VTI

234 1878 452 1911 imAGINES.
487 1879 784 1911 PONERENTVR.
819 1896 856 1902 —
893 1880 1015 1920 flamen
1049 1881 1111 1910 aut

235 1938 348 1971 augur
376 1931 411 1961 in
441 1929 550 1961 locum
574 1929 775 1971 Germanici]
811 1929 1043 1962 Germanicus
1074 1930 1109 1961 et

235 1989 348 2021 augur
382 1981 458 2012 erat
492 1981 527 2012 et
561 1980 692 2012 flamen
724 1981 880 2021 Augusti.
919 1979 970 2012 Cf.
996 1980 1106 2012 Inscr.

234 2031 309 2064 Lat.
334 2039 369 2062 n.
396 2029 494 2063 3064.
530 2030 730 2063 Mommsen
758 2031 784 2062 I.
810 2030 849 2062 R.
874 2030 915 2062 N.
941 2038 976 2061 n.
1002 2029 1105 2063 2395:

235 2081 435 2115 Germanico
459 2081 596 2114 Caesari
622 2081 666 2113 Ti.
691 2081 716 2122 f.
735 2081 805 2113 divi
823 2081 965 2122 Auqusti
987 2090 1020 2113 n.
1040 2081 1109 2113 divi

232 2132 300 2166 Iuli
316 2132 509 2174 pronepoti,
535 2132 661 2174 au9uri
675 2133 768 2175 flam.
786 2132 962 2174 Auyustal.
981 2141 1046 2164 cos.
1064 2133 1105 2164 II.

232 2182 309 2223 imp.
330 2182 372 2214 ΙΙ.
398 2183 434 2215 L.
460 2183 641 2215 Mammius
662 2183 838 2216 Maximus
854 2192 890 2223 p.
910 2191 935 2214 s.
966 2183 1004 2215 Ei
1029 2191 1109 2214 suc-

235 2233 343 2266 cessit
369 2233 506 2266 Drusus
536 2233 643 2266 frater
677 2233 874 2275 adoptivus.
913 2233 963 2266 Cf.
993 2234 1104 2266 Inscr.

233 2283 308 2316 Lat.
330 2292 365 2315 n.
387 2283 463 2315 24⁴.
483 2283 558 2316 652.
581 2301 618 2308 —
644 2292 746 2316 arcus
769 2283 885 2325 additi]
910 2284 948 2315 ln
973 2283 1107 2315 decreti

233 2331 390 2374 reliquiis
414 2334 659 2365 memorantur
681 2333 798 2366 adhuc
820 2333 956 2366 ALTER
979 2333 1109 2365 IANVS

231 2383 447 2417 FIERET--
465 2383 640 2416 TERTIVS
653 2383 792 2416 IANVS.
819 2384 962 2416 Sueton.
982 2381 1104 2416 Claud.

234 2434 248 2466 4
265 2443 273 2466 z
300 2434 477 2466 Praeterea
491 2437 627 2466 senatus
642 2434 729 2466 inter
744 2434 816 2466 alia
832 2435 1005 2474 complura
1016 2442 1108 2465 mar-

231 2492 383 2516 moreum
412 2492 530 2515 arcum
561 2492 635 2515 cum
664 2486 810 2524 tropaeis
838 2483 899 2515 via
919 2483 1027 2524 Appia
1049 2483 1107 2514 de-

233 2534 346 2566 crevit.
377 2552 411 2558 —
436 2533 574 2575 Amano]
600 2535 703 2566 Tauri
725 2534 856 2567 montis
879 2533 1026 2566 brachio
1049 2542 1107 2566 us-

233 2593 304 2626 que
328 2584 372 2617 ad
397 2585 612 2626 Euphratem
637 2586 821 2627 porrecto,
847 2585 952 2617 hodie
976 2585 1103 2624 Lulcan,

233 2634 307 2668 aliis
330 2635 466 2668 Areuna
488 2644 516 2667 s.
535 2637 644 2668 Monte
660 2637 694 2668 di
709 2636 936 2668 Scanderona.
970 2635 1107 2676 Delegit

232 2686 378 2720 senatus
417 2684 537 2718 locum
575 2687 731 2728 undique
769 2687 923 2720 maxime
962 2686 1104 2728 conspi-

232 2744 351 2769 cuum.
379 2754 416 2759 —
449 2736 606 2778 tribunal]
643 2737 893 2777 Trauerbu'hne,
918 2738 1104 2778 suggestus

232 2787 375 2828 editior,
409 2789 595 2828 arcuatus,
629 2789 703 2821 sine
732 2788 840 2821 dubio
867 2796 948 2820 cum
977 2788 1105 2820 inscri-

230 2839 370 2882 ptione,
396 2846 487 2879 quae
512 2838 639 2870 decreto
662 2842 801 2879 patrum
820 2838 1003 2879 permissas
1019 2846 1106 2878 pro-

228 2890 362 2922 vincias
397 2887 570 2928 maiusque
606 2889 783 2929 imperium
817 2889 884 2921 cet.
923 2889 1019 2929 (cap.
1043 2887 1103 2928 43)

230 2938 543 2971 commemoraret.
581 2937 744 2970 Similiter
766 2938 915 2970 tribunal
937 2938 972 2970 in
996 2938 1106 2969 hono-

228 2988 330 3022 ribus
361 2986 570 3021 funebribus
601 2988 655 3019 est
683 2989 811 3020 Inscrr.
837 2989 911 3020 Lat.
937 2997 972 3020 n.
997 2985 1102 3020 4548:

227 3040 264 3072 P.
288 3038 443 3072 AELIVS
473 3037 746 3071 VENERIANVS
773 3038 859 3071 HOC
884 3038 961 3071 VAS
982 3037 1104 3071 DISO·

228 3090 332 3123 MVM
364 3089 451 3122 SIBI
480 3088 537 3122 ET
567 3088 803 3121 FELICITATI
829 3089 940 3121 SVAE
969 3089 1103 3130 (uxori)

228 3140 379 3174 POSVIT
398 3140 456 3172 ΕΤ
477 3138 684 3172 TRIBVNAL
699 3139 761 3170 EX
773 3139 986 3171 PERMISSV
1000 3139 1104 3171 PON—

230 3190 307 3223 TIF.
332 3190 547 3223 PERFECIT.
573 3190 609 3222 et
631 3189 727 3221 Grut.
750 3188 826 3227 725,
852 3188 888 3220 7:
915 3189 999 3220 HOS
1020 3190 1103 3221 DE-

230 3240 441 3273 GVRIONES
462 3240 637 3273 FVNERE
658 3238 833 3271 PVBLICO
856 3239 918 3270 DE
941 3239 1050 3270 FORO
1075 3240 1102 3270 E

231 3290 459 3322 TRIBVNALI
478 3288 766 3322 EFFERENDOS
779 3288 837 3320 ET
850 3287 921 3320 HIC
933 3288 965 3320 H
968 3288 1102 3320 VMAN-

229 3339 317 3373 DOS
339 3339 459 3372 GENS.
498 3339 576 3373 «Ad
610 3337 877 3381 significandam
908 3337 1102 3379 imperato-

227 3390 317 3424 riam
352 3390 549 3423 Germanici
584 3389 811 3432 dignitatem3
846 3397 917 3421 non
952 3387 1101 3430 simplex

1160 1167 1342 1209 cumulus,
1375 1167 1517 1211 qualem
1541 1169 1724 1202 Ernestius
1750 1170 1868 1212 putat,
1901 1169 1965 1203 sed
1989 1170 2034 1203 ad

1158 1220 1311 1253 formam
1345 1218 1530 1253 tribunalis
1566 1220 1757 1253 castrensis
1793 1222 2032 1254 exstructus.»

1159 1270 1300 1303 WALru.
1326 1264 1356 1294 -ἑ
1378 1269 1605 1312 Epidaphnae]
1624 1271 1768 1312 proprie
1784 1268 1936 1314 Δάφνη,
1953 1270 2038 1303 sub-

1159 1319 1303 1353 urbium
1338 1321 1439 1362 quasi
1472 1320 1678 1353 Antiochiae
1708 1320 1753 1353 ab
1783 1321 1852 1354 hac
1881 1321 2044 1364 quadra->

1159 1371 1251 1412 ginta
1270 1370 1382 1403 stadia
1400 1370 1551 1411 distans,
1578 1380 1598 1403 a
1614 1379 1686 1413 quo
1702 1371 1812 1403 Latini
1828 1371 2038 1405 Antiochiam

1157 1421 1297 1457 liberam
1318 1421 1548 1462 Epidaphnes,
1575 1422 1698 1454 Graeci
1721 1421 1784 1455 ἐπὶ
1805 1419 1958 1469 Δάφνῃ,
1983 1431 2037 1455 co·

1158 1471 1399 1513 gnominabant
1423 1471 1520 1512 (Plin.
1542 1473 1584 1505 N.
1604 1472 1645 1505 H.
1663 1473 1696 1512 5,
1722 1473 1743 1514 S
1767 1473 1833 1513 79),
1859 1475 1899 1506 ut
1921 1482 1941 1505 a
1965 1473 2036 1506 cir-

1159 1523 1247 1555 citer
1278 1522 1481 1564 quindecim
1512 1522 1588 1556 aliis
1617 1523 1810 1556 Antiochiis
1839 1523 2036 1565 distingue-

1158 1574 1249 1605 rent.
1279 1573 1401 1614 ltaque
1418 1581 1489 1605 non
1506 1575 1638 1615 pugnat
1654 1582 1737 1606 cum
1753 1574 1873 1606 Tacito
1888 1574 2033 1607 Sueton.

1159 1622 1267 1665 Calig.
1287 1623 1319 1663 4,
1340 1623 1399 1665 qui
1415 1623 1620 1658 Antiochiae
1639 1624 1891 1658 Germanicum
1914 1623 2034 1665 obisse

1159 1673 1276 1707 tradit.
1307 1691 1342 1696 -—-
1374 1673 1572 1715 colerentur]
1613 1674 1689 1707 eius
1725 1675 1861 1708 statuae
1894 1673 2036 1707 libatio-

1159 1724 1277 1758 nibus.
1317 1743 1353 1748 -
1391 1724 1530 1766 clipeus]
1570 1725 1783 1758 honorarius
1829 1734 1913 1758 cum
1958 1726 2034 1760 eius

1158 1777 1321 1818 protome
1357 1784 1400 1807 ex
1433 1777 1573 1808 vetusto
1607 1774 1664 1808 illo
1700 1785 1800 1808 more
1832 1777 2034 1809 Poenorum

1159 1826 1266 1868 (teste
1298 1827 1391 1858 enim
1424 1827 1518 1858 Livio
1546 1827 1608 1867 25,
1635 1826 1676 1859 39
1705 1827 1738 1859 in
1770 1828 1869 1868 parta
1900 1827 2034 1869 praeda

1158 1876 1222 1909 fuit
1245 1875 1378 1919 clipeus
1399 1878 1589 1919 argenteus
1605 1877 1725 1919 pondo
1743 1878 1935 1911 CXXXVIII
1951 1887 2033 1912 cum

1158 1927 1309 1968 imagine
1326 1927 1462 1959 Barcini
1479 1925 1725 1965 Hasdrubalis)
1743 1928 1780 1960 et
1794 1928 2034 1962 Romanorum

1158 1978 1230 2009 iam
1260 1976 1342 2009 inde
1373 1976 1418 2009 ab
1450 1977 1562 2019 Appio
1595 1976 1802 2011 Claudioa.
1835 1986 1871 2011 u.
1897 1987 1928 2012 c.
1953 1978 2031 2011 259.

1158 2026 1244 2061 Plin.
1270 2029 1311 2060 N.
1338 2028 1379 2060 H.
1406 2028 1460 2068 35,
1487 2028 1566 2070 §⁴2
1583 2037 1660 2070 sqq.
1693 2029 1890 2071 Supersunt
1911 2028 2033 2062 talium

1159 2078 1356 2120 clipeorum
1392 2078 1564 2119 imagines
1602 2079 1637 2111 in
1671 2078 1797 2111 Bronzi
1831 2079 2034 2112 d'Ercolano

1158 2131 1194 2163 T.
1221 2130 1254 2168 I,
1285 2129 1370 2161 item
1394 2128 1429 2160 in
1454 2136 1601 2160 nummo
1625 2129 1770 2169 Augusti
1793 2137 1825 2161 a.
1849 2137 1886 2161 u.
1905 2138 1935 2161 c.
1955 2129 2030 2162 738.

1157 2177 1358 2217 EckhelV1‚
1373 2187 1409 2220 p.
1422 2178 1484 2210 403
1499 2177 1623 2210 collata
1637 2187 1671 2220 p.
1684 2179 1740 2211 42⁴
1753 2204 1760 2218 ,
1775 2177 1835 2210 ubi
1848 2179 1882 2211 S.
1897 2180 1931 2211 P.
1946 2180 2031 2220 Q.R.

1158 2230 1219 2263 CL.
1232 2230 1267 2262 V.
1279 2228 1444 2271 (clupeum
1455 2229 1601 2271 virtutis)
1614 2229 1732 2262 eidem
1746 2229 1916 2262 decernit.
1932 2230 2032 2264 Adde

1158 2281 1274 2312 Osann
1299 2277 1427 2320 Syllog.
1453 2279 1565 2311 Inscr.
1591 2279 1632 2319 V,
1659 2280 1672 2311 4
1700 2288 1736 2321 p.
1754 2279 1830 2312 245.
1857 2281 1964 2322 atque
1983 2281 2035 2314 in-

1158 2330 1255 2371 spice
1281 2329 1463 2362 Ciceronis
1480 2328 1633 2370 effigiem
1653 2328 1711 2361 tali
1729 2328 1842 2371 clipeo
1858 2329 2032 2364 inclusam

1158 2379 1252 2422 apud
1275 2379 1431 2412 Visconti
1461 2380 1614 2421 Iconoqr.
1641 2381 1732 2413 Rom.
1759 2380 1843 2413 Tab.
1869 2381 1940 2413 XII.
1979 2381 2030 2415 Cf.

1158 2429 1283 2463 Gurlitt
1317 2428 1547 2471 Archaeolog.
1587 2430 1685 2463 Schr.
1722 2439 1758 2473 p.
1791 2431 1854 2464 489
1884 2440 1965 2474 sqq.
1989 2451 2034 2457 —-

1157 2485 1308 2515 auctores
1329 2480 1546 2522 eloquentiae]
1572 2482 1778 2523 exquisitius
1802 2491 1866 2524 pro
1882 2483 2034 2515 oratori-

1156 2533 1224 2566 bus
1247 2531 1453 2564 illustribus.
1480 2532 1536 2564 Sic
1553 2540 1583 2564 e.
1602 2532 1643 2564 37
1667 2533 1833 2567 Hortensii
1847 2535 1936 2566 inter
1950 2542 2033 2566 ora-

1156 2587 1243 2616 tores
1265 2583 1365 2614 sitam
1386 2582 1568 2623 imaginem
1583 2584 1771 2614 memorat.
1800 2582 2030 2625 Eloquentiae

1157 2632 1356 2665 Germanici
1378 2632 1478 2664 testis
1502 2631 1644 2664 Ovidius
1668 2633 1758 2666 Fast.
1785 2634 1816 2674 4,
1842 2633 1904 2664 2⁴:
1938 2634 2032 2673 Quae

1154 2686 1198 2717 sit
1219 2684 1307 2716 enim
1330 2682 1410 2714 culti
1431 2682 1592 2723 facundia
1614 2684 1776 2718 sensimus
1796 2684 1882 2723 oris,
1916 2683 2031 2716 Civica

1150 2743 1215 2774 pro
1238 2734 1375 2774 trepidis
1396 2741 1471 2764 cum
1490 2733 1567 2765 tulit
1584 2741 1685 2764 arma
1698 2733 1776 2764 reis.
1803 2733 1945 2765 Sueton.
1965 2733 2031 2766 Ca-

1155 2785 1212 2828 lig.
1238 2785 1276 2817 3:
1312 2785 1483 2825 ingenium
1515 2783 1551 2815 in
1585 2786 1728 2823 utroque
1758 2782 1809 2825 (et
1833 2784 1966 2816 Graeco
1994 2786 2029 2817 et

1155 2835 1286 2875 Latino)
1311 2834 1517 2874 eloquentiae
1535 2833 1773 2873 doctrinaeque
1786 2841 1906 2874 genere
1924 2842 2030 2874 prae-

1153 2887 1280 2919 cellens.
1298 2903 1318 2909 -
1333 2902 1353 2908 -
1376 2884 1495 2916 Oravil
1529 2891 1651 2916 causas
1683 2884 1784 2916 etiam
1817 2884 2031 2925 triumphalis

1154 2939 1255 2977 atque
1282 2937 1372 2969 inter
1394 2937 1506 2966 cetera
1527 2934 1716 2966 studiorum
1736 2938 1951 2966 monumenta
1971 2943 2029 2967 re-

1152 2986 1252 3027 liquit
1272 2986 1374 3018 etiam
1389 2983 1573 3016 comoedias
1588 2983 1748 3016 Graecas.
1772 2984 1913 3023 Aratea,
1935 2991 2027 3025 quae

1154 3036 1357 3079 supersunt,
1373 3036 1493 3067 utrum
1510 3034 1542 3067 ei
1559 3033 1745 3066 tribuenda
1765 3034 1845 3074 sint,
1865 3042 1910 3066 au
1927 3033 2028 3067 Clau-

1153 3087 1211 3120 dio
1244 3086 1405 3126 Caesari,
1441 3084 1560 3118 adhuc
1588 3084 1790 3126 ambigitur.
1816 3101 1854 3108 —
1890 3085 2027 3128 veteres]

1153 3138 1235 3170 ante
1260 3136 1407 3178 Augusti
1430 3136 1604 3174 aetatem,
1636 3134 1683 3167 ita
1714 3135 1753 3166 ut
1775 3142 1908 3176 suppar
1930 3137 2027 3168 esset

1154 3188 1296 3228 Catoni,
1322 3186 1502 3227 Gracchis,
1529 3185 1730 3225 Hortensio,
1748 3185 1921 3225 Ciceroni,
1939 3186 2027 3218 Cae-

1153 3239 1233 3271 sari.
1263 3257 1300 3262 —
1337 3236 1488 3278 cuneum]
1523 3239 1715 3278 Perperam
1749 3234 1847 3268 multi
1882 3237 2026 3270 vertunt

1153 3288 1388 3328 Geschwader,
1420 3288 1591 3320 escadron.
1635 3285 1778 3327 Equites
1809 3286 1928 3318 autem
1958 3294 2025 3328 per

1152 3346 1285 3370 cuneos
1310 3337 1526 3380 compositos
1549 3343 1648 3375 esse,
1675 3335 1753 3377 quis
1776 3343 1947 3377 umquam
1963 3344 2025 3368 au-

1151 3387 1263 3420 divit?
1296 3388 1347 3420 Tu
1380 3396 1466 3420 vero
1501 3385 1634 3429 explica
1666 3394 1710 3422 ex
1737 3385 1894 3418 Vitruvio
1920 3386 1953 3426 δ,
1979 3386 2016 3419 6:
