2254 3770
717 295 720 299 ·
753 294 909 340 Lmen
935 294 1002 339 v1.
1046 293 1147 352 cap.
1176 292 1490 340 sozimi-tas:
1900 293 1977 337 304

205 405 307 464 quia
328 409 525 448 nostrum
553 403 597 446 in
625 401 989 446 modumdei'erre
1008 413 1183 450 census,
1214 401 1301 458 pati
1330 400 1487 444 tributa
1513 399 1783 458 adigebatur.
1814 399 1858 443 in
1887 400 1985 457 iuga

204 480 328 525 Tauri
360 478 521 522 montis
557 477 801 526 abscessit,·
825 476 1110 534 locorumque,
1133 475 1312 534 ingenio
1341 487 1448 520 sese'v
1468 482 1617 520 contra
1649 473 1842 519 imbelles
1871 476 1985 532 regis

204 555 350 614 copias
376 553 787 603 tutabatur,-donec·
803 553 855 595 M.
876 551 1110 596 Trebellius
1139 550 1316 608 legatus,
1346 564 1377 594 a·
1395 550 1570 602 Vitellio,
1599 551 1799 609 praeside
1820 551 1984 609 Syriae,

202 644 306 675 cum·
334 636 538 688 quattuor
575 628 748 672 milibus
774 627 1115 685 ,legionariorum
1154 633 1198 670 et
1227 625 1411 670 ‘delectis
1448 626 1617 670 auxiliis
1659 627 1834 676 missus,
1875 626 1986 670 duos

202 705 323 750 collis
355 719 467 764 quos
495 705 666 760 barbari
696 703 944 748 insederant
973 702 1140 759 (minori
1170 700 1326 751 Cadra,
1367 701 1497 745 alteri·
1525 699 1876 749 Davara‘nomen
1906 702 2017 758 est)5

202 781 406 840 operibus
445 779 728 825 circumdedit
765 785 808 823 et
844 791 1073 836 erumpere
1094 790 1232 822 :ausos
1261 776 1394 827 ferro,
1426 783 1595 821 ceteros
1623 777 1690 821 siti
1720 777 1774 822 ad
1805 777 1987 822 deditio-

202 870 302 901 nem
331 856 482 914 coegit.
648 854 650 857 ’
847 870 850 872 ·
1082 867 1086 888 ³
1732 862 1734 864 ’
1866 886 1868 889 ψ
1900 864 1902 866 ·

315 933 367 976 At
402 931 608 975 Tiridates
647 929 888 974 volentibus
916 927 1081 973 Parthis
1108 927 1411 985 Nicephorium
1441 934 1484 972 et
1511 924 1844 973 Anthemusiada
1872 935 1987 973 cete-

203 1021 363 1066 rasque
387 1006 534 1056 urbes,
566 1019 682 1064 quae
702 1004 1007 1049 Macedonibus
1027 1003 1134 1047 sitae
1155 1003 1319 1048 Graeca
1336 1003 1546 1048 vocabula
1565 1011 1783 1062 usurpant,
1813 1004 1988 1049 Halum-

203 1097 290 1141 que
321 1089 364 1126 et
391 1081 653 1131 Artemitam,
671 1079 880 1124 Parthica
900 1079 1078 1137 oppida,
1112 1079 1285 1137 recepit,
1318 1079 1579 1124 certantibus
1597 1080 1755 1137 gaudio
1774 1080 1847 1138 qui
1868 1081 2038 1125 Arta-10

204 1158 379 1202 banum-
405 1156 586 1216 Scythas
627 1156 739 1200 inter
780 1156 983 1200 eductum
1022 1154 1078 1198 ob
1117 1155 1338 1198 saevitiam
1376 1155 1584 1199 exsecrati
1629 1169 1752 1200 come
1793 1156 1988 1199 Tiridatis

197 1233 421 1291 ingenium
438 1234 659 1276 Romanas
687 1244 767 1289 per
795 1237 910 1274 artes
937 1229 1178 1288 sperabant.
1212 1229 1294 1287 (42)
1309 1231 1542 1288 plurimum
1557 1230 1819 1275 vadulationis
1839 1231 1988 1275 Seleu-

204 1322 358 1353 censes
377 1307 569 1357 induere,
601 1307 749 1351 civitas
768 1312 932 1364 potens,
955 1312 1104 1364 saepta
1122 1306 1282 1356 muris,
1298 1319 1442 1364 neque
1458 1303 1505 1349 in
1523 1303 1755 1350 barbarum
1775 1313 1986 1365 corrupta,

204 1385 282 1429 sed
321 1383 554 1428 conditoris
589 1381 988 1426 Seleucia-retinens.
1032 1381 1208 1426 trecenti
1239 1381 1399 1439 opibus⁴
1424 1389 1497 1425 aut
1524 1382 1732 1440 sapientia
1761 1381 1913 1426 delecti
1943 1389 1990 1426 ut

200 1466 402 1511 senatus3
434 1473 511 1502 sua
526 1457 691 1516 ¹populo
711 1458 788 1501 vis.
820 1463 862 1501 et
890 1457 1088 1515 quotiens
1119 1456 1357 1501 concordes
1377 1463 1522 1515 agunt,
1554 1457 1769 1515 spernitur
1787 1457 1986 1502 Parthus:
2002 1471 2040 1502 ⁴5

207 1535 277 1579 ubi
307 1535 570 1584 dissensere,
603 1533 707 1577 dum
738 1533 820 1577 sibi
849 1533 1034 1591 quisque
1065 1539 1211 1577 contra
1240 1531 1433 1576 aemulos
1457 1532 1697 1576 subsidium
1717 1542 1886 1582 vocant,
1918 1546 1990 1578 ac·-

207 1611 315 1656 citus
353 1610 395 1653 in
432 1616 592 1668 partem
633 1610 862 1653 adversum
897 1609 1035 1652 omnis
1064 1607 1252 1652 valescit.
1295 1607 1339 1651 id
1368 1621 1506 1666 nuper
1536 1608 1751 1652 acciderat
1778 1609 1989 1653 Artabano

205 1692 429 1744 regnante,
469 1685 543 1743 qui
582 1684 754 1743 plebem
793 1683 1050 1742 primoribus
1080 1683 1251 1727 tradidit
1280 1697 1333 1727 ex
1361 1697 1442 1727 suo
1470 1697 1575 1728 usu:
1609 1698 1708 1728 nam
1735 1684 1882 1743 populi
1912 1685 1992 1728 im-

205 1762 374 1820 perium
401 1761 517 1804 iuxta
543 1759 799 1811 libertatem,
831 1773 1069 1817 paucorum
1097 1758 1331 1803 dominatio
1361 1759 1506 1816 regiae
1526 1758 1707 1803 libidini<
1716 1761 1894 1818 propior
1911 1767 1989 1804 est.

206 1844 296 1881 tum
331 1837 626 1880 adventantem
666 1835 878 1879 Tiridaten
908 1834 1112 1879 extollunt
1139 1841 1335 1879 veterum
1363 1848 1514 1892 regum
1543 1835 1776 1880 honoribus
1806 1832 1848 1880 et
1879 1838 1989 1895 quos
2000 1842 2040 1885 30

271 1995 311 2028 9.
327 1986 458 2036 quaen
479 1993 710 2027 Macedonibus
731 1994 897 2027 Faernus.
919 2011 951 2019 -
967 1994 1032 2034 ·40.
1051 1993 1207 2035 parthico
1229 1994 1263 2027 Μ
1288 2010 1324 2018 -
1348 1993 1559 2026 arcabanum
1579 1994 1613 2027 M
1632 2010 1676 2022 ··-
1700 1995 1754 2028 43.
1777 1998 1869 2037 septa
1895 1996 1932 2030 M
1949 2013 1986 2022 -

207 2052 261 2085 45.
285 2052 412 2093 quoties
433 2050 469 2083 h.
494 2049 516 2082 l.
541 2050 574 2083 M
598 2067 633 2073 -
657 2050 826 2091 spernitur
847 2050 1053 2083 Rhenanus:
1078 2054 1281 2091 spernuntur
1303 2051 1336 2083 M
1358 2067 1402 2074 --
1425 2050 1479 2083 47.
1503 2047 1574 2083 offis
1594 2051 1639 2084 M.

203 2182 320 2226 pedus]
351 2182 410 2216 cr..
429 2157 559 2215 insen.
583 2182 671 2215 batt.
695 2155 730 2215 n.
756 2181 838 2215 639:
870 2182 997 2214 Pudens
1023 2182 1071 2215 M.

1122 2181 1238 2224 βασις
1259 2180 1328 2216 τοῦ
1351 2179 1560 2230 Εὐφράτου
1582 2181 1682 2217 κατὰ
1697 2182 1769 2228 τήν
1786 2181 1990 2228 Ἀνθεμου-

207 2234 321 2275 Lepidi
343 2233 364 2266 l.
391 2232 558 2274 (libertus)
576 2233 836 2274 ,grammaticus
873 2233 1076 2265 Procurator

1123 2234 1213 2268 σίαν
1235 2233 1340 2268 ἐστὶν
1361 2230 1514 2276 αὐτοῖς,
1537 2232 1658 2269 τόπον
1681 2232 1751 2279 τῆς
1765 2236 1991 2271 Μεσοποτα-

208 2292 302 2324 eram
321 2283 464 2324 Lepidae
485 2290 657 2323 moresque
678 2282 852 2324 reyeboem:
874 2283 966 2319 Dum
987 2283 1074 2323 vioei,

208 2335 332 2367 mansit
354 2333 507 2366 caesaris
528 2333 589 2366 illa
609 2341 728 2365 nurus.
751 2332 857 2375 (Vide
880 2333 925 2365 ad
944 2332 982 2376 fif,
1008 2331 1074 2373 ⁴2.)

209 2384 393 2425 Philoloyus
415 2383 604 2423 discipulus.

253 2434 307 2467 4⁴.
333 2434 496 2467 Clitarum
517 2435 610 2467 natio
627 2434 813 2475 Cappadoci
827 2433 987 2466 Archelao
1001 2432 1077 2465 sub-

208 2484 306 2525 iecta]
330 2483 439 2517 Clitae
462 2484 516 2523 42,
534 2485 576 2517 55
599 2487 746 2526 agrestes
761 2483 878 2517 Cilices
890 2484 1074 2524 vocantur,

210 2535 349 2569 Ciliciae
373 2534 552 2568 Tracheae
583 2535 657 2567 sive
680 2534 910 2567 Trachiotidis
937 2534 1077 2566 habita-

210 2587 325 2623 tores;
351 2592 384 2617 v.
403 2583 528 2616 Strabo
551 2583 606 2623 44»,
630 2585 663 2624 5,
689 2584 710 2617 6
733 2584 768 2616 et
791 2584 845 2624 ⁴2,
871 2584 902 2623 4,
920 2582 953 2616 4».
979 2584 1077 2616 Hanc

210 2635 350 2669 Ciliciae
374 2635 525 2677 partem,
550 2634 593 2667 ad
611 2643 711 2667 oram
727 2634 946 2667 maritimam
958 2635 1074 2674 sitam,

210 2686 319 2728 atque
340 2685 601 2727 Cappadociam
624 2684 708 2717 olim
726 2683 918 2717 Archelaus
941 2683 987 2716 ab
1008 2686 1077 2716 Au·-

209 2736 313 2777 gusto
331 2736 536 2776 acceperat
567 2733 844 2772 moderandam;
882 2742 916 2766 v.
945 2732 1076 2765 Strabo

210 2785 297 2818 locis
316 2784 478 2818 indicatis
493 2787 530 2818 et
543 2785 608 2818 Dio
623 2784 678 2824 54,
696 2785 735 2817 9.Ἰ
753 2783 822 2817 Sed
844 2785 1077 2826 posteaquam

210 2834 405 2869 Archelaus
432 2834 490 2868 ille
513 2836 584 2868 vita
616 2835 724 2868 cessit
753 2835 875 2876 primis
896 2835 998 2867 annis
1020 2834 1078 2867 Ti-

211 2886 302 2919 berii
331 2886 499 2928 principis
531 2886 574 2926 (2,
598 2885 640 2919 42
665 2887 700 2918 et
721 2885 794 2926 256),
827 2885 1078 2927 Cappadocum

212 2939 310 2970 terra
327 2936 363 2969 in
377 2936 579 2978 provinciae
597 2935 748 2969 formam
763 2934 906 2969 redacta
920 2937 1076 2969 Romano

212 2977 362 3028 imperio
385 2985 552 3025 accessit,
577 2984 643 3019 sed
658 2986 830 3027 Asperam
847 2983 1003 3019 Ciliciam
1019 2984 1077 3018 hic

213 3033 418 3075 Archelaus,
442 3034 568 3076 prioris
590 3033 681 3068 filius
697 3033 757 3068 vel
775 3042 898 3076 nepos,
921 3033 1075 3067 retinuit.

214 3086 351 3129 errsn.
373 3101 410 3108 —
435 3087 585 3118 nostrum
614 3084 650 3116 in
675 3084 826 3129 modum]
861 3083 897 3116 in
929 3083 1077 3117 modum

214 3134 476 3178 provinciarum
509 3135 757 3167 Romanarum.
797 3151 833 3157 -
869 3134 1079 3174 locomamque

213 3183 357 3227 inqendo]
379 3182 467 3216 Vide
484 3183 530 3216 ad
545 3183 578 3224 3,
594 3183 650 3216 26.
669 3200 705 3206 —
726 3182 828 3225 [erro]
852 3191 916 3225 per
929 3191 1076 3224 zeugma

215 3241 261 3268 ex
281 3233 512 3276 sequentibus
535 3232 623 3267 elice
641 3232 836 3279 «domum»
860 3230 935 3267 aliis
951 3232 1076 3272 caesis,

216 3282 291 3316 aliis
313 3284 436 3326 captis.
463 3300 500 3307 ——
530 3281 780 3324 Nicephorium]
812 3281 940 3315 urbem
962 3281 1078 3315 Meso-

216 3333 403 3374 potamiae,
427 3331 615 3365 Alexandri
634 3332 678 3365 M.
696 3331 795 3364 iussu
810 3329 998 3369 conditam,
1016 3329 1077 3362 ubi

216 3380 356 3414 Bilacha
377 3382 414 3415 fl.
438 3383 473 3414 in
503 3382 717 3425 Euphratem
738 3380 861 3414 influit.
891 3397 926 3404 —
957 3380 1078 3412 Anche-

215 3432 379 3474 Μαάθ]
402 3432 528 3467 Strabo
548 3434 606 3475 46,
623 3433 656 3475 4,
673 3432 734 3466 27:
759 3427 786 3474 ἦ
807 3429 880 3474 μὲν
902 3424 973 3464 οὖν
994 3427 1079 3463 διά·-

1122 2286 1227 2328 μιας.
1257 2285 1504 2318 Anthemusiam
1531 2287 1636 2320 vocat
1666 2287 1772 2320 etiam
1796 2286 1925 2322 Plinius
1947 2290 1989 2323 N.

1125 2336 1166 2368 H.
1192 2337 1212 2368 5
1235 2335 1255 2378 g
1278 2336 1332 2368 86.
1365 2335 1616 2370 Anthemuntem
1637 2337 1734 2370 idem
1757 2338 1776 2370 6
1803 2339 1823 2381 5
1848 2339 1922 2372 448.
1951 2357 1987 2364 -

1125 2385 1358 2418 Macedonibus
1379 2384 1472 2427 sitae]
1498 2386 1549 2419 Cf.
1575 2386 1607 2426 3,
1630 2383 1690 2420 38:
1715 2383 1893 2429 urbemque
1908 2382 1992 2422 Phi-

1124 2436 1329 2477 lippopolim,
1365 2444 1387 2468 a
1421 2437 1598 2469 Macedone
1625 2437 1772 2479 Philippo
1806 2439 1917 2471 sitam.
1951 2457 1988 2463 -

1124 2485 1259 2527 Halum}
1283 2485 1453 2527 oppidum
1476 2494 1497 2518 a
1511 2486 1639 2519 Tacito³
1654 2486 1991 2522 ‘solo'memoratum

1126 2535 1388 2578 Apolloniatidis
1410 2536 1562 2578 regionis
1585 2531 1761 2579 Assyriae.
1787 2556 1830 2564 —·
1847 2539 1992 2573 Artemi-

1125 2586 1204 2628 tam]
1228 2585 1355 2619 Strabo
1379 2586 1432 2626 46,
1457 2588 1490 2625 4,
1514 2587 1557 2620 4-7
1578 2596 1614 2630 p.
1632 2587 1715 2622 744:
1729 2585 1841 2623 Ἔστι
1862 2590 1904 2624 δὲ
1924 2591 1991 2624 καὶ

1123 2630 1325 2681 Ἀρτεμιτα,
1350 2634 1460 2677 πόλις
1474 2632 1678 2685 ἀξιόλογος
1694 2639 1895 2682 (Assyriae),
1915 2639 1992 2674 διέ-

1126 2695 1253 2726 χουσα
1277 2686 1553 2728 πεντακοσίους
1573 2683 1645 2731 τῆς
1656 2687 1880 2732 ’Σελευκθιας
1903 2701 1992 2724 στα-

1126 2735 1251 2778 δίους,
1284 2733 1379 2784 πρὸς
1402 2732 1452 2769 ἕω
1473 2734 1519 2770 τὸ
1542 2737 1670 2772 πλέον.
1697 2757 1734 2764 -
1765 2750 1855 2775 corne
1877 2741 1911 2775 T.
1936 2743 1991 2775 in·-

1125 2789 1259 2834 9enium
1281 2789 1318 2821 R.
1338 2795 1402 2829 per
1423 2789 1522 2831 artes]
1545 2790 1632 2822 mite
1655 2791 1692 2823 et
1711 2791 1891 2826 excultum
1907 2792 1992 2826 edu—

1127 2837 1282 2875 catione,
1308 2845 1377 2878 qua
1401 2838 1533 2870 Romae
1557 2838 1664 2873 obses
1684 2843 1880 2875 ususverat.
1986 2860 1988 2862 v

1169 2886 1223 2919 42.
1249 2886 1468 2928 Seleucenses]
1499 2887 1634 2922 incolae
1661 2884 1842 2924 Seleuciae
1865 2892 1910 2925 ad
1932 2892 1991 2924 'ri-

1127 2936 1218 2977 grim
1240 2936 1275 2968 in
1298 2936 1569 2978 Mesopotamia.v
1595 2937 1646 2971 cr.
1665 2939 1792 2973 strabo
1815 2942 1868 2981 46,
1885 2943 1917 2980 4,
1935 2935 1989 2975 46.

1131 2985 1220 3018 —in
1246 2984 1437 3027 barbarum]
1466 2986 1715 3022 adverbialiter
1736 2990 1792 3023 nin
1818 2989 1991 3024 barbaros

1127 3042 1285 3072 mores»,
1310 3035 1366 3075 εἰς
1387 3031 1432 3067 τὸ
1454 3033 1694 3083 βαρβαρικὸν
1714 3036 1990 3086 διεφθαρμένη,

1127 3081 1480 3130 ἐκβαρβαρωθεΐσα.
1519 3088 1644 3129 (Isocr.
1667 3089 1776 3131 Euag.
1802 3090 1822 3132 S
1844 3090 1912 3131 20.)
1932 3090 1989 3124 Cfi

1128 3133 1213 3166 Hist.
1230 3134 1263 3173 ὅ,
1281 3134 1320 3166 2:
1345 3138 1447 3168 aucto
1458 3137 1496 3169 in
1517 3136 1699 3171 barbarum
1714 3132 1939 3180 cognomenta*
1951 3157 1990 3166 —-

1125 3183 1279 3225 retinens]
1301 3184 1438 3219 Seleuci
1450 3188 1622 3221 Nicatoris
1637 3197 1709 3221 non
1724 3187 1839 3221 solum
1855 3186 1990 3230 gratam'

1127 3234 1353 3275 memoriam,
1385 3236 1450 3269 sed
1473 3238 1580 3270 etiam
1603 3246 1721 3271 mores
1743 3239 1988 3273 Graecanicas.

1130 3299 1167 3306 -
1189 3291 1235 3316 eze
1266 3292 1326 3316 nco
1358 3287 1440 3328 um]
1471 3295 1576 3320 suum
1607 3286 1651 3319 ad
1683 3287 1923 3323 commodum.-
1950 3297 1988 3314 ·'—

1126 3334 1227 3366 sumta
1247 3333 1442 3378 libertam]
1465 3341 1578 3378 prope
1600 3335 1703 3369 abest
1724 3345 1742 3369 a
1759 3335 1989 3372 libertate.»-

1121 3379 1310 3422 paucor'wn
1331 3385 1620 3429 dominatio-cet]
1639 3380 1923 3433 Ἀριστοκρατία
1945 3389 1990 3421 si·-

1127 3429 1243 3464 mmor
1265 3433 1320 3466 eet
1335 3442 1462 3476 regum
1477 3429 1840 3470 dominationifomuia
1847 3442 1991 3470 suear-
