2254 3770
664 331 818 376 LIBER
849 331 951 377 XIV.
996 331 1098 390 Cap.
1128 331 1196 376 62.
1228 332 1295 377 63.
1326 332 1394 377 64.
1858 333 1940 377 485

150 447 238 486 tum
260 440 310 484 >in
340 438 579 484 Sardiniam
607 438 799 497 pellitur,
839 438 913 483 ubi
945 452 1031 482 non
1059 438 1183 497 inops
1213 439 1384 484 exilium
1415 438 1609 484 toleravit
1638 445 1680 484 et
1708 439 1792 484 sato
1823 439 1938 484 obiit.

152 517 234 573 (63)
264 522 306 559 at
341 515 453 559 Nero
489 513 754 572 praefectum
782 514 825 557 in
855 528 978 572 spem
1009 513 1238 558 sociandae
1269 514 1419 559 classis
1450 521 1699 574 corruptum
1728 521 1788 567 et,
1820 515 1941 559 incu-

151 597 269 636 satae
298 589 427 649 paulo
455 596 552 634 ante
582 589 812 633 sterilitatis
841 589 1016 642 oblitus,
1049 589 1224 634 abactos
1253 597 1400 648 partus
1427 590 1689 635 conscientia
1717 590 1941 634 libidinum

151 680 290 726 eaque
320 665 402 709 sibi
433 671 649 723 comperta
674 664 814 709 edicto
835 671 1043 709 memorat
1062 665 1287 724 insulaque
1307 666 1562 711 Pandateria
1583 667 1803 711 Octaviam
1824 666 1942 711 clau-

151 742 224 786 dit.
268 755 353 785 non
383 740 465 784 alia
495 740 593 784 exul
622 740 850 784 visentium
879 740 1028 784 oculos
1058 741 1219 785 maiore
1240 741 1534 786 misericordia
1552 741 1704 786 affecit.
1735 742 1971 786 memine-is

152 823 245 861 rant
278 815 419 860 adhuc
447 815 623 874 quidam
653 815 910 873 Agrippinae
940 830 965 860 a
994 816 1180 867 Tiberio,
1223 817 1437 860 recentior
1466 816 1598 860 Iuliae
1629 817 1834 861 memoria
1864 817 1942 861 ob-

152 892 404 938 versabatur
433 905 458 936 a
479 891 656 936 Claudio
687 892 851 950 pulsae.
893 892 970 936 sed
1000 891 1083 935 illis
1113 891 1245 935 robur
1265 892 1414 936 aetatis
1435 891 1638 945 affuerat;
1669 891 1780 936 laeta
1799 891 1942 951 aliqua

151 969 345 1013 viderant
389 975 432 1011 et
473 973 743 1025 praesentem
788 967 1009 1011 saevitiam
1052 966 1242 1010 melioris
1282 966 1381 1010 olim
1421 967 1615 1012 fortunae
1645 967 1941 1012 recordatione

151 1044 401 1097 allevabant.
451 1044 551 1088 huic
585 1043 770 1101 primum
809 1043 1052 1101 nuptiarum
1082 1042 1175 1086 dies
1217 1042 1311 1086 loco
1341 1042 1502 1086 funeris
1531 1042 1627 1095 fuit,
1659 1043 1870 1088 deductae
1899 1043 1942 1087 in

152 1120 346 1171 domum,
379 1119 420 1162 in
451 1133 537 1177 qua
566 1118 665 1162 nihil
699 1119 778 1161 nisi
809 1118 1051 1162 luctuosum
1080 1116 1276 1169 haberet,
1310 1124 1460 1175 erepto
1489 1132 1569 1176 per
1587 1132 1800 1162 venenum
1819 1117 1991 1177 patrem

153 1202 196 1240 et
224 1195 363 1239 statim
393 1194 544 1247 fratre3
576 1201 664 1237 tum
695 1192 846 1238 ancilla
870 1193 1042 1237 domina
1062 1192 1240 1237 validior
1260 1199 1302 1237 et
1321 1194 1523 1251 Poppaea
1553 1207 1638 1237 non
1659 1193 1739 1237 nisi
1771 1193 1813 1236 in
1843 1207 1943 1252 per-

153 1271 308 1314 niciem
328 1270 475 1313 uxoris
497 1275 644 1327 nupta,
677 1275 895 1327 postremo
917 1269 1078 1313 crimen
1099 1268 1213 1312 omni
1234 1268 1362 1312 exitio
1383 1268 1566 1326 gravius.
1609 1268 1690 1325 (64)
1721 1282 1771 1313 ac
1801 1268 1943 1326 puella

153 1346 358 1390 vicesimo
398 1345 547 1389 aetatis
578 1358 706 1395 anno,
749 1344 859 1388 inter
887 1344 1160 1388 centuriones
1190 1349 1232 1387 et
1262 1343 1437 1395 milites,
1480 1344 1704 1402 praesagio
1735 1343 1943 1389 malorum

154 1422 239 1465 iam
278 1422 390 1465 vitae
425 1426 640 1478 exempta,
678 1419 866 1464 nondum
905 1427 1046 1463 tamen
1082 1426 1219 1462 morte
1249 1419 1564 1477 acquiescebat.
1610 1420 1760 1477 paucis
1789 1419 1945 1464 dehinc

154 1496 384 1540 interiectis
413 1495 568 1539 diebus
598 1495 705 1539 mori
737 1495 927 1546 iubetur,
961 1508 1059 1538 cum
1089 1494 1173 1538 iam
1202 1494 1376 1538 viduam
1404 1508 1452 1538 se
1483 1502 1525 1538 et
1555 1501 1714 1538 tantum
1749 1509 1942 1539 sororem
1957 1504 1994 1534 ⁴5

154 1578 380 1616 testaretur
410 1585 748 1628 communesque
779 1570 1055 1614 Germanicos
1086 1576 1128 1613 et
1157 1575 1374 1627 postremo
1395 1570 1652 1628 Agrippinae
1681 1584 1836 1614 nomen
1858 1570 1945 1614 cie-

154 1653 236 1698 ret,
268 1661 354 1706 qua
376 1646 575 1690 incolumi
596 1646 738 1689 infelix
758 1645 933 1703 quidem
954 1645 1287 1695 matrimonium,
1321 1645 1398 1688 sed
1423 1645 1516 1689 sine
1537 1645 1665 1689 exitio
1685 1645 1943 1703 pertulisset.

154 1722 422 1780 restringitur
452 1721 618 1772 vinclis,
655 1734 879 1779 venaeque
911 1720 1005 1764 eius
1035 1735 1114 1778 per
1143 1734 1293 1764 omnes
1324 1726 1439 1764 artus
1470 1719 1743 1773 exolvuntur3
1773 1727 1816 1764 et
1845 1721 1946 1779 quia

155 1807 333 1856 pressus
363 1810 522 1855 pavore
554 1796 727 1854 sanguis
758 1796 920 1839 tardius
949 1795 1183 1847 labebatur,
1216 1794 1472 1853 praefervidi
1501 1795 1641 1839 balnei
1662 1809 1822 1853 vapore
1843 1810 1946 1840 ene-

158 1876 291 1918 catur.
339 1871 596 1930 additurque
627 1871 824 1926 atrocior
842 1871 1035 1922 saevitia,
1068 1870 1185 1929 quod
1208 1877 1336 1928 caput
1365 1876 1628 1929 amputatum
1655 1870 1873 1930 latumque
1903 1871 1945 1915 in
1957 1887 1996 1917 ιο

158 1949 311 1992 urbem
340 1949 541 2005 Poppaea
572 1946 686 1990 vidit.
731 1946 842 1990 dona
873 1946 929 1990 ob
959 1946 1067 1991 haec
1095 1945 1265 2004 templis
1292 1946 1466 1990 decreta
1485 1960 1616 2004 quem
1635 1946 1691 1991 ad
1709 1946 1838 1991 finem
1856 1961 1947 1992 me-

222 2070 253 2100 4.
280 2068 474 2100 Sardiniam
496 2066 726 2100 Puteolanus:
752 2066 906 2099 sardinia
928 2067 962 2100 M
981 2084 1017 2090 —
1042 2067 1074 2099 2.
1093 2065 1139 2108 at]
1157 2067 1202 2098 ad
1224 2067 1257 2099 M
1274 2083 1309 2089 —
1329 2066 1489 2099 socianda
1502 2067 1536 2101 M
1554 2085 1589 2091 —
1608 2066 1641 2100 4.
1660 2071 1829 2108 comperta
1843 2069 1947 2102 edicto

158 2126 313 2168 Lipsius:
339 2127 503 2170 comperte
526 2125 612 2156 dicto
635 2124 665 2156 M
694 2141 728 2146 m
752 2124 967 2164 pandet-teria
990 2124 1023 2156 M
1048 2140 1084 2147 —
1111 2123 1143 2156 8.
1166 2127 1348 2164 presentem
1369 2124 1522 2156 seuitiam
1544 2124 1578 2157 M
1603 2141 1638 2147 —-
1665 2122 1896 2157 recordationis·
1913 2125 1947 2158 M

159 2198 195 2206 —
222 2182 253 2214 9.
275 2181 406 2222 primus
435 2181 581 2223 Lipsius.
611 2199 646 2204 —
679 2180 730 2212 40.
755 2180 856 2212 nichil
884 2181 917 2213 M
949 2197 986 2204 -
1021 2180 1073 2213 44.
1094 2189 1226 2221 poppea
1254 2180 1287 2212 M
1321 2197 1357 2204 —
1389 2181 1441 2213 43.
1467 2181 1715 2214 duoetvicesimo
1744 2181 1949 2224 Nipperdey

157 2237 236 2272 coll.
262 2238 428 2270 Suetonio
453 2236 574 2270 Claud,
600 2226 641 2269 {7
673 2237 708 2269 et
739 2237 850 2269 Dione
883 2236 936 2276 60,
961 2237 1002 2271 ὅς
1039 2245 1081 2268 ex
1113 2236 1243 2278 quibus
1265 2235 1351 2270 locis
1375 2238 1521 2279 apparet
1544 2237 1722 2270 Octaviam
1744 2237 1946 2270 Britannico

157 2294 328 2327 maiorem
353 2294 435 2325 natu
458 2293 583 2333 fuisse,
609 2293 653 2325 de
678 2293 777 2326 cuius
801 2293 916 2325 aetate
940 2292 1019 2325 vide
1043 2292 1089 2325 ad
1112 2293 1165 2334 42,
1192 2293 1247 2325 25.
1267 2310 1303 2315 —
1330 2291 1383 2326 44.
1408 2293 1496 2325 vitae
1518 2293 1701 2326 Heinsius:
1725 2294 1799 2326 uita
1821 2294 1865 2327 M.
1892 2293 1945 2327 Cf.

159 2351 191 2391 4,
217 2349 270 2382 64.
295 2350 335 2389 2,
360 2350 413 2382 55.
439 2349 472 2389 3,
497 2349 630 2382 ⁴8‘cet.
657 2366 692 2372 —
720 2349 772 2382 49.
796 2347 892 2390 fissus
914 2350 947 2382 M
973 2367 1007 2373 -
1033 2348 1259 2383 lauebaturM
1282 2366 1318 2372 -
1344 2349 1398 2382 20.
1422 2349 1542 2382 seuilia
1563 2350 1597 2383 M
1623 2365 1659 2373 —
1685 2349 1739 2382 24.
1760 2358 1893 2391 poppea
1914 2350 1948 2384 M

162 2423 198 2430 —
223 2406 357 2438 decreta
378 2414 475 2448 quem
497 2406 543 2438 ad
561 2406 660 2447 finem
681 2404 963 2438 memorabimus?
991 2406 1177 2446 quicunque
1210 2403 1439 2438 Doederlein:
1471 2406 1668 2448 decretaque
1690 2406 1735 2438 ad
1757 2407 1857 2448 finem
1876 2415 1947 2440 me-

161 2525 195 2558 et
216 2527 390 2565 postremo.
421 2525 502 2557 Ean.
532 2542 565 2547 -
599 2524 739 2566 ancilla]
775 2526 859 2557 Acte
889 2523 1026 2558 liberta.

161 2574 212 2607 Cf.
241 2574 292 2614 43,
319 2575 371 2606 42.
399 2573 451 2614 44,
476 2574 508 2605 2.
537 2592 573 2597 —
598 2574 736 2615 crimen]
759 2574 970 2607 adulterium
995 2576 1030 2607 et

161 2624 271 2657 abacti
287 2628 410 2665 partus
431 2625 631 2657 conscientia
653 2624 835 2657 libidinum.

205 2674 259 2707 64.
283 2674 404 2716 puella]
429 2674 523 2706 haud
542 2682 622 2706 raro
639 2674 684 2706 de
701 2676 818 2716 nuptis
835 2674 1029 2707 iunioribus

163 2723 306 2763 dicitur,
338 2725 377 2755 ut
407 2724 461 2761 46,
487 2724 528 2756 30
558 2732 600 2756 ac
633 2732 741 2765 saepe
766 2723 861 2766 apud
885 2726 1026 2765 poetas3

163 2774 206 2806 ci.
234 2774 352 2805 Horat.
379 2772 412 2812 3,
438 2774 491 2813 22,
517 2774 549 2806 2.
576 2775 735 2815 Propert.
761 2774 792 2813 3,
821 2773 873 2813 43,
892 2773 954 2806 23:
978 2773 1032 2806 hic

162 2823 257 2855 nulla
283 2823 394 2863 puella
424 2823 492 2855 Nec
512 2824 583 2864 fida
604 2824 743 2855 Euadne
766 2832 825 2855 nec
848 2824 908 2863 pia
931 2825 1031 2856 Pene-

162 2874 245 2914 lope.
275 2890 309 2895 —
343 2873 414 2904 iam
443 2873 531 2906 vitae
555 2876 727 2914 exempta,
759 2874 906 2906 nondum
936 2877 957 2906 t.
983 2883 1028 2906 m.

163 2922 398 2964 acquiescebat]
421 2923 489 2955 boc
506 2925 576 2962 est,
604 2923 739 2955 etiamsi
760 2923 924 2957 omnibus
940 2924 1031 2955 vitae

165 2972 267 3005 bonis
287 2972 442 3013 privata,
468 2971 649 3010 libertate,
674 2973 804 3014 patria,
830 2973 1030 3011 securitate,

165 3025 284 3056 tamen
308 3023 430 3055 mortis
454 3022 580 3055 eadem
609 3022 725 3055 adhuc
753 3022 898 3055 carebat
920 3022 1033 3055 bene-

165 3073 262 3111 ficio,
290 3073 419 3114 quiete.
455 3072 670 3112 (Louandret
701 3075 781 3104 cette
797 3073 898 3112 jcune
918 3073 1035 3112 femme

165 3124 248 3155 etait
277 3122 438 3154 arrachec
468 3120 491 3153 ὰ
520 3121 554 3153 la
575 3123 627 3154 vie
650 3131 718 3162 par
740 3122 769 3154 lc
789 3124 1036 3162 pressentiment

166 3173 205 3205 de
232 3181 290 3204 son
321 3171 490 3210 mathew,
523 3179 601 3203 sans
630 3171 727 3203 avoir
756 3172 790 3203 la
818 3172 907 3212 paim
936 3171 1036 3211 qu'on

168 3226 284 3255 trouve
300 3222 383 3253 dans
398 3222 433 3253 la
447 3221 562 3262 mort)
587 3221 637 3253 Cf.
657 3222 759 3253 Corn.
778 3222 865 3262 Nep.
886 3221 1033 3253 Hannib.

170 3271 228 3303 ⁴3:
255 3272 309 3303 Sic
330 3272 386 3303 vir
406 3271 604 3312 fortissimus
619 3287 668 3294 --
683 3280 772 3302 anno
799 3271 964 3310 acquievit
985 3279 1036 3303 se-

167 3321 383 3362 ptuagesimo.
417 3321 472 3353 Sic
495 3321 601 3353 etiam
629 3320 662 3352 in
687 3319 794 3352 titulis
819 3320 949 3353 Pisanis
967 3329 1037 3352 non

171 3370 376 3403 Christianis
406 3370 478 3403 HIC
503 3370 767 3410 ADQVIESCIT.
807 3369 894 3401 Vide
925 3371 1035 3403 Inscr.

112 3431 114 3433 ·
172 3420 245 3452 Lat.
272 3428 305 3451 n.
327 3419 424 3452 23⁴3.
449 3419 546 3453 4084.
564 3419 661 3452 449⁴.
683 3436 718 3442 —
744 3418 901 3460 sororem]
925 3420 1038 3452 Nero-

172 3469 226 3502 nis
249 3477 269 3501 a
293 3467 436 3501 Claudio
464 3469 630 3512 adoptati.
669 3469 938 3502 Pseudoseneca
962 3469 1034 3502 Oct.

1078 2524 1158 2557 658:
1184 2533 1281 2557 soror
1301 2524 1461 2566 Auqusti,
1486 2525 1562 2557 Non
1582 2534 1674 2558 uxor
1694 2534 1762 2558 ero·
1791 2543 1828 2549 —
1857 2534 1948 2559 com-

1076 2583 1256 2617 munesque
1272 2574 1496 2616 Germanicos]
1522 2575 1720 2608 Germanici
1741 2576 1835 2609 enim
1852 2584 1949 2609 com·

1079 2632 1206 2656 munes
1223 2624 1386 2656 Octaviae
1411 2625 1446 2656 et
1460 2625 1608 2657 Neronis
1624 2625 1778 2658 maiores
1794 2624 1945 2658 suerunt.

1078 2674 1166 2706 Nam
1183 2674 1338 2712 Drusus,
1365 2675 1423 2714 qui
1449 2674 1583 2715 primus
1600 2675 1797 2707 Germanici
1821 2683 1949 2716 cogno-

1078 2731 1160 2754 men
1186 2723 1342 2764 accepit,
1368 2724 1440 2755 tam
1465 2722 1531 2755 sibi
1554 2732 1660 2765 quam
1685 2723 1763 2756 filiis
1787 2723 1820 2756 id
1837 2732 1949 2765 quae-

1079 2773 1176 2811 sivit,
1213 2773 1303 2804 teste
1338 2773 1448 2805 Dione
1479 2773 1544 2812 55,
1571 2774 1606 2805 i:
1642 2770 1876 2819 Γερμανικός
1907 2782 1949 2806 τε

1053 2851 1056 2862 ,
1078 2819 1174 2864 μετὰ
1198 2820 1272 2854 τῶν
1297 2820 1441 2854 παίδων
1456 2821 1749 2865 ἐπονομασθείς.
1775 2824 1843 2856 Iste
1865 2832 1948 2864 ergo

1080 2872 1214 2904 Drusus
1250 2873 1322 2903 tam
1358 2872 1522 2905 Octaviae
1558 2881 1663 2913 quam
1701 2874 1830 2905 Neroni
1863 2881 1948 2905 vere

1081 2922 1298 2961 communis,
1335 2930 1418 2954 cum
1451 2922 1542 2955 illius
1577 2931 1663 2955 avus
1696 2924 1810 2964 esset,
1846 2923 1949 2956 huius

1082 2972 1228 3004 abavus.
1262 2970 1427 3005 Claudius
1451 2973 1559 3005 etiam
1582 2973 1721 3015 utrique
1738 2973 1948 3013 communis,

1081 3021 1126 3054 illi
1151 3023 1297 3061 natura,
1330 3022 1412 3055 huic
1445 3023 1633 3065 adoptione
1655 3025 1766 3065 pater.
1804 3023 1892 3062 Quin
1915 3024 1951 3055 et

1084 3072 1121 3104 C.
1149 3071 1298 3109 Caesar,
1324 3080 1431 3113 quem
1453 3073 1595 3114 proprie
1620 3072 1868 3105 Germanicum
1890 3080 1951 3104 vo-

1084 3123 1265 3158 caverunt.
1291 3121 1381 3155 illius
1403 3125 1561 3164 patruus,
1580 3124 1682 3156 buius
1702 3131 1800 3155 avus.
1819 3123 1952 3154 anns-

1084 3181 1164 3204 nnn.
1182 3190 1216 3195 —
1237 3174 1385 3206 atrocior
1399 3174 1551 3215 saevitia]
1570 3175 1659 3206 Nam
1674 3173 1828 3205 atrocius
1845 3173 1951 3205 etiam

1085 3230 1192 3263 quam
1215 3230 1283 3254 nex
1306 3224 1379 3255 tam
1402 3232 1507 3256 saeva
1534 3225 1569 3256 et
1584 3222 1734 3255 violenta
1758 3221 1840 3254 illud
1865 3221 1953 3255 ludi-

1084 3271 1199 3303 brium
1221 3271 1427 3313 videbatur,
1451 3273 1605 3314 primum
1628 3271 1775 3304 lacerari
1790 3273 1951 3305 mortuae

1085 3329 1234 3362 corpus,
1270 3321 1399 3354 deinde
1429 3322 1535 3363 caput
1564 3322 1744 3362 tamquam
1768 3319 1951 3355 maleficae

1086 3370 1316 3411 circumferri,
1331 3371 1434 3404 tertio
1452 3371 1655 3412 permittere
1669 3371 1708 3403 ut
1723 3369 1860 3403 aemula
1877 3371 1952 3405 eius

1086 3421 1231 3462 aspectu
1262 3423 1427 3462 pasceret
1450 3419 1583 3453 oculos.
1613 3438 1648 3444 —
1674 3429 1770 3461 quem
1791 3421 1835 3453 ad
1854 3421 1953 3462 tinem

1086 3469 1167 3512 cet.]
1202 3470 1348 3509 Quando
1388 3470 1547 3503 desinam
1578 3468 1684 3503 talem
1714 3469 1951 3504 adulationem
