2254 3770
297 277 354 322 86

776 282 820 325 Ρ.
852 280 1101 325 CORNELII
1130 279 1300 323 TACITI
1328 277 1597 323 ANNALIUM

301 386 534 431 funditores
568 386 868 444 libritoresque
899 391 1099 430 excutere
1130 384 1214 429 tela
1244 390 1286 428 et
1314 383 1568 442 proturbare
1597 381 1765 428 hostem
1795 383 1925 428 iubet.
1979 383 2081 427 mis-

302 475 377 507 sae
397 476 422 506 e
442 463 661 506 tormentis
691 462 859 512 hastae,
892 467 1139 519 quantoque
1161 459 1380 517 conspicui
1411 459 1546 516 magis
1576 465 1936 517 propugnatores,
1966 465 2082 503 tanto

301 537 495 596 pluribus
533 537 780 581 vulneribus
820 536 987 580 deiecti.
1032 538 1195 594 primus
1236 535 1396 579 Caesar
1433 548 1531 578 cum
1573 535 1799 592 praetoriis
1835 533 2084 579 cohortibus

303 619 426 671 capto
474 612 583 656 vallo
629 612 746 656 dedit
788 612 993 670 impetum
1036 611 1079 654 in
1133 610 1287 654 silvas:
1344 609 1510 654 conlato
1554 609 1640 654 illic
1682 609 1830 668 gradu¹
1863 616 2082 655 certatum.

270 688 469 732 bhostem
489 702 513 731 a
531 694 650 745 tergo
681 687 822 745 palus,
855 688 1066 731 Romanos
1095 685 1254 729 flumen
1284 691 1357 728 aut
1385 691 1551 728 montes
1582 684 1856 730 claudebant:
1887 685 2083 744 utrisque

301 764 534 807 necessitas
571 763 614 806 in
654 762 768 814 loco,
808 776 909 819 spes
939 762 981 805 in
1010 762 1180 813 virtute,

1222 760 1337 804 salus
1377 774 1430 804 ex
1467 760 1657 804 victoria,
1717 760 1799 819 (21)
1830 775 1911 805 nec
1947 761 2086 805 minor

303 838 523 883 Germanis
553 838 737 889 animus,
779 837 857 880 sed
886 851 1044 894 genere
1083 850 1251 895 pugnae
1290 842 1332 879 et
1361 849 1576 880 armorum
1613 836 1945 895 superabantur,
1987 850 2086 881 cum

302 915 452 972 ingens
483 913 705 957 multitudo
735 913 837 956 artis
868 912 972 956 locis
1003 911 1257 970 praelongas
1288 910 1429 955 hastas
1459 926 1542 955 non
1565 911 1859 970 protenderet,
1891 926 1976 956 non
1997 911 2086 957 col-

300 989 467 1047 ligeret,
500 1002 640 1047 neque
671 987 908 1032 adsultibus
939 994 980 1031 et
999 987 1223 1031 velocitate
1254 1000 1483 1045 corporum
1512 993 1726 1038 uteretur,
1759 994 1908 1032 coacta
1932 986 2085 1032 stabile

251 1074 289 1106 io
302 1064 356 1108 ad
386 1063 614 1123 proelium;
656 1070 800 1108 contra
828 1062 972 1113 miles,
1017 1063 1084 1107 cui
1115 1069 1281 1106 scutum
1320 1062 1485 1120 pectori
1526 1062 1865 1120 adpressumet
1893 1062 2084 1107 insidens

302 1139 455 1198 capulo
483 1153 651 1190 manus,
684 1139 790 1183 latos
816 1137 1097 1183 barbarorum
1123 1145 1250 1187 artus,
1265 1137 1398 1195 ,nuda
1418 1151 1494 1182 ora
1514 1137 1679 1181 foderet
1708 1139 1908 1197 viamque
1940 1145 2083 1197 strage

303 1215 487 1259 hostium
526 1215 728 1273 aperiret,
775 1215 1015 1273 inprompto
1058 1214 1142 1257 iam
1178 1214 1362 1256 Arminio
1400 1213 1456 1257 ob
1498 1214 1698 1258 continua
1732 1213 1945 1272 pericula,
1993 1215 2086 1259 sive

302 1291 420 1334 illum
463 1305 614 1334 recens
652 1297 874 1348 acceptum
901 1289 1054 1333 vulnus
1093 1289 1346 1333 tardaverat.
1396 1289 1499 1347 quin
1538 1295 1581 1333 et
1622 1290 1957 1346 Inguiomerum,
1999 1295 2088 1334 tota

301 1365 543 1410 volitantem
564 1366 675 1415 acie,
709 1366 874 1410 fortuna
892 1366 1027 1423 magis
1049 1379 1175 1422 quam
1198 1365 1331 1408 virtus
1353 1364 1595 1408 deserebat.
1637 1370 1679 1408 et
1699 1364 1979 1408 Germanicus
1997 1379 2086 1424 quo

253 1450 290 1481 ⁴5
302 1442 436 1497 magis
476 1441 831 1498 adgnosceretur,
882 1441 1123 1485 detraxerat
1160 1440 1344 1497 tegimen
1389 1440 1541 1498 capiti.
1567 1439 1804 1498 orabatque
1843 1440 2088 1484 insisterent

305 1516 528 1560 caedibus:
560 1516 614 1559 nil
646 1531 753 1574 opus
785 1517 979 1574 captivis,
1013 1515 1148 1559 solam
1178 1515 1503 1559 internicionem
1533 1515 1669 1574 gentis
1701 1515 1830 1559 finem
1848 1515 1962 1560 bello
1984 1516 2087 1560 sore.

303 1592 474 1650 iamque
505 1605 603 1635 sero
634 1592 718 1635 diei
750 1592 949 1635 subducit
979 1606 1032 1635 ex
1060 1593 1151 1635 acie
1181 1591 1394 1648 legionem
1413 1591 1617 1635 faciendis
1640 1591 1811 1635 castris:
1843 1598 2013 1636 ceterae
2033 1592 2088 1636 ad

304 1673 472 1711 noctem
492 1681 645 1711 cruore
666 1667 849 1710 hostium
870 1667 1044 1711 satiatae
1066 1673 1174 1710 sunt.
1207 1667 1374 1725 equites
1395 1666 1591 1724 ambigue
1609 1673 1841 1711 certavere.
1874 1667 1955 1724 (22)
1977 1668 2088 1712 Lau-

371 1838 400 1870 i.
426 1828 652 1877 librilore-sque
674 1838 725 1871 M:
751 1837 924 1869 libratores
946 1846 1085 1878 margo,
1117 1837 1244 1870 additis
1266 1837 1385 1870 verbis
1410 1837 1474 1869 uita
1493 1837 1585 1869 enim
1604 1838 1774 1869 vocantur
1789 1846 1808 1869 a
1831 1837 1950 1886 Tacito
1973 1836 2089 1871 alibi..

303 1895 416 1927 Immo
442 1893 545 1925 etiam
572 1892 624 1932 43,
650 1892 690 1925 39
715 1894 770 1925 est
790 1893 1003 1926 libritoribus.
1030 1911 1065 1916 -
1095 1894 1146 1926 42.
1171 1894 1241 1926 iam
1263 1893 1301 1925 ob
1324 1894 1376 1932 M;
1401 1894 1436 1925 in
1459 1894 1618 1935 margine
1642 1892 1687 1925 ab
1712 1892 1777 1925 alia
1802 1902 1929 1926 manu:
1962 1895 2091 1928 aneest

305 1952 344 1982 ut
366 1949 516 1981 arbitror
538 1948 719 1981 Arminio.»
741 1967 775 1972 —
802 1949 854 1981 43.
880 1950 1083 1982 tardauarat
1106 1950 1138 1983 M
1163 1968 1200 1973 —
1229 1949 1279 1982 ili.
1303 1947 1442 1991 fortund
1468 1950 1542 1991 ayis
1563 1958 1617 1991 pr.
1642 1950 1675 1982 M
1698 1968 1740 1974 -
1766 1950 1817 1983 46.
1842 1950 2093 1983 internicionem

307 2005 482 2039 Halmius:
508 2005 790 2038 internitionenem
814 2005 879 2048 (sic
903 2006 1144 2049 monstruose)
1170 2007 1220 2044 M;
1247 2006 1289 2039 cf.
1316 2006 1511 2038 Schneider
1538 2006 1583 2038 ad
1608 2006 1709 2039 Caes.
1735 2007 1772 2039 B.
1798 2007 1836 2040 G.
1862 2007 1894 2048 i,
1921 2007 1974 2048 ⁴3,
1998 2007 2032 2040 ὅ.

307 2156 368 2195 23,
394 2154 452 2188 44:
490 2155 706 2187 Hannibalem
737 2165 972 2197 aqyressurum
994 2157 1116 2189 Nolam
1137 2161 1174 2189 ul

307 2207 493 2238 successisse
508 2207 613 2237 muris
628 2207 805 2238 Marcellus
819 2208 911 2239 vidit.
932 2226 967 2230 -
992 2208 1174 2248 funditores

309 2256 535 2296 libritoresque
558 2260 710 2288 eoecutere
733 2257 797 2288 tela
819 2257 914 2299 iubet]
946 2258 995 2290 Cf.
1023 2258 1075 2296 43,
1109 2258 1170 2290 39:

308 2306 427 2338 multos
450 2306 618 2337 tormentis
639 2307 726 2346 faces
740 2311 769 2338 et
783 2307 894 2338 hastas
910 2308 1054 2340 incutere
1069 2308 1154 2339 iubet
1163 2318 1173 2339 .·

310 2355 509 2401 libriloribus
545 2356 829 2398 funditoribusque
866 2358 1042 2389 attributus
1086 2358 1175 2390 locus

309 2407 394 2438 unde
410 2406 535 2438 eminus
550 2407 684 2447 glandes
700 2411 898 2448 torquerent.
933 2409 1024 2440 «lam
1044 2409 1175 2441 Caesar

310 2457 347 2489 B.
381 2457 418 2488 G.
444 2456 481 2494 7,
520 2456 577 2488 84:
617 2457 743 2497 sundSS,
784 2458 943 2489 librilibus
980 2459 1176 2497 sudibusque

312 2505 424 2538 Gallos
451 2510 647 2545 perterrent.
696 2507 833 2538 Librilia
857 2510 974 2539 autem
999 2517 1027 2540 s.
1053 2508 1176 2540 libriila

312 2556 413 2588 Festo
438 2557 629 2597 interprete
653 2566 687 2598 p.
708 2557 749 2589 86
775 2558 930 2590 Lindem.
957 2558 1176 2600 appellantur

311 2606 541 2637 instrumenta
568 2605 707 2643 bellica.
734 2616 816 2639 saxa
834 2607 965 2640 scilicet
981 2608 1025 2640 ad
1041 2608 1175 2641 brachii

313 2655 598 2694 crassitudinem,
626 2659 658 2688 in
684 2657 828 2689 modum
853 2658 1069 2698 flagellorum
1092 2658 1175 2691 loris

312 2706 479 2738 revincta.
511 2706 596 2737 ilinc
612 2708 770 2747 sequitur
785 2707 965 2739 libritorem
982 2717 1061 2741 esse
1079 2718 1174 2749 eum,

313 2755 371 2797 qui
388 2755 509 2786 librilia
527 2755 640 2787 vibrat
683 2758 800 2797 ltaque
817 2759 854 2788 ut
871 2760 1011 2799 praeter
1028 2759 1175 2791 formam

311 2805 436 2837 libr-ilia
459 2805 552 2846 apud
574 2806 756 2846 vegetium
781 2808 812 2846 2,
839 2808 878 2840 23
904 2810 1022 2840 extant
1044 2809 1178 2841 libralia

312 2864 418 2894 sowa,
452 2857 502 2887 sic
528 2857 674 2897 utraque
700 2857 831 2896 forma,
863 2859 898 2890 et
920 2858 1049 2890 librilor
1079 2861 1113 2891 et
1135 2860 1178 2891 li-

313 2906 446 2945 brator,
488 2906 581 2946 apud
616 2909 756 2939 veteres
795 2908 889 2949 ipsos
927 2918 993 2941 usu
1027 2909 1177 2942 valuisse

312 2956 462 2988 videtur.
489 2956 574 2988 Hist.
602 2956 633 2993 3,
659 2957 700 2988 23
724 2957 920 2990 libramenta
942 2962 1179 2991 tormentorum

314 3006 453 3048 propria
486 3005 734 3045 significatione
767 3009 848 3038 sunt
879 3008 1052 3048 pondera,
1087 3018 1177 3050 quae

314 3055 498 3088 tormentis
538 3055 765 3096 imponuntur
802 3059 840 3088 ut
878 3058 1009 3090 maiore
1045 3059 1177 3100 impetu

315 3104 456 3138 missilia
490 3104 692 3136 iaciuntur.»
725 3106 829 3137 BAen.
877 3108 1023 3140 Prorsus
1050 3108 1179 3142 diversi

315 3156 397 3187 sunt
426 3163 535 3194 aquae
564 3154 736 3186 lucratores
765 3155 979 3197 (Nive-llirer),
1018 3167 1106 3199 quos
1138 3168 1179 3191 ex

317 3205 400 3237 Cod.
434 3205 551 3238 lustin.
585 3205 636 3240 io.
663 3205 724 3243 64,
756 3206 768 3237 i
805 3206 874 3238 buc
904 3208 1086 3240 arcessivit
1117 3209 1180 3241 Er-

316 3256 460 3287 nestius.
498 3257 626 3287 Contra
651 3256 764 3297 aptius
788 3255 934 3288 fortasse
958 3258 1180 3298 comparabis

317 3304 425 3337 Inscr.
452 3305 545 3347 apud
568 3304 789 3338 Kellermann
812 3306 903 3346 Viyil.
923 3315 955 3347 p.
976 3307 1027 3339 55.
1048 3317 1082 3339 n.
1099 3309 1177 3341 ⁴27:

317 3355 359 3386 D.
386 3356 431 3386 M.
458 3355 492 3387 C.
518 3356 633 3387 AELII
661 3355 695 3388 C.
721 3356 759 3388 F.
785 3356 877 3387 GAL.
911 3356 1091 3388 SEGOnlio
1121 3359 1181 3390 LI-

315 3404 530 3437 BRATORIS.
543 3405 608 3438 ET.
626 3405 849 3438 TESSERAR.
869 3405 960 3438 COH.
978 3406 1018 3438 Il.
1032 3407 1093 3438 PR.
1110 3409 1176 3441 cet.

1264 2157 1318 2189 24.
1339 2157 1564 2198 protenderet]
1583 2158 1784 2199 «protentas
1797 2166 1923 2199 gerere
1936 2158 2091 2200 posset.»

1225 2226 1261 2230 —
1287 2207 1462 2249 colliyeret]
1494 2207 1711 2246 retraheret,
1742 2207 1948 2247 reduceret,
1979 2206 2090 2240 semel

1223 2259 1250 2290 si
1274 2259 1459 2300 protentae
1484 2259 1616 2290 essent.
1645 2275 1680 2281 —
1706 2258 1844 2300 scutum]
1868 2258 2048 2291 diversum
2071 2267 2091 2291 a

1224 2309 1444 2341 Germanico.
1491 2307 1578 2340 Illud
1601 2307 1746 2350 planum
1770 2317 1841 2341 non
1863 2308 1914 2341 sic
1937 2307 2090 2350 tegebat,

1224 2359 1291 2391 hoc
1321 2359 1505 2390 incurvum
1541 2359 1680 2400 corpori
1709 2358 1928 2391 adhaerebat
1957 2360 1994 2391 et
2022 2358 2094 2392 cir-

1224 2408 1534 2441 cumfundebatur.
1582 2409 1668 2440 Lips.
1712 2426 1746 2432 -
1789 2409 1932 2441 insidens
1974 2408 2094 2449 capulo

1223 2461 1355 2500 manus]
1390 2459 1556 2500 quocirca
1591 2459 1761 2491 certiores
1797 2459 1886 2492 ictus
1920 2459 2093 2491 intentare

1224 2511 1397 2552 poterant.
1421 2527 1451 2532 —
1472 2509 1565 2540 reuda
1580 2508 1654 2550 ora]
1680 2517 1774 2547 nam,
1803 2509 1852 2541 ait
1867 2509 1900 2541 in
1917 2510 2036 2542 Germ.
2053 2508 2090 2541 6:

1223 2562 1283 2591 viv
1316 2560 1374 2591 uni
1409 2558 1546 2590 alterive
1574 2558 1677 2591 cassis
1706 2563 1765 2590 auc
1793 2559 1902 2600 yolea.
1939 2559 2026 2591 Lus.
2053 2575 2091 2582 -

1223 2611 1359 2651 foderet]
1389 2610 1445 2641 Sic
1476 2609 1543 2641 iam
1573 2609 1644 2641 Liv.
1671 2609 1703 2644 8.
1730 2609 1789 2640 40:
1825 2609 1928 2641 hastis
1955 2617 2019 2641 ora
2039 2609 2095 2650 fo—

1225 2661 1357 2691 dientes.
1392 2676 1427 2681 —
1461 2658 1624 2700 ambiyue]
1660 2658 1826 2700 ambiguo
1861 2660 2009 2696 eventu,
2046 2659 2093 2690 ita

1226 2711 1264 2741 ut
1287 2711 1460 2741 incertum
1480 2710 1592 2747 esset,
1618 2710 1736 2740 utrum
1761 2709 1846 2750 ipsi,
1870 2716 1914 2741 an
1931 2708 2094 2740 Germani

1226 2760 1409 2801 vicissent:
1447 2767 1534 2798 nou,
1570 2759 1607 2790 ut
1636 2757 1837 2791 Waltherus
1871 2756 2093 2800 opinabatur.

1227 2810 1400 2851 ambiguis
1415 2809 1558 2846 animis:
1584 2817 1665 2840 nam
1683 2808 1832 2849 equites,
1851 2808 1974 2849 inquit.
1993 2805 2096 2849 pleri-

1227 2869 1296 2902 que
1321 2859 1554 2892 sumebantur
1577 2867 1597 2890 e
1621 2858 1743 2896 sociis,
1773 2857 1875 2890 Gallis
1898 2857 2096 2891 Germanis-

1228 2919 1316 2950 que:
1350 2910 1415 2942 etsi
1442 2917 1527 2941 sane
1555 2908 1624 2940 hac
1646 2907 1898 2949 significatione
1929 2908 1985 2940 est
2007 2907 2093 2940 Hist.

1228 2960 1264 2999 3,
1291 2960 1351 2992 35:
1385 2968 1489 2991 ne--
1505 2958 1657 2999 ambiyue
1686 2961 1832 2998 ayerent.
1880 2957 1948 2989 Sed
1972 2957 2041 2990 boc
2064 2957 2094 2990 si

1227 3009 1413 3048 voluisset,
1451 3008 1507 3041 vel
1545 3017 1617 3040 uno
1654 3007 1781 3040 saltem
1818 3006 1931 3039 verbo
1966 3006 2094 3040 clarius

1229 3061 1462 3102 expressisset
1484 3059 1632 3091 Tacitus.

1269 3111 1311 3142 22
1348 3108 1579 3151 Anqrivarios]
1603 3107 1690 3140 Vide
1710 3106 1755 3140 ad
1772 3116 1803 3140 c.
1821 3107 1853 3141 8.
1882 3124 1919 3130 —
1943 3107 2093 3150 mandat]

1229 3161 1409 3192 Ernestius
1433 3158 1586 3192 malebat
1615 3157 1807 3190 mandabat.
1854 3156 1984 3189 Verum
2014 3158 2095 3198 post

1229 3209 1448 3242 Waltherum
1472 3211 1569 3241 recte
1593 3208 1760 3240 Baebius:
1792 3214 1962 3248 praesens
1986 3206 2094 3239 histo-

1228 3259 1341 3291 ricum
1379 3267 1442 3301 pro
1480 3257 1688 3299 imperfecto
1722 3257 1885 3298 positum.
1934 3255 2090 3298 Explica:

1231 3308 1382 3341 «bellum
1416 3309 1579 3341 Stertinio
1613 3307 1810 3345 mandavit,
1845 3305 1951 3347 idque
1986 3307 2092 3340 etiam

1230 3360 1326 3391 esset
1356 3361 1512 3399 gestum,
1548 3358 1614 3391 nisi
1642 3356 1833 3398 Angrivarii
1863 3354 2026 3389 celeriter
2051 3364 2091 3389 se

1230 3407 1483 3442 dedidissent.»
