2254 3770
777 283 933 328 LIBER
959 282 1067 327 XIII.
1110 282 1213 341 Cap.
1241 282 1311 328 42.
1340 282 1409 328 43.
1908 278 1992 325 423

207 393 289 438 sub
319 406 406 452 quo
435 392 713 436 iustissimum
742 390 916 436 exilium
944 388 1202 448 pertulisset.
1233 388 1358 433 simul
1389 388 1541 433 studiis
1570 387 1779 432 inertibus
1802 392 1845 431 et
1874 387 1994 431 iuve-

208 483 308 515 num
338 467 558 526 inperitiae
587 473 758 511 suetum
775 466 908 510 livere
936 465 1000 516 iis,
1029 464 1103 523 qui
1122 463 1307 507 vividam
1328 471 1371 508 et
1395 464 1683 522 incorruptam
1704 462 1993 521 eloquentiam

207 543 376 588 tuendis
405 542 570 587 civibus
599 548 861 587 exercerent.
907 555 956 585 se
985 545 1263 599 quaestorem
1294 539 1553 591 Germanici,
1584 537 1702 582 illum
1723 537 1877 582 domus
1898 537 1993 582 eius

207 617 448 663 adulterum
483 618 628 662 fuisse.
676 631 729 661 an
767 616 940 674 gravius
977 614 1290 660 aestimandum
1318 620 1470 672 sponte
1502 614 1724 672 litigatoris
1753 613 1994 671 praemium

206 693 411 738 honestae
440 706 599 752 operae
629 692 824 751 assequi,
855 706 987 749 quam
1016 704 1293 748 corrumpere
1322 689 1519 734 cubicula
1546 689 1790 747 principum
1817 688 2024 732 femina-s

205 769 335 813 rum?
364 783 449 827 qua
469 768 693 827 sapientia,
726 767 884 826 quibus
904 765 1255 825 philosophorum
1275 765 1517 823 praeceptis
1539 765 1646 808 intra
1666 763 1994 823 quadriennium

189 845 351 903 ,regiae
381 844 590 888 amicitiae
624 850 691 887 ter
727 843 867 887 milies
897 842 1142 886 sestertium
1168 840 1438 899 paravisset?
1482 842 1643 885 Romae
1670 845 1923 884 testamenta
1953 844 1996 883 et

206 919 338 964 orbos
378 918 494 963 velut
529 918 728 976 indagine
768 918 862 962 eius
892 917 1010 975 capi,
1055 916 1216 960 Italiam
1246 923 1288 960 et
1323 916 1566 974 provincias
1595 916 1790 959 inmenso
1819 914 1993 958 faenore

207 995 380 1040 hauriri.
411 1002 454 1039 at
472 994 552 1039 sibi
573 994 720 1038 labore
741 993 981 1052 quaesitam
1002 999 1045 1036 et
1063 991 1275 1036 modicam
1295 991 1521 1049 pecuniam
1542 1004 1652 1036 esse.
1685 991 1856 1042 crimen,
1878 989 1995 1048 peri-

207 1071 369 1123 culum,
401 1070 542 1114 omnia
566 1069 707 1127 potius
727 1068 1006 1112 toleraturum
1025 1081 1157 1126 quam
1176 1073 1368 1111 veterem
1385 1081 1438 1111 ac
1457 1066 1641 1111 dicendo
1661 1071 1825 1124 partam
1847 1065 2044 1124 digna-io

206 1146 365 1190 tionem
402 1145 568 1189 subitae
605 1144 789 1188 felicitati
827 1142 1106 1187 submitteret.
1160 1142 1242 1200 (43)
1279 1156 1359 1186 nec
1395 1141 1574 1186 deerant
1602 1141 1676 1200 qui
1712 1142 1820 1186 baec
1857 1140 2000 1195 isdemx

207 1221 351 1266 verbis
390 1227 463 1265 aut
497 1233 624 1264 versa
659 1219 703 1262 iu
731 1218 923 1263 deterius
952 1219 1144 1263 Senecae
1173 1217 1401 1262 deferrent.
1445 1217 1693 1275 repertique
1721 1223 1995 1263 accusatores

207 1297 399 1355 direptos
429 1295 593 1346 socios,
626 1309 722 1339 cum
753 1293 926 1338 Suillius
955 1294 1221 1352 provinciam
1240 1293 1383 1336 Asiam
1411 1299 1599 1350 regeret,
1630 1306 1682 1337 ac
1701 1292 1898 1351 publicae
1917 1305 1996 1351 pe-

208 1373 360 1417 cuniae
390 1370 633 1430 peculatum
664 1369 919 1414 detulerunt.
949 1383 1048 1413 mox
1067 1369 1170 1428 quia
1198 1368 1515 1427 inquisitionem
1536 1382 1720 1412 annuam
1739 1368 1997 1426 impetrave-

207 1454 318 1499 rant,
336 1446 533 1491 ·brevius
574 1446 711 1489 visum
747 1445 912 1489 urbana
942 1445 1119 1489 crimina
1152 1444 1299 1502 incipi,
1339 1457 1524 1502 quorum
1553 1443 1669 1487 obvii
1699 1450 1832 1488 testes
1862 1449 2047 1487 crannus

207 1523 236 1567 ii
265 1522 496 1568 acerbitate
527 1521 811 1566 accusationis
839 1521 889 1573 Q.
911 1519 1193 1578 Pomponium
1222 1519 1276 1563 ad
1305 1518 1607 1563 necessitatem
1634 1518 1735 1563 belli
1766 1518 1901 1563 civilis
1921 1517 1998 1563 de-

207 1606 398 1650 trusum,
430 1597 597 1648 Iuliam,
637 1596 766 1639 Drusi
795 1595 942 1647 filiam,
978 1595 1269 1653 Sabinamque
1297 1595 1543 1652 Poppaeam
1572 1594 1629 1638 ad
1656 1600 1836 1638 mortem
1867 1600 1995 1646 actas,
2040 1641 2043 1644 ,

209 1681 252 1719 et
280 1673 492 1718 Valerium
521 1671 769 1723 Asiaticum,
808 1670 986 1714 Lusium
1015 1670 1304 1720 Saturninum,
1344 1669 1590 1714 Cornelium
1618 1670 1787 1728 Lupum
1815 1670 1998 1714 circum·-

208 1755 382 1801 ventos;
427 1748 512 1792 iam
550 1747 743 1806 equitum
772 1748 1058 1791 Romanorum
1087 1745 1257 1803 agmina
1285 1744 1503 1797 damnata,
1542 1758 1802 1803 omnemque
1832 1745 1998 1790 Claudii

0 842 13 1098 *zzzr—›a-q-q--rqf
3 822 6 827 .
0 799 4 810 .,
0 757 5 764 -
2 738 3 742 „
0 565 5 616 2‹v—-
0 511 10 547 -h

9 1472 11 1474 ι
0 1226 23 1452 „zqqu-„v-..ae
0 1127 9 1186 ,-.,ψ
4 1100 6 1103 ,

0 1581 18 1634 p.

0 1636 14 1722 ξ

266 1881 298 1915 4.
316 1881 558 1914 aestimandum
573 1881 620 1913 G:
637 1879 868 1913 extimandum
882 1880 933 1917 M3
950 1879 1211 1912 existimandum
1226 1876 1294 1912 alii.
1313 1877 1365 1911 Cf.
1381 1887 1455 1911 var.
1473 1877 1553 1911 lect.
1571 1877 1618 1911 ad
1630 1887 1667 1921 p.
1678 1877 1797 1920 403,⁴.
1818 1896 1854 1903 —
1873 1878 1906 1912 6.
1920 1879 1999 1920 phi-

208 1938 390 1980 losoforum
410 1938 445 1971 M
470 1955 506 1961 —
531 1937 563 1970 7.
588 1937 678 1979 regie
699 1937 733 1970 M
755 1954 799 1960 —
821 1936 854 1969 8.
878 1936 978 1969 uelud
999 1936 1032 1970 M
1057 1953 1093 1959 -
1118 1936 1232 1978 fenore
1253 1936 1288 1969 M
1311 1953 1347 1959 -
1374 1936 1428 1970 40.
1453 1935 1687 1969 tolleraturum
1701 1936 1736 1969 M
1754 1954 1789 1959 —
1808 1945 1850 1969 ac
1864 1936 2000 1969 dicendo

208 1996 247 2028 L.
272 1993 441 2037 Spengel:
476 2003 518 2027 ac
539 1991 582 2027 aa
604 1994 656 2032 M;
689 2002 730 2026 ac
759 1994 848 2026 domi
876 1994 947 2026 Iac.
973 1993 1181 2026 Gronovius.
1209 2010 1244 2016 —
1276 1993 1330 2026 44.
1355 1992 1460 2026 subite
1480 1993 1515 2026 M
1547 2011 1583 2016 —
1616 1991 1820 2026 submitteret
1839 1991 1996 2034 Lipsius:

208 2051 395 2084 submittere
417 2050 452 2083 M
477 2068 514 2074 —
539 2050 596 2082 hec
617 2050 651 2084 M
675 2067 714 2074 -
740 2049 795 2082 43.
817 2058 937 2090 asyam
957 2050 991 2083 M
1008 2066 1045 2072 —
1071 2048 1126 2083 ⁴4.
1143 2049 1294 2088 detulerx
1317 2050 1370 2083 M:
1396 2048 1539 2082 ‹temler-e
1561 2047 1636 2094 alin
1661 2048 1850 2082 detulerant
1871 2048 1997 2082 Haase.

213 2125 247 2133 —
279 2108 333 2140 45.
358 2106 492 2139 urbana
513 2106 715 2140 Ernestius:
739 2105 799 2139 sub
820 2105 954 2139 urbana
976 2106 1010 2140 M
1035 2123 1071 2129 —
1098 2105 1151 2139 46.
1179 2105 1231 2147 0.]
1257 2095 1325 2147 6-7.
1350 2106 1385 2139 M
1409 2122 1445 2128 —
1472 2105 1528 2138 47.
1549 2113 1715 2147 poppeam
1735 2105 1782 2139 M.

209 2222 322 2259 ἔπειτ’
356 2221 506 2272 ἀθρόας
535 2234 576 2258 τε
603 2219 689 2268 ἅμα
710 2220 832 2266 αὐτὰς
853 2225 918 2259 καὶ
941 2224 1080 2267 βιαίως
1130 2223 1249 2257 dilatio
1266 2233 1348 2257 cum
1366 2224 1578 2258 adversariis
1594 2224 1702 2257 nimia
1717 2223 1910 2263 videretur,
1927 2224 2002 2256 ma-

211 2276 474 2322 εῑσέπρασσεν.
503 2293 538 2299 -
564 2275 702 2315 odmen,
723 2274 929 2316 periculum,
953 2275 1078 2317 omnia]
1130 2273 1272 2307 luerunt
1294 2275 1447 2307 tractare
1471 2275 1616 2307 ‹tr-imina
1629 2273 1778 2314 urbana,
1803 2273 1848 2306 de
1866 2272 2001 2307 delictis

212 2327 513 2366 «accusationem,
540 2325 845 2359 condemnationis
868 2324 1078 2368 periculum,

210 2377 327 2419 ipsam
349 2375 502 2417 denique
526 2378 713 2408 mortem».

257 2426 309 2460 43.
335 2426 479 2466 direptos
499 2425 622 2465 socios,
647 2433 723 2457 cum
745 2424 884 2457 Suillius
900 2434 937 2465 p.
962 2424 999 2457 A.
1024 2433 1081 2457 re-

211 2475 318 2519 geret]
350 2475 495 2508 Factum
524 2475 594 2508 hoc
617 2474 685 2508 sub
708 2474 860 2515 Tiberio,
886 2476 922 2507 et
944 2475 1014 2507 iam
1038 2483 1081 2507 ex

211 2527 312 2569 parte
350 2525 493 2568 punitus
531 2533 574 2557 eo
611 2525 752 2558 nomine
790 2523 906 2557 fuerat
941 2524 1081 2557 Tiberio

213 2577 406 2610 etiamtunc
428 2576 527 2613 vivo;
553 2575 720 2616 quoniam
742 2577 863 2607 autem
888 2583 1006 2616 poena
1027 2583 1083 2607 re-

213 2627 322 2660 missa
345 2634 388 2658 eo
412 2626 571 2662 mortuo.
600 2625 684 2657 hinc
715 2624 843 2657 eadem
865 2625 995 2657 iterum
1017 2624 1082 2657 ad-

213 2676 424 2709 ministratio
448 2676 483 2708 in
506 2675 642 2707 crimen
664 2674 812 2716 adrepta
835 2675 907 2714 est,
931 2675 983 2707 uti
1007 2673 1082 2707 col·

213 2724 271 2767 ligi
287 2727 405 2767 potest
422 2733 467 2758 ex
489 2725 549 2764 iis,
575 2733 666 2765 quae
683 2724 822 2757 Tacitus
837 2723 960 2756 scribit
974 2723 1007 2764 4,
1026 2723 1080 2757 34.

212 2776 315 2808 chx.
344 2792 380 2798 -
412 2773 667 2816 inquisitionem]
696 2782 803 2815 quam
826 2782 997 2815 peragere
1021 2782 1083 2806 ac-

214 2825 386 2858 cusatoris
415 2826 492 2857 erat
520 2824 566 2856 ad
588 2824 734 2857 munium
759 2823 955 2864 provinciae
973 2832 1083 2864 popu-

213 2875 324 2907 lor-um
353 2874 631 2916 privatorumque
663 2874 808 2906 iniurias
843 2874 1084 2914 coynoscendas

214 2925 304 2967 (Cic.
328 2925 428 2957 Verr.
452 2925 530 2957 Act.
556 2925 588 2964 4,
616 2923 674 2964 2),
709 2923 755 2956 ad
789 2924 900 2956 testes
933 2923 1083 2956 idoneos

215 2974 451 3017 quaerendos,
475 2974 522 3006 ad
540 2972 678 3006 tabulas
693 2972 854 3015 publicas
869 2973 1083 3015 investigan-

216 3024 298 3064 das,
332 3023 460 3066 quibus
484 3024 630 3056 crimina
653 3022 939 3065 comprobarent.
977 3022 1083 3055 Suillii

215 3075 320 3116 igitur
347 3072 613 3107 accusatoribus
641 3082 684 3106 ex
714 3072 879 3114 singulari
909 3073 1083 3115 praetoris

217 3124 336 3157 favore
359 3124 497 3163 integer
512 3131 626 3155 annus
641 3131 833 3156 concessus
849 3124 926 3155 erat
940 3122 986 3155 ad
1001 3130 1083 3155 eam

216 3182 294 3207 rem
318 3172 588 3212 conficiendam,
613 3173 648 3205 in
669 3181 777 3214 quam
794 3173 919 3205 Cicero
934 3172 1084 3204 Verrem

217 3225 448 3256 accusaturus
465 3223 714 3264 quinquaginta
730 3222 912 3254 dumtaxat
933 3221 1010 3254 dies
1033 3221 1084 3253 in-

217 3274 430 3315 sumpserat.
469 3270 608 3304 Suillius
630 3273 750 3303 autem
773 3279 838 3303 suo
860 3271 936 3303 iure
959 3272 1084 3312 postu·

217 3321 291 3355 lare
314 3323 469 3364 poterat,
494 3322 534 3353 ut
555 3321 733 3354 accusatio
751 3321 827 3362 ipsa
843 3329 913 3352 non
930 3319 1082 3352 habere-

218 3373 276 3404 tur
289 3373 370 3405 ante
386 3380 494 3414 quam
516 3372 546 3405 is
567 3379 680 3404 annus
695 3370 937 3412 praeterisset,
954 3371 993 3402 ut
1007 3370 1083 3412 ipse

220 3429 361 3464 quoque
389 3424 500 3455 testes
528 3430 593 3464 pro
624 3429 663 3454 se
691 3421 844 3463 pararet.
880 3420 975 3453 Haec
997 3428 1084 3453 vero

1131 2333 1151 2357 a
1175 2323 1293 2357 Suillio
1317 2325 1352 2357 in
1375 2324 1465 2357 urbe
1489 2324 1690 2358 commissis
1713 2324 1913 2366 anquirere.
1946 2322 1998 2356 Cf.

1131 2384 1162 2407 c.
1188 2375 1242 2407 52.
1275 2374 1361 2407 Plin.
1386 2375 1473 2418 Epp.
1499 2375 1533 2415 3,
1557 2374 1588 2407 9.
1613 2393 1658 2399 -
1691 2374 1871 2407 acerbitate
1898 2381 2001 2405 aecu-

1130 2423 1280 2466 sationis]
1305 2423 1357 2457 Cf.
1383 2425 1436 2465 44,
1462 2426 1501 2457 5:
1530 2424 1711 2458 Continuus
1731 2424 1809 2457 inde
1830 2427 1861 2457 et
1883 2431 2003 2455 saevus

1131 2474 1329 2506 accusandis
1361 2475 1428 2506 reis
1463 2474 1613 2507 Suillius.
1643 2491 1679 2498 -
1712 2475 1751 2515 Q.
1775 2472 1999 2515 Pomponium]

1133 2523 1184 2557 Ci.
1204 2524 1236 2564 6,
1254 2524 1307 2557 48.
1338 2541 1375 2548 -
1400 2524 1475 2557 belli
1495 2523 1612 2566 civilis]
1637 2525 1780 2557 sueton.
1799 2522 1920 2556 Claud.
1939 2522 1998 2555 ⁴3:

1130 2574 1260 2607 Bellum
1287 2574 1382 2607 civile
1408 2575 1512 2606 movit
1537 2574 1660 2607 Furius
1682 2573 1841 2607 Camillus
1866 2573 2002 2606 Scribo-

1131 2625 1270 2664 nianus,
1288 2625 1482 2657 Dalmatiae
1495 2625 1642 2667 legatum·
1664 2633 1782 2657 verum
1795 2624 1890 2656 intra
1902 2624 2002 2664 quin-

1131 2677 1203 2707 tum
1224 2675 1310 2707 diem
1331 2683 1503 2715 oppressus
1523 2678 1582 2708 est.
1608 2674 1706 2716 (Vide
1729 2673 1774 2706 ad
1798 2674 1852 2713 42,
1870 2674 1939 2714 52.)
1961 2674 2002 2706 In

1133 2723 1351 2756 Scriboniani
1373 2725 1478 2766 igitur
1502 2725 1623 2767 partes
1649 2725 1935 2765 transgressurus
1958 2731 2002 2755 ex

1131 2774 1222 2806 urbe
1235 2773 1433 2816 confugisse
1446 2774 1588 2807 videtur
1599 2775 1639 2813 Q.
1648 2773 1875 2816 Pomponius.
1889 2773 2000 2805 Dione

1134 2824 1228 2856 enim
1252 2825 1342 2856 teste
1367 2824 1433 2865 (60,
1458 2824 1510 2866 45)
1540 2824 1679 2863 συχνοὶ
1707 2823 1773 2856 καὶ
1795 2821 2001 2863 βουλευταὶ

1132 2873 1198 2906 καὶ
1230 2873 1356 2914 ἱππεῖς
1386 2870 1482 2920 πρὸς
1510 2869 1629 2907 αὐτὸν
1657 2867 1855 2921 (ὅρμησαν.
1882 2889 1918 2896 -
1942 2872 2002 2904 Iu-

1131 2924 1232 2963 liam,
1257 2923 1362 2955 Drusi
1380 2923 1499 2966 flliam]
1522 2924 1611 2957 Vide
1635 2923 1680 2956 ad
1703 2932 1734 2957 c.
1760 2923 1815 2957 32.
1839 2939 1875 2946 -
1902 2921 2002 2954 sabt-

1132 2982 1277 3014 namque
1297 2973 1495 3016 Poppaeam]
1521 2973 1572 3007 Cf.
1598 2974 1652 3014 44,
1676 2974 1709 3006 2.
1728 2972 1761 3006 4.
1778 2991 1814 2997 —-
1835 2972 2002 3006 Valerium

1132 3022 1325 3065 Asiaticmn]
1350 3022 1402 3056 cf.
1420 3024 1475 3064 44,
1492 3024 1526 3057 4.
1546 3042 1582 3047 -
1607 3023 1745 3056 Lusium
1766 3021 2000 3063 Saturninum,

1134 3072 1321 3106 Cornelium
1345 3073 1491 3115 Lupum]
1522 3072 1637 3106 Ambo
1667 3072 1771 3106 amici
1801 3070 1936 3105 Claudii
1965 3072 2003 3105 et

1134 3121 1338 3155 consulares
1366 3124 1539 3155 vocantur
1566 3131 1587 3155 a
1616 3123 1751 3155 Seneca
1774 3120 1861 3154 Lud.
1887 3120 1941 3161 43,
1964 3120 1998 3154 5.

1137 3189 1172 3196 -
1197 3172 1345 3212 equitum
1364 3173 1403 3206 R.
1421 3172 1571 3214 aomina]
1595 3172 1781 3204 Suetonius
1798 3169 1920 3203 Claud.
1936 3170 1997 3203 29:

1131 3221 1171 3253 In
1194 3222 1337 3263 quinque
1366 3225 1398 3255 et
1425 3223 1567 3264 tr-iyinta
1590 3224 1758 3254 senatores
1780 3223 2002 3261 trecentosque

1133 3271 1275 3313 antplius
1287 3273 1411 3313 equites
1430 3273 1468 3305 R.
1486 3270 1733 3304 animadvertit.
1758 3270 1895 3303 Seneca
1911 3269 1997 3303 Lud.

1134 3320 1188 3361 44,
1214 3322 1228 3354 4
1244 3331 1252 3354 2
1277 3322 1400 3354 occisos
1420 3324 1586 3355 senatores
1600 3327 1681 3360 nx,
1701 3320 1823 3360 equites
1838 3320 2002 3354 Romanos

1133 3379 1184 3412 cc,
1201 3375 1324 3405 cetoros
1339 3380 1450 3412 ccxxi,
1470 3365 1548 3404 ὅσα
1561 3367 1754 3413 ψάμαθός
1768 3379 1809 3403 τε
1823 3367 1931 3412 κόνις
1944 3380 1996 3404 τε.

1136 3439 1172 3446 -
1189 3422 1389 3464 defendebat]
1411 3423 1446 3455 in
1466 3429 1568 3454 suam
1584 3420 1827 3455 defensionem
1841 3421 1994 3456 dicebat.
