2254 3770
287 261 373 307 268

767 265 813 309 P.
846 262 1097 312 CORNELII
1127 262 1298 307 TACITI
1327 261 1596 308 ANNALI'UM

400 370 458 427 (V,
477 369 545 427 lo)
575 371 658 414 Per
685 369 802 414 idem
831 375 1000 428 tempus
1020 369 1119 413 Asia
1139 375 1267 428 atque
1288 368 1447 414 Achaia
1471 369 1699 414 exterritae
1717 375 1816 414 sunt
1835 369 1922 414 acri
1943 369 2079 428 magis

285 459 416 504 quam
445 445 646 490 diuturno
682 458 876 498 rumore,
914 446 1118 496 Drusum,
1159 445 1398 489 Germanici
1434 444 1587 497 filium,
1628 444 1743 503 apud
1774 443 1984 504 Cycladas
2015 445 2080 489 in-

284 521 414 574 sulas,
444 535 544 565 mox
573 521 615 565 in
645 520 876 565 continenti
904 521 1056 565 visum.
1097 526 1138 565 et
1169 526 1260 564 erat
1290 520 1456 564 iuvenis
1487 520 1571 564 hau
1601 519 1761 579 dispari
1792 525 1949 572 aetate,
1982 520 2079 578 qui-

283 595 467 641 busdam
497 596 693 642 Caesaris
722 584 885 641 libertis
913 596 1029 641 velut
1058 597 1246 654 agnitus3
1286 610 1366 654 per
1395 595 1629 654 dolumque
1659 595 1958 640 comitantibus
1988 595 2080 639 alli-

252 672 507 716 5ciebantur
543 662 687 730 ignari*
717 671 827 716 fama
863 673 1047 716 nominis
1078 680 1120 717 et
1156 671 1364 730 promptis
1396 671 1659 716 Graecorum
1695 672 1848 716 animis
1878 671 1932 716 ad
1967 685 2078 715 nova

285 754 328 792 et
354 748 483 792 mira:
523 748 684 806 quippe
714 747 908 806 elapsum
939 748 1159 792 custodiae
1189 761 1371 806 pergere
1403 747 1457 791 ad
1490 753 1694 806 paternos
1725 748 1958 798 exercitus,
1997 748 2079 790 Ae·-

284 829 463 882 gyptum
483 829 555 867 aut
584 823 756 883 Syriam
784 824 1042 874 invasurum,
1076 823 1289 882 fingebant
1310 823 1433 867 simul
1457 823 1794 882 credebantque.
1826 823 1909 867 iam
1931 823 2079 868 iuven-

284 899 383 943 tutis
413 912 644 950 concursu,
685 899 769 943 iam
798 899 981 958 publicis
1011 899 1162 944 studiis
1192 899 1559 959 frequentabatur,
1604 899 1740 944 laetus
1778 898 2079 957 praesentibus

284 980 327 1018 et
363 974 551 1019 inanium
586 989 682 1034 spe,
724 989 823 1019 cum
861 975 1053 1019 auditum
1090 975 1133 1019 id
1164 977 1366 1034 Poppaeo
1397 975 1570 1020 Sabino.
1617 976 1653 1019 is
1683 974 1959 1019 Macedoniae
1989 981 2079 1019 tum

236 1050 469 1095 tointentus
517 1050 718 1095 Achaiam
763 1065 939 1110 quoque
979 1050 1167 1095 curabat.

1219 1051 1346 1109 igitur
1386 1065 1473 1110 quo
1512 1066 1617 1096 vera
1653 1066 1730 1096 seu
1770 1051 1875 1095 falsa
1913 1050 2077 1103 antiret,

283 1127 552 1171 Toronaeum
582 1127 952 1186 Thermaeumque
982 1127 1121 1170 sinum
1151 1127 1480 1185 praefestinans‚
1521 1141 1622 1171 mox
1652 1128 1886 1179 Euboeam,
1919 1127 2077 1186 Aegaei

283 1202 413 1247 maris
443 1202 636 1254 insulam,
668 1210 711 1247 et
730 1203 929 1247 Piraeum
950 1203 1109 1247 Atticae
1131 1217 1245 1254 orae,
1279 1203 1378 1247 dein
1401 1203 1699 1248 Corinthiense
1719 1203 1818 1248 litus
1839 1203 2079 1262 angustias-

285 1292 371 1338 que
391 1278 536 1322 Isthmi
557 1278 719 1332 evadit;
753 1279 948 1338 marique
970 1279 1052 1323 alio
1073 1279 1322 1337 Nicopolim,
1347 1280 1579 1323 Romanam
1601 1279 1822 1332 coloniam,
1845 1280 2078 1337 ingressus,

286 1353 344 1397 ibi
374 1353 546 1398 demum
575 1355 792 1413 cognoscit
812 1354 1026 1399 sollertius
1057 1355 1373 1413 interrogatum,
1398 1356 1595 1413 quisnam
1617 1356 1734 1405 foret,
1759 1355 1918 1400 dixisse
1939 1357 1990 1399 M.
2013 1356 2079 1401 Si-

236 1429 383 1474 ⁴5lano
412 1430 600 1488 genitum
630 1437 672 1474 et
704 1430 846 1474 multis
877 1437 1137 1475 sectatorum
1167 1431 1343 1489 dilapsis
1382 1431 1630 1475 ascendisse
1670 1446 1823 1476 navem
1860 1438 2079 1491 tamquam

285 1505 447 1550 Italiam
481 1512 659 1564 peteret.
705 1506 961 1564 scripsitque
993 1507 1099 1551 haec
1130 1507 1317 1559 Tiberio,
1356 1521 1499 1565 neque
1542 1521 1620 1551 nos
1651 1508 1858 1566 originem
1894 1507 2078 1561 finemve

285 1581 379 1626 eius
410 1581 472 1626 rei
504 1581 612 1626 ultra
642 1583 944 1641 comperimus.

399 1659 456 1715 (V,
480 1657 547 1715 ll)
579 1658 701 1701 Exitu
735 1659 830 1702 anni
858 1658 930 1702 diu
953 1665 1077 1703 aucta
1098 1658 1315 1703 discordia
1338 1659 1563 1703 consulum
1583 1660 1735 1718 erupit.
1767 1673 1866 1703 nam
1887 1659 1995 1712 Trio,
2018 1659 2079 1704 fa-

287 1732 379 1778 cilis
410 1733 689 1792 capessendis
719 1734 946 1787 inimicitiis
977 1741 1018 1779 et
1047 1734 1138 1778 foro
1160 1735 1385 1785 exercitus,
1418 1741 1463 1779 ut
1493 1749 1668 1793 segnem
1690 1735 1895 1793 Regulum
1927 1735 1981 1779 ad
2000 1749 2079 1794 op-

235 1809 534 1868 aoprimendos
565 1810 707 1854 Seiani
739 1810 954 1854 ministros
985 1810 1160 1868 oblique
1190 1810 1508 1868 perstrinxerat.
1549 1810 1637 1861 ille,
1669 1811 1747 1855 nisi
1779 1811 2076 1860 lacesseretur,

284 1885 521 1929 modestiae
552 1885 760 1934 retinens,
802 1899 886 1929 non
917 1886 1046 1929 modo
1078 1886 1251 1930 rettudit
1280 1886 1504 1944 collegam,
1543 1887 1619 1930 sed
1651 1894 1699 1931 ut
1728 1887 1899 1931 noxium
1929 1887 2078 1931 coniu-

287 1961 462 2005 rationis
483 1960 537 2005 ad
569 1960 910 2019 disquisitionem
934 1961 1137 2005 trahebat.
1169 1961 1400 2020 multisque
1430 1969 1599 2020 patrum
1618 1963 1838 2007 orantibus
1868 1971 2078 2021 ponerent
2104 1984 2111 1989 ·

351 2083 383 2116 3.
412 2082 503 2116 haud
530 2083 637 2124 ispari
669 2083 700 2116 M
734 2100 768 2105 -
806 2082 838 2116 4.
865 2083 976 2115 dolum
999 2084 1056 2123 qui
1086 2092 1139 2125 pr.
1165 2083 1198 2117 M
1222 2082 1323 2125 (velut
1345 2084 1481 2125 agnitus
1496 2093 1561 2125 per
1584 2085 1715 2124 dolum;
1750 2085 1824 2124 quis
1845 2084 2077 2118 comitantibus

285 2139 520 2172 alliciebantur
541 2141 655 2182 ignari
675 2140 769 2182 fama
783 2141 943 2180 nominis;
967 2144 997 2173 et
1015 2142 1179 2181 promptis
1194 2141 1233 2174 G.
1253 2142 1374 2174 animis
1395 2142 1440 2173 ad
1455 2151 1543 2174 nova
1557 2146 1588 2174 et
1602 2143 1691 2175 mira
1710 2159 1746 2165 —
1766 2144 1887 2184 quippe
1902 2161 1950 2167 --
1964 2143 2078 2176 crede-

285 2197 429 2236 bantque
446 2215 482 2221 —
499 2198 570 2230 iam
587 2197 724 2239 Haase.)
744 2216 779 2221 —
807 2198 837 2230 6.
857 2198 1005 2239 elapsum
1027 2198 1235 2231 Rhenanus:
1260 2199 1391 2239 lapsum
1407 2199 1439 2231 M
1458 2216 1494 2222 —
1521 2199 1552 2231 9.
1578 2208 1635 2240 spe
1650 2200 1701 2233 M:
1725 2200 1831 2240 specie
1847 2200 2020 2232 Heinsius.
2038 2217 2075 2223 —

285 2254 436 2295 Poppaeo
467 2254 655 2287 Rhenanus
686 2253 780 2296 (coll.
807 2256 843 2294 4,
870 2253 923 2286 80.
950 2253 987 2294 4,
1013 2254 1086 2294 46):
1120 2255 1272 2296 pompeio
1306 2255 1338 2288 M
1372 2274 1405 2279 -
1439 2256 1492 2287 44.
1518 2259 1690 2289 toroneam
1720 2260 1942 2299 termeumque
1973 2256 2006 2290 M
2038 2273 2074 2280 —

288 2310 340 2343 ⁴2.
365 2311 580 2344 chorintiense
602 2312 635 2344 M
663 2330 695 2334 -
724 2312 776 2344 45.
801 2311 943 2352 delapsis
964 2320 1017 2353 pr.
1045 2312 1087 2344 M.

288 2424 457 2466 (Seianus)
480 2433 555 2457 cum
571 2425 660 2457 omni
679 2425 836 2467 proyenie
851 2434 931 2465 sua,
957 2434 1060 2466 usque
1074 2426 1156 2458 adeo

285 2478 322 2507 uc
334 2475 440 2516 filiam
455 2476 525 2508 eius
546 2475 709 2516 viryinem
731 2475 854 2508 iuberet
877 2478 1011 2508 senatus
1033 2485 1055 2507 a
1080 2485 1156 2508 car-

285 2526 380 2567 nifice
402 2527 551 2566 stuprari
573 2529 604 2558 et
625 2526 673 2558 sic
695 2526 817 2565 occidi,
842 2529 880 2558 ut
901 2527 975 2558 iure
990 2526 1157 2559 videretur

285 2576 385 2618 fuisso
416 2576 535 2609 occisa.
572 2594 600 2599 —
638 2577 674 2609 in
709 2577 885 2609 Gemonias
918 2576 1064 2618 abiecta]
1103 2576 1153 2610 Cf.

287 2626 327 2666 3,
349 2625 401 2659 44.

332 2676 385 2709 40.
409 2676 575 2718 Drusum]
608 2677 658 2708 De
690 2685 775 2709 vero
800 2678 913 2710 Druso
938 2676 1018 2709 vide
1043 2676 1074 2716 6,
1100 2675 1154 2708 23.

287 2727 320 2759 ls
337 2726 372 2758 in
387 2726 458 2758 ima
474 2724 593 2758 Palatii
612 2728 709 2767 parte
728 2726 939 2766 custoditus,
964 2735 1047 2759 mox
1064 2725 1156 2758 fame

288 2777 434 2809 necatus
461 2777 526 2809 est.
563 2777 705 2808 Sueton.
731 2776 805 2808 Tib.
832 2776 885 2810 54.
914 2795 949 2799 —
976 2776 1021 2808 ad
1040 2779 1158 2816 pater—

286 2835 346 2859 nos
368 2825 543 2867 exereitus]
570 2825 620 2859 Cf.
638 2826 658 2858 2
672 2851 679 2864 ,
696 2827 738 2858 55
755 2835 834 2868 sqq.
864 2845 899 2850 —
925 2827 1075 2867 Poppaeo
1091 2826 1157 2858 Sa-

288 2876 374 2919 bino]
400 2875 450 2909 Cf.
471 2876 502 2916 4,
520 2876 573 2908 80.
595 2894 630 2899 -
658 2876 863 2909 Toronaeum
882 2877 1158 2917 Thermaeumque

286 2926 406 2969 sinum]
439 2934 590 2967 quorum
620 2925 675 2959 ille
706 2926 752 2959 ad
781 2928 959 2966 Toronen,
992 2926 1158 2960 Macedo-

288 2977 367 3009 niae
391 2975 538 3013 urbem;
575 2976 631 3008 hic
662 2977 773 3018 (nunc
797 2977 892 3017 Golfo
914 2978 948 3009 di
973 2977 1156 3018 Salonichi)

288 3028 383 3060 iuxta
427 3025 691 3064 Macedoniam,
733 3027 808 3058 Axii
850 3027 945 3059 ssuvii
980 3027 1154 3068 receptor.

288 3077 378 3109 Lirs.
409 3094 442 3099 —
468 3075 666 3117 Nicopolim]
692 3075 743 3108 Cf.
769 3077 801 3115 2,
826 3076 880 3108 53.
903 3095 937 3100 —
964 3078 1010 3109 M.
1029 3076 1156 3119 Silano]

290 3125 342 3159 Cf.
367 3127 400 3166 2,
419 3126 474 3159 59.
500 3125 532 3166 3,
549 3124 603 3158 24.
629 3125 682 3158 57.
709 3125 741 3162 6,
766 3126 819 3158 20.
848 3142 882 3148 —
910 3135 1015 3168 neque
1035 3135 1158 3158 nos--

288 3176 517 3218 comperimus]
541 3176 584 3208 At
607 3175 763 3217 repperit
787 3175 849 3207 Dio
870 3175 924 3215 58,
942 3177 995 3209 25.
1021 3177 1080 3218 qui
1104 3177 1159 3209 to—

289 3228 361 3259 tam
392 3235 469 3260 rem
499 3227 550 3260 sic
577 3226 717 3259 narrat:
753 3223 899 3258 τούτων
921 3224 950 3257 δ’
973 3222 1095 3267 οὕτως
1118 3237 1159 3259 εν

288 3274 335 3333 τῆ
366 3273 491 3324 Ῥώμῃ
525 3275 759 3320 γιγνομένων
792 3271 881 3307 οὐδὲ
914 3273 959 3307 τὸ
983 3272 1158 3319 ὑπήκοον

289 3311 501 3369 ησύχαζεν,
525 3322 606 3359 ἀλλ’
630 3321 759 3368 ἐπειδὴ
777 3322 942 3364 τάχιστα
957 3327 1158 3367 νεανίσκος

289 3385 346 3417 τις
361 3375 536 3422 Δροῦσος
558 3375 675 3421 λέγων
698 3372 795 3409 εἶναι
818 3375 902 3420 περί
925 3385 964 3407 τε
986 3372 1056 3418 τὴν
1074 3371 1159 3407 Ελ-

289 3423 387 3459 λάδα
408 3426 473 3460 καὶ
494 3427 578 3474 περὶ
593 3424 664 3470 τὴν
676 3422 819 3460 Ἰωνίαν
834 3422 971 3469 ὤφθη,
996 3425 1061 3458 καὶ
1077 3424 1159 3459 εδέ-

1207 2416 1322 2461 ξαντο
1346 2415 1463 2452 αὐτὸν
1489 2416 1668 2461 ἁσμένως
1691 2419 1734 2451 αἱ
1755 2417 1883 2461 πόλεις
1905 2419 1972 2453 καὶ
1986 2429 2079 2453 συν-

1207 2468 1360 2517 ᾑροντο.
1393 2465 1468 2502 κᾶν
1497 2469 1535 2511 ἐς
1566 2467 1636 2513 τὴν
1657 2470 1799 2517 Συρίαν
1823 2466 2080 2517 προχωρήσας

1208 2518 1255 2553 τὰ
1277 2519 1517 2565 στρατόπεδα
1535 2522 1722 2560 κατέσχεν
1733 2545 1743 2562 ,
1769 2522 1804 2554 εἰ
1816 2518 1874 2564 μὴ
1889 2522 2079 2568 γνωρίσας

1207 2582 1263 2613 τις
1292 2568 1412 2604 αὐτὸν
1444 2570 1631 2612 συνέλαβέ
1654 2582 1694 2604 τε
1716 2572 1782 2604 καὶ
1805 2568 1901 2618 πρὸς
1923 2569 1991 2604 τὸν
2014 2572 2078 2604 Τι-

1206 2621 1336 2667 βέριον
1358 2618 1561 2666 ἀνήγαγεν.
1588 2622 1659 2655 Sed
1675 2622 1739 2655 Dio
1755 2622 1875 2663 (quem
1891 2621 2079 2664 exscripsit

1207 2674 1361 2705 Zonaras
1386 2681 1419 2714 p.
1445 2673 1518 2712 554)
1552 2672 1642 2704 haec
1673 2671 1781 2704 refert
1810 2670 1855 2704 ad
1880 2680 1911 2703 a.
1939 2680 1974 2704 u.
1999 2672 2075 2705 787.

1253 2723 1304 2754 44.
1339 2722 1526 2764 consulum]
1562 2723 1598 2754 L.
1632 2720 1773 2754 Fulcinii
1803 2721 1940 2754 TrioniS
1972 2722 2008 2754 et
2037 2723 2075 2755 P.

1208 2773 1362 2805 Memmii
1397 2771 1536 2814 Reguli,
1574 2780 1726 2814 quorum
1758 2769 1813 2803 ille
1845 2780 1888 2803 ex
1911 2770 2077 2805 Kalendis

1207 2821 1317 2862 Iuliis,
1350 2823 1406 2854 hic
1431 2832 1474 2854 ex
1496 2823 1534 2854 K.
1561 2821 1771 2854 Octobribus
1794 2820 1963 2854 suffectus
1987 2823 2075 2861 erat,

1208 2873 1334 2905 Inscrr.
1354 2873 1439 2905 Latt.
1459 2881 1493 2904 n.
1512 2871 1609 2910 4033,
1635 2879 1743 2912 quem
1766 2869 1902 2904 titulum
1919 2871 2078 2904 redinte-

1208 2923 1320 2964 gravit
1350 2922 1548 2955 Henzenius
1572 2920 1639 2955 vol.
1667 2922 1728 2960 111.
1754 2930 1788 2963 p.
1815 2920 1890 2954 439.
1920 2940 1955 2944 —
1989 2922 2076 2963 Trio]

1209 2971 1259 3005 Cf.
1285 2973 1317 3011 2,
1343 2973 1397 3005 28.
1427 2990 1462 2996 —
1488 2971 1658 3013 Regulum]
1684 2970 1734 3003 Cf.
1753 2971 1785 3009 6,
1804 2969 1836 3003 4.
1863 2971 1916 3010 42,
1939 2971 1993 3004 22.
2020 2971 2074 3012 44,

1208 3023 1261 3056 47.
1287 3024 1351 3056 Dio
1368 3023 1422 3062 58,
1441 3023 1493 3055 25.
1518 3022 1573 3062 59,
1593 3022 1645 3054 42.
1671 3022 1814 3054 Sueton.
1841 3020 1949 3062 Calig.
1967 3022 2021 3054 25.
2036 3038 2073 3044 —

1207 3073 1363 3115 noxium]
1398 3072 1598 3112 conscium,
1635 3071 1854 3113 participem.
1892 3072 2007 3112 Atque
2037 3079 2076 3104 re

1209 3133 1292 3156 vera
1315 3124 1380 3156 Dio
1403 3123 1457 3162 58,
1475 3123 1495 3155 9
1518 3123 1682 3155 Trionem
1707 3122 1832 3154 Seiano
1856 3121 1984 3154 favisse
2008 3123 2077 3154 tra-

1209 3175 1278 3207 dit:
1315 3170 1338 3206 ὁ
1373 3170 1574 3219 συνάρχων
1608 3168 1727 3205 αὐτοῦ
1756 3170 1909 3213 (Reguli)
1937 3167 1982 3203 τὰ
2007 3169 2075 3205 τοῦ

1208 3221 1377 3268 Σηϊανοῦ
1401 3222 1566 3270 ἐφρόνει.
1595 3224 1696 3255 Anno
1720 3231 1754 3254 u.
1773 3221 1836 3254 788
1860 3220 2076 3254 condemna-

1209 3277 1264 3308 tus
1289 3276 1354 3308 est.
1379 3275 1443 3307 Dio
1466 3274 1527 3314 58,
1553 3275 1607 3306 25.

1253 3325 1312 3364 Vl,
1333 3326 1362 3357 4.
1388 3325 1446 3358 Cn.
1470 3323 1644 3366 Domitius]
1668 3323 1806 3363 Integra
1830 3321 1971 3353 nomina
1993 3321 2076 3354 sunt

1209 3376 1266 3409 Gn.
1285 3375 1449 3408 Domitius
1471 3375 1508 3407 L.
1533 3375 1558 3416 f.
1578 3374 1636 3407 Cn.
1653 3382 1687 3406 n.
1705 3370 1947 3411 Ahenobarbus,
1972 3371 2075 3413 pater

1208 3425 1355 3458 Neronis
1387 3423 1436 3466 (4,
1461 3424 1540 3466 75),
1577 3425 1614 3457 et
1640 3423 1688 3456 Μ.
1711 3421 1834 3456 Furius
1855 3421 1902 3454 M.
1925 3421 1950 3463 f.
1976 3421 2011 3455 P.
2035 3430 2070 3455 n.
