2254 3770
699 298 854 343 LIBER
879 297 982 341 xlv.
1026 295 1127 353 Cap.
1157 297 1224 340 55.
1251 296 1322 340 se.
1348 295 1419 339 57.

1866 295 1949 339 479

173 414 333 452 tautum
361 408 466 451 inte
495 419 591 450 mea
619 404 847 450 liberalitas
875 402 1050 461 explere
1080 416 1164 446 non
1189 409 1341 461 potest.
1372 402 1507 460 pudet
1530 401 1691 447 referre
1717 401 1950 453 libertinos,

171 484 246 542 qui
282 483 458 528 ditiores
495 477 771 540 spectantur.'
802 478 916 523 unde
957 478 1084 522 etiam
1122 477 1268 522 rubori
1307 477 1410 521 mihi
1440 484 1507 522 est
1534 476 1651 536 quod
1692 477 1950 535 praecipuus

172 559 345 603 caritate
374 556 564 601 nondum
593 570 743 601 omnes
772 555 938 598 fortuna
967 551 1197 597 antecellis.
1245 554 1326 609 (56)
1356 567 1508 597 verum
1537 559 1580 596 et
1608 552 1682 596 tibi
1710 551 1850 596 valida
1879 565 1952 595 ae-

171 641 254 685 tas,
299 632 518 690 rebusque
558 638 599 675 et
637 630 790 675 fructui
827 644 971 674 rerum
1011 627 1241 680 sufficienS,
1288 635 1330 672 et
1358 642 1436 672 nos
1467 628 1604 686 prima
1633 626 1786 685 inperii
1815 626 1953 684 spatia

171 708 453 766 ingredimur:
484 707 607 765 quin,
634 706 670 750 si
690 719 777 764 qua
795 706 839 748 in
858 710 977 762 parte
998 703 1208 748 lubricum
1228 703 1543 748 adolescentiae
1563 709 1734 747 nostrae
1753 701 1948 754 declinat,
1964 713 1982 742 ⁵

173 796 351 828 revocas
381 789 666 839 ornatumque
694 781 825 825 robur
854 778 1047 823 subsidio
1077 778 1298 836 inpensius
1328 778 1472 836 regis?
1501 792 1586 822 non
1609 784 1681 822 tua
1700 777 1950 828 moderatio,

171 859 207 903 si
237 857 477 903 reddideris
501 856 747 915 pecuniam,
778 868 859 899 nec
879 854 1016 912 quies,
1048 853 1084 897 si
1104 852 1330 910 reliqueris
1350 853 1606 911 principem,
1638 853 1715 897 sed
1735 866 1832 897 mea
1853 866 1953 896 ava-

172 934 284 986 ritia,
315 946 438 977 meae
467 931 729 976 crudelitatis
759 936 897 974 metus
927 930 969 972 in
990 942 1066 972 ore
1086 928 1276 972 omnium
1293 928 1545 972 versabitur.
1577 928 1694 986 quod
1715 928 1750 971 si
1771 928 1952 972 maxime

96 1020 109 1024 ’
173 1008 430 1054 continentia
458 1014 531 1051 tua
558 1006 776 1057 laudetur,
814 1010 1070 1049 non-tamen
1100 1003 1279 1061 sapienti
1308 1004 1400 1048 viro
1431 1003 1635 1048 decorum
1664 1003 1807 1056 faerit,
1838 1003 1954 1048 unde

174 1084 311 1129 amico
342 1083 554 1127 infamiam
582 1087 721 1139 paret,
754 1080 853 1125 inde
883 1079 1061 1137 gloriam
1081 1078 1159 1123 sibi
1185 1079 1418 1136 recipere.»
1451 1078 1518 1122 his
1539 1078 1668 1123 adicit
1687 1079 1955 1137 complexum
1968 1088 2005 1118 ιο

173 1165 218 1204 et
246 1158 410 1210 oscula,
442 1157 577 1201 factus
606 1162 757 1200 natura
777 1161 820 1200 et
840 1154 1148 1199 consuetudine
1168 1155 1382 1200 exercitus
1402 1153 1547 1198 velare
1567 1154 1713 1198 odium
1736 1153 1956 1199 fallacibus

175 1234 400 1291 blanditiis.
445 1233 627 1283 Seneca,
659 1231 734 1289 qui
762 1230 858 1274 finis
888 1231 1078 1274 omnium
1107 1235 1202 1274 cum
1233 1229 1478 1274 dominante
1507 1243 1773 1280 sermonum,
1813 1235 1956 1288 grates

174 1309 282 1367 agit3
319 1307 398 1353 sed
427 1308 615 1352 instituta
644 1306 798 1364 prioris
835 1305 1050 1363 potentiae
1080 1310 1328 1357 commutat,
1367 1304 1566 1362 prohibet
1594 1291 1957 1350 coetussalutan-

174 1386 299 1435 tium,
339 1383 442 1427 vitat
476 1382 732 1433 comitantis,
778 1394 901 1425 rarus
938 1393 1017 1438 per
1053 1380 1224 1430 urbem,
1266 1380 1389 1438 quasi
1422 1379 1665 1425 valetudine
1693 1380 1858 1424 infensa
1885 1387 1959 1426 aut

175 1459 410 1518 sapientiae
439 1457 590 1501 studiis
620 1456 735 1500 domi
764 1455 1038 1500 adtineretur.

290 1535 372 1591 (57)
393 1532 597 1577 Perculso
620 1533 785 1576 Seneca
803 1537 1046 1589 promptum
1067 1530 1142 1574 fuit
1160 1529 1313 1574 Rufum
1331 1529 1535 1574 Faenium
1554 1530 1790 1574 inminuere
1809 1531 1956 1589 Agrip-

179 1610 306 1669 pinae
343 1608 570 1653 amicitiam
607 1607 650 1650 in
685 1620 739 1651 eo
775 1606 1107 1651 criminantibus.
1152 1604 1417 1662 validiorque
1454 1605 1498 1648 in
1532 1604 1626 1650 dies
1663 1605 1879 1663 Tigillinus
1918 1612 1961 1650 et

180 1684 313 1729 malas
345 1690 477 1735 artes,
510 1682 666 1741 quibus
696 1680 797 1724 solis
818 1680 1022 1738 pollebat,
1054 1681 1261 1738 gratiores
1281 1686 1416 1732 ratus,
1444 1681 1480 1724 si
1500 1681 1736 1739 principem
1757 1681 1960 1726 societate

183 1759 394 1805 scelerum
425 1758 726 1815 obstringeret,
756 1763 896 1800 metus
926 1756 1019 1800 eius
1047 1755 1246 1808 rimatur;
1277 1761 1570 1814 conpertoque
1590 1755 1784 1800 Plautum
1803 1763 1846 1801 et
1866 1757 1961 1801 Sul-

184 1835 269 1879 lam
298 1834 479 1878 maxime
506 1832 662 1883 timeri,
693 1830 888 1875 Plautum
917 1831 960 1873 in
984 1830 1144 1882 Asiam,
1175 1829 1335 1874 Sullam
1363 1831 1407 1874 in
1437 1830 1614 1875 Galliam
1640 1832 1961 1877 Narbonensem
1972 1841 2011 1873 20

181 1924 319 1968 nuper
347 1914 530 1960 amotos,
564 1906 825 1951 nobilitatem
855 1919 1005 1950 eorum
1035 1911 1077 1950 et
1104 1905 1371 1964 propinquos
1401 1905 1500 1951 huic
1530 1907 1735 1959 Orientis,
1766 1907 1824 1950 illi
1855 1908 1961 1952 Ger-

179 1985 346 2029 maniae
376 1984 589 2028 exercitus
619 1987 936 2027 commemorat.
980 1994 1067 2024 non
1097 1995 1163 2033 se,
1199 1987 1246 2025 ut
1273 1982 1473 2034 Burrum,
1505 1982 1698 2027 diversas
1728 1997 1850 2041 spes,
1881 1983 1961 2028 sed

179 2060 315 2105 solam
343 2058 674 2104 incolumitatem
702 2057 882 2102 Neronis
912 2062 1129 2114 spectare3
1170 2057 1238 2101 cui
1269 2057 1411 2101 caveri
1441 2063 1674 2117 utcumque
1703 2058 1758 2103 ab
1786 2058 1961 2103 urbanis

245 2176 276 2208 4.
301 2178 332 2208 te
353 2175 398 2207 G:
423 2182 475 2207 me
496 2174 531 2207 M
555 2190 592 2197 -·
623 2172 809 2206 liberalitas
831 2173 878 2205 G:
912 2171 1049 2205 libertas
1069 2171 1104 2205 M
1130 2187 1166 2195 —
1200 2171 1232 2205 3.
1259 2168 1298 2204 bs
1319 2172 1353 2206 M
1371 2190 1407 2196 —
1433 2172 1466 2205 6.
1491 2176 1712 2214 ornatumque
1732 2181 1786 2216 pr.
1811 2173 1864 2207 M:
1889 2176 1963 2207 ἴον-

179 2235 360 2273 natumque
383 2239 474 2264 corr.
491 2230 525 2264 M
551 2248 586 2254 —
611 2230 644 2262 7.
667 2230 810 2271 pecunia
831 2229 865 2263 M
883 2245 920 2253 -
947 2228 999 2262 43.
1024 2231 1115 2275 cetus
1129 2229 1163 2263 M
1187 2247 1224 2253 —
1250 2229 1304 2263 46.
1321 2229 1483 2263 Faenium
1495 2238 1579 2263 nos:
1603 2230 1729 2272 senium
1743 2231 1789 2264 M.
1812 2229 1900 2263 Vide
1916 2229 1962 2263 ad

181 2288 235 2329 43,
259 2288 314 2321 22.
343 2303 378 2312 —
405 2287 459 2320 47.
482 2286 643 2329 tietwinus
663 2287 716 2320 M:
742 2286 918 2329 Yiaellinus
938 2284 1053 2327 vulgo.
1077 2285 1166 2319 Vide
1188 2285 1235 2319 ad
1257 2294 1289 2319 c.
1306 2286 1361 2319 54.
1382 2304 1418 2310 -
1443 2286 1497 2320 49.
1522 2286 1632 2320 sillam
1652 2287 1687 2321 M
1711 2306 1748 2312 —
1772 2287 1963 2338 21).an

180 2342 733 2378 stuamm—nabmnonsemm.

182 2438 221 2470 ut
243 2445 326 2470 eum
348 2444 432 2470 mox
454 2436 519 2477 (45,
538 2435 590 2477 60)
607 2435 718 2477 magis
733 2435 840 2468 etiam
854 2435 1047 2478 improviso

182 2487 372 2530 pervertat.
391 2503 427 2509 —
453 2485 613 2526 rebusque
635 2488 665 2518 et
686 2485 812 2525 fructui
825 2485 950 2527 rerum]
975 2485 1050 2518 offi-

183 2538 246 2571 ciis
258 2536 495 2579 exsequendis
507 2537 544 2569 et
556 2544 681 2569 eorum
695 2536 861 2578 praemiis
876 2535 1046 2569 fruendis.

186 2605 223 2612 —
248 2588 328 2629 quin
341 2604 393 2612 --
408 2585 532 2629 regist]
556 2586 785 2620 Notissimum
807 2594 902 2619 nunc
925 2588 981 2619 est
1001 2586 1050 2618 vi-

182 2637 301 2670 vidam
324 2637 417 2669 hanc
440 2644 520 2669 esse
536 2636 733 2678 imperativi
748 2635 967 2677 exprimendi
982 2635 1051 2668 for-

183 2687 329 2728 mulam,
354 2695 499 2729 semper
522 2695 604 2719 cum
626 2686 812 2719 indicativo
826 2686 994 2726 iunctam,
1012 2686 1050 2718 ut

184 2737 279 2780 apud
294 2738 432 2771 Terent.
450 2737 592 2770 Phorm.
611 2737 644 2776 2,
660 2736 694 2777 3,
713 2736 773 2769 82:
791 2736 884 2778 quin,
902 2736 990 2777 quod
1004 2739 1052 2769 est

183 2786 372 2829 ferundum,
385 2785 471 2828 fers?
485 2787 557 2819 Liv.
570 2787 583 2818 4
594 2810 602 2827 ,
613 2786 667 2818 57:
687 2786 785 2827 Quin,
796 2786 824 2818 si
834 2786 1050 2827 viyoriuven-

185 2840 239 2870 tae
249 2837 344 2876 inest,
352 2836 597 2870 conscendimus
607 2844 706 2876 equos
713 2835 949 2875 invisimusque
950 2844 1052 2876 prae-

185 2890 287 2921 sentes
297 2889 490 2919 nostrarum
498 2885 670 2928 (uxorum)
677 2886 814 2928 ingenia
820 2886 838 2918 ?
845 2884 1052 2918 Admirabili

187 2938 261 2970 arte
282 2935 407 2976 Taciti,
433 2935 563 2969 summi
579 2934 757 2968 scribendi
773 2935 948 2976 magistri,
973 2943 1053 2977 per·

187 2987 331 3020 sonatus
360 2987 452 3019 Nero
485 2987 565 3027 post
592 2994 766 3018 novorum
795 2984 1052 3018 beneficiorum

186 3036 434 3076 honorumque
464 3033 649 3068 illecebras
679 3035 826 3077 repente
853 3033 1053 3077 philosophi

189 3086 346 3119 animum
368 3085 436 3117 hac
458 3084 711 3125 exhortatione,
734 3085 774 3117 ut
787 3084 834 3116 ita
849 3083 978 3124 dicam,
996 3092 1054 3125 ag-

188 3134 346 3177 greditur
371 3135 477 3175 atque
504 3133 632 3174 irretit,
658 3142 729 3175 quo
749 3134 886 3166 Stoicus
907 3131 1053 3166 meliora

190 3192 312 3218 rursus
335 3183 380 3217 de
396 3181 566 3225 discipulo
585 3182 631 3215 ad
645 3183 810 3215 virtutem
824 3181 1054 3224 perducendo

190 3234 322 3276 speret.
343 3252 378 3258 -
397 3232 561 3266 lubricum
582 3231 820 3264 adolescentiae
833 3231 976 3274 nostrae]
1001 3231 1053 3265 Cf.

192 3283 250 3324 43,
273 3284 314 3317 2:
347 3291 412 3325 quo
433 3282 566 3325 facilius
587 3281 750 3314 lubricam
768 3281 931 3323 principis
958 3284 1055 3314 aeta—

191 3336 256 3367 tem
269 3351 288 3358 -
300 3351 320 3358 -
333 3334 522 3368 retinerent.
543 3350 578 3356 —
605 3334 824 3372 ornatumque
845 3330 949 3364 robur
971 3330 1053 3373 cet.]

193 3382 332 3424 Singula
346 3382 457 3417 verba
480 3390 620 3416 summa
643 3389 724 3415 cum
747 3381 870 3424 peritia
893 3381 975 3414 sunt
996 3378 1057 3413 de-

191 3431 302 3467 lecta:
330 3433 506 3475 «ornasti,
530 3431 659 3474 inquit,
684 3430 897 3465 «instruxisti
915 3430 1056 3473 optimis

1098 2436 1299 2478 praeceptis
1326 2434 1550 2478 consiliisque
1578 2436 1854 2472 adolescentiam
1885 2447 1964 2472 me—

1099 2493 1178 2525 am;
1209 2485 1280 2518 iam
1302 2484 1441 2518 adolevi
1469 2485 1616 2530 (robur);
1647 2497 1741 2522 nunc
1762 2489 1866 2531 igitur
1885 2489 1965 2521 sub-

1098 2536 1181 2568 sidio
1204 2536 1240 2569 et
1263 2535 1474 2569 adminiculo
1497 2537 1584 2570 mihi
1606 2539 1693 2579 eris,
1717 2547 1843 2572 verum
1866 2540 1963 2572 tanto

1097 2585 1276 2626 impensius
1296 2585 1365 2618 hoc
1387 2585 1502 2619 officio
1524 2586 1689 2630 fungare,
1712 2598 1867 2631 quaeso;
1892 2591 1964 2623 ete-

1099 2635 1172 2667 nim
1194 2634 1284 2668 haec
1300 2636 1359 2668 tua
1376 2644 1467 2669 nova
1484 2644 1569 2670 cura
1585 2638 1692 2672 etiam
1707 2638 1881 2672 difficilior
1899 2639 1966 2673 erit

1100 2692 1207 2726 quam
1236 2684 1334 2726 prius
1362 2684 1448 2718 illud
1482 2686 1582 2721 tuum
1616 2689 1890 2731 magisterium.»
1925 2708 1961 2714 —

1099 2736 1210 2776 yrates
1232 2734 1313 2778 aait]
1338 2735 1473 2769 Seneca
1496 2736 1540 2769 de
1564 2738 1615 2770 ira
1637 2739 1676 2780 2,
1701 2738 1761 2780 33,
1786 2740 1824 2773 2:
1849 2740 1964 2773 Notis-

1099 2785 1186 2817 sima
1210 2792 1281 2816 νοω
1308 2788 1355 2817 est
1376 2786 1465 2827 eius,
1496 2787 1554 2828 qui
1575 2787 1611 2820 in
1632 2789 1724 2822 cultu
1744 2798 1862 2832 reyum
1883 2798 1965 2823 con-

1100 2837 1264 2867 senuerat.
1290 2834 1372 2867 Cum
1388 2835 1483 2869 illum
1498 2837 1634 2878 quidam
1647 2839 1883 2882 interrogaret,
1900 2849 1966 2881 quo

1100 2884 1197 2916 modo
1210 2883 1423 2917 rarissimam
1435 2894 1507 2919 rem
1520 2886 1557 2919 in
1571 2887 1654 2921 aula
1667 2892 1857 2923 consecutus
1871 2892 1964 2930 esset,

1101 2935 1316 2966 senectutem:
1339 2934 1546 2978 Iniurias,
1569 2937 1694 2981 inquit,
1719 2939 1965 2981 accipiendo

1103 2987 1139 3017 et
1160 2983 1324 3025 gratias
1345 2987 1518 3027 caenae.

1147 3083 1200 3116 57.
1226 3083 1347 3126 Raetiam
1366 3084 1537 3129 Faenium]
1567 3087 1618 3121 Cf.
1643 3096 1675 3121 c.
1700 3089 1755 3122 54.
1783 3106 1818 3114 -
1842 3088 1966 3132 Aerip-

1100 3131 1202 3172 pinae
1224 3133 1418 3177 amcitiam]
1441 3135 1492 3168 Cf.
1511 3136 1564 3176 43,
1582 3137 1619 3170 24
1639 3145 1693 3179 sq.
1714 3155 1749 3160 —-
1766 3140 1870 3171 metus
1883 3139 1965 3183 eius]

1105 3181 1127 3214 i.
1153 3190 1186 3215 e.
1209 3190 1268 3216 res
1299 3184 1334 3216 et
1363 3184 1543 3226 homines,
1576 3194 1596 3218 a
1626 3186 1754 3228 quibus
1783 3189 1967 3224 metuebat

1105 3229 1171 3272 (die
1193 3231 1418 3274 Geaenstunde
1439 3235 1545 3268 seiner
1565 3235 1711 3278 Furcht).
1739 3254 1775 3261 —
1798 3238 1964 3283 Plautum]

1106 3279 1158 3313 Cf.
1177 3281 1230 3322 43,
1249 3281 1302 3315 49.
1328 3283 1382 3324 44,
1400 3284 1453 3317 22.
1474 3301 1510 3308 -
1536 3284 1676 3327 Sullam]
1700 3285 1751 3319 Cf.
1777 3286 1830 3328 43,
1855 3287 1909 3323 47.
1927 3307 1963 3313 -

1105 3330 1254 3365 diversas
1270 3332 1352 3375 spes]
1376 3334 1398 3366 i.
1418 3342 1448 3366 e.
1465 3333 1618 3375 partium
1634 3334 1853 3371 diversarum
1867 3346 1964 3381 spes,

1106 3379 1235 3423 quibus
1247 3381 1419 3423 significat
1429 3382 1567 3425 imperii
1579 3391 1661 3425 spes
1672 3383 1792 3418 Plauto
1805 3387 1967 3430 etAgrip-

1105 3429 1209 3473 pinae
1230 3430 1371 3474 pridem
1387 3431 1470 3467 vitio
1485 3431 1598 3467 datas.
1630 3433 1706 3475 Quo
1720 3435 1866 3474 eximino
1881 3445 1964 3471 cum

1945 3569 1966 3593 0
