2254 3770
733 239 890 284 LIBER
917 240 983 284 IV.
1028 239 1129 299 Cap.
1160 240 1227 285 46.
1258 240 1325 285 47.
1356 240 1424 286 48.
1889 239 1973 284 247

190 360 311 405 ceps,
353 346 388 391 si
426 345 539 390 nulla
569 352 612 390 et
647 346 721 390 ubi
758 345 886 390 nimia
921 352 997 390 est.
1046 360 1146 391 nam
1184 346 1393 396 Tiberius,
1437 346 1552 392 haud
1587 360 1791 406 umquam
1827 346 1974 390 domui

190 421 428 466 Germanici
449 421 572 474 mitis,
602 427 692 466 tum
711 434 815 465 vero
836 420 1012 479 aequari
1035 420 1334 466 adulescentes
1354 429 1554 467 senectae
1583 435 1688 466 suae
1719 421 1974 479 inpatienter

188 486 382 547 indoluit,
423 496 670 555 accitosque
708 495 932 555 pontifices
970 502 1242 554 percontatus
1272 503 1354 550 est,
1393 512 1496 541 num
1524 497 1568 541 id
1596 496 1797 556 precibus
1825 496 1974 554 Agrip-

187 572 313 630 pinae
343 578 415 615 aut
441 571 566 615 minis
594 572 853 616 tribuissent.
896 578 939 615 et
958 571 1014 614 illi
1036 571 1221 630 quidem,
1244 586 1503 631 quamquam
1525 572 1773 623 abnuerent,
1804 570 1973 616 modice

187 646 397 706 perstricti
428 646 600 704 (etenim
628 660 729 705 pars
758 660 910 704 magna
940 660 964 690 e
998 646 1251 705 propinquis
1287 647 1424 704 ipsius
1453 654 1526 691 aut
1553 647 1764 706 primores
1794 646 2006 691 civitatis5

187 722 339 779 erant);
378 727 570 766 ceterum
598 722 640 765 in
671 728 821 766 senatu
851 722 1042 765 oratione
1071 722 1235 765 monuit
1262 722 1306 764 in
1335 728 1554 780 posterum
1581 736 1636 766 ne
1666 722 1763 781 quis
1791 721 1973 766 mobiles

187 796 524 841 adulescentium
561 797 726 840 animos
767 796 1050 855 praematuris
1091 796 1325 841 honoribus
1363 798 1416 840 ad
1457 797 1704 855 superbiam
1740 797 1972 841 extolleret.

186 871 368 916 instabat
395 871 555 930 quippe
587 872 778 924 Seianus,
811 872 1119 930 incusabatque
1150 871 1366 916 diductam
1390 872 1602 916 civitatem
1630 879 1676 916 ut
1697 872 1807 917 civili
1838 871 1972 924 bello;

186 961 283 992 esse
313 947 387 1005 qui
417 961 464 990 se
494 947 679 1005 partium
699 946 954 1005 Agrippinae
984 953 1149 998 vocent,
1182 961 1232 991 ac
1261 948 1303 990 ni
1335 948 1566 998 resistatur,
1598 947 1688 991 fore
1719 947 1870 1005 pluris3
1901 960 1976 991 ne-

186 1036 271 1079 que
301 1021 404 1066 aliut
432 1021 648 1079 gliscentis
679 1021 921 1065 discordiae
962 1021 1200 1066 remedium
1229 1036 1359 1081 quam
1388 1023 1424 1066 si
1456 1036 1565 1066 unus
1597 1022 1755 1066 alterve
1791 1021 2024 1066 maximeio

184 1097 368 1156 prompti
409 1096 771 1141 subverterentur.
822 1096 903 1153 (48)
941 1111 1028 1155 qua
1063 1111 1194 1142 causa
1230 1098 1274 1142 C.
1314 1097 1463 1142 Silium
1502 1105 1544 1142 et
1582 1098 1730 1141 Titium
1771 1097 1974 1141 Sabinum

183 1172 442 1231 adgreditur.
487 1172 672 1216 amicitia
692 1172 931 1216 Germanici
961 1173 1202 1230 perniciosa
1231 1173 1414 1231 utrique,
1447 1172 1549 1217 Silio
1571 1179 1614 1216 et
1633 1173 1762 1231 quod,
1793 1172 1975 1230 ingentis

188 1247 401 1292 exercitus
431 1253 597 1305 septem
627 1261 705 1305 per
734 1261 868 1291 annos
898 1247 1143 1292 moderator
1162 1248 1381 1306 partisque
1402 1248 1517 1306 apud
1539 1248 1808 1292 Germaniam
1830 1248 1976 1291 trium-

185 1322 385 1382 phalibus
415 1323 700 1367 Sacroviriani
730 1322 828 1366 belli
858 1323 1009 1374 victor,
1042 1330 1200 1382 quanto
1230 1324 1392 1367 maiore
1428 1323 1540 1367 mole
1576 1323 1837 1381 procideret,
1878 1322 1975 1381 plus

183 1398 418 1442 formidinis
443 1398 487 1441 in
511 1397 616 1441 alios
637 1397 972 1456 dispergebatur.
1020 1398 1253 1443 credebant
1280 1398 1476 1457 plerique
1508 1406 1673 1442 auctam
1695 1398 2025 1442 offensionemts

187 1473 322 1531 ipsius
351 1473 685 1531 intemperantia,
717 1472 945 1517 immodice
975 1474 1167 1518 iactantis
1198 1488 1324 1518 suum
1351 1473 1527 1518 militem
1549 1474 1592 1517 in
1613 1473 1825 1532 obsequio
1847 1473 1975 1517 dura-

181 1548 314 1599 visse,
357 1562 455 1592 cum
493 1548 562 1592 alii
602 1548 656 1592 ad
696 1548 929 1592 seditiones
966 1549 1308 1607 prolaberentur3
1350 1563 1493 1607 neque
1527 1562 1776 1592 mansurum
1806 1548 1974 1593 Tiberio

182 1624 426 1682 imperium,
469 1623 505 1666 si
542 1623 591 1666 iis
622 1637 796 1681 quoque
826 1623 1067 1680 legionibus
1098 1623 1254 1682 cupido
1284 1624 1468 1668 novandi
1499 1624 1659 1668 fuisset.
1704 1624 1867 1668 destrui
1897 1637 1975 1682 per

184 1698 292 1743 haec
321 1698 532 1742 fortunam
561 1712 682 1742 suam
713 1698 872 1742 Caesar
901 1698 1181 1758 inparemque
1210 1706 1326 1743 tanto
1355 1700 1508 1743 merito
1538 1700 1724 1744 rebatur.
1770 1713 1869 1743 nam
1898 1699 1974 1744 be-

182 1775 336 1835 neficia
371 1789 424 1819 eo
461 1789 601 1834 usque
638 1775 749 1820 laeta
787 1782 901 1828 sunt,
942 1775 1045 1819 dum
1080 1775 1279 1820 videntur
1308 1774 1469 1819 exsolvi
1499 1789 1646 1834 posse:
1687 1775 1761 1819 ubi
1794 1775 2023 1820 multumeo

248 1939 280 1973 3.
303 1939 466 1981 pontificis
488 1947 542 1981 pr.
568 1939 601 1972 Μ
625 1956 661 1962 -
686 1939 866 1980 praecibus
888 1940 920 1973 M
946 1956 981 1962 —
1014 1939 1046 1973 8.
1072 1940 1245 1973 deductam
1267 1948 1320 1982 pr.
1346 1941 1380 1974 M
1405 1958 1441 1963 —
1479 1941 1532 1973 44.
1559 1940 1606 1983 0.]
1632 1941 1671 1974 G.
1697 1941 1730 1974 M
1754 1957 1788 1963 -
1818 1941 1869 1973 42.
1890 1949 1973 1981 per-

184 1997 330 2037 mitiosa,
356 2005 425 2029 non
443 1996 657 2037 permit-tosa,
682 1997 715 2030 M
737 2015 780 2021 —
804 1996 857 2030 44.
875 1997 1000 2030 victor:
1026 2001 1150 2039 quanto
1166 1996 1335 2031 Halmius.
1356 2015 1392 2022 -—
1415 1998 1601 2039 procideret
1623 1998 1832 2031 Rhenanus:
1852 2005 1973 2039 proce-

182 2054 272 2086 deret
292 2053 326 2087 M
350 2070 386 2076 —
412 2052 466 2086 49.
489 2054 650 2095 ueneficia
671 2054 705 2087 M
728 2053 897 2096 (beneficia
920 2054 1069 2096 margo).

180 2215 352 2258 flaminica
367 2214 486 2257 Dialis]
502 2224 590 2247 uxor
602 2215 753 2249 flaminis
766 2215 925 2250 Dialis.—
941 2226 1052 2249 sacro-

180 2275 258 2299 rum
271 2274 375 2298 causa
387 2265 468 2307 cet]
493 2266 546 2298 Ad
565 2266 656 2299 hanc
680 2266 794 2307 legem
807 2267 851 2299 de
874 2268 1051 2301 flaminica

181 2315 267 2350 Diali
290 2315 397 2348 latam
420 2317 599 2358 respicere
615 2316 754 2349 videtur
770 2319 904 2350 GaiusI
928 2318 946 2360 ἓ
967 2319 1047 2351 436;

182 2375 258 2399 cum
279 2367 366 2398 enim
379 2365 460 2398 haec
477 2367 564 2407 quod
579 2367 623 2398 ad
637 2375 737 2398 sacra
752 2370 883 2400 tantum
897 2368 1052 2400 videatur

182 2417 217 2447 in
238 2423 343 2447 manu
364 2423 446 2454 esse,
482 2416 569 2455 quod
597 2424 675 2448 vero
705 2417 750 2449 ad
781 2420 889 2449 cetera
914 2418 1053 2457 perinde

182 2465 344 2498 habeatur
365 2469 463 2506 atque
483 2467 512 2498 si
533 2467 568 2498 in
590 2475 729 2499 manum
750 2477 815 2499 non
839 2469 1049 2500 convenisset.

186 2533 222 2538 —
239 2515 442 2557 capiebatur]
468 2524 510 2548 ex
534 2515 695 2548 sollemni
717 2517 891 2558 pontificis
908 2517 1052 2550 maximi

184 2564 351 2599 formula:
377 2566 428 2606 Te,
445 2566 579 2606 Amata,
601 2567 707 2606 capio.
734 2567 816 2608 Capi
832 2571 942 2600 aulem
956 2567 1053 2608 virgo

180 2619 358 2657 propterea
380 2617 445 2649 dici
463 2617 606 2656 videtur,
633 2617 714 2656 quia
730 2618 897 2659 pontificis
910 2617 1054 2649 maximi

183 2675 289 2699 manu
306 2666 467 2706 prehensa
490 2666 532 2698 ab
555 2675 592 2698 eo
609 2668 769 2707 parente,
793 2667 829 2698 in
844 2668 940 2699 cuius
956 2669 1053 2707 pote-

185 2720 267 2748 state
295 2718 359 2756 σει,
391 2716 490 2748 veluti
513 2715 595 2748 bello
619 2719 719 2756 capta
742 2715 927 2748 abducitur.
966 2714 1050 2748 Geli.

185 2768 216 2805 4,
243 2767 295 2798 42.
328 2767 403 2806 Quo
427 2768 495 2799 ritu
519 2767 631 2807 patria
655 2768 812 2808 potestas
836 2768 869 2799 in
888 2775 967 2799 eam
985 2766 1053 2798 dis-

185 2821 340 2855 solvitur.
371 2840 405 2846 —
439 2823 494 2855 HS
514 2809 590 2864 Ῐῧῖ]
615 2823 816 2855 sestertium
839 2822 984 2855 viciens.
1013 2840 1047 2845 —

189 2871 378 2913 Vestalium]
411 2873 552 2904 Sueton.
577 2874 664 2913 Aug.
690 2872 751 2904 44:
793 2873 879 2904 Solis
907 2872 1052 2913 virqini-

185 2921 244 2954 bus
269 2921 447 2954 Vestalibus
473 2923 582 2954 locum
610 2923 645 2954 in
667 2923 794 2954 theatro
817 2923 998 2963 separatim
1022 2925 1053 2955 et

186 2975 304 3003 contra
321 2973 489 3012 praetoris
510 2972 658 3004 tribunal
680 2973 777 3004 dedit.

231 3021 284 3053 47.
314 3021 440 3053 Visellio
467 3022 631 3064 Varrone]
670 3022 709 3053 In
745 3021 859 3063 lapide
895 3022 1051 3054 Romano

187 3070 282 3113 apud
306 3071 493 3102 Gruterum
517 3079 551 3111 p.
579 3071 652 3110 497,
678 3071 697 3102 3
722 3071 921 3102 nominatur
944 3071 979 3102 L.
1004 3071 1055 3102 Vi—

187 3121 297 3153 sellius
325 3120 359 3153 0.
389 3120 413 3161 f.
445 3121 549 3152 Varro
582 3124 719 3153 curator
740 3121 894 3162 riparum
915 3123 946 3152 et
968 3121 1054 3153 alvei

190 3171 321 3203 Tiberis.
359 3170 461 3204 Filius
485 3172 560 3202 erat
584 3171 621 3202 C.
641 3169 768 3203 Visellii
785 3170 949 3203 Varronis
967 3179 1054 3203 con-

190 3219 273 3253 sulis
296 3229 328 3252 a.
352 3229 387 3252 u.
413 3221 488 3252 765.
514 3220 622 3259 Cf.⁴3,
647 3219 700 3252 44.
729 3238 772 3243 -
800 3223 880 3251 vota
909 3220 1053 3260 suscipe-

190 3270 404 3311 rent].Gaius
429 3271 463 3303 in
487 3271 561 3312 Dig.
588 3271 641 3310 50,
669 3271 720 3309 46,
739 3270 817 3302 233ε
843 3271 914 3302 Post
930 3270 1054 3301 Kalen-

193 3319 252 3351 das
272 3321 452 3354 Ianuarias
474 3322 525 3354 die
555 3322 651 3353 tertio
679 3329 741 3361 pro
763 3321 870 3352 salute
893 3321 1056 3361 principis

191 3371 270 3402 vota
290 3371 525 3413 suscipiuntur.
560 3370 734 3406 Plutarch.
763 3371 832 3403 Cic.
859 3371 896 3402 2:
928 3366 1054 3417 ἡμέρᾳ

1102 2218 1207 2264 τρίτῃ
1241 2215 1316 2250 τῶν
1350 2217 1445 2250 νέων
1479 2215 1689 2257 καλανδῶν,
1725 2216 1764 2251 ἐν
1793 2209 1820 2264 ᾖ
1843 2216 1911 2250 νῦν
1935 2218 1974 2250 οἱ

1102 2267 1286 2317 ἄρχοντες
1309 2263 1489 2307 εῧχονται
1511 2269 1576 2300 καὶ
1598 2266 1762 2302 θύουσιν
1786 2265 1879 2315 ὑπὲρ
1902 2267 1971 2302 τοῦ

1103 2317 1305 2363 ἡγεμόνος.
1342 2318 1487 2360 Capitol.
1506 2319 1634 2351 Pertin.
1658 2319 1695 2351 6:
1725 2320 1832 2352 Tertio
1853 2320 1973 2351 Nona-

1101 2380 1179 2403 rum
1201 2370 1271 2410 die,
1296 2371 1383 2401 votis
1403 2370 1494 2410 ipsis.
1525 2369 1576 2402 Cf.
1602 2370 1666 2402 Dio
1690 2370 1744 2410 59,
1769 2370 1823 2403 24.
1853 2388 1887 2394 ——
1914 2379 1974 2402 an-

1103 2422 1184 2463 ceps]
1218 2419 1415 2462 periculosa
1440 2420 1524 2461 ipsis
1547 2419 1799 2454 adulatoribus.
1827 2438 1862 2443 —
1899 2429 1973 2452 mo-

1102 2473 1180 2505 biles
1202 2472 1294 2504 adul.
1320 2469 1460 2510 animos]
1486 2471 1604 2503 Horat.
1631 2472 1669 2503 A.
1695 2473 1732 2504 P.
1755 2472 1837 2503 ⁴57:
1863 2470 1973 2504 Mobi-

1103 2522 1252 2562 libusque
1283 2522 1381 2552 decor
1409 2520 1545 2552 naturis
1574 2521 1704 2552 dandus
1729 2524 1760 2553 et
1789 2522 1898 2554 annis.
1932 2539 1968 2544 —

1097 2571 1327 2613 praematuris
1342 2570 1531 2611 honoribus]
1555 2571 1696 2602 Sueton.
1715 2570 1789 2603 Tib.
1808 2570 1867 2604 54:
1894 2571 1973 2612 Egit

1103 2631 1178 2654 cum
1201 2623 1335 2660 senatu,
1361 2629 1427 2652 non
1450 2620 1563 2652 debere
1588 2620 1674 2652 talia
1689 2622 1847 2661 praemia
1870 2621 1972 2653 tribui

1102 2673 1168 2705 nisi
1190 2672 1337 2712 expertis
1359 2673 1391 2703 et
1413 2673 1521 2703 aetate
1535 2672 1713 2711 provectis.
1737 2689 1769 2694 -
1790 2670 1970 2711 diductam]

1104 2723 1174 2754 iam
1197 2721 1344 2753 divisam
1369 2722 1402 2752 in
1428 2722 1620 2752 contrarias
1647 2721 1768 2762 partes
1791 2721 1828 2752 ut
1851 2720 1895 2752 ad
1921 2721 1972 2752 ci-

1103 2771 1169 2804 vile
1185 2770 1318 2803 bellum
1335 2770 1585 2811 incipiendum.
1601 2787 1635 2792 —
1654 2771 1803 2802 manime
1812 2770 1969 2811 prompti]

1104 2820 1147 2853 ad
1171 2819 1300 2861 aliquid
1324 2819 1546 2858 audendum,
1571 2818 1616 2850 ad
1639 2828 1697 2851 res
1721 2828 1840 2852 novas.

1148 2872 1199 2904 48.
1226 2871 1260 2903 C.
1287 2869 1417 2911 Silium]
1448 2869 1498 2901 Cf.
1526 2870 1557 2908 4,
1583 2869 1635 2901 32.
1661 2871 1702 2908 2,
1729 2870 1760 2902 6.
1787 2870 1824 2909 3,
1850 2870 1903 2903 45.
1932 2887 1968 2892 -

1105 2922 1225 2954 Titium
1248 2918 1418 2960 Sabinum]
1444 2919 1526 2951 Eius
1552 2920 1683 2952 exitum
1706 2919 1787 2951 vide
1812 2928 1841 2951 c.
1861 2919 1914 2951 70.
1933 2937 1968 2942 —

1103 2972 1186 3004 Silio
1209 2973 1240 3003 et
1262 2971 1350 3010 quod
1365 2969 1447 3011 cet]
1471 2969 1587 3002 Verba
1605 2970 1656 3002 sic
1677 2969 1852 3011 iungenda
1870 2969 1967 3001 sunt:

1104 3021 1207 3053 «Silio
1229 3019 1332 3052 etiam
1354 3019 1390 3051 id
1414 3020 1654 3061 perniciosum
1672 3021 1764 3059 erat,
1790 3019 1876 3060 quod
1893 3019 1972 3058 plus

1100 3069 1288 3110 formidinis
1310 3069 1577 3111 dispergebatur,
1604 3072 1729 3109 quanto
1747 3069 1873 3102 maiore
1887 3068 1972 3100 mole

1097 3119 1286 3159 procideret
1301 3119 1343 3158 is,
1363 3119 1422 3160 qui
1438 3120 1581 3161 ingentis
1595 3120 1763 3152 exercitus
1777 3136 1795 3141 -
1811 3136 1829 3141 -
1844 3118 1970 3149 Sacro-

1104 3169 1231 3201 viriani
1253 3169 1326 3201 belli
1349 3170 1457 3202 victor
1472 3170 1620 3203 fuerat.»
1641 3187 1673 3193 -
1689 3170 1867 3210 partisque
1881 3169 1971 3209 apud

1104 3220 1143 3252 G.
1170 3219 1433 3261 triumphalibus]
1459 3220 1510 3253 Cf.
1537 3221 1568 3259 4,
1594 3221 1647 3252 72.
1673 3237 1716 3242 -
1747 3227 1822 3250 cum
1844 3219 1903 3250 alii
1926 3219 1971 3251 ad

1103 3270 1273 3302 seditiones
1292 3270 1557 3311 prolaberentur]
1584 3270 1634 3302 Cf.
1658 3270 1688 3308 4,
1715 3269 1771 3301 34;
1800 3269 1970 3310 inferioris

1103 3322 1268 3353 exercitus
1300 3322 1394 3354 miles
1422 3323 1459 3355 in
1487 3321 1613 3354 rabiem
1635 3320 1816 3360 prolapsus
1844 3322 1901 3352 est.
1929 3338 1966 3345 —

1104 3371 1227 3403 destrui
1239 3380 1276 3413 p.
1290 3372 1326 3404 h.
1339 3372 1512 3413 fortunam
1527 3379 1624 3403 suam
1640 3369 1720 3412 cet]
1739 3378 1841 3403 nimis
1860 3371 1968 3403 minui
