2254 3770
753 297 798 340 P.
831 295 1080 340 CORNELII
1110 295 1279 340 TACITI
1308 295 1576 340 ANNALIUM

281 401 466 446 excessit
485 402 640 446 Fronto
671 415 720 446 ac
750 401 979 459 postulavit
1007 401 1180 446 modum
1213 407 1411 459 argento,
1443 400 1948 459 supellectili‚.familiae:
1980 407 2072 455 erat

281 477 442 536 quippe
474 477 614 522 adhuc
642 477 846 535 frequens
877 477 1166 529 senatoribus,
1199 478 1234 521 si
1265 477 1370 535 quid
1394 491 1418 520 e
1439 491 1486 520 re
1506 476 1678 535 publica
1698 477 1943 528 crederent,
1975 476 2070 521 loco

279 553 514 597 sententiae
544 566 756 610 promere.
802 558 950 596 contra
979 552 1122 597 Gallus
1153 553 1323 596 Asinius
1354 552 1576 597 disseruit:
1608 559 1735 597 auctu
1765 553 1933 611 imperii
1965 552 2070 596 ado-

278 628 434 673 levisse
465 628 593 672 etiam
631 628 816 685 privatas
846 642 972 686 opes,
1016 627 1146 686 idque
1184 642 1268 671 non
1299 642 1457 672 novum
1487 627 1564 672 sed
1595 642 1619 672 e
1651 628 1948 673 vetustissimis
1977 642 2071 672 mo-

247 704 415 748 sribus:
454 703 581 747 aliam
611 703 724 761 apud
755 702 992 755 Fabricios,
1025 703 1152 747 aliam
1180 710 1283 761 aput
1303 704 1527 762 Scipiones
1557 705 1807 762 pecuniam3
1846 711 1889 748 et
1918 711 2071 748 cuncta

279 779 333 823 ad
363 793 454 823 rem
484 779 700 837 publicam
729 779 898 831 referri,
937 793 1024 837 qua
1062 780 1177 823 tenui
1215 785 1416 836 angustas
1448 779 1600 824 civium
1630 779 1800 832 domos,
1842 787 2070 838 postquam

279 869 333 899 eo
354 854 692 912 magnificentiae
712 854 895 906 venerit,
928 854 1108 912 gliscere
1140 854 1343 912 singulos.
1374 869 1518 913 neque
1549 855 1591 898 in
1621 855 1788 899 familia.
1807 862 1850 899 et
1878 862 2067 913 argento,

278 945 480 990 quaeque
511 930 563 974 ad
596 944 723 973 usum
750 936 974 987 parentur,
1007 930 1186 973 nimium
1205 929 1367 988 aliquid
1398 937 1471 973 aut
1491 930 1709 975 modicum
1726 931 1806 974 nisi
1828 945 1882 975 ex
1902 930 2070 974 fortuna

277 1006 551 1065 possidentis.
583 1005 804 1050 distinctos
825 1012 1000 1049 senatus
1020 1012 1063 1049 et
1082 1006 1274 1063 equitum
1297 1019 1471 1057 census,
1495 1020 1580 1050 non
1601 1006 1702 1064 quia
1722 1006 1881 1050 diversi
1903 1012 2066 1058 natura,

227 1095 264 1126 4ο
277 1083 354 1127 sed
384 1088 449 1133 ut,
479 1070 583 1125 sicut
611 1081 717 1125 locis
747 1080 969 1125 ordinibus
1001 1080 1317 1138 dignationibus
1347 1081 1563 1134 antistent,
1606 1082 1661 1125 ita
1692 1082 1743 1125 iis
1773 1095 1885 1140 quae
1915 1080 1970 1125 ad
1999 1095 2070 1125 re-

277 1158 423 1217 quiem
462 1157 589 1201 animi
627 1163 700 1200 aut
729 1156 1020 1201 salubritatem
1051 1170 1282 1214 corporum
1310 1164 1534 1214 parentur,
1573 1157 1655 1200 nisi
1694 1156 1801 1200 forte
1832 1156 2068 1202 clarissimo

276 1234 433 1292 cuique
464 1233 610 1291 plures
642 1246 785 1283 curas,
827 1231 989 1275 maiora
1024 1231 1216 1290 pericula
1245 1231 1492 1283 subeunda,
1532 1231 1828 1276 delenimentis
1870 1246 2070 1276 curarum

277 1316 320 1354 et
347 1295 636 1367 periculorum
667 1307 899 1352 carendum
931 1321 1041 1352 esse.
1093 1307 1260 1351 facilem
1288 1307 1522 1351 adsensum
1552 1307 1670 1352 Gallo
1710 1306 1791 1352 sub
1829 1307 2070 1352 nominibus

276 1385 467 1429 honestis
503 1383 715 1428 confessio
743 1382 943 1426 vitiorum
973 1390 1015 1426 et
1045 1382 1275 1426 similitudo
1306 1383 1568 1427 audientium
1599 1382 1729 1427 dedit.
1783 1382 2000 1428 adiecerat
2028 1388 2071 1427 et

227 1473 263 1503 45
277 1461 471 1504 Tiberius
501 1473 586 1503 non
617 1459 658 1502 id
691 1465 858 1515 tempus
889 1472 1118 1509 censurae,
1152 1472 1250 1511 nec,
1284 1459 1317 1502 si
1348 1459 1450 1517 quid
1482 1459 1524 1502 in
1556 1458 1747 1502 moribus
1778 1458 1961 1508 labaret,
1994 1458 2071 1503 de-

277 1536 465 1580 futurum
491 1533 732 1592 corrigendi
764 1540 994 1578 auctorem.
1056 1533 1137 1591 (34)
1169 1534 1278 1578 inter
1298 1548 1411 1592 quae
1432 1535 1476 1578 L.
1497 1534 1596 1578 Piso
1620 1533 1824 1578 ambitum
1844 1534 1942 1586 sori,
1974 1547 2070 1578 cor-

279 296 337 339 96:

343 1688 375 1721 4.
400 1691 473 1721 erat
496 1687 615 1729 quippe
629 1706 650 1713 -
665 1705 684 1712 -
699 1688 876 1720 sententiae
894 1695 1049 1728 promere
1072 1686 1216 1720 seclusit
1244 1685 1462 1729 Nipperdey.
1482 1703 1517 1710 —-
1542 1686 1574 1719 3.
1599 1686 1791 1719 adoleuisset
1813 1686 1846 1720 Μ
1875 1684 2070 1728 (adoleuisso

277 1745 411 1787 margo)
447 1763 483 1769 —
519 1746 552 1779 5.
578 1745 732 1786 scipionis
760 1754 814 1787 pr.
840 1745 873 1778 M
900 1762 935 1769 —
973 1745 1005 1777 7.
1029 1745 1272 1787 munificentiae
1294 1745 1328 1778 M
1352 1761 1387 1767 -
1426 1743 1457 1777 8.
1484 1744 1603 1784 aliquit
1625 1744 1658 1776 M
1681 1752 1729 1770 -ο
1759 1743 1811 1775 40.
1843 1742 1899 1774 sed
1922 1745 1960 1774 ut
1985 1742 2069 1774 sicut

276 1802 355 1835 locis
377 1801 533 1836 Urlichs:
558 1803 614 1835 sed
635 1805 672 1834 ut
693 1802 772 1835 locis
788 1802 842 1840 M;
866 1802 922 1834 sed
942 1804 980 1834 ut
1003 1802 1060 1842 qui
1082 1801 1161 1834 locis
1177 1801 1398 1844 Nipperdey;
1424 1802 1479 1833 sed
1500 1803 1538 1833 ut
1560 1804 1591 1833 et
1612 1800 1711 1840 locis,
1735 1799 1925 1839 ordinibus,
1949 1799 1981 1831 d.
2000 1806 2067 1831 an—

276 1858 402 1899 tistant,
427 1861 458 1891 et
479 1859 557 1891 aliis
579 1859 706 1892 Haase.
734 1874 769 1882 —
798 1857 1043 1900 dignationibus
1065 1858 1239 1898 antistent‚
1263 1857 1314 1889 ita
1335 1857 1377 1889 iis
1399 1857 1601 1899 Rupertius:
1627 1854 1873 1898 dignationibus
1899 1854 2065 1887 antistant.

279 1915 365 1947 Talis
387 1915 437 1955 M;
463 1914 707 1956 dignationibus
729 1915 908 1947 antistant:
931 1914 981 1946 ita
995 1914 1071 1946 aliis
1092 1914 1263 1954 Pichena3
1290 1912 1556 1955 dignationibus,
1584 1912 1739 1945 antistent
1761 1915 1791 1945 et
1814 1911 1891 1944 aliis
1913 1911 2064 1943 Grotius.

281 1988 316 1997 «-
343 1971 397 2004 45.
423 1972 495 2013 quit
516 1971 549 2004 M
574 1988 610 1994 —-
637 1971 689 2004 46.
713 1972 785 2012 ipso
807 1971 841 2005 M
865 1971 947 2013 (Piso
970 1969 1102 2012 margo)
1130 1959 1263 2013 —fore
1285 1971 1318 2004 M
1344 1970 1420 2013 (fori
1442 1968 1588 2012 margo).

1198 2091 1300 2131 offero
1332 2088 1390 2121 tibi
1418 2089 1463 2121 ad
1491 2088 1674 2130 implendas
1702 2091 1866 2129 equestres
1891 2086 2067 2128 facultates

1199 2140 1285 2173 CCC.
1310 2140 1405 2172 milia
1419 2141 1603 2172 nummum.
1632 2140 1752 2171 luven.
1771 2139 1803 2178 4,
1829 2137 1903 2171 405.
1928 2138 1961 2178 ὅ,
1986 2136 2062 2170 432.

272 2090 397 2131 pudori
433 2089 508 2123 est?
542 2107 578 2113 -
615 2089 764 2133 eoecessit]
804 2088 982 2123 absolute:
1032 2088 1147 2122 «ultra

278 2141 368 2173 haec
406 2141 614 2182 processit.»
662 2140 712 2174 Cf.
750 2149 781 2173 c.
818 2140 879 2174 24:
921 2142 1052 2173 tantum
1087 2141 1148 2172 illa

278 2191 388 2223 clades
423 2191 573 2223 novitate
605 2193 636 2223 et
668 2191 897 2232 magnitudine
934 2191 1081 2223 excessit.
1108 2207 1144 2214 -

276 2241 413 2273 modum
434 2244 573 2282 argento
596 2240 676 2282 cet]
709 2241 744 2273 id
768 2243 840 2282 est,
872 2241 924 2273 tot
946 2241 1064 2283 pondo
1087 2249 1147 2273 ar-

279 2291 374 2332 genti
408 2290 488 2323 facti
522 2299 549 2324 s.
587 2290 728 2331 caelati,
769 2292 820 2324 tot
857 2299 1000 2331 servos,
1040 2289 1147 2323 talem

279 2340 545 2383 supellectilem.
571 2342 657 2374 Lips.
697 2341 749 2375 Ad
774 2342 1075 2375 constructionem
1100 2341 1145 2375 cs.

279 2390 352 2424 Cic.
379 2390 423 2423 de
447 2392 488 2425 N.
513 2392 554 2424 D.
580 2392 611 2431 2,
638 2391 697 2424 64:
723 2395 759 2424 ut
782 2401 825 2424 ea>
849 2391 1047 2424 animalium
1068 2400 1147 2423 cor-

274 2440 412 2482 poribus
440 2441 547 2473 multa
577 2442 725 2474 remedia
751 2441 877 2474 morbis
909 2445 940 2474 et
959 2441 1148 2474 vulneribus

278 2491 449 2533 eligamus.
477 2508 512 2514 —-
539 2491 610 2524 loco
632 2491 819 2534 sententiae]
852 2490 968 2524 oblata
1001 2492 1147 2525 senten-

278 2541 346 2574 tiae
363 2540 535 2574 dicendae
552 2543 758 2582 occasione,
785 2550 866 2574 cum
886 2541 1148 2584 pronuntiasset

280 2589 403 2624 consul
426 2590 614 2624 formulam
631 2590 784 2625 solitam:
810 2591 1145 2633 HIC-(praenomen)

280 2639 440 2673 OCTAVI.
473 2658 506 2664 —
536 2642 726 2682 pecuniam]
751 2640 1005 2674 «substantiam
1032 2640 1147 2674 bono-

278 2699 376 2730 rum,
422 2691 688 2724 universitatem
732 2692 783 2724 rei
829 2690 1050 2731 familiaris»,
1097 2691 1146 2724 uti

280 2739 442 2782 explanat
463 2741 610 2773 Dirksen
634 2742 669 2773 in
691 2741 846 2774 Manuali
868 2750 901 2774 v.
925 2742 1078 2774 Pecunia.
1107 2758 1143 2765 -

279 2790 325 2822 ad
345 2798 416 2823 rem
434 2789 526 2831 publ.
550 2790 680 2832 referri]
705 2786 992 2838 ἀναφέρεσθαι,
1018 2791 1145 2824 cuneta

280 2848 360 2873 esse
383 2848 426 2874 ac
444 2839 604 2882 populari
620 2841 862 2874 aestimatione
879 2842 1036 2883 reputari
1051 2839 1143 2879 talia,

280 2888 392 2931 qualis
426 2889 568 2931 singulis
603 2890 777 2924 aetatibus
813 2891 857 2924 sit
894 2891 946 2924 rei
984 2889 1145 2933 publicae

280 2939 433 2972 conditio
467 2948 509 2972 ac
538 2940 693 2982 potentia
726 2941 837 2973 maior
864 2940 922 2974 vel
951 2942 1080 2973 minor.
1106 2955 1143 2962 —

278 2989 424 3033 gliscere]
456 2989 590 3023 sensim
614 2998 799 3030 crescere,
832 2991 973 3032 proprie
1005 2990 1050 3023 de
1076 2989 1147 3031 igni

280 3048 322 3073 ac
344 3038 520 3083 procellis.
553 3039 614 3073 Est
635 3040 738 3081 igitur
760 3040 796 3072 h.
815 3039 838 3072 l.
863 3041 983 3082 augeri
1006 3039 1144 3083 opibus.

282 3106 318 3112 —
347 3098 497 3133 quaeque
524 3090 570 3123 ad
597 3098 694 3122 usum
722 3091 897 3131 parentur]
932 3091 1051 3123 Variat
1080 3099 1147 3123 vo—

281 3139 446 3174 cabulum
491 3140 646 3181 mollem.
689 3157 724 3162 —
764 3143 898 3172 senatus
935 3143 967 3173 et
1001 3141 1147 3181 equitum

280 3190 404 3233 census]
433 3191 569 3224 Census
593 3190 760 3232 equester
783 3189 846 3222 fuit
869 3189 1146 3231 quadringento—

280 3248 360 3272 rum
376 3240 415 3272 H.
435 3240 469 3272 S.
494 3240 613 3273 Horat.
639 3240 725 3282 Epp.
745 3239 777 3278 4,
804 3239 835 3279 4,
860 3240 914 3272 57.
940 3238 1024 3272 Plin.
1042 3241 1082 3272 N.
1102 3241 1143 3273 H.

281 3288 341 3328 33,
372 3289 468 3330 ἓ32.
515 3289 600 3323 Plin.
625 3291 712 3332 Epp.
737 3289 778 3329 4,
812 3289 871 3329 49,
902 3289 939 3321 2:
976 3289 1058 3322 Esse
1090 3290 1146 3322 tibi

279 3341 410 3371 centum
431 3340 559 3373 milium
574 3348 705 3373 censum
719 3339 801 3372 satis
813 3339 939 3371 indicat
954 3339 1042 3380 quod
1056 3341 1147 3380 apud

280 3397 340 3421 nos
369 3389 501 3422 decurio
529 3398 582 3429 es‚·
617 3390 721 3432 igitur
749 3392 787 3422 ut
815 3392 845 3422 ts
873 3397 939 3421 non
972 3389 1147 3422 decurione

280 3438 398 3479 solum,
409 3447 524 3472 uerum
535 3440 635 3472 etiam
645 3439 753 3482 equite
759 3440 906 3473 Romano
913 3437 1144 3482 perfruamur,

1198 2188 1343 2223 Martial.
1361 2188 1393 2230 4,
1420 2190 1473 2222 67.
1498 2190 1532 2229 ὅ,
1556 2189 1577 2222 8
1593 2189 1629 2221 et
1645 2188 1696 2221 26.
1733 2189 1784 2221 De
1809 2195 1919 2221 censu
1941 2188 2064 2220 autem

1198 2241 1375 2272 senatorio
1399 2239 1470 2281 egit
1491 2239 1602 2272 Ritter
1624 2238 1669 2271 ad
1692 2237 1729 2270 h.
1754 2237 1776 2270 l.
1823 2238 1874 2270 Tu
1902 2236 2066 2270 examina

1198 2290 1346 2323 Dionem
1370 2288 1433 2330 54,
1465 2289 1526 2321 ⁴7:
1565 2285 1611 2321 τὸ
1639 2284 1890 2328 βουλευτικὸν
1917 2288 2067 2330 τίμημα

1197 2335 1391 2372 --ῗέπειτα
1423 2339 1491 2372 καὶ
1523 2337 1564 2380 ἐς
1597 2338 1706 2372 πέντε
1739 2338 1806 2371 καὶ
1839 2336 1964 2370 εἴκοσι
1992 2346 2067 2380 μο-

1197 2388 1331 2437 ριάδας
1349 2386 1553 2436 (δραχμῶν,
1577 2389 1698 2423 decies
1714 2388 1928 2429 sestertium)
1944 2396 2067 2434 προη-

1196 2450 1300 2484 γαγε.
1349 2440 1438 2473 lbid.
1463 2439 1525 2480 ¹26,
1557 2441 1633 2472 tum
1661 2440 1721 2480 δῦ,
1752 2439 1805 2472 43.
1839 2438 1885 2471 ad
1913 2446 1946 2471 a.
1970 2446 2006 2471 u.
2031 2445 2064 2473 c.

1197 2491 1273 2531 757,
1299 2490 1359 2532 qui
1382 2491 1506 2523 tertius
1528 2489 1627 2523 locus
1643 2497 1788 2532 prorsus
1804 2488 1970 2522 convenit
1982 2495 2066 2522 cum

1197 2541 1339 2574 Sueten.
1366 2540 1486 2573 octav.
1511 2539 1571 2573 tt:
1601 2539 1803 2572 Senatorum
1831 2546 1964 2572 mm
1989 2546 2066 2570 am-

1192 2590 1316 2631 pliavit
1338 2598 1379 2622 ac
1397 2599 1462 2631 pro
1489 2590 1752 2631 octingentorum
1781 2588 1912 2622 milium
1937 2595 2066 2620 emma

1196 2640 1365 2673 duodecies
1389 2639 1420 2682 (4
1430 2639 1603 2681 ,200‚000)
1632 2639 1815 2672 sestertium
1837 2637 1971 2670 taoeauit
1989 2645 2067 2678 sup—

1193 2690 1357 2731 plevitque
1385 2698 1453 2722 non
1480 2688 1684 2722 habentibus.
1732 2688 1784 2722 Cf.
1811 2687 1918 2721 etiam
1945 2686 2066 2720 Hoeck

1196 2742 1296 2773 Rom.
1315 2740 1499 2773 Geschichte
1515 2740 1554 2771 11.
1573 2747 1607 2781 p.
1628 2738 1704 2771 ⁴32.
1725 2755 1760 2762 -
1785 2737 1907 2770 diversi
1926 2736 2064 2777 natira]

1196 2791 1380 2823 senatores
1396 2791 1432 2822 et
1447 2789 1605 2830 equites;
1631 2787 1676 2820 de
1693 2786 1797 2830 plebe
1813 2795 1883 2819 non
1898 2785 2063 2831 loquitur.

1198 2839 1250 2873 Cf.
1276 2840 1320 2873 de
1345 2840 1485 2872 diversa
1508 2839 1713 2872 senatorum
1737 2838 1774 2870 et
1795 2837 1955 2878 equitum
1977 2844 2064 2869 con—

1197 2890 1335 2923 dicione
1379 2890 1451 2923 Cic.
1492 2897 1557 2930 pro
1596 2886 1755 2920 Cluentio
1793 2886 1847 2920 56.
1891 2901 1926 2910 -
1966 2885 2063 2928 locis}

1197 2939 1370 2982 Equidem
1404 2937 1558 2980 intelligo
1591 2937 1637 2970 de
1671 2936 1758 2971 locis
1791 2937 1827 2970 in
1860 2936 1999 2970 theatro
2027 2937 2065 2968 et

1199 2990 1312 3030 circo;
1343 2991 1450 3031 atque
1479 2987 1670 3021 recordare
1694 2986 1897 3020 orchestrae
1921 2987 2064 3020 senato-

1196 3038 1314 3080 ribus,
1338 3040 1426 3073 XIV.
1452 3039 1616 3072 ordinum
1638 3036 1715 3080 lege
1738 3037 1860 3071 Roscia
1883 3036 2062 3078 equitibus

1196 3090 1467 3131 assignatorum.
1492 3105 1527 3112 ——
1553 3088 1709 3130 confessio
1730 3085 1901 3129 uitiorum]
1924 3084 2061 3119 Similes

1197 3139 1416 3173 audientium
1453 3147 1573 3172 mores
1610 3137 1827 3177 effecerunt,
1875 3138 1914 3169 ut
1958 3135 2061 3169 tacite

1196 3190 1357 3233 plerique
1372 3215 1380 3231 ,
1412 3191 1451 3223 ut
1473 3190 1612 3232 opinor,
1644 3197 1684 3222 se
1708 3187 1825 3221 eidem
1854 3185 1956 3220 luxus
1976 3186 2061 3218 vitio

1197 3249 1278 3274 esse
1313 3239 1484 3274 obnoxios
1522 3239 1731 3279 faterentur,
1770 3244 1887 3279 neque
1920 3236 1954 3269 ei
1989 3236 2061 3269 iam

1196 3299 1302 3333 posse
1326 3290 1462 3324 obsisti.
1487 3289 1596 3324 Aliter
1610 3290 1636 3322 1.
1655 3289 1710 3322 Fr.
1728 3287 1938 3321 Gronovius:
1965 3295 2061 3319 ‹con-

1194 3340 1290 3382 fessio
1313 3342 1369 3374 est
1390 3340 1547 3380 illorum,
1576 3339 1636 3381 qui
1658 3339 1739 3381 post
1761 3335 1895 3370 Gallum
1917 3337 2060 3369 senten-

1196 3391 1261 3424 tias
1285 3390 1423 3429 dixere;
1458 3389 1637 3422 similiuido
1667 3387 1873 3420 audientium
1904 3383 2057 3426 illorum,

1197 3440 1257 3482 qui
1279 3448 1350 3474 non
1372 3440 1456 3473 sunt
1476 3438 1601 3480 locuti,
1634 3437 1700 3471 sed
1722 3435 1834 3471 verbo
1863 3437 1924 3469 aut
1953 3442 2061 3469 manu
