2254 3770
664 303 823 349 *LIBER
849 303 917 348 vl.
955 301 1056 360 Cap.
1085 301 1152 345 17.
1182 301 1250 345 48.
1279 301 1348 345 49.
1377 301 1446 347 50.
1858 298 1946 343 ’307

170 413 363 459 delectus
389 411 513 471 plura
540 425 620 470 per
642 410 807 456 scelera
833 423 926 454 rem
953 406 1168 467 publicam
1187 407 1525 452 conflictavisset.
1554 410 1831 464 prospectare
1860 405 1946 450 iam

169 471 232 534 sev
247 489 388 534 acrius
417 487 648 535 servitium,
680 471 820 544 eoque
850 485 998 544 fugere
1028 483 1151 528 simul
1181 490 1275 527 acta
1304 489 1346 527 et
1374 482 1582 527 instantia.
1628 481 1738 530 haee
1764 480 1873 525 vatis
1901 480 1945 524 in

167 563 343 610 modum
360 562 560 607 dictitans
588 575 721 606 venas
751 559 937 604 resolvit.
981 558 1238 603 documento
1262 558 1486 617 sequentia
1507 563 1630 602 erunt
1656 557 1769 602 bene
1788 558 1947 600 Arrun·-

168 639 273 682 tium
301 644 437 682 morte
465 650 605 680 usum.
637 634 852 685 Albucilla,
885 635 1009 679 inrito
1038 634 1125 678 ictu
1154 647 1180 677 a
1208 639 1344 679 semet
1371 633 1601 684 vulnerata,
1632 632 1753 677 iussu
1773 637 1947 679 senatus

168 716 211 759 in
241 726 457 758 carcerem
486 712 628 756 fertur.
673 717 917 768 stuprorum
946 709 1039 753 eius
1067 708 1516 759 ministri,·Carsidius
1537 707 1748 752 Sacerdos
1777 714 1978 766 praeto-5

169 788 257 832 rius
287 794 334 832 ut
362 789 404 831 in
437 786 619 831 insulam
648 773 974 844 deportaretur,
1003 784 1177 846 Pontius
1207 783 1480 841 Fregellanus
1516 784 1727 828 amitteret
1754 782 1948 830 ordinem

166 863 438 912 senatorium,
472 867 514 906 et
543 860 725 906 eaedem
752 873 921 918 poenae
949 860 991 903 in
1021 859 1210 904 Laelium
1237 858 1416 903 Balbum
1445 858 1749 911 decernuntur,
1779 858 1823 903 id
1853 858 1948 917 qui-

165 938 267 982 dem
295 952 322 981 a
349 936 615 988 laetantibus,
646 936 747 994 quia
766 935 923 981 Balbus
945 935 1052 1018 truci
1076 933 1320 993 eloquentia
1343 933 1591 986 habebatur,
1621 928 1842 992 promptus
1871 933 1948 979 ad·-

167 1027 338 1060 versum
367 1013 572 1057 insontes.

279 1088 361 1145 (49)
391 1087 533 1132 Isdem
570 1086 723 1131 diebus
759 1086 855 1131 Sex.
885 1085 1102 1142 Papinius,
1142 1084 1355 1130 consulari
1392 1083 1565 1136 familia,
1605 1084 1876 1141 repentinum
1904 1090 1949 1128 et
1960 1102 1998 1133 ιο

168 1163 391 1208 informem
420 1163 580 1207 exitum
609 1161 784 1219 delegit,
817 1161 926 1205 iacto
956 1160 998 1205 in
1027 1173 1236 1218 praeceps
1267 1173 1460 1218 corpore.
1510 1173 1642 1204 causa
1677 1159 1734 1204 ad
1770 1165 1973 1225 matrem.

169 1238 446 1287 referebatur,
468 1251 580 1296 quae
601 1236 767 1296 pridem
787 1235 1010 1293 repudiata
1028 1235 1392 1281 adsentationibus
1419 1241 1549 1293 atque
1569 1234 1672 1281 luxu
1691 1234 1950 1293 perpulisset

168 1314 368 1357 iuvenem
396 1313 450 1357 ad
471 1326 523 1357 ea
543 1325 726 1370 quorum
746 1310 949 1368 effugium
967 1325 1053 1356 non
1072 1311 1152 1355 nisi
1173 1317 1309 1355 morte
1329 1310 1549 1357 inveniret.
1594 1310 1721 1368 igitur
1749 1317 1949 1355 accusata

170 1389 211 1432 in
232 1394 394 1439 senatu,
426 1400 687 1446 quamquam
716 1400 855 1444 genua
884 1392 1051 1444 patrum
1079 1386 1379 1431 advolveretur
1409 1385 1658 1443 luctumque
1680 1399 1949 1430 communem

170 1469 213 1508 et
239 1463 374 1520 magis
403 1461 647 1507 inbecillum
676 1461 745 1504 tali
782 1474 915 1519 super
943 1475 1046 1505 casu
1074 1461 1326 1506 feminarum
1354 1463 1542 1505 animum
1570 1460 1741 1519 aliaque
1771 1461 1814 1505 in
1841 1474 1997 1507 eun-⁴⁶
2062 1504 2065 1508 .

168 1538 268 1582 dem
300 1537 493 1581 dolorem
519 1544 683 1581 maesta
713 1542 756 1581 et
782 1536 1026 1581 miseranda
1050 1536 1122 1583 diu
1153 1536 1292 1586 ferret,
1324 1536 1432 1581 urbe
1462 1543 1603 1582 tamen
1631 1537 1674 1580 in
1693 1536 1844 1582 decem
1873 1550 1948 1582 an—

171 1627 249 1657 nos
278 1611 490 1671 prohibita
520 1618 597 1660 est.
628 1612 767 1656 donec
794 1612 932 1655 minor
960 1610 1072 1655 filius
1103 1611 1312 1655 lubricum
1341 1612 1537 1656 iuventae
1567 1612 1715 1656 exiret.

283 1689 365 1745 (50)
396 1689 484 1732 Iam
512 1687 726 1730 Tiberium
755 1700 929 1744 corpuS,
960 1687 1045 1730 iam
1074 1687 1205 1738 vires,
1242 1687 1432 1730 nondum
1460 1686 1741 1731 dissimulatio
1771 1687 1948 1732 desere-

169 1763 252 1819 bat.
303 1763 420 1807 idem
448 1762 576 1812 animi
609 1762 744 1820 rigor:
784 1775 982 1806 sermone
1020 1775 1071 1806 ac
1107 1761 1224 1807 vultu
1261 1762 1465 1814 intentus,
1503 1762 1698 1820 quaesita
1735 1761 1948 1807 interdum

170 1839 365 1883 comitate
401 1837 595 1896 quamvis
632 1829 897 1881 manifestam
931 1837 1212 1881 defectionem
1247 1837 1430 1895 tegebat.
1480 1837 1737 1896 mutatisque
1773 1838 1996 1897 saepiuszo

169 1914 274 1960 locis
304 1913 475 1959 tandem
504 1913 617 1971 apud
637 1912 976 1971 promunturium
997 1912 1143 1957 Miseni
1164 1912 1359 1957 consedit
1378 1913 1419 1956 in
1440 1903 1554 1965 villa,
1582 1913 1649 1961 cui
1680 1914 1726 1959 L.
1745 1912 1948 1965 Lucullus

168 1988 384 2048 quondam
404 1988 614 2032 dominus.
650 1987 735 2032 illic
755 2001 855 2031 eum
882 1986 1227 2046 adpropinquare
1256 1988 1468 2045 supremis
1498 1987 1569 2032 tali
1597 1988 1729 2033 modo
1750 2002 1947 2052 comper-

231 2108 264 2143 4.
288 2118 312 2142 a
333 2109 538 2142 Rhenanus:
564 2117 606 2141 ac
628 2109 680 2148 Μ;
706 2107 748 2141 ab
770 2108 806 2141 F.
830 2108 888 2141 W.
914 2108 1003 2142 Otto.
1031 2125 1068 2132 -
1092 2108 1125 2140 ὃ.
1150 2107 1319 2141 Carsidius
1340 2108 1542 2142 Reinesius:
1566 2109 1783 2151 ,qrasidiusM
1806 2128 1842 2134 —
1863 2119 1946 2155 prc—

167 2166 272 2203 torius
292 2166 327 2201 Μ
354 2184 389 2190 -
416 2166 449 2200 6.
474 2166 668 2208 deportatur
688 2165 723 2200 Μ
747 2181 782 2189 -
809 2165 842 2203 7,
866 2165 980 2198 aedem
997 2173 1104 2207 paene
1117 2166 1151 2199 M
1170 2183 1205 2190 —
1228 2165 1261 2199 8.
1280 2174 1304 2198 a
1318 2164 1449 2199 delevit
1462 2165 1651 2201 Acidalius.
1671 2184 1706 2191 -
1732 2166 1786 2201 ⁴4.
1803 2170 1947 2208 patrum

166 2222 372 2258 Rhenanus:
402 2222 512 2264 patris
533 2222 578 2256 Μ.
615 2221 667 2256 Cf.
692 2219 829 2258 Sallust.
853 2220 976 2263 fragm.
1001 2221 1070 2254 inc.
1094 2221 1156 2254 57:
1179 2229 1290 2263 genua
1311 2224 1451 2263 patrum
1479 2222 1714 2259 advolvuntur.
1739 2239 1776 2246 —
1809 2223 1865 2257 46.
1889 2223 1947 2264 diu

164 2279 268 2320 ferrat
288 2278 341 2313 M:
376 2277 523 2319 differret
544 2277 699 2320 Lipsius;
734 2277 906 2312 dissereret
937 2276 1168 2313 Boxhornius.
1202 2294 1238 2300 —
1255 2278 1385 2311 ducam
1410 2286 1464 2320 pr.
1488 2278 1523 2312 Μ
1547 2295 1583 2302 -
1617 2278 1670 2315 47.
1694 2279 1827 2315 iuuante
1846 2279 1882 2315 Μ
1906 2297 1943 2317 -,-

168 2333 222 2368 48.
247 2333 386 2367 tiber-tm
407 2334 441 2367 Μ
466 2351 502 2357 -
533 2333 589 2366 20.
611 2333 823 2375 manifestum
843 2333 878 2367 Μ
910 2350 947 2356 -
975 2332 1085 2374 sapius
1105 2333 1139 2369 Μ
1163 2351 1200 2357 -
1231 2333 1286 2367 2⁴.
1310 2334 1583 2375 promuntunum
1603 2335 1653 2370 M:
1678 2335 1946 2377 momentarium

166 2389 282 2432 vulgo.
314 2389 367 2423 Cf.
390 2388 431 2430 4,
460 2389 515 2423 67.

167 2489 372 2530 miniosum,
411 2490 452 2522 ut
486 2497 611 2523 eorum
625 2515 633 2530 ,
669 2489 729 2531 qui
765 2489 956 2532 suspendio
989 2498 1029 2523 se

167 2538 391 2581 perimebant
417 2540 479 2572 aut
505 2540 540 2572 in
565 2538 800 2581 profluentem
822 2547 902 2572 sese
924 2548 1030 2582 prae-

168 2588 376 2631 cipitabant;
400 2589 540 2622 honesti
557 2597 643 2621 vero
666 2589 779 2622 exitus
801 2588 906 2628 ferro,
930 2590 1030 2622 venis

167 2638 348 2678 resolutis,
381 2648 539 2679 veneno,
572 2639 701 2672 inedia.
733 2654 768 2663 -·
800 2640 837 2671 in
859 2641 1028 2681 praeceps]

168 2689 265 2722 haud
294 2688 401 2722 dubie
431 2698 451 2722 e
474 2688 636 2722 cubiculo
661 2697 726 2731 per
748 2688 957 2730 fenestram,
990 2691 1031 2723 ut

168 2738 209 2780 4,
232 2739 275 2772 22
303 2738 460 2772 Silvanus
482 2739 685 2781 Aproniam.
714 2756 748 2762 —
775 2740 908 2780 pridem
928 2748 1031 2781 repu-

167 2789 263 2821 aiam
284 2788 366 2829 cet]
389 2788 460 2821 iam
482 2787 542 2821 diu
562 2788 694 2821 reiecta
716 2797 738 2820 a
759 2787 830 2822 filio
845 2789 961 2828 casto,
986 2797 1029 2821 ac

167 2838 288 2871 tamen
309 2837 503 2871 identidem
522 2846 605 2871 eum
621 2836 829 2879 sollicitans,
855 2840 891 2872 et
912 2838 958 2871 ad
979 2839 1030 2872 in-

168 2889 307 2922 cestum
324 2883 527 2929 papanem,
549 2888 684 2922 tantum
707 2897 779 2922 non
801 2897 943 2930 cogens,
968 2889 1030 2923 do-

167 2947 235 2972 nec
257 2937 499 2972 sibi-mortem
514 2939 761 2972 conscisceret.
780 2956 816 2963 -
842 2939 1030 2981 luctumque

168 2988 387 3030 communem]
421 2989 548 3023 Luctus
582 2989 781 3023 communis
814 2990 884 3030 est,
920 2999 1029 3032 quem

169 3046 294 3072 omnes
309 3039 474 3081 parentes
487 3038 522 3072 in
535 3037 728 3072 liberorum
740 3041 853 3073 morte
867 3040 1026 3082 capium

168 3089 328 3130 sequitur
356 3087 438 3121 dein
466 3087 512 3120 de
542 3089 730 3130 praecipuo
761 3088 971 3122 feminarum
993 3090 1029 3122 et

168 3139 335 3171 matrum.
352 3138 432 3172 Ean.
452 3155 489 3162 -
514 3137 650 3178 aliaque
662 3139 700 3171 in
720 3139 858 3172 cundem
872 3139 1027 3182 dolorem]

171 3187 223 3221 Cf.
247 3189 301 3228 44,
325 3187 365 3221 3:
396 3187 499 3221 carba
522 3188 560 3220 iu
588 3188 725 3221 eandem
744 3189 961 3222 clementiam.
988 3206 1025 3213 —

170 3237 230 3270 diu
247 3237 361 3279 ferret]
391 3236 533 3270 «multis
553 3236 674 3270 verbis
695 3237 915 3279 profer-retu
944 3246 1028 3271 ver-

171 3285 259 3320 bum
275 3286 421 3330 simplex
431 3295 495 3330 pro
505 3285 638 3329 vulgari
649 3287 857 3329 composito,
871 3288 910 3320 ut
920 3295 1028 3330 saepe

173 3335 268 3377 apud
280 3337 447 3370 Tacitum.
473 3336 523 3370 Cf.
537 3335 570 3377 b,
586 3336 646 3370 40:
664 3336 838 3370 excessisse
853 3337 912 3379 (te)
930 3345 1030 3378 eque-

174 3385 429 3427 svumstiqium
449 3395 517 3419 nou
537 3386 659 3421 vocum
673 3386 795 3427 serunt.
820 3386 874 3427 ⁴5,
888 3385 948 3420 46:
971 3395 1029 3420 vc-¹

175 3434 879 3478 mmamonbusormuepopulo.
910 3435 1025 3477 46,2;

1077 2499 1138 2523 nec
1164 2490 1259 2523 aliud
1283 2490 1429 2531 populus
1452 2489 1664 2530 credulitate,
1690 2491 1870 2531 pudentes
1890 2492 1946 2525 di·-

1077 2548 1177 2572 versa
1196 2540 1294 2581 fama
1314 2541 1430 2573 Mers.
1450 2557 1487 2563 —
1507 2541 1619 2573 minor
1636 2539 1738 2582 fliius]
1761 2541 1800 2573 ut
1812 2542 1945 2583 Ryckio

1078 2589 1227 2630 videtur,
1259 2591 1340 2623 Sem.
1365 2591 1542 2631 Papinius,
1573 2591 1629 2623 cui
1646 2594 1747 2632 potor
1766 2594 1843 2624 crat
1863 2601 1946 2625 cou-

1077 2641 1215 2681 sularis,
1241 2649 1262 2673 a
1284 2640 1437 2683 Caligula
1461 2649 1544 2674 cum
1566 2639 1640 2674 aliis
1662 2641 1886 2679 senatoribus
1906 2643 1944 2677 et

1078 2690 1254 2732 equitibus
1276 2691 1441 2724 Romanis
1457 2692 1564 2724 animi
1579 2699 1687 2725 causa
1702 2690 1847 2733 flagellis
1863 2701 1944 2725 cae·-

1077 2748 1149 2773 sus.
1179 2741 1314 2774 Seneca
1342 2741 1388 2774 de
1410 2742 1466 2774 Ira
1488 2740 1527 2780 3,
1553 2742 1607 2775 ⁴8.
1635 2758 1672 2764 —
1702 2741 1865 2775 lubricum
1884 2742 1943 2774 iu-

1075 2789 1202 2832 ventae]
1228 2791 1444 2832 corruptioni
1468 2789 1658 2823 obnoxiam
1679 2791 1879 2831 iuventam,
1902 2792 1943 2823 ut

1077 2839 1131 2881 ⁴3,
1155 2841 1195 2873 2:
1219 2840 1381 2873 lubricam
1395 2841 1546 2881 principi
1564 2843 1720 2874 aetatem.

1141 2939 1195 2972 50.
1219 2938 1318 2978 villa,
1341 2939 1398 2971 cui
1417 2939 1456 2972 L.
1472 2939 1629 2972 Lucullus
1649 2940 1940 2981 quondamdomi-

1075 2988 1155 3030 nus}
1183 2987 1390 3021 Plutarchus
1417 2988 1453 3020 in
1488 2989 1598 3023 Mario
1627 2998 1658 3022 e.
1684 2990 1744 3023 34·
1780 2983 1828 3032 ἧν
1856 2988 1940 3035 περὶ

1075 3034 1273 3081 Μισηνοὺς
1293 3035 1345 3081 τῷ
1359 3038 1492 3085 Μαρίῳ
1507 3037 1716 3082 πολυτελὴς
1732 3040 1836 3073 οἰκία
1851 3049 1940 3085 τρυ-

1076 3083 1155 3129 φὰς
1176 3083 1324 3126 ἔχουσα
1344 3088 1410 3121 καὶ.
1425 3086 1572 3130 διαίτας
1590 3087 1800 3136 θηλυτέρας
1815 3085 1843 3132 ἢ
1855 3090 1940 3121 κατ’

1076 3132 1196 3195 ἄνδρα
1221 3136 1397 3180 πολέμων
1418 3136 1616 3173 τοσούτων
1639 3140 1705 3172 καὶ
1734 3137 1939 3197 στρατειῶν

1076 3183 1301 3246 αὐτουργόν.
1317 3187 1468 3232 Ταύτην
1482 3188 1629 3233 λέγεται
1639 3186 1834 3235 μνριαδων
1843 3185 1940 3223 ἑπτὰ

1076 3234 1243 3281 ἡμίσους
1257 3237 1451 3285 Κορνηλία
1465 3239 1668 3286 πρίασθαι
1688 3236 1832 3284 χρόνον
1845 3237 1877 3274 d
1890 3235 1937 3273 οὗ

1077 3284 1175 3320 πάνυ
1197 3286 1340 3322 πολλοῦ
1363 3290 1570 3332 γενομένου
1593 3285 1755 3329 Λεύκιος
1771 3285 1940 3322 Λεύκολ-

1076 3334 1144 3377 λος
1158 3332 1309 3370 ὥνειται
1322 3335 1517 3385 μυριάδων
1532 3334 1768 3380 πεντήκοντα
1781 3338 1846 3371 καὶ
1861 3336 1939 3371 δια-

1076 3387 1231 3421 κοσίων.
1267 3388 1319 3422 Cf.
1345 3388 1494 3422 Phaedr.
1519 3386 1602 3421 Fab.
1619 3387 1658 3428 Ξ,
1682 3388 1715 3428 Β,
1739 3388 1779 3420 7:
1814 3388 1940 3422 Gaml-

1078 3435 1224 3471 Tiberius
1243 3445 1319 3472 m
1338 3440 1454 3480 potem
1472 3436 1646 3479 Neapolim
1666 3437 1706 3470 Iu
1724 3437 1938 3473 mmmm
