2254 3770
253 292 333 322 xiv

253 386 430 441 reponit
459 385 748 429 Mabillonius
776 386 821 426 in
852 386 1018 428 Itinere
1048 385 1205 428 Italico
1246 397 1349 443 pag.
1382 380 1483 427 167
1515 396 1609 428 cum
1641 386 1780 429 titulis
1809 387 2030 441 librorum,

254 462 392 516 primo
434 463 645 517 excepto,
684 460 941 504 charactere
983 461 1198 517 quadrato
1241 461 1456 517 exaratis,
1497 461 1567 516 qui
1603 461 1702 503 olim
1732 460 1866 517 duplo
1896 463 2032 505 maior

252 536 392 579 fuisse
422 537 589 579 eruitur
620 548 675 579 ex
706 537 1007 579 numeratione
1038 536 1369 592 quaternionum
1380 548 1393 591 3
1432 547 1527 579 cum
1559 537 1670 578 enim
1703 537 1823 592 prior
1852 550 2031 582 numero

251 610 414 654 XVIII
445 613 623 654 notetur
650 613 694 654 et
720 612 896 653 ultimus
917 610 1137 667 XXXIV,
1168 613 1291 666 patet
1320 612 1537 670 integram
1559 608 1736 655 Codicis
1756 612 2031 657 medietatem

253 686 510 730 desiderari.
558 687 746 730 Constat
776 686 894 730 foliis
922 688 1100 743 scriptis
1129 683 1434 731 CXXXVIII.
1450 682 1480 738 ¹)
1530 687 1584 729 In
1614 687 1755 731 Catal.
1782 687 2032 733 Montfauc.

252 763 334 805 sub
369 775 482 805 num·
512 761 660 805 XXV.

346 916 604 963 ConNans
633 919 832 963 'I'Acrrus
862 933 916 962 m*
948 919 1181 962 Apumms
1210 919 1535 962 LANGoBAnms
1566 932 1935 965 emmerammus

910 1007 1126 1038 ExARArr.
1173 994 1280 1038 Con.
1308 995 1369 1038 II.

364 1088 402 1131 I.
430 1102 530 1148 pag.
565 1089 608 1132 1.
662 1089 814 1134 Codex
854 1091 923 1133 est
961 1088 1312 1148 anepigraphus‚
1357 1091 1402 1132 et
1443 1090 1639 1133 continet
1669 1091 1805 1146 primo
1835 1087 2028 1135 Cornelii

250 1163 394 1207 Taciti
422 1165 479 1207 ab
509 1177 697 1208 excessu
728 1166 830 1208 Divi
851 1165 1048 1224 Augusti
1073 1166 1207 1210 libros
1227 1164 1318 1219 XI,
1348 1165 1404 1209 ab
1425 1165 1653 1209 undecimo
1674 1168 1867 1210 nimirum
1889 1179 2027 1224 usque

250 1239 306 1282 ad
345 1241 602 1299 vigesimum
641 1242 819 1297 primum
859 1242 1099 1297 inclusive,
1141 1254 1319 1298 quorum
1357 1241 1627 1300 singulorum
1659 1243 1824 1284 initium
1856 1244 1901 1285 et
1931 1243 2028 1285 linis

250 1314 492 1358 concordat
529 1328 624 1359 cum
666 1316 856 1359 editione
893 1316 1114 1372 Romana,
1154 1329 1279 1373 quam
1324 1315 1502 1359 exhibet
1541 1313 1693 1361 Codex
1723 1318 1794 1360 III
1823 1330 2027 1375 sequens,

242 1393 422 1445 praeter
450 1391 576 1433 finem
606 1391 727 1435 Libri
757 1390 873 1448 XX,
915 1394 987 1448 qui
1019 1394 1079 1434 ita
1110 1391 1272 1434 desinit
1301 1393 1344 1433 in
1375 1390 1562 1436 Codice:
1601 1396 1764 1436 contra
1792 1396 2028 1451 interpre-

243 1465 447 1524 tabatur,
474 1479 617 1526 neque
642 1480 721 1510 vos
745 1469 994 1524 impunitos
1011 1470 1271 1525 pattantur·
1313 1467 1493 1510 Adsunt
1513 1468 1557 1510 in
1578 1469 1774 1528 margine
1795 1469 2027 1511 summaria

240 1552 409 1597 rerum,
440 1543 484 1585 et
514 1542 827 1586 adnotationes
857 1544 1094 1586 nonnullae
1125 1542 1303 1586 diversa
1332 1555 1481 1599 manu,
1511 1542 1590 1586 sed
1618 1543 1750 1586 valde
1779 1544 1973 1601 antiqua.

355 1618 414 1660 II.
446 1630 550 1674 pag.
575 1616 682 1660 104
698 1619 738 1662 b.
770 1619 947 1674 Apuleii
980 1617 1199 1662 Platonici
1229 1618 1545 1662 Madaurensis
1575 1618 1629 1661 de
1649 1618 1806 1677 Magia
1835 1619 1935 1662 libri
1963 1619 2026 1675 Π,

241 1694 290 1734 ut
320 1694 365 1734 in
395 1689 559 1737 Codice
588 1694 648 1736 ΙΙ.
678 1693 794 1736 Plut.
825 1692 990 1736 XXIX
1021 1706 1155 1750 supra
1186 1706 1289 1751 pag.
1310 1692 1346 1736 4
1375 1688 1408 1747 ἓ
1430 1694 1452 1736 Ι
1481 1694 1552 1737 ubi
1578 1693 1809 1737 editionem
1830 1694 2024 1738 Floren-

239 1768 373 1810 tinam
410 1771 513 1811 anni
543 1768 784 1812 MDXXII
815 1770 1122 1813 consuluimus.
1175 1770 1228 1812 In
1259 1770 1381 1812 calce
1411 1770 1510 1813 libri
1539 1770 1663 1826 primi
1693 1769 2025 1813 characteribus

240 1843 467 1900 quadratis
497 1844 711 1887 Romanis
730 1846 941 1901 scriptum
963 1847 1052 1888 est:
1084 1844 1190 1887 Eoo
1225 1842 1282 1889 G.
1307 1841 1521 1888 cmspvs
1545 1843 1824 1889 SALUsrws
1853 1858 2023 1888 EMEN-

238 1932 360 1961 DAVI
403 1919 582 1963 ROMAE
627 1934 789 1963 FELIX.
861 1918 1056 1963 APULEI
1100 1918 1382 1962 PLATONrcr
1426 1919 1795 1963 MADAURENSIS
1836 1934 1928 1964 PRO
1965 1933 2023 1963 sn

239 2007 364 2036 APUT
396 1991 482 2037 GL.
506 1994 767 2038 MAXtMUM
795 1994 991 2038 Pnocos.
1022 2010 1085 2038 DE
1115 1994 1289 2038 Maera
1323 1995 1434 2039 Lm.
1456 1995 1494 2039 Ι.
1526 1995 1791 2039 Expmcn.
1819 1993 2022 2038 INcn’rr

238 2067 352 2113 Lm·
377 2068 441 2113 11.
472 2069 607 2113 Lmen
638 2083 916 2113 mumma-
955 2071 1152 2126 Itemque
1181 2071 1226 2112 in
1260 2072 1383 2115 calce
1412 2071 1512 2115 libri
1541 2072 1588 2115 II
1618 2071 1802 2131 legitur:
1831 2069 2025 2114 Apum

239 2142 522 2188 PLATONrcr
565 2145 935 2189 MADAURENsts
981 2143 1176 2188 Pansa
1216 2161 1280 2189 mc
1323 2145 1496 2189 MAarA
1534 2146 1646 2190 Lm.
1675 2145 1741 2189 II.
1779 2158 2025 2189 EXPLICIT.

238 2218 345 2263 Eeo
387 2218 669 2265 Sanvsrms
708 2233 973 2264 EMENDAVI
1014 2219 1191 2264 ROMAE
1233 2236 1395 2265 FELIX.
1450 2222 1568 2266 Loca
1602 2221 1810 2276 Graeca,
1837 2233 1948 2278 quae
1977 2221 2024 2263 in

237 2294 361 2339 hisce
399 2296 525 2340 libris
565 2298 823 2354 occurrunt,
866 2299 969 2339 sunt
1018 2309 1071 2339 ea
1111 2296 1280 2354 quidem
1320 2296 1507 2341 Graecis
1551 2296 1901 2352 characteribus,
1943 2295 2023 2339 sed

239 2371 373 2415 valde
404 2373 627 2428 corruptis
657 2374 702 2415 et
733 2371 954 2415 mendosis
984 2384 1223 2430 expressa3
1256 2373 1479 2417 recentior
1506 2374 1653 2415 tamen
1682 2383 1735 2415 ac
1765 2370 1899 2416 docta
1926 2383 2024 2415 ma-

244 2459 328 2489 nus
358 2446 509 2491 eadem
539 2449 586 2490 in
615 2448 812 2507 margine
842 2446 1071 2490 emendate
1102 2446 1425 2506 diligenterque
1455 2447 1731 2502 conscripsit.

357 2524 444 2566 ΙΙΙ.
482 2536 585 2582 pag.
617 2519 734 2566 126.
793 2522 999 2565 Eiusdem
1030 2522 1473 2580 Metamorphoseon‚
1511 2534 1589 2565 seu
1629 2520 1684 2565 de
1713 2521 1857 2565 Asino
1886 2532 2022 2565 aureo

243 2597 365 2641 Libri
394 2597 463 2641 XI
497 2599 679 2655 praevio
710 2599 914 2657 prologo,
943 2600 991 2640 ut
1020 2599 1065 2640 in
1095 2597 1213 2642 dicto
1244 2596 1408 2643 Codice
1437 2594 1471 2653 S
1494 2597 1553 2640 ΙΙ.
1601 2598 1653 2640 In
1684 2598 1806 2641 calce
1837 2597 2022 2640 omnium

244 2674 475 2728 librorum,
505 2675 644 2731 primo
675 2677 721 2717 et
750 2674 900 2716 ultimo
930 2674 1153 2729 exceptis,
1182 2675 1346 2733 legitur
1375 2673 1572 2717 censoris
1596 2673 1886 2729 subscriptio:
1914 2671 2022 2715 Euo

247 2748 560 2794 SALLUSTIUS
589 2762 705 2793 Lam
734 2763 794 2793 m·
824 2759 1087 2792 EMENDAVI
1117 2747 1295 2791 Roma
1325 2762 1499 2805 mmx3
1536 2749 1581 2790 in
1611 2748 1732 2792 calce
1761 2761 1871 2791 vero
1901 2747 2023 2792 Libri

244 2823 314 2868 IX
352 2826 579 2884 aliquanto
617 2826 794 2884 longior
831 2825 895 2867 ita
932 2824 1086 2868 habet:
1131 2823 1236 2867 Eoo
1276 2822 1588 2869 Suausrms
1618 2836 1733 2866 mar
1763 2837 1823 2867 M·
1852 2836 2023 2867 EMEN-

337 3003 373 3039 1)
400 3002 510 3035 Immo
537 3001 746 3035 CXXXVII.
799 3000 890 3034 Sunt
926 3002 1019 3034 enim
1063 2999 1220 3042 plagulae
1255 2999 1377 3038 XVII,
1416 3009 1561 3042 quarum
1589 3000 1670 3032 XVI
1705 3002 1837 3041 primae
1863 3004 2021 3034 constant

245 3059 335 3094 foliis
363 3061 467 3100 VIII,
495 3064 640 3104 septima
669 3062 802 3094 decima
828 3065 944 3094 autem
971 3060 1211 3093 tantummodo
1237 3060 1329 3092 toliis
1353 3059 1437 3098 vu3
1467 3064 1538 3092 tum
1562 3065 1757 3101 sequuntur
1781 3063 1925 3101 insuper
1948 3060 2019 3093 duo

246 3120 324 3153 rona
352 3125 534 3162 separata:
562 3122 675 3154 ultimi
701 3121 794 3160 tolli,
823 3121 923 3153 cuius
948 3129 1015 3153 una
1041 3120 1219 3153 dumtaxat
1244 3121 1366 3161 pagina
1385 3124 1522 3152 exarata
1540 3124 1604 3157 est,
1632 3124 1755 3159 quarta
1777 3121 1916 3152 alrcIter
1940 3127 2019 3160 pars

246 3180 379 3214 abacis·
405 3186 467 3215 est.
508 3182 547 3214 In
575 3183 693 3223 primis
719 3180 769 3212 XI
796 3180 942 3222 plagulis
968 3188 1128 3221 quaeque
1156 3180 1278 3221 pagina
1304 3179 1445 3212 exhibet
1462 3187 1579 3213 versus
1598 3178 1728 3216 XXIV,
1758 3179 2017 3220 insequentium

246 3240 459 3282 plagularum
486 3243 631 3283 paginae
657 3249 774 3274 versus
792 3239 902 3277 XXV,
930 3239 1078 3272 duorum
1098 3239 1259 3271 Iuliorum
1277 3242 1517 3279 separatorum
1537 3240 1658 3280 pagina
1678 3239 1691 3269 1
1711 3243 1745 3270 et
1763 3237 1796 3269 11
1814 3246 1866 3271 vv.
1887 3235 2017 3274 XXIV,

246 3301 368 3341 pagina
395 3301 447 3332 111
472 3305 604 3334 tantum
629 3309 681 3334 vv.
710 3300 839 3349 XVIII.
878 3299 1059 3339 Duplicem
1085 3300 1294 3339 signaturam
1319 3302 1488 3330 monstrat
1505 3297 1635 3335 Codex,
1662 3297 1803 3330 alteram
1822 3295 2014 3333 1-xvlu,

246 3359 387 3392 alteram
414 3359 529 3393 XVIII
552 3377 586 3383 -
604 3359 767 3398 XXXIV,
795 3361 959 3401 quocirca
987 3359 1147 3399 primitus
1171 3358 1258 3392 aliae
1285 3357 1442 3400 plagulae
1459 3357 1556 3389 xva
1582 3357 1811 3398 praecessisse
1837 3355 2013 3389 videntur.

245 3417 445 3451 Burnus.
