2254 3770
656 265 812 311 LIBER
838 265 889 309 II.
948 265 1048 323 Cap.
1078 264 1147 308 39.
1177 264 1245 308 40.
1274 264 1342 308 tl.
1371 263 1439 309 42.

1874 259 1955 304 ⁴03

184 377 227 420 in
256 380 421 421 secreta
439 372 586 418 Palatii
614 378 734 431 parte
764 371 942 416 interfici
973 371 1095 414 iussit
1124 384 1369 428 corpusque
1400 369 1508 414 clam
1527 368 1696 414 auferri.
1742 373 1784 411 et
1802 380 1953 425 quam-

183 465 310 510 quam
339 448 458 494 multi
488 462 514 492 e
533 447 662 491 domo
690 446 895 505 principis
915 446 1174 504 equitesque
1191 459 1242 489 ac
1261 452 1481 489 senatores
1501 450 1763 489 sustentasse
1783 441 1950 500 opibus,

184 525 341 570 iuvisse
371 522 559 569 consiliis
588 522 850 572 dicerentur,
883 520 998 564 haud
1027 520 1281 579 quaesitum.

294 598 376 656 (44)
406 598 509 642 Fine
537 597 634 641 anni
665 610 791 641 arcus
819 602 996 655 propter
1024 595 1178 640 aedem
1207 595 1374 639 Saturni
1405 596 1461 640 ob
1498 600 1670 653 recepta
1707 593 1827 650 signa
1856 592 1954 636 cum

182 677 290 720 Varo
311 673 469 718 amissa
487 672 616 716 ductu
639 671 900 723 Germanici,
933 670 1134 729 auspiciis
1154 670 1324 721 Tiberii,
1357 677 1399 715 et
1427 670 1559 715 aedes
1589 668 1723 714 Fortis
1743 669 1774 712 F
1776 674 1984 712 ortunaes

183 749 367 794 Tiberim
396 748 512 792 iuxta
541 745 756 798 inbonis,
787 759 898 804 quos
928 746 1086 790 Caesar
1114 745 1294 790 dictator
1322 745 1479 803 populo
1509 746 1698 789 Romano
1726 742 1952 800 legaverat,

183 825 416 869 sacrarium
445 823 559 880 genti
588 821 720 866 Iuliae
749 820 998 879 effigiesque
1028 821 1127 865 divo
1156 823 1344 878 Augusto
1374 827 1476 878 aput
1502 819 1686 863 Bovillas
1704 818 1921 872 dicantur.

295 899 339 943 C.
371 897 514 942 Caelio
543 898 588 941 L.
618 896 852 954 Pomponio
881 899 968 941 cris.
996 896 1272 940 Germanicus
1303 896 1460 940 Caesar
1480 909 1517 939 a.
1539 894 1580 938 d.
1600 895 1685 939 VII.
1705 892 1796 937 Kal.
1814 893 1956 936 Iunias

183 973 455 1032 triumphavit
474 972 529 1016 de
546 963 772 1017 Cheruscis
790 970 1037 1029 Chattisque
1057 978 1100 1015 et
1118 971 1393 1029 Angrivariis,
1416 984 1616 1028 quaeque
1635 969 1744 1013 aliae
1763 969 1957 1012 nationes

183 1062 322 1107 usque
352 1047 408 1092 ad
434 1047 573 1092 Albim
602 1046 756 1091 colunt.
814 1052 936 1090 vecta
964 1046 1121 1104 spolia,
1154 1046 1330 1104 captivi,
1363 1045 1589 1090 simulacra
1617 1044 1843 1095 montium,
1876 1041 2006 1086 flu-⁴0

183 1125 360 1176 minum,
390 1122 669 1182 proeliorum3
699 1120 967 1179 bellumque,
999 1121 1100 1179 quia
1129 1120 1340 1165 conficere
1360 1120 1598 1179 prohibitus
1617 1126 1724 1170 erat,
1756 1133 1835 1177 pro
1855 1131 1957 1162 con-

181 1200 291 1244 fecto
321 1197 621 1256 accipiebatur.
666 1196 850 1254 augebat
876 1196 1126 1240 intuentium
1146 1196 1263 1239 visus
1293 1196 1447 1240 eximia
1477 1195 1612 1253 ipsius
1642 1194 1828 1252 species,
1860 1206 1958 1237 cur-

183 1288 343 1333 rusque
364 1273 554 1331 quinque
584 1272 730 1316 liberis
749 1277 940 1315 onustus.
985 1270 1063 1315 sed
1084 1270 1259 1315 suberat
1279 1270 1445 1315 occulta
1462 1269 1643 1314 formido
1665 1268 1958 1327 reputantibus

181 1349 295 1394 haud
324 1356 580 1407 prosperum
610 1347 652 1390 in
671 1348 811 1390 Druso
839 1353 962 1404 patre
991 1347 1085 1390 eius
1114 1346 1303 1390 favorem
1322 1346 1456 1404 vulgi,
1489 1345 1745 1390 avunculum
1764 1343 1959 1388 eiusdem

182 1424 430 1469 Marcellum
456 1421 731 1481 flagrantibus
760 1421 898 1480 plebis
928 1421 1080 1465 studiis
1110 1421 1218 1465 intra
1246 1421 1462 1466 iuventam
1490 1427 1701 1479 ereptum,
1733 1419 1888 1465 breves
1918 1425 2007 1463 etis

184 1500 389 1544 infaustos
416 1497 564 1557 populi
593 1497 769 1542 Romani
799 1510 981 1540 amores.
1040 1496 1121 1553 (42)
1153 1503 1343 1541 ceterum
1372 1496 1564 1540 Tiberius
1593 1496 1763 1540 nomine
1785 1495 1960 1540 Germa-

183 1575 266 1620 nici
296 1581 493 1618 trecenos
522 1572 638 1631 plebi
667 1572 886 1617 sestertios
906 1572 1060 1616 viritim
1079 1571 1197 1616 dedit
1225 1586 1361 1631 seque
1382 1571 1589 1629 collegam
1609 1571 1845 1615 consulatui
1865 1571 1959 1615 eius

183 1649 420 1695 destinavit.
463 1662 544 1693 nec
578 1647 677 1692 ideo
707 1648 901 1692 sincerae
930 1648 1114 1692 caritatis
1144 1646 1272 1691 fidem
1303 1647 1532 1692 adsecutus
1569 1646 1732 1691 amoliri
1761 1647 1960 1691 iuvenem

183 1726 328 1784 specie
366 1723 541 1768 honoris
579 1723 722 1767 statuit
756 1722 993 1781 struxitque
1033 1732 1186 1768 causas
1216 1729 1288 1767 aut
1316 1723 1423 1767 forte
1452 1722 1616 1767 oblatas
1646 1722 1837 1780 arripuit.
1882 1735 1959 1766 rex

249 1839 281 1873 4.
312 1839 403 1872 edem
432 1839 586 1870 saturnio
611 1841 791 1879 praecepta
811 1839 846 1871 M
872 1837 926 1880 (ob
946 1841 1079 1878 recepta
1100 1836 1239 1880 margo)
1271 1855 1307 1860 —
1339 1838 1372 1869 5.
1395 1837 1497 1878 fortes
1516 1845 1571 1879 pr.
1595 1837 1630 1870 M
1655 1854 1691 1859 —
1722 1836 1755 1869 8.
1779 1835 1884 1868 caelio
1905 1835 1956 1869 M:

184 1894 325 1929 chilio
349 1894 561 1927 Vertranius.
581 1910 618 1917 —
644 1902 677 1926 a.
695 1894 728 1926 d.
746 1894 902 1936 Lipsius:
925 1894 971 1926 ad
991 1894 1026 1927 M
1043 1910 1080 1919 ·-

184 1952 219 1985 M
243 1969 280 1975 —
306 1951 359 1984 42.
382 1949 554 1992 arriyebat
574 1949 700 1983 Haase.

1106 1893 1196 1936 Kal.]
1220 1894 1253 1926 K
1265 1901 1348 1927 cum
1369 1892 1428 1926 lin.
1449 1894 1607 1926 traversa
1629 1893 1663 1926 M
1687 1909 1723 1915 —
1748 1892 1781 1926 9.
1798 1891 1961 1933 cauisque

184 2046 287 2088 patus
322 2044 420 2077 initio
456 2042 532 2077 aliis
569 2042 720 2078 ducibus
763 2042 855 2076 bella
893 2042 1048 2085 gerenda
1099 2043 1134 2076 G.
1153 2043 1281 2076 Caelius
1304 2042 1386 2084 (non
1401 2041 1571 2083 Caecilius)
1597 2042 1631 2075 C.
1648 2042 1674 2084 t'.
1691 2041 1795 2083 Rufus
1808 2042 1846 2074 L.
1862 2041 1960 2075 Pom-

185 2094 469 2134 committebant,
501 2093 589 2126 dicis
612 2101 734 2134 causa,
766 2102 837 2135 quo
859 2092 967 2135 gloria
988 2103 1049 2127 re-

186 2154 266 2179 rum
289 2143 436 2178 feliciter
451 2144 631 2185 gestarum
646 2143 692 2176 ad
707 2143 803 2186 ipsos
818 2143 1047 2184 redundaret,

186 2195 342 2238 auspicia
376 2193 445 2227 sibi
477 2194 714 2226 reservantes.
747 2210 783 2216 —
815 2194 911 2227 aedes
941 2194 1051 2226 Fortis

186 2245 362 2285 Fortunae]
386 2244 497 2276 Varro
519 2244 556 2276 L.
575 2244 612 2276 L.
630 2244 662 2284 6,
687 2243 747 2276 ⁴7:
772 2243 907 2277 Servius
929 2244 1051 2276 Tullius

185 2296 302 2338 fanum
337 2294 447 2327 Fortis
480 2293 648 2326 Fortunae
689 2294 866 2326 secundum
911 2293 1050 2327 Tiberim

187 2349 287 2379 extra
307 2344 421 2377 urbem
443 2344 581 2377 Romam
601 2343 774 2376 dedicavit.
809 2344 881 2376 Liv.
907 2343 960 2380 40,
984 2342 1046 2376 46:

187 2396 245 2436 Sp.
277 2394 442 2428 canulius
473 2393 587 2426 consul
620 2393 662 2433 (a.
687 2392 763 2434 464)
796 2394 910 2426 aedem
943 2393 1051 2425 Fortis

186 2446 353 2479 Fortunae
375 2444 415 2476 de
435 2442 600 2475 manubiis
611 2443 799 2485 faciendam
814 2443 935 2475 locavit
945 2450 1050 2483 prope

187 2495 302 2528 aedem
337 2494 407 2527 eius
441 2493 524 2526 deae
558 2501 582 2524 a
613 2492 686 2525 Ser.
713 2492 815 2525 Tullio
851 2492 1047 2525 dedicatam.

188 2545 342 2579 Donatus
365 2543 411 2576 ad
432 2544 511 2576 Ter.
529 2542 590 2576 Ph.
608 2543 641 2583 5,
667 2542 699 2583 6,
725 2543 756 2575 4.
788 2542 924 2575 Aedem
940 2542 1049 2575 Fortis

189 2596 362 2628 Fortunae
395 2594 431 2626 in
463 2593 606 2634 regione
640 2591 900 2626 Transtiberina
936 2600 1048 2634 prope

187 2644 333 2686 Augusti
360 2643 610 2676 naumachiam
638 2643 737 2684 ponit
764 2643 895 2675 Canina
916 2642 1050 2674 Indica-

186 2695 283 2728 zione
304 2703 339 2736 p.
364 2694 440 2726 304.
482 2694 578 2726 Deae
602 2691 735 2725 cultum
757 2692 927 2726 describit
948 2692 1046 2726 Ovid.

189 2745 280 2778 Fast.
305 2743 338 2784 6,
354 2744 412 2776 774
433 2751 535 2785 seqq.
554 2761 588 2766 —
612 2743 649 2775 in
669 2742 784 2783 hortis,
809 2751 889 2783 quos
904 2743 939 2775 C.
957 2743 989 2776 d.
1010 2751 1046 2784 p.

190 2795 226 2827 R.
243 2792 422 2836 legaverat]
446 2793 588 2826 Sueton.
603 2793 705 2825 Caes.
723 2792 781 2825 83:
804 2792 926 2833 populo
939 2792 1050 2825 hortos

188 2844 280 2877 circa
303 2842 442 2876 Tiberim
468 2842 596 2883 publice
625 2845 656 2875 et
684 2842 810 2874 viritim
831 2846 976 2875 trecenos
995 2851 1048 2875 se-

187 2893 315 2926 stertios
335 2892 468 2934 leyavit.
487 2910 524 2916 —
547 2891 702 2934 Bovillas]
726 2892 811 2924 Latii
826 2891 995 2934 oppidum
1014 2893 1049 2925 in

188 2943 245 2975 via
266 2943 376 2984 Appia
391 2942 448 2974 IX.
472 2940 528 2974 vel
543 2941 584 2974 X.
602 2942 648 2975 M.
665 2943 703 2974 Ρ.
728 2950 748 2974 a
770 2943 878 2974 Roma
901 2941 1046 2975 distans.

189 2993 266 3025 Nou
296 2993 370 3032 est,
404 2992 443 3024 ut
470 2990 573 3032 vulgo
606 2991 717 3030 aiunt,
751 2992 850 3024 vicus
882 2991 986 3024 hodie
1019 2991 1049 3024 le

189 3042 381 3075 Fratocchie
408 3039 613 3082 appellatus.
655 3041 742 3074 Vide
770 3040 887 3082 Nibby
912 3042 1048 3082 Viayqio

189 3093 230 3125 11.
256 3100 291 3134 p.
316 3091 393 3124 247.
438 3091 490 3123 De
521 3092 674 3123 sacrario
704 3091 818 3132 gentis
846 3090 952 3123 Iuliae
979 3091 1049 3123 Bo-

189 3140 278 3174 villis
315 3140 430 3173 dicato
466 3139 547 3172 vide
583 3141 710 3173 Inscrr.
749 3141 835 3172 Latt.
871 3149 906 3172 n.
942 3140 1045 3172 ⁴287:

193 3190 398 3224 VEDIOVEI
440 3190 591 3222 PATREI
633 3190 872 3222 GENTEILES
905 3190 1046 3222 IVLIEI.

190 3239 243 3273 Ab
265 3239 374 3273 altera
401 3240 519 3282 parte:
554 3239 698 3272 LEEGE
718 3238 896 3271 ALBANA.
934 3238 1049 3272 Bovil-

190 3287 307 3323 lenses
329 3290 423 3323 enim
445 3288 663 3322 vocabantur
682 3288 800 3321 Albani
816 3288 967 3330 Lonqam‘
980 3289 1048 3321 Bo-

191 3338 345 3372 ville-uos.
370 3339 422 3372 Cf.
440 3340 567 3372 Inscrr.
584 3339 671 3371 Latt.
688 3347 723 3370 n.
742 3338 816 3371 449.
833 3338 928 3372 2252.
947 3338 1044 3371 6049.

193 3404 237 3411 -
258 3387 293 3422 G.
310 3388 418 3423 Caelio
433 3388 515 3432 cet.]
538 3386 708 3422 Consules
732 3388 814 3422 anni
835 3397 870 3421 u.
887 3388 951 3422 770
965 3389 1048 3422 sunt

1093 2093 1215 2134 ponius
1240 2094 1278 2126 L.
1301 2093 1327 2134 f.
1351 2093 1499 2125 Flaccus.
1538 2092 1709 2135 Lepidum
1740 2093 1786 2132 (n.
1811 2090 1896 2125 6442
1925 2092 1961 2124 et

1098 2142 1183 2176 7449
1207 2143 1230 2175 (1
1252 2141 1290 2183 β)
1329 2142 1569 2175 testimonium
1604 2142 1688 2175 satis
1725 2141 1841 2174 firmat
1878 2141 1957 2174 cod.

1098 2192 1276 2226 Mediceus
1293 2192 1411 2225 Taciti.
1451 2192 1517 2231 Qui
1538 2192 1574 2224 h.
1592 2190 1617 2224 l.
1635 2191 1773 2225 Caecilio
1788 2190 1957 2232 scribunt,

1098 2243 1255 2275 nituntur
1298 2242 1493 2284 fragmento
1538 2241 1709 2275 fastorum
1745 2241 1961 2274 Lunensium

1100 2293 1221 2333 (Inscr.
1245 2293 1335 2325 Latt.
1359 2301 1395 2324 n.
1420 2291 1515 2333 6442)
1541 2293 1577 2324 et
1598 2292 1709 2324 Dione
1731 2291 1786 2331 57,
1812 2291 1866 2323 47.
1906 2290 1958 2323 Cf.

1099 2343 1243 2375 Henzen
1275 2343 1404 2375 Inscrr.
1436 2342 1525 2374 Latt.
1556 2340 1626 2374 vol.
1658 2342 1714 2373 111.
1746 2349 1783 2383 p.
1812 2340 1888 2374 283.
1919 2357 1956 2363 -

1097 2393 1136 2425 L.
1159 2391 1347 2434 Pomponio]
1372 2390 1423 2424 Cf.
1449 2400 1481 2424 c.
1507 2391 1561 2424 32.
1587 2408 1624 2414 -
1649 2390 1873 2432 triumphavit]
1907 2390 1959 2423 De

1098 2443 1168 2476 hoc
1190 2442 1369 2484 triumpho
1393 2441 1436 2474 cf.
1461 2440 1587 2474 Strabo
1609 2442 1642 2482 7,
1667 2441 1699 2481 4,
1724 2440 1756 2474 4.
1784 2459 1821 2464 -
1845 2444 1876 2473 et
1895 2439 1961 2472 An-

1098 2492 1267 2535 grivariis]
1304 2491 1354 2525 Cf.
1380 2491 1498 2524 adnot.
1531 2490 1575 2523 ad
1599 2498 1630 2524 c.
1655 2491 1676 2524 8
1708 2491 1744 2522 et
1765 2489 1820 2523 24.
1848 2508 1885 2514 -
1917 2489 1961 2522 si-

1097 2543 1253 2575 mulacra
1274 2542 1447 2582 montium]
1476 2541 1647 2583 Antiquus
1675 2541 1733 2573 hic
1755 2549 1845 2573 mos.
1884 2540 1958 2572 Liv.

1098 2592 1153 2633 44,
1178 2593 1232 2626 28.
1259 2592 1301 2633 (a.
1326 2600 1362 2624 u.
1387 2591 1475 2633 577.)
1498 2590 1621 2633 Polyb.
1647 2591 1679 2632 6,
1703 2591 1756 2623 45.
1801 2591 1853 2623 De
1876 2590 1960 2623 Hie-

1098 2642 1286 2684 rosolymis
1322 2642 1544 2684 triumphatis
1580 2641 1699 2674 locum
1738 2639 1959 2683 praeclarum

1100 2692 1209 2726 habet
1230 2692 1400 2734 Iosephus
1423 2692 1461 2724 B.
1485 2691 1561 2724 Iud.
1586 2692 1619 2731 7,
1643 2691 1676 2732 5,
1700 2691 1732 2723 5.
1758 2708 1795 2714 -
1819 2689 1961 2732 auqebat

1099 2742 1188 2785 cet.]
1227 2742 1386 2774 «maiore
1423 2741 1652 2774 admiratione
1690 2742 1795 2782 atque
1832 2740 1958 2782 gaudio

1099 2793 1318 2835 spectatores
1351 2791 1560 2824 afficiebat.»
1606 2790 1657 2824 Cf.
1688 2799 1718 2823 c.
1745 2790 1806 2824 ⁴4:
1843 2793 1960 2822 auctus

1099 2843 1216 2875 omine.
1242 2859 1278 2865 -
1312 2842 1454 2882 quinque
1476 2840 1603 2883 liberis]
1637 2841 1794 2880 Nerone,
1828 2841 1956 2881 Druso,

1099 2893 1182 2925 Gaio
1207 2890 1402 2933 (Caligula),
1437 2891 1645 2932 Agrippina,
1676 2888 1843 2928 Drusilla;
1874 2897 1957 2921 nam

1096 2941 1180 2974 Iulia
1203 2942 1286 2974 tunc
1310 2940 1467 2973 nondum
1489 2941 1564 2973 erat
1586 2941 1678 2973 nata.
1704 2939 1755 2973 Cf.
1780 2949 1814 2972 c.
1829 2939 1882 2972 54.
1899 2939 1952 2971 74.

1100 2991 1169 3023 «Ex
1198 2990 1487 3032 triumphantium
1518 2990 1604 3029 ritu,
1640 2990 1700 3031 qui
1728 2997 1858 3031 pueros
1887 2989 1957 3021 mi-

1097 3049 1202 3073 nores
1231 3041 1266 3072 in
1289 3041 1365 3082 ipso
1388 3049 1511 3081 curru,
1537 3039 1749 3081 'grandiores
1778 3038 1955 3072 interdum

1098 3091 1197 3131 equis
1221 3089 1489 3132 triumphalibus
1515 3089 1753 3132 imponebant.
1793 3089 1864 3121 Cic.
1889 3097 1954 3130 pro

1096 3141 1183 3173 Mur.
1208 3140 1240 3172 ὅ.
1280 3140 1421 3173 Sueton.
1446 3139 1561 3172 Tiber.
1587 3140 1640 3172 6.»
1676 3140 1761 3171 Llrs.
1798 3155 1834 3161 —
1865 3138 1955 3171 haud

1092 3189 1298 3231 prosperum]
1323 3190 1404 3231 quia
1426 3188 1553 3222 infelici
1576 3198 1660 3222 casu
1676 3196 1865 3230 oppressus
1879 3196 1956 3221 ma·

1095 3240 1173 3272 ture
1195 3238 1361 3272 decessit.
1402 3238 1453 3272 Cf.
1479 3239 1510 3279 4,
1535 3238 1555 3271 3
1579 3239 1684 3271 etiam
1708 3237 1752 3269 de
1774 3236 1949 3272 Marcelle.

1139 3288 1192 3322 42.
1216 3290 1404 3330 stul-‘sitque
1423 3287 1558 3329 causas]
1592 3285 1699 3319 Simili
1722 3288 1821 3329 tropo
1843 3286 1948 3329 Verg.

1095 3340 1181 3372 Aen.
1200 3339 1232 3380 9,
1257 3339 1339 3372 249;
1363 3347 1482 3371 causas
1499 3336 1698 3377 nequiquam
1711 3337 1810 3369 nectis
1822 3336 1948 3370 inanes.

1097 3407 1133 3414 -
1154 3397 1218 3424 νοω
1229 3389 1417 3433 Archelaus]
1441 3389 1477 3421 in
1492 3386 1644 3419 nummis
1660 3385 1950 3420 ΦΙΔΟΠΑΤΡΙΣ
