<?xml version="1.0" encoding="UTF-8"?>
<!DOCTYPE html PUBLIC "-//W3C//DTD XHTML 1.0 Transitional//EN"
    "http://www.w3.org/TR/xhtml1/DTD/xhtml1-transitional.dtd">
<html xmlns="http://www.w3.org/1999/xhtml" xml:lang="en" lang="en">
 <head>
  <title>
</title>
<meta http-equiv="Content-Type" content="text/html;charset=utf-8" />
  <meta name='ocr-system' content='tesseract 3.04.00' />
  <meta name='ocr-capabilities' content='ocr_page ocr_carea ocr_par ocr_line ocrx_word'/>
</head>
<body>
  <div class='ocr_page' id='page_1' title='image "./pcorneliitacitio01taciuoft_0373.png"; bbox 0 0 2254 3770; ppageno 0'>
   <div class='ocr_carea' id='block_1_1' title="bbox 692 292 1482 351">
    <p class='ocr_par' dir='ltr' id='par_1_1' title="bbox 692 292 1482 351">
     <span class='ocr_line' id='line_1_1' title="bbox 692 292 1482 351; baseline 0 -12"><span class='ocrx_word' id='word_1_1' title='bbox 692 293 849 339; x_wconf 74' lang='lat' dir='ltr'>mna</span> <span class='ocrx_word' id='word_1_2' title='bbox 875 293 945 338; x_wconf 80' lang='lat' dir='ltr'>xl.</span> <span class='ocrx_word' id='word_1_3' title='bbox 989 292 1089 351; x_wconf 84' lang='lat' dir='ltr'>cap.</span> <span class='ocrx_word' id='word_1_4' title='bbox 1118 292 1188 337; x_wconf 78' lang='lat'>27.</span> <span class='ocrx_word' id='word_1_5' title='bbox 1217 293 1285 338; x_wconf 77' lang='lat'>28.</span> <span class='ocrx_word' id='word_1_6' title='bbox 1313 294 1384 339; x_wconf 76' lang='lat'>29.</span> <span class='ocrx_word' id='word_1_7' title='bbox 1412 294 1482 339; x_wconf 87' lang='lat'>30.</span> 
     </span>
    </p>
   </div>
   <div class='ocr_carea' id='block_1_2' title="bbox 1901 293 1985 337">
    <p class='ocr_par' dir='ltr' id='par_1_2' title="bbox 1901 293 1985 337">
     <span class='ocr_line' id='line_1_2' title="bbox 1901 293 1985 337; baseline 0 -1"><span class='ocrx_word' id='word_1_8' title='bbox 1901 293 1985 337; x_wconf 84' lang='lat'>335</span> 
     </span>
    </p>
   </div>
   <div class='ocr_carea' id='block_1_3' title="bbox 195 400 2041 1592">
    <p class='ocr_par' dir='ltr' id='par_1_3' title="bbox 195 400 2041 1592">
     <span class='ocr_line' id='line_1_3' title="bbox 198 400 1985 460; baseline -0.001 -14"><span class='ocrx_word' id='word_1_9' title='bbox 198 401 336 460; x_wconf 90' lang='lat' dir='ltr'>primo</span> <span class='ocrx_word' id='word_1_10' title='bbox 369 400 586 454; x_wconf 83' lang='lat' dir='ltr'><strong>Callistus,</strong></span> <span class='ocrx_word' id='word_1_11' title='bbox 617 401 703 446; x_wconf 89' lang='lat' dir='ltr'>iam</span> <span class='ocrx_word' id='word_1_12' title='bbox 731 400 833 446; x_wconf 93' lang='lat' dir='ltr'>mihi</span> <span class='ocrx_word' id='word_1_13' title='bbox 864 401 979 445; x_wconf 91' lang='lat' dir='ltr'>circa</span> <span class='ocrx_word' id='word_1_14' title='bbox 1006 414 1159 445; x_wconf 86' lang='lat' dir='ltr'><strong>necem</strong></span> <span class='ocrx_word' id='word_1_15' title='bbox 1180 400 1222 445; x_wconf 87' lang='lat' dir='ltr'>C.</span> <span class='ocrx_word' id='word_1_16' title='bbox 1245 401 1441 446; x_wconf 83' lang='lat' dir='ltr'>Caesaris</span> <span class='ocrx_word' id='word_1_17' title='bbox 1464 407 1676 454; x_wconf 88' lang='lat' dir='ltr'>narratus,</span> <span class='ocrx_word' id='word_1_18' title='bbox 1707 406 1751 446; x_wconf 91' lang='lat' dir='ltr'>et</span> <span class='ocrx_word' id='word_1_19' title='bbox 1769 401 1985 459; x_wconf 81' lang='lat' dir='ltr'><strong>Appianae</strong></span> 
     </span>
     <span class='ocr_line' id='line_1_4' title="bbox 199 476 1986 536; baseline -0.001 -14"><span class='ocrx_word' id='word_1_20' title='bbox 199 477 345 522; x_wconf 87' lang='lat' dir='ltr'>caedis</span> <span class='ocrx_word' id='word_1_21' title='bbox 378 476 548 521; x_wconf 88' lang='lat' dir='ltr'>molitor</span> <span class='ocrx_word' id='word_1_22' title='bbox 580 477 822 528; x_wconf 83' lang='lat' dir='ltr'>Narcissus,</span> <span class='ocrx_word' id='word_1_23' title='bbox 860 476 1273 535; x_wconf 83' lang='lat' dir='ltr'>flagrantissimaque</span> <span class='ocrx_word' id='word_1_24' title='bbox 1303 491 1356 521; x_wconf 91' lang='lat' dir='ltr'>eo</span> <span class='ocrx_word' id='word_1_25' title='bbox 1386 477 1430 520; x_wconf 93' lang='lat' dir='ltr'>in</span> <span class='ocrx_word' id='word_1_26' title='bbox 1459 483 1653 536; x_wconf 85' lang='lat' dir='ltr'>tempore</span> <span class='ocrx_word' id='word_1_27' title='bbox 1682 478 1819 535; x_wconf 83' lang='lat' dir='ltr'>gratia</span> <span class='ocrx_word' id='word_1_28' title='bbox 1847 477 1986 522; x_wconf 90' lang='lat' dir='ltr'>Pallas</span> 
     </span>
     <span class='ocr_line' id='line_1_5' title="bbox 198 552 1987 611; baseline 0 -14"><span class='ocrx_word' id='word_1_29' title='bbox 198 553 434 611; x_wconf 83' lang='lat' dir='ltr'>agitavere,</span> <span class='ocrx_word' id='word_1_30' title='bbox 468 567 571 596; x_wconf 91' lang='lat' dir='ltr'>num</span> <span class='ocrx_word' id='word_1_31' title='bbox 599 552 868 597; x_wconf 82' lang='lat' dir='ltr'>Messalinam</span> <span class='ocrx_word' id='word_1_32' title='bbox 898 552 1076 597; x_wconf 89' lang='lat' dir='ltr'>secretis</span> <span class='ocrx_word' id='word_1_33' title='bbox 1097 552 1222 596; x_wconf 93' lang='lat' dir='ltr'>minis</span> <span class='ocrx_word' id='word_1_34' title='bbox 1243 552 1507 610; x_wconf 80' lang='lat' dir='ltr'>depellerent</span> <span class='ocrx_word' id='word_1_35' title='bbox 1528 567 1674 598; x_wconf 89' lang='lat' dir='ltr'>amore</span> <span class='ocrx_word' id='word_1_36' title='bbox 1695 553 1803 605; x_wconf 90' lang='lat' dir='ltr'>Silii,</span> <span class='ocrx_word' id='word_1_37' title='bbox 1835 559 1987 598; x_wconf 88' lang='lat' dir='ltr'>cuncta</span> 
     </span>
     <span class='ocr_line' id='line_1_6' title="bbox 198 627 1988 686; baseline -0.001 -14"><span class='ocrx_word' id='word_1_38' title='bbox 198 627 280 673; x_wconf 86' lang='lat' dir='ltr'>alia</span> <span class='ocrx_word' id='word_1_39' title='bbox 308 627 638 672; x_wconf 85' lang='lat' dir='ltr'>dissimulantes.</span> <span class='ocrx_word' id='word_1_40' title='bbox 685 628 786 672; x_wconf 89' lang='lat' dir='ltr'>dein</span> <span class='ocrx_word' id='word_1_41' title='bbox 815 634 954 679; x_wconf 87' lang='lat' dir='ltr'>metu,</span> <span class='ocrx_word' id='word_1_42' title='bbox 986 641 1040 671; x_wconf 91' lang='lat' dir='ltr'>ne</span> <span class='ocrx_word' id='word_1_43' title='bbox 1070 627 1125 671; x_wconf 91' lang='lat' dir='ltr'>ad</span> <span class='ocrx_word' id='word_1_44' title='bbox 1154 628 1390 686; x_wconf 91' lang='lat' dir='ltr'>perniciem</span> <span class='ocrx_word' id='word_1_45' title='bbox 1418 628 1529 673; x_wconf 90' lang='lat' dir='ltr'>ultro</span> <span class='ocrx_word' id='word_1_46' title='bbox 1558 629 1840 680; x_wconf 84' lang='lat' dir='ltr'>traherentur,</span> <span class='ocrx_word' id='word_1_47' title='bbox 1871 628 1988 672; x_wconf 89' lang='lat' dir='ltr'>desi—</span> 
     </span>
     <span class='ocr_line' id='line_1_7' title="bbox 197 702 2015 763; baseline 0.001 -17"><span class='ocrx_word' id='word_1_48' title='bbox 197 709 330 755; x_wconf 91' lang='lat' dir='ltr'>stunt,</span> <span class='ocrx_word' id='word_1_49' title='bbox 371 702 510 748; x_wconf 91' lang='lat' dir='ltr'>Pallas</span> <span class='ocrx_word' id='word_1_50' title='bbox 548 717 628 761; x_wconf 92' lang='lat' dir='ltr'>per</span> <span class='ocrx_word' id='word_1_51' title='bbox 664 703 891 761; x_wconf 85' lang='lat' dir='ltr'>ignaviam,</span> <span class='ocrx_word' id='word_1_52' title='bbox 931 702 1128 747; x_wconf 91' lang='lat' dir='ltr'>Callistus</span> <span class='ocrx_word' id='word_1_53' title='bbox 1160 703 1318 761; x_wconf 90' lang='lat' dir='ltr'>prioris</span> <span class='ocrx_word' id='word_1_54' title='bbox 1347 718 1524 762; x_wconf 86' lang='lat' dir='ltr'>quoque</span> <span class='ocrx_word' id='word_1_55' title='bbox 1552 705 1697 763; x_wconf 83' lang='lat' dir='ltr'>regiae</span> <span class='ocrx_word' id='word_1_56' title='bbox 1727 704 1906 763; x_wconf 89' lang='lat' dir='ltr'>peritus,</span> <span class='ocrx_word' id='word_1_57' title='bbox 1945 710 2015 748; x_wconf 78' lang='lat' dir='ltr'>et5</span> 
     </span>
     <span class='ocr_line' id='line_1_8' title="bbox 195 778 1987 838; baseline 0.001 -15"><span class='ocrx_word' id='word_1_58' title='bbox 195 778 429 836; x_wconf 88' lang='lat' dir='ltr'>potentiam</span> <span class='ocrx_word' id='word_1_59' title='bbox 459 778 594 824; x_wconf 90' lang='lat' dir='ltr'>cautis</span> <span class='ocrx_word' id='word_1_60' title='bbox 623 793 756 837; x_wconf 88' lang='lat' dir='ltr'>quam</span> <span class='ocrx_word' id='word_1_61' title='bbox 784 779 956 823; x_wconf 90' lang='lat' dir='ltr'>acribus</span> <span class='ocrx_word' id='word_1_62' title='bbox 987 778 1176 823; x_wconf 92' lang='lat' dir='ltr'>consiliis</span> <span class='ocrx_word' id='word_1_63' title='bbox 1196 780 1328 823; x_wconf 91' lang='lat' dir='ltr'>tutuis</span> <span class='ocrx_word' id='word_1_64' title='bbox 1348 779 1519 833; x_wconf 90' lang='lat' dir='ltr'>haberi;</span> <span class='ocrx_word' id='word_1_65' title='bbox 1549 780 1732 838; x_wconf 87' lang='lat' dir='ltr'>perstitit</span> <span class='ocrx_word' id='word_1_66' title='bbox 1748 780 1987 832; x_wconf 87' lang='lat' dir='ltr'>Narcissus,</span> 
     </span>
     <span class='ocr_line' id='line_1_9' title="bbox 198 853 1990 912; baseline 0.001 -15"><span class='ocrx_word' id='word_1_67' title='bbox 198 853 339 898; x_wconf 90' lang='lat' dir='ltr'>solum</span> <span class='ocrx_word' id='word_1_68' title='bbox 366 853 411 898; x_wconf 93' lang='lat' dir='ltr'>id</span> <span class='ocrx_word' id='word_1_69' title='bbox 441 854 689 906; x_wconf 91' lang='lat' dir='ltr'>immutans,</span> <span class='ocrx_word' id='word_1_70' title='bbox 733 867 788 898; x_wconf 94' lang='lat' dir='ltr'>ne</span> <span class='ocrx_word' id='word_1_71' title='bbox 819 868 906 912; x_wconf 91' lang='lat' dir='ltr'>quo</span> <span class='ocrx_word' id='word_1_72' title='bbox 938 868 1138 899; x_wconf 91' lang='lat' dir='ltr'>sermone</span> <span class='ocrx_word' id='word_1_73' title='bbox 1168 855 1410 912; x_wconf 91' lang='lat' dir='ltr'>praesciam</span> <span class='ocrx_word' id='word_1_74' title='bbox 1436 855 1627 900; x_wconf 91' lang='lat' dir='ltr'>criminis</span> <span class='ocrx_word' id='word_1_75' title='bbox 1657 862 1700 900; x_wconf 92' lang='lat' dir='ltr'>et</span> <span class='ocrx_word' id='word_1_76' title='bbox 1726 855 1990 900; x_wconf 79' lang='lat' dir='ltr'>accusatoris</span> 
     </span>
     <span class='ocr_line' id='line_1_10' title="bbox 199 929 1987 988; baseline 0.001 -15"><span class='ocrx_word' id='word_1_77' title='bbox 199 929 380 983; x_wconf 85' lang='lat' dir='ltr'>faceret;</span> <span class='ocrx_word' id='word_1_78' title='bbox 409 929 505 988; x_wconf 89' lang='lat' dir='ltr'>ipse</span> <span class='ocrx_word' id='word_1_79' title='bbox 534 929 587 974; x_wconf 91' lang='lat' dir='ltr'>ad</span> <span class='ocrx_word' id='word_1_80' title='bbox 619 929 872 974; x_wconf 87' lang='lat' dir='ltr'>occasiones</span> <span class='ocrx_word' id='word_1_81' title='bbox 904 929 1105 982; x_wconf 88' lang='lat' dir='ltr'>intentus,</span> <span class='ocrx_word' id='word_1_82' title='bbox 1137 929 1263 988; x_wconf 81' lang='lat' dir='ltr'>longa</span> <span class='ocrx_word' id='word_1_83' title='bbox 1292 931 1408 988; x_wconf 92' lang='lat' dir='ltr'>apud</span> <span class='ocrx_word' id='word_1_84' title='bbox 1439 931 1603 976; x_wconf 89' lang='lat' dir='ltr'>Ostiam</span> <span class='ocrx_word' id='word_1_85' title='bbox 1627 931 1825 976; x_wconf 83' lang='lat' dir='ltr'>Caesaris</span> <span class='ocrx_word' id='word_1_86' title='bbox 1853 945 1987 984; x_wconf 91' lang='lat' dir='ltr'>mora,</span> 
     </span>
     <span class='ocr_line' id='line_1_11' title="bbox 198 1004 1990 1065; baseline 0.001 -16"><span class='ocrx_word' id='word_1_87' title='bbox 198 1004 307 1049; x_wconf 92' lang='lat' dir='ltr'>duas</span> <span class='ocrx_word' id='word_1_88' title='bbox 335 1004 519 1063; x_wconf 85' lang='lat' dir='ltr'>peliceS‚</span> <span class='ocrx_word' id='word_1_89' title='bbox 560 1019 743 1063; x_wconf 89' lang='lat' dir='ltr'>quarum</span> <span class='ocrx_word' id='word_1_90' title='bbox 771 1005 807 1049; x_wconf 92' lang='lat' dir='ltr'>is</span> <span class='ocrx_word' id='word_1_91' title='bbox 838 1005 1008 1063; x_wconf 91' lang='lat' dir='ltr'>corpori</span> <span class='ocrx_word' id='word_1_92' title='bbox 1038 1006 1224 1049; x_wconf 88' lang='lat' dir='ltr'>maxime</span> <span class='ocrx_word' id='word_1_93' title='bbox 1255 1006 1519 1058; x_wconf 88' lang='lat' dir='ltr'>insueverat,</span> <span class='ocrx_word' id='word_1_94' title='bbox 1558 1006 1780 1065; x_wconf 85' lang='lat' dir='ltr'>largitione</span> <span class='ocrx_word' id='word_1_95' title='bbox 1810 1020 1861 1051; x_wconf 87' lang='lat' dir='ltr'>ac</span> <span class='ocrx_word' id='word_1_96' title='bbox 1888 1020 1990 1065; x_wconf 87' lang='lat' dir='ltr'>pro—</span> 
     </span>
     <span class='ocr_line' id='line_1_12' title="bbox 197 1080 2037 1140; baseline -0.002 -16"><span class='ocrx_word' id='word_1_97' title='bbox 197 1080 340 1125; x_wconf 89' lang='lat' dir='ltr'>missis</span> <span class='ocrx_word' id='word_1_98' title='bbox 380 1087 427 1125; x_wconf 94' lang='lat' dir='ltr'>et</span> <span class='ocrx_word' id='word_1_99' title='bbox 472 1094 607 1125; x_wconf 86' lang='lat' dir='ltr'>uxore</span> <span class='ocrx_word' id='word_1_100' title='bbox 645 1080 811 1125; x_wconf 89' lang='lat' dir='ltr'>deiecta</span> <span class='ocrx_word' id='word_1_101' title='bbox 846 1080 944 1139; x_wconf 91' lang='lat' dir='ltr'>plus</span> <span class='ocrx_word' id='word_1_102' title='bbox 983 1080 1199 1139; x_wconf 89' lang='lat' dir='ltr'>potentiae</span> <span class='ocrx_word' id='word_1_103' title='bbox 1228 1081 1480 1126; x_wconf 88' lang='lat' dir='ltr'>ostentando</span> <span class='ocrx_word' id='word_1_104' title='bbox 1516 1082 1703 1140; x_wconf 88' lang='lat' dir='ltr'>perpulit</span> <span class='ocrx_word' id='word_1_105' title='bbox 1731 1081 2037 1126; x_wconf 80' lang='lat' dir='ltr'>delationemw</span> 
     </span>
     <span class='ocr_line' id='line_1_13' title="bbox 201 1155 1991 1214; baseline -0.001 -14"><span class='ocrx_word' id='word_1_106' title='bbox 201 1155 362 1200; x_wconf 89' lang='lat' dir='ltr'>subire.</span> <span class='ocrx_word' id='word_1_107' title='bbox 407 1155 489 1213; x_wconf 87' lang='lat'>(30)</span> <span class='ocrx_word' id='word_1_108' title='bbox 520 1155 633 1200; x_wconf 89' lang='lat' dir='ltr'>exim</span> <span class='ocrx_word' id='word_1_109' title='bbox 663 1155 892 1214; x_wconf 88' lang='lat' dir='ltr'>Calpurnia</span> <span class='ocrx_word' id='word_1_110' title='bbox 921 1155 982 1209; x_wconf 90' lang='lat' dir='ltr'>(id</span> <span class='ocrx_word' id='word_1_111' title='bbox 1011 1155 1138 1214; x_wconf 91' lang='lat' dir='ltr'>pelici</span> <span class='ocrx_word' id='word_1_112' title='bbox 1168 1160 1357 1210; x_wconf 92' lang='lat' dir='ltr'>nomen),</span> <span class='ocrx_word' id='word_1_113' title='bbox 1389 1155 1462 1200; x_wconf 90' lang='lat' dir='ltr'>ubi</span> <span class='ocrx_word' id='word_1_114' title='bbox 1484 1155 1629 1200; x_wconf 90' lang='lat' dir='ltr'>datum</span> <span class='ocrx_word' id='word_1_115' title='bbox 1658 1162 1884 1208; x_wconf 87' lang='lat' dir='ltr'>secretum,</span> <span class='ocrx_word' id='word_1_116' title='bbox 1915 1169 1991 1213; x_wconf 87' lang='lat' dir='ltr'>ge-</span> 
     </span>
     <span class='ocr_line' id='line_1_14' title="bbox 198 1230 1990 1289; baseline -0.001 -14"><span class='ocrx_word' id='word_1_117' title='bbox 198 1230 325 1275; x_wconf 90' lang='lat' dir='ltr'>nibus</span> <span class='ocrx_word' id='word_1_118' title='bbox 368 1230 565 1276; x_wconf 89' lang='lat' dir='ltr'>Caesaris</span> <span class='ocrx_word' id='word_1_119' title='bbox 609 1230 834 1289; x_wconf 83' lang='lat' dir='ltr'>provoluta</span> <span class='ocrx_word' id='word_1_120' title='bbox 877 1231 1080 1289; x_wconf 91' lang='lat' dir='ltr'>nupsisse</span> <span class='ocrx_word' id='word_1_121' title='bbox 1126 1231 1398 1276; x_wconf 90' lang='lat' dir='ltr'>Messalinam</span> <span class='ocrx_word' id='word_1_122' title='bbox 1425 1230 1545 1276; x_wconf 25' lang='lat' dir='ltr'>,Silio</span> <span class='ocrx_word' id='word_1_123' title='bbox 1589 1231 1810 1276; x_wconf 87' lang='lat' dir='ltr'>exclamat.</span> <span class='ocrx_word' id='word_1_124' title='bbox 1864 1230 1990 1275; x_wconf 91' lang='lat' dir='ltr'>simul</span> 
     </span>
     <span class='ocr_line' id='line_1_15' title="bbox 200 1305 1989 1365; baseline -0.001 -14"><span class='ocrx_word' id='word_1_125' title='bbox 200 1305 487 1365; x_wconf 87' lang='lat' dir='ltr'>Cleopatram,</span> <span class='ocrx_word' id='word_1_126' title='bbox 524 1320 639 1365; x_wconf 90' lang='lat' dir='ltr'>quae</span> <span class='ocrx_word' id='word_1_127' title='bbox 675 1306 792 1351; x_wconf 91' lang='lat' dir='ltr'>idem</span> <span class='ocrx_word' id='word_1_128' title='bbox 836 1307 1067 1365; x_wconf 91' lang='lat' dir='ltr'>opperiens</span> <span class='ocrx_word' id='word_1_129' title='bbox 1096 1306 1308 1359; x_wconf 86' lang='lat' dir='ltr'>adstabat,</span> <span class='ocrx_word' id='word_1_130' title='bbox 1350 1321 1404 1352; x_wconf 91' lang='lat' dir='ltr'>an</span> <span class='ocrx_word' id='word_1_131' title='bbox 1435 1307 1718 1365; x_wconf 87' lang='lat' dir='ltr'>comperisset</span> <span class='ocrx_word' id='word_1_132' title='bbox 1745 1307 1989 1365; x_wconf 84' lang='lat' dir='ltr'>interrogat,</span> 
     </span>
     <span class='ocr_line' id='line_1_16' title="bbox 199 1381 1992 1441; baseline 0 -15"><span class='ocrx_word' id='word_1_133' title='bbox 199 1387 330 1440; x_wconf 89' lang='lat' dir='ltr'>atque</span> <span class='ocrx_word' id='word_1_134' title='bbox 359 1381 432 1426; x_wconf 87' lang='lat' dir='ltr'>illa</span> <span class='ocrx_word' id='word_1_135' title='bbox 461 1388 675 1427; x_wconf 86' lang='lat' dir='ltr'>annuente</span> <span class='ocrx_word' id='word_1_136' title='bbox 706 1382 810 1427; x_wconf 89' lang='lat' dir='ltr'>cieri</span> <span class='ocrx_word' id='word_1_137' title='bbox 839 1382 1088 1427; x_wconf 91' lang='lat' dir='ltr'>Narcissum</span> <span class='ocrx_word' id='word_1_138' title='bbox 1115 1382 1313 1441; x_wconf 88' lang='lat' dir='ltr'>postulat.</span> <span class='ocrx_word' id='word_1_139' title='bbox 1370 1383 1406 1427; x_wconf 92' lang='lat' dir='ltr'>is</span> <span class='ocrx_word' id='word_1_140' title='bbox 1436 1382 1606 1427; x_wconf 89' lang='lat' dir='ltr'>veniam</span> <span class='ocrx_word' id='word_1_141' title='bbox 1640 1382 1685 1426; x_wconf 88' lang='lat' dir='ltr'>in</span> <span class='ocrx_word' id='word_1_142' title='bbox 1712 1382 1992 1441; x_wconf 87' lang='lat' dir='ltr'>praeteritum</span> 
     </span>
     <span class='ocr_line' id='line_1_17' title="bbox 202 1457 2041 1515; baseline -0.001 -14"><span class='ocrx_word' id='word_1_143' title='bbox 202 1463 374 1515; x_wconf 88' lang='lat' dir='ltr'>petens,</span> <span class='ocrx_word' id='word_1_144' title='bbox 405 1457 524 1515; x_wconf 91' lang='lat' dir='ltr'>quod</span> <span class='ocrx_word' id='word_1_145' title='bbox 554 1458 595 1502; x_wconf 92' lang='lat' dir='ltr'>ei</span> <span class='ocrx_word' id='word_1_146' title='bbox 624 1457 765 1510; x_wconf 81' lang='lat' dir='ltr'>Titios,</span> <span class='ocrx_word' id='word_1_147' title='bbox 798 1458 980 1510; x_wconf 85' lang='lat' dir='ltr'>Vettios,</span> <span class='ocrx_word' id='word_1_148' title='bbox 1011 1458 1201 1503; x_wconf 89' lang='lat' dir='ltr'>Plautios</span> <span class='ocrx_word' id='word_1_149' title='bbox 1221 1457 1587 1511; x_wconf 87' lang='lat' dir='ltr'>dissimulavisset,</span> <span class='ocrx_word' id='word_1_150' title='bbox 1618 1471 1700 1503; x_wconf 91' lang='lat' dir='ltr'>nec</span> <span class='ocrx_word' id='word_1_151' title='bbox 1727 1471 1842 1503; x_wconf 91' lang='lat' dir='ltr'>nunc</span> <span class='ocrx_word' id='word_1_152' title='bbox 1871 1457 2041 1502; x_wconf 78' lang='lat' dir='ltr'>adul-us</span> 
     </span>
     <span class='ocr_line' id='line_1_18' title="bbox 201 1531 1991 1592; baseline 0.002 -15"><span class='ocrx_word' id='word_1_153' title='bbox 201 1532 307 1578; x_wconf 89' lang='lat' dir='ltr'>teria</span> <span class='ocrx_word' id='word_1_154' title='bbox 335 1531 608 1578; x_wconf 89' lang='lat' dir='ltr'>obiecturum</span> <span class='ocrx_word' id='word_1_155' title='bbox 635 1533 711 1586; x_wconf 92' lang='lat' dir='ltr'>ait,</span> <span class='ocrx_word' id='word_1_156' title='bbox 741 1546 797 1578; x_wconf 94' lang='lat' dir='ltr'>ne</span> <span class='ocrx_word' id='word_1_157' title='bbox 827 1532 1004 1578; x_wconf 92' lang='lat' dir='ltr'>domum</span> <span class='ocrx_word' id='word_1_158' title='bbox 1033 1534 1208 1579; x_wconf 86' lang='lat' dir='ltr'>servitia</span> <span class='ocrx_word' id='word_1_159' title='bbox 1234 1540 1279 1579; x_wconf 90' lang='lat' dir='ltr'>et</span> <span class='ocrx_word' id='word_1_160' title='bbox 1308 1540 1476 1579; x_wconf 89' lang='lat' dir='ltr'>ceteros</span> <span class='ocrx_word' id='word_1_161' title='bbox 1505 1534 1699 1578; x_wconf 87' lang='lat' dir='ltr'>fortunae</span> <span class='ocrx_word' id='word_1_162' title='bbox 1728 1540 1902 1592; x_wconf 88' lang='lat' dir='ltr'>paratus</span> <span class='ocrx_word' id='word_1_163' title='bbox 1923 1547 1991 1580; x_wconf 91' lang='lat' dir='ltr'>re-</span> 
     </span>
    </p>
   </div>
   <div class='ocr_carea' id='block_1_4' title="bbox 194 1659 1998 2271">
    <p class='ocr_par' dir='ltr' id='par_1_4' title="bbox 194 1659 1998 2271">
     <span class='ocr_line' id='line_1_19' title="bbox 264 1659 1990 1704; baseline 0.001 -11"><span class='ocrx_word' id='word_1_164' title='bbox 264 1661 297 1694; x_wconf 92' lang='grc'>4.</span> <span class='ocrx_word' id='word_1_165' title='bbox 320 1669 355 1693; x_wconf 88' lang='lat' dir='ltr'>m</span> <span class='ocrx_word' id='word_1_166' title='bbox 377 1661 617 1704; x_wconf 88' lang='lat' dir='ltr'>superscripta</span> <span class='ocrx_word' id='word_1_167' title='bbox 639 1659 754 1695; x_wconf 89' lang='lat' dir='ltr'>littera</span> <span class='ocrx_word' id='word_1_168' title='bbox 776 1661 808 1702; x_wconf 91' lang='lat' dir='ltr'>i,</span> <span class='ocrx_word' id='word_1_169' title='bbox 834 1660 871 1694; x_wconf 91' lang='lat' dir='ltr'>id</span> <span class='ocrx_word' id='word_1_170' title='bbox 893 1661 948 1694; x_wconf 91' lang='lat' dir='ltr'>est</span> <span class='ocrx_word' id='word_1_171' title='bbox 969 1661 1067 1702; x_wconf 83' lang='lat' dir='ltr'>mihi,</span> <span class='ocrx_word' id='word_1_172' title='bbox 1092 1670 1163 1695; x_wconf 91' lang='lat' dir='ltr'>non</span> <span class='ocrx_word' id='word_1_173' title='bbox 1186 1661 1249 1702; x_wconf 89' lang='lat' dir='ltr'>mi,</span> <span class='ocrx_word' id='word_1_174' title='bbox 1274 1661 1308 1695; x_wconf 89' lang='lat' dir='ltr'>M</span> <span class='ocrx_word' id='word_1_175' title='bbox 1332 1678 1369 1684; x_wconf 94' lang='lat'>—</span> <span class='ocrx_word' id='word_1_176' title='bbox 1395 1660 1431 1694; x_wconf 89' lang='lat' dir='ltr'>C.</span> <span class='ocrx_word' id='word_1_177' title='bbox 1456 1661 1629 1695; x_wconf 81' lang='lat' dir='ltr'>Faernus:</span> <span class='ocrx_word' id='word_1_178' title='bbox 1655 1670 1726 1694; x_wconf 93' lang='lat' dir='ltr'>om.</span> <span class='ocrx_word' id='word_1_179' title='bbox 1751 1662 1796 1695; x_wconf 88' lang='lat' dir='ltr'>M.</span> <span class='ocrx_word' id='word_1_180' title='bbox 1823 1661 1874 1695; x_wconf 92' lang='lat' dir='ltr'>Cf.</span> <span class='ocrx_word' id='word_1_181' title='bbox 1900 1669 1931 1695; x_wconf 92' lang='lat' dir='ltr'>c.</span> <span class='ocrx_word' id='word_1_182' title='bbox 1957 1662 1990 1695; x_wconf 98' lang='grc'>4.</span> 
     </span>
     <span class='ocr_line' id='line_1_20' title="bbox 202 1715 1995 1759; baseline 0.001 -10"><span class='ocrx_word' id='word_1_183' title='bbox 202 1734 239 1741; x_wconf 92' lang='lat'>-</span> <span class='ocrx_word' id='word_1_184' title='bbox 264 1717 408 1758; x_wconf 81' lang='lat' dir='ltr'>appiane</span> <span class='ocrx_word' id='word_1_185' title='bbox 429 1717 516 1750; x_wconf 86' lang='lat' dir='ltr'>cedis</span> <span class='ocrx_word' id='word_1_186' title='bbox 536 1718 570 1751; x_wconf 87' lang='lat' dir='ltr'>M</span> <span class='ocrx_word' id='word_1_187' title='bbox 596 1735 633 1740; x_wconf 98' lang='lat'><strong>—</strong></span> <span class='ocrx_word' id='word_1_188' title='bbox 658 1717 691 1751; x_wconf 92' lang='lat'>4.</span> <span class='ocrx_word' id='word_1_189' title='bbox 717 1717 793 1750; x_wconf 77' lang='lat' dir='ltr'>dein</span> <span class='ocrx_word' id='word_1_190' title='bbox 814 1718 866 1752; x_wconf 93' lang='lat' dir='ltr'>M:</span> <span class='ocrx_word' id='word_1_191' title='bbox 892 1717 1007 1750; x_wconf 82' lang='lat' dir='ltr'>deinde</span> <span class='ocrx_word' id='word_1_192' title='bbox 1028 1716 1145 1759; x_wconf 87' lang='lat' dir='ltr'>vulgo.</span> <span class='ocrx_word' id='word_1_193' title='bbox 1173 1734 1210 1742; x_wconf 92' lang='lat'>—</span> <span class='ocrx_word' id='word_1_194' title='bbox 1234 1718 1327 1750; x_wconf 86' lang='lat' dir='ltr'>ultra</span> <span class='ocrx_word' id='word_1_195' title='bbox 1348 1715 1580 1751; x_wconf 86' lang='lat' dir='ltr'>Puteolanus:</span> <span class='ocrx_word' id='word_1_196' title='bbox 1604 1717 1697 1750; x_wconf 85' lang='lat' dir='ltr'>ultra</span> <span class='ocrx_word' id='word_1_197' title='bbox 1711 1717 1745 1751; x_wconf 87' lang='grc' dir='ltr'><em>Μ</em></span> <span class='ocrx_word' id='word_1_198' title='bbox 1762 1735 1798 1741; x_wconf 94' lang='grc'><strong>-</strong></span> <span class='ocrx_word' id='word_1_199' title='bbox 1825 1717 1857 1750; x_wconf 87' lang='grc'>6.</span> <span class='ocrx_word' id='word_1_200' title='bbox 1873 1717 1995 1751; x_wconf 79' lang='lat' dir='ltr'>habere</span> 
     </span>
     <span class='ocr_line' id='line_1_21' title="bbox 198 1773 1995 1816; baseline -0.001 -9"><span class='ocrx_word' id='word_1_201' title='bbox 198 1781 254 1816; x_wconf 88' lang='lat' dir='ltr'>pr.</span> <span class='ocrx_word' id='word_1_202' title='bbox 271 1774 306 1807; x_wconf 98' lang='lat' dir='ltr'>M</span> <span class='ocrx_word' id='word_1_203' title='bbox 332 1791 368 1798; x_wconf 93' lang='lat'>—</span> <span class='ocrx_word' id='word_1_204' title='bbox 392 1774 426 1807; x_wconf 82' lang='lat'>7.</span> <span class='ocrx_word' id='word_1_205' title='bbox 450 1773 557 1807; x_wconf 82' lang='lat' dir='ltr'>solum</span> <span class='ocrx_word' id='word_1_206' title='bbox 577 1774 613 1807; x_wconf 90' lang='lat' dir='ltr'>id</span> <span class='ocrx_word' id='word_1_207' title='bbox 633 1775 814 1807; x_wconf 73' lang='lat' dir='ltr'>immutans</span> <span class='ocrx_word' id='word_1_208' title='bbox 827 1774 1037 1808; x_wconf 86' lang='lat' dir='ltr'>Rhenanus:</span> <span class='ocrx_word' id='word_1_209' title='bbox 1063 1778 1102 1809; x_wconf 86' lang='lat' dir='ltr'>ut</span> <span class='ocrx_word' id='word_1_210' title='bbox 1123 1775 1230 1808; x_wconf 89' lang='lat' dir='ltr'>solum</span> <span class='ocrx_word' id='word_1_211' title='bbox 1251 1775 1287 1807; x_wconf 89' lang='lat' dir='ltr'>id</span> <span class='ocrx_word' id='word_1_212' title='bbox 1307 1776 1489 1808; x_wconf 80' lang='lat' dir='ltr'>immutans</span> <span class='ocrx_word' id='word_1_213' title='bbox 1503 1775 1556 1813; x_wconf 90' lang='lat' dir='ltr'>M;</span> <span class='ocrx_word' id='word_1_214' title='bbox 1581 1777 1612 1806; x_wconf 91' lang='lat' dir='ltr'>et</span> <span class='ocrx_word' id='word_1_215' title='bbox 1632 1774 1738 1807; x_wconf 87' lang='lat' dir='ltr'>solum</span> <span class='ocrx_word' id='word_1_216' title='bbox 1758 1773 1794 1806; x_wconf 88' lang='lat' dir='ltr'>id</span> <span class='ocrx_word' id='word_1_217' title='bbox 1815 1773 1995 1807; x_wconf 70' lang='lat' dir='ltr'>immutatas</span> 
     </span>
     <span class='ocr_line' id='line_1_22' title="bbox 201 1828 1995 1870; baseline 0.001 -8"><span class='ocrx_word' id='word_1_218' title='bbox 201 1830 249 1869; x_wconf 90' lang='lat' dir='ltr'>G;</span> <span class='ocrx_word' id='word_1_219' title='bbox 273 1832 310 1863; x_wconf 87' lang='lat' dir='ltr'>at</span> <span class='ocrx_word' id='word_1_220' title='bbox 331 1829 436 1863; x_wconf 85' lang='lat' dir='ltr'>solum</span> <span class='ocrx_word' id='word_1_221' title='bbox 457 1829 494 1863; x_wconf 90' lang='lat' dir='ltr'>id</span> <span class='ocrx_word' id='word_1_222' title='bbox 513 1831 694 1863; x_wconf 86' lang='lat' dir='ltr'>immutans</span> <span class='ocrx_word' id='word_1_223' title='bbox 713 1831 784 1864; x_wconf 86' lang='lat' dir='ltr'>Iac.</span> <span class='ocrx_word' id='word_1_224' title='bbox 803 1831 1014 1870; x_wconf 80' lang='lat' dir='ltr'>Gronovius3</span> <span class='ocrx_word' id='word_1_225' title='bbox 1044 1833 1093 1863; x_wconf 90' lang='lat' dir='ltr'>set</span> <span class='ocrx_word' id='word_1_226' title='bbox 1114 1831 1221 1864; x_wconf 87' lang='lat' dir='ltr'>solum</span> <span class='ocrx_word' id='word_1_227' title='bbox 1241 1831 1277 1864; x_wconf 87' lang='lat' dir='ltr'>id</span> <span class='ocrx_word' id='word_1_228' title='bbox 1297 1831 1478 1864; x_wconf 75' lang='lat' dir='ltr'>immutans</span> <span class='ocrx_word' id='word_1_229' title='bbox 1491 1828 1668 1869; x_wconf 72' lang='lat' dir='ltr'>Halmius3</span> <span class='ocrx_word' id='word_1_230' title='bbox 1692 1833 1731 1864; x_wconf 89' lang='lat' dir='ltr'>ut</span> <span class='ocrx_word' id='word_1_231' title='bbox 1750 1831 1858 1864; x_wconf 89' lang='lat' dir='ltr'>solum</span> <span class='ocrx_word' id='word_1_232' title='bbox 1877 1830 1913 1863; x_wconf 86' lang='lat' dir='ltr'>id</span> <span class='ocrx_word' id='word_1_233' title='bbox 1933 1829 1995 1863; x_wconf 85' lang='lat' dir='ltr'>im-</span> 
     </span>
     <span class='ocr_line' id='line_1_23' title="bbox 194 1886 1995 1931; baseline 0 -12"><span class='ocrx_word' id='word_1_234' title='bbox 194 1888 322 1927; x_wconf 80' lang='lat' dir='ltr'>putans</span> <span class='ocrx_word' id='word_1_235' title='bbox 342 1887 507 1920; x_wconf 88' lang='lat' dir='ltr'>Heinsius</span> <span class='ocrx_word' id='word_1_236' title='bbox 531 1888 567 1919; x_wconf 90' lang='lat' dir='ltr'>et</span> <span class='ocrx_word' id='word_1_237' title='bbox 589 1887 721 1927; x_wconf 87' lang='lat' dir='ltr'>Haase;</span> <span class='ocrx_word' id='word_1_238' title='bbox 751 1887 925 1920; x_wconf 82' lang='lat' dir='ltr'>consilium</span> <span class='ocrx_word' id='word_1_239' title='bbox 948 1887 1161 1921; x_wconf 72' lang='lat' dir='ltr'>dissimulans</span> <span class='ocrx_word' id='word_1_240' title='bbox 1182 1887 1399 1931; x_wconf 79' lang='lat' dir='ltr'>Nipperdey.</span> <span class='ocrx_word' id='word_1_241' title='bbox 1426 1905 1462 1911; x_wconf 95' lang='lat'>—</span> <span class='ocrx_word' id='word_1_242' title='bbox 1495 1890 1703 1920; x_wconf 76' lang='lat' dir='ltr'>accusatores</span> <span class='ocrx_word' id='word_1_243' title='bbox 1723 1887 1758 1920; x_wconf 88' lang='lat' dir='ltr'>M</span> <span class='ocrx_word' id='word_1_244' title='bbox 1783 1905 1819 1910; x_wconf 97' lang='lat'><strong>—</strong></span> <span class='ocrx_word' id='word_1_245' title='bbox 1844 1886 1877 1920; x_wconf 92' lang='lat'>8.</span> <span class='ocrx_word' id='word_1_246' title='bbox 1900 1886 1995 1928; x_wconf 80' lang='lat' dir='ltr'>face-</span> 
     </span>
     <span class='ocr_line' id='line_1_24' title="bbox 199 1940 1995 1986; baseline 0 -11"><span class='ocrx_word' id='word_1_247' title='bbox 199 1945 275 1976; x_wconf 77' lang='lat' dir='ltr'>rent</span> <span class='ocrx_word' id='word_1_248' title='bbox 296 1942 422 1976; x_wconf 89' lang='lat' dir='ltr'>Haase.</span> <span class='ocrx_word' id='word_1_249' title='bbox 451 1961 487 1968; x_wconf 91' lang='lat'><em>-</em></span> <span class='ocrx_word' id='word_1_250' title='bbox 511 1943 652 1976; x_wconf 76' lang='lat' dir='ltr'>hostiam</span> <span class='ocrx_word' id='word_1_251' title='bbox 673 1944 797 1977; x_wconf 86' lang='lat' dir='ltr'>cesaris</span> <span class='ocrx_word' id='word_1_252' title='bbox 818 1944 852 1978; x_wconf 88' lang='lat' dir='ltr'>M</span> <span class='ocrx_word' id='word_1_253' title='bbox 877 1961 913 1967; x_wconf 92' lang='lat'>——</span> <span class='ocrx_word' id='word_1_254' title='bbox 951 1944 982 1977; x_wconf 90' lang='grc'>9.</span> <span class='ocrx_word' id='word_1_255' title='bbox 1009 1945 1142 1986; x_wconf 71' lang='lat' dir='ltr'>corpori</span> <span class='ocrx_word' id='word_1_256' title='bbox 1163 1945 1215 1979; x_wconf 89' lang='lat' dir='ltr'>M:</span> <span class='ocrx_word' id='word_1_257' title='bbox 1246 1944 1440 1986; x_wconf 67' lang='lat' dir='ltr'>corporibus</span> <span class='ocrx_word' id='word_1_258' title='bbox 1461 1943 1529 1978; x_wconf 89' lang='lat' dir='ltr'>alii.</span> <span class='ocrx_word' id='word_1_259' title='bbox 1556 1962 1592 1968; x_wconf 98' lang='lat'><strong>—</strong></span> <span class='ocrx_word' id='word_1_260' title='bbox 1623 1944 1677 1977; x_wconf 93' lang='grc'>40.</span> <span class='ocrx_word' id='word_1_261' title='bbox 1698 1943 1848 1985; x_wconf 80' lang='lat' dir='ltr'>potentia</span> <span class='ocrx_word' id='word_1_262' title='bbox 1868 1950 1923 1975; x_wconf 90' lang='lat' dir='ltr'>eos</span> <span class='ocrx_word' id='word_1_263' title='bbox 1944 1940 1995 1975; x_wconf 72' lang='grc' dir='ltr'>ῶ-</span> 
     </span>
     <span class='ocr_line' id='line_1_25' title="bbox 195 1999 1995 2044; baseline 0.001 -12"><span class='ocrx_word' id='word_1_264' title='bbox 195 1999 326 2040; x_wconf 78' lang='lat' dir='ltr'>ptando</span> <span class='ocrx_word' id='word_1_265' title='bbox 347 2000 382 2034; x_wconf 89' lang='lat' dir='ltr'>M</span> <span class='ocrx_word' id='word_1_266' title='bbox 405 2017 443 2024; x_wconf 95' lang='lat'>-</span> <span class='ocrx_word' id='word_1_267' title='bbox 465 2001 613 2042; x_wconf 79' lang='lat' dir='ltr'>perpulit</span> <span class='ocrx_word' id='word_1_268' title='bbox 634 2000 866 2034; x_wconf 90' lang='lat' dir='ltr'>Puteolanus:</span> <span class='ocrx_word' id='word_1_269' title='bbox 889 2001 1032 2042; x_wconf 85' lang='lat' dir='ltr'>perculit</span> <span class='ocrx_word' id='word_1_270' title='bbox 1052 2003 1098 2036; x_wconf 89' lang='lat' dir='ltr'>M.</span> <span class='ocrx_word' id='word_1_271' title='bbox 1124 2001 1176 2036; x_wconf 89' lang='lat' dir='ltr'>Cf.</span> <span class='ocrx_word' id='word_1_272' title='bbox 1195 2002 1248 2043; x_wconf 91' lang='grc'><strong>42,</strong></span> <span class='ocrx_word' id='word_1_273' title='bbox 1273 2003 1328 2035; x_wconf 86' lang='lat'>50.</span> <span class='ocrx_word' id='word_1_274' title='bbox 1347 2019 1384 2026; x_wconf 89' lang='lat'>—</span> <span class='ocrx_word' id='word_1_275' title='bbox 1410 2002 1464 2035; x_wconf 89' lang='grc'>44.</span> <span class='ocrx_word' id='word_1_276' title='bbox 1488 2001 1579 2035; x_wconf 81' lang='lat' dir='ltr'>exim</span> <span class='ocrx_word' id='word_1_277' title='bbox 1600 2009 1656 2044; x_wconf 91' lang='lat' dir='ltr'>pr.</span> <span class='ocrx_word' id='word_1_278' title='bbox 1672 2001 1725 2035; x_wconf 90' lang='lat' dir='ltr'>M:</span> <span class='ocrx_word' id='word_1_279' title='bbox 1749 1999 1829 2033; x_wconf 75' lang='lat' dir='ltr'>exin</span> <span class='ocrx_word' id='word_1_280' title='bbox 1851 2007 1942 2032; x_wconf 90' lang='lat' dir='ltr'>corr.</span> <span class='ocrx_word' id='word_1_281' title='bbox 1961 1999 1995 2034; x_wconf 83' lang='lat' dir='ltr'>M</span> 
     </span>
     <span class='ocr_line' id='line_1_26' title="bbox 204 2054 1996 2102; baseline 0 -12"><span class='ocrx_word' id='word_1_282' title='bbox 204 2073 242 2079; x_wconf 92' lang='lat'>—</span> <span class='ocrx_word' id='word_1_283' title='bbox 266 2057 321 2090; x_wconf 95' lang='grc'>42.</span> <span class='ocrx_word' id='word_1_284' title='bbox 345 2057 481 2100; x_wconf 65' lang='lat' dir='ltr'>pertibus</span> <span class='ocrx_word' id='word_1_285' title='bbox 501 2058 648 2092; x_wconf 82' lang='lat' dir='ltr'>caesaris</span> <span class='ocrx_word' id='word_1_286' title='bbox 669 2059 719 2092; x_wconf 89' lang='lat' dir='ltr'>M:</span> <span class='ocrx_word' id='word_1_287' title='bbox 747 2058 903 2092; x_wconf 77' lang='lat' dir='ltr'>Caesaris</span> <span class='ocrx_word' id='word_1_288' title='bbox 919 2058 1055 2102; x_wconf 62' lang='lat' dir='ltr'>genibus</span> <span class='ocrx_word' id='word_1_289' title='bbox 1069 2057 1188 2101; x_wconf 79' lang='lat' dir='ltr'>vulgo,</span> <span class='ocrx_word' id='word_1_290' title='bbox 1208 2076 1244 2083; x_wconf 98' lang='lat'><strong>—</strong></span> <span class='ocrx_word' id='word_1_291' title='bbox 1271 2058 1324 2092; x_wconf 91' lang='grc'>43.</span> <span class='ocrx_word' id='word_1_292' title='bbox 1348 2060 1436 2092; x_wconf 86' lang='lat' dir='ltr'>idem</span> <span class='ocrx_word' id='word_1_293' title='bbox 1450 2059 1502 2094; x_wconf 91' lang='lat' dir='ltr'>M:</span> <span class='ocrx_word' id='word_1_294' title='bbox 1527 2059 1563 2092; x_wconf 89' lang='lat' dir='ltr'>id</span> <span class='ocrx_word' id='word_1_295' title='bbox 1581 2056 1637 2092; x_wconf 90' lang='lat' dir='ltr'>vel</span> <span class='ocrx_word' id='word_1_296' title='bbox 1658 2057 1694 2090; x_wconf 88' lang='lat' dir='ltr'>id</span> <span class='ocrx_word' id='word_1_297' title='bbox 1714 2057 1823 2098; x_wconf 83' lang='lat' dir='ltr'>ipsum</span> <span class='ocrx_word' id='word_1_298' title='bbox 1839 2054 1996 2090; x_wconf 82' lang='lat' dir='ltr'>Halmius</span> 
     </span>
     <span class='ocr_line' id='line_1_27' title="bbox 203 2111 1998 2157; baseline -0.001 -12"><span class='ocrx_word' id='word_1_299' title='bbox 203 2111 293 2154; x_wconf 90' lang='lat' dir='ltr'>(coll.</span> <span class='ocrx_word' id='word_1_300' title='bbox 318 2113 405 2146; x_wconf 87' lang='lat' dir='ltr'>Hist.</span> <span class='ocrx_word' id='word_1_301' title='bbox 429 2114 468 2155; x_wconf 93' lang='grc'>2,</span> <span class='ocrx_word' id='word_1_302' title='bbox 493 2114 572 2156; x_wconf 67' lang='grc'><strong>80),</strong></span> <span class='ocrx_word' id='word_1_303' title='bbox 604 2114 723 2149; x_wconf 83' lang='lat' dir='ltr'>ibidem</span> <span class='ocrx_word' id='word_1_304' title='bbox 748 2113 895 2148; x_wconf 86' lang='lat' dir='ltr'>Urlichs.</span> <span class='ocrx_word' id='word_1_305' title='bbox 927 2133 962 2139; x_wconf 92' lang='lat'><strong>—</strong></span> <span class='ocrx_word' id='word_1_306' title='bbox 995 2115 1048 2148; x_wconf 81' lang='grc'>45.</span> <span class='ocrx_word' id='word_1_307' title='bbox 1075 2115 1190 2157; x_wconf 86' lang='lat' dir='ltr'>Titios,</span> <span class='ocrx_word' id='word_1_308' title='bbox 1218 2116 1354 2155; x_wconf 76' lang='lat' dir='ltr'>Vettios,</span> <span class='ocrx_word' id='word_1_309' title='bbox 1388 2115 1536 2149; x_wconf 86' lang='lat' dir='ltr'>Plautios</span> <span class='ocrx_word' id='word_1_310' title='bbox 1560 2113 1770 2147; x_wconf 87' lang='lat' dir='ltr'>Brotierius:</span> <span class='ocrx_word' id='word_1_311' title='bbox 1801 2112 1848 2145; x_wconf 89' lang='lat' dir='ltr'>cis</span> <span class='ocrx_word' id='word_1_312' title='bbox 1869 2111 1998 2144; x_wconf 88' lang='lat' dir='ltr'>uetticis</span> 
     </span>
     <span class='ocr_line' id='line_1_28' title="bbox 198 2167 1994 2213; baseline -0.001 -11"><span class='ocrx_word' id='word_1_313' title='bbox 198 2168 330 2210; x_wconf 85' lang='lat' dir='ltr'>plautio</span> <span class='ocrx_word' id='word_1_314' title='bbox 351 2170 403 2209; x_wconf 81' lang='lat' dir='ltr'>M3</span> <span class='ocrx_word' id='word_1_315' title='bbox 427 2170 475 2202; x_wconf 88' lang='lat' dir='ltr'>cis</span> <span class='ocrx_word' id='word_1_316' title='bbox 499 2170 617 2204; x_wconf 82' lang='lat' dir='ltr'>Vettios</span> <span class='ocrx_word' id='word_1_317' title='bbox 637 2171 686 2203; x_wconf 88' lang='lat' dir='ltr'>cis</span> <span class='ocrx_word' id='word_1_318' title='bbox 707 2170 853 2204; x_wconf 86' lang='lat' dir='ltr'>Plautios</span> <span class='ocrx_word' id='word_1_319' title='bbox 876 2172 910 2213; x_wconf 90' lang='lat' dir='ltr'>(i.</span> <span class='ocrx_word' id='word_1_320' title='bbox 935 2180 968 2204; x_wconf 90' lang='lat' dir='ltr'>e.</span> <span class='ocrx_word' id='word_1_321' title='bbox 993 2171 1080 2205; x_wconf 91' lang='lat' dir='ltr'>dum</span> <span class='ocrx_word' id='word_1_322' title='bbox 1102 2172 1243 2212; x_wconf 88' lang='lat' dir='ltr'>Vettiis,</span> <span class='ocrx_word' id='word_1_323' title='bbox 1277 2171 1363 2206; x_wconf 89' lang='lat' dir='ltr'>dum</span> <span class='ocrx_word' id='word_1_324' title='bbox 1385 2171 1528 2206; x_wconf 89' lang='lat' dir='ltr'>Plautiis</span> <span class='ocrx_word' id='word_1_325' title='bbox 1551 2170 1711 2205; x_wconf 85' lang='lat' dir='ltr'>moechis</span> <span class='ocrx_word' id='word_1_326' title='bbox 1733 2169 1900 2203; x_wconf 89' lang='lat' dir='ltr'>contenta</span> <span class='ocrx_word' id='word_1_327' title='bbox 1921 2167 1994 2210; x_wconf 87' lang='lat' dir='ltr'>fuit)</span> 
     </span>
     <span class='ocr_line' id='line_1_29' title="bbox 201 2225 1998 2271; baseline -0.001 -13"><span class='ocrx_word' id='word_1_328' title='bbox 201 2225 228 2258; x_wconf 93' lang='lat'>1.</span> <span class='ocrx_word' id='word_1_329' title='bbox 253 2225 290 2258; x_wconf 91' lang='lat' dir='ltr'>F.</span> <span class='ocrx_word' id='word_1_330' title='bbox 315 2226 529 2266; x_wconf 83' lang='lat' dir='ltr'>Gronovius;</span> <span class='ocrx_word' id='word_1_331' title='bbox 556 2227 594 2259; x_wconf 81' lang='lat' dir='ltr'>de</span> <span class='ocrx_word' id='word_1_332' title='bbox 612 2226 719 2260; x_wconf 80' lang='lat' dir='ltr'>Vectio</span> <span class='ocrx_word' id='word_1_333' title='bbox 740 2230 772 2260; x_wconf 89' lang='lat' dir='ltr'>et</span> <span class='ocrx_word' id='word_1_334' title='bbox 792 2227 922 2260; x_wconf 86' lang='lat' dir='ltr'>Plautio</span> <span class='ocrx_word' id='word_1_335' title='bbox 943 2227 1116 2265; x_wconf 84' lang='lat' dir='ltr'>Pichena;</span> <span class='ocrx_word' id='word_1_336' title='bbox 1144 2228 1278 2270; x_wconf 87' lang='lat' dir='ltr'>Vettios,</span> <span class='ocrx_word' id='word_1_337' title='bbox 1302 2228 1449 2263; x_wconf 83' lang='lat' dir='ltr'>Plautios</span> <span class='ocrx_word' id='word_1_338' title='bbox 1470 2226 1688 2271; x_wconf 81' lang='lat' dir='ltr'>Nipperdey.</span> <span class='ocrx_word' id='word_1_339' title='bbox 1707 2243 1744 2249; x_wconf 91' lang='lat'>—-</span> <span class='ocrx_word' id='word_1_340' title='bbox 1770 2225 1998 2258; x_wconf 82' lang='lat' dir='ltr'>dimulauisset</span> 
     </span>
    </p>
   </div>
   <div class='ocr_carea' id='block_1_5' title="bbox 201 2281 1997 2380">
    <p class='ocr_par' dir='ltr' id='par_1_5' title="bbox 201 2281 1997 2380">
     <span class='ocr_line' id='line_1_30' title="bbox 201 2281 1997 2329; baseline -0.001 -14"><span class='ocrx_word' id='word_1_341' title='bbox 201 2281 237 2315; x_wconf 91' lang='lat' dir='ltr'>M</span> <span class='ocrx_word' id='word_1_342' title='bbox 262 2299 296 2306; x_wconf 99' lang='lat'>—</span> <span class='ocrx_word' id='word_1_343' title='bbox 325 2281 378 2314; x_wconf 92' lang='grc'>46.</span> <span class='ocrx_word' id='word_1_344' title='bbox 402 2290 444 2315; x_wconf 76' lang='lat' dir='ltr'>ue</span> <span class='ocrx_word' id='word_1_345' title='bbox 465 2282 599 2315; x_wconf 86' lang='lat' dir='ltr'>domum</span> <span class='ocrx_word' id='word_1_346' title='bbox 613 2299 632 2306; x_wconf 95' lang='lat'>-</span> <span class='ocrx_word' id='word_1_347' title='bbox 641 2301 662 2309; x_wconf 82' lang='lat'><em>-</em></span> <span class='ocrx_word' id='word_1_348' title='bbox 675 2286 859 2324; x_wconf 83' lang='lat' dir='ltr'>reposceret</span> <span class='ocrx_word' id='word_1_349' title='bbox 873 2284 906 2317; x_wconf 94' lang='lat' dir='ltr'>M</span> <span class='ocrx_word' id='word_1_350' title='bbox 921 2293 927 2315; x_wconf 92' lang='lat'>:</span> <span class='ocrx_word' id='word_1_351' title='bbox 952 2284 1072 2316; x_wconf 81' lang='lat' dir='ltr'>nedum</span> <span class='ocrx_word' id='word_1_352' title='bbox 1085 2301 1106 2308; x_wconf 90' lang='lat'>-</span> <span class='ocrx_word' id='word_1_353' title='bbox 1115 2301 1135 2308; x_wconf 92' lang='lat'><em>—</em></span> <span class='ocrx_word' id='word_1_354' title='bbox 1149 2288 1332 2325; x_wconf 79' lang='lat' dir='ltr'>reposceret</span> <span class='ocrx_word' id='word_1_355' title='bbox 1347 2285 1517 2324; x_wconf 87' lang='lat' dir='ltr'>Ritterus;</span> <span class='ocrx_word' id='word_1_356' title='bbox 1542 2284 1663 2329; x_wconf 80' lang='lat' dir='ltr'>nedum</span> <span class='ocrx_word' id='word_1_357' title='bbox 1685 2283 1818 2316; x_wconf 86' lang='lat' dir='ltr'>domum</span> <span class='ocrx_word' id='word_1_358' title='bbox 1832 2299 1853 2307; x_wconf 91' lang='lat'>-</span> <span class='ocrx_word' id='word_1_359' title='bbox 1863 2299 1883 2306; x_wconf 91' lang='lat'><em>-</em></span> <span class='ocrx_word' id='word_1_360' title='bbox 1897 2289 1997 2322; x_wconf 85' lang='lat' dir='ltr'>repo-</span> 
     </span>
     <span class='ocr_line' id='line_1_31' title="bbox 201 2336 1201 2380; baseline 0.003 -9"><span class='ocrx_word' id='word_1_361' title='bbox 201 2340 304 2371; x_wconf 83' lang='lat' dir='ltr'>sceret</span> <span class='ocrx_word' id='word_1_362' title='bbox 325 2336 505 2378; x_wconf 80' lang='lat' dir='ltr'>Halmius3</span> <span class='ocrx_word' id='word_1_363' title='bbox 529 2347 588 2372; x_wconf 79' lang='lat' dir='ltr'>nec</span> <span class='ocrx_word' id='word_1_364' title='bbox 610 2339 745 2373; x_wconf 75' lang='lat' dir='ltr'>domum</span> <span class='ocrx_word' id='word_1_365' title='bbox 758 2356 778 2363; x_wconf 98' lang='lat'>—</span> <span class='ocrx_word' id='word_1_366' title='bbox 790 2356 810 2364; x_wconf 94' lang='lat'><em>-</em></span> <span class='ocrx_word' id='word_1_367' title='bbox 823 2347 992 2380; x_wconf 86' lang='lat' dir='ltr'>reposcere</span> <span class='ocrx_word' id='word_1_368' title='bbox 1012 2338 1201 2374; x_wconf 88' lang='lat' dir='ltr'>Acidalius.</span> 
     </span>
    </p>
   </div>
   <div class='ocr_carea' id='block_1_6' title="bbox 203 2432 1082 3475">
    <p class='ocr_par' dir='ltr' id='par_1_6' title="bbox 203 2432 1075 2572">
     <span class='ocr_line' id='line_1_32' title="bbox 203 2432 1069 2480; baseline 0.003 -10"><span class='ocrx_word' id='word_1_369' title='bbox 203 2436 312 2470; x_wconf 86' lang='lat' dir='ltr'>Simili</span> <span class='ocrx_word' id='word_1_370' title='bbox 342 2432 571 2480; x_wconf 82' lang='lat' dir='ltr'>brachylogia</span> <span class='ocrx_word' id='word_1_371' title='bbox 593 2446 680 2472; x_wconf 91' lang='lat' dir='ltr'>usus</span> <span class='ocrx_word' id='word_1_372' title='bbox 702 2439 757 2473; x_wconf 89' lang='lat' dir='ltr'>est</span> <span class='ocrx_word' id='word_1_373' title='bbox 780 2438 835 2480; x_wconf 87' lang='grc'><strong>43,</strong></span> <span class='ocrx_word' id='word_1_374' title='bbox 859 2439 902 2472; x_wconf 86' lang='grc'>20</span> <span class='ocrx_word' id='word_1_375' title='bbox 927 2440 962 2472; x_wconf 88' lang='lat' dir='ltr'>et</span> <span class='ocrx_word' id='word_1_376' title='bbox 984 2439 1069 2473; x_wconf 86' lang='lat' dir='ltr'>Hist.</span> 
     </span>
     <span class='ocr_line' id='line_1_33' title="bbox 204 2486 1075 2531; baseline 0.005 -12"><span class='ocrx_word' id='word_1_377' title='bbox 204 2486 237 2527; x_wconf 87' lang='lat'>3,</span> <span class='ocrx_word' id='word_1_378' title='bbox 262 2487 324 2520; x_wconf 80' lang='lat'>5⁴:</span> <span class='ocrx_word' id='word_1_379' title='bbox 357 2487 438 2521; x_wconf 78' lang='lat' dir='ltr'>haec</span> <span class='ocrx_word' id='word_1_380' title='bbox 467 2488 602 2529; x_wconf 79' lang='lat' dir='ltr'>aliaque</span> <span class='ocrx_word' id='word_1_381' title='bbox 628 2497 673 2522; x_wconf 77' lang='lat' dir='ltr'>ex</span> <span class='ocrx_word' id='word_1_382' title='bbox 700 2492 809 2522; x_wconf 87' lang='lat' dir='ltr'>vetere</span> <span class='ocrx_word' id='word_1_383' title='bbox 830 2490 993 2523; x_wconf 85' lang='lat' dir='ltr'>memoria</span> <span class='ocrx_word' id='word_1_384' title='bbox 1012 2498 1075 2531; x_wconf 84' lang='lat' dir='ltr'>pe-</span> 
     </span>
     <span class='ocr_line' id='line_1_34' title="bbox 203 2537 887 2572; baseline 0.003 -2"><span class='ocrx_word' id='word_1_385' title='bbox 203 2537 267 2570; x_wconf 85' lang='lat' dir='ltr'>tita</span> <span class='ocrx_word' id='word_1_386' title='bbox 281 2554 302 2561; x_wconf 94' lang='lat'>-</span> <span class='ocrx_word' id='word_1_387' title='bbox 313 2554 332 2561; x_wconf 95' lang='lat'><em>—</em></span> <span class='ocrx_word' id='word_1_388' title='bbox 346 2537 437 2570; x_wconf 80' lang='lat' dir='ltr'>haud</span> <span class='ocrx_word' id='word_1_389' title='bbox 458 2537 600 2571; x_wconf 79' lang='lat' dir='ltr'>absurde</span> <span class='ocrx_word' id='word_1_390' title='bbox 620 2538 887 2572; x_wconf 80' lang='lat' dir='ltr'>memorabimus.</span> 
     </span>
    </p>

    <p class='ocr_par' dir='ltr' id='par_1_7' title="bbox 204 2587 1078 2879">
     <span class='ocr_line' id='line_1_35' title="bbox 247 2587 1076 2631; baseline 0.002 -11"><span class='ocrx_word' id='word_1_391' title='bbox 247 2587 303 2621; x_wconf 89' lang='grc'><strong>28.</strong></span> <span class='ocrx_word' id='word_1_392' title='bbox 328 2596 410 2628; x_wconf 82' lang='lat' dir='ltr'>quos</span> <span class='ocrx_word' id='word_1_393' title='bbox 426 2596 527 2629; x_wconf 81' lang='lat' dir='ltr'>penes</span> <span class='ocrx_word' id='word_1_394' title='bbox 544 2588 707 2631; x_wconf 78' lang='lat' dir='ltr'>potentia]</span> <span class='ocrx_word' id='word_1_395' title='bbox 732 2587 914 2630; x_wconf 86' lang='lat' dir='ltr'>Callistus,</span> <span class='ocrx_word' id='word_1_396' title='bbox 938 2589 1076 2623; x_wconf 82' lang='lat' dir='ltr'>Narcis-</span> 
     </span>
     <span class='ocr_line' id='line_1_36' title="bbox 205 2637 1074 2681; baseline 0.002 -11"><span class='ocrx_word' id='word_1_397' title='bbox 205 2645 267 2671; x_wconf 89' lang='lat' dir='ltr'>sus</span> <span class='ocrx_word' id='word_1_398' title='bbox 282 2637 527 2680; x_wconf 86' lang='lat' dir='ltr'>imprimisque</span> <span class='ocrx_word' id='word_1_399' title='bbox 544 2637 668 2672; x_wconf 88' lang='lat' dir='ltr'>Pallas.</span> <span class='ocrx_word' id='word_1_400' title='bbox 689 2656 725 2663; x_wconf 89' lang='lat'><em>-</em></span> <span class='ocrx_word' id='word_1_401' title='bbox 743 2638 773 2671; x_wconf 83' lang='lat' dir='ltr'>si</span> <span class='ocrx_word' id='word_1_402' title='bbox 785 2647 839 2672; x_wconf 83' lang='lat' dir='ltr'>res</span> <span class='ocrx_word' id='word_1_403' title='bbox 855 2638 1074 2681; x_wconf 79' lang='lat' dir='ltr'>verterentur]</span> 
     </span>
     <span class='ocr_line' id='line_1_37' title="bbox 204 2686 1078 2730; baseline 0.003 -10"><span class='ocrx_word' id='word_1_404' title='bbox 204 2688 245 2720; x_wconf 90' lang='lat' dir='ltr'>ut</span> <span class='ocrx_word' id='word_1_405' title='bbox 266 2687 299 2729; x_wconf 77' lang='lat'>5,</span> <span class='ocrx_word' id='word_1_406' title='bbox 323 2686 362 2721; x_wconf 88' lang='lat'>4:</span> <span class='ocrx_word' id='word_1_407' title='bbox 387 2697 518 2721; x_wconf 83' lang='lat' dir='ltr'>summa</span> <span class='ocrx_word' id='word_1_408' title='bbox 539 2689 626 2721; x_wconf 85' lang='lat' dir='ltr'>verti</span> <span class='ocrx_word' id='word_1_409' title='bbox 642 2697 749 2730; x_wconf 86' lang='lat' dir='ltr'>posse.</span> <span class='ocrx_word' id='word_1_410' title='bbox 771 2707 807 2712; x_wconf 92' lang='lat'><em>-</em></span> <span class='ocrx_word' id='word_1_411' title='bbox 831 2689 958 2730; x_wconf 79' lang='lat' dir='ltr'>histrio]</span> <span class='ocrx_word' id='word_1_412' title='bbox 981 2690 1078 2724; x_wconf 89' lang='lat' dir='ltr'>Mne—</span> 
     </span>
     <span class='ocr_line' id='line_1_38' title="bbox 205 2737 1074 2782; baseline 0.001 -11"><span class='ocrx_word' id='word_1_413' title='bbox 205 2739 290 2772; x_wconf 80' lang='lat' dir='ltr'>ster.</span> <span class='ocrx_word' id='word_1_414' title='bbox 316 2737 369 2772; x_wconf 91' lang='lat' dir='ltr'>Cf.</span> <span class='ocrx_word' id='word_1_415' title='bbox 393 2747 425 2771; x_wconf 93' lang='lat' dir='ltr'>c.</span> <span class='ocrx_word' id='word_1_416' title='bbox 450 2737 471 2772; x_wconf 88' lang='lat'><strong>4</strong></span> <span class='ocrx_word' id='word_1_417' title='bbox 487 2739 524 2772; x_wconf 87' lang='lat' dir='ltr'>et</span> <span class='ocrx_word' id='word_1_418' title='bbox 545 2738 599 2771; x_wconf 86' lang='grc'><strong>36.</strong></span> <span class='ocrx_word' id='word_1_419' title='bbox 619 2756 656 2762; x_wconf 91' lang='grc'>-</span> <span class='ocrx_word' id='word_1_420' title='bbox 677 2739 867 2780; x_wconf 78' lang='lat' dir='ltr'>propinquo</span> <span class='ocrx_word' id='word_1_421' title='bbox 889 2739 1074 2782; x_wconf 81' lang='lat' dir='ltr'>consulatu]</span> 
     </span>
     <span class='ocr_line' id='line_1_39' title="bbox 206 2786 1076 2831; baseline 0.003 -12"><span class='ocrx_word' id='word_1_422' title='bbox 206 2786 258 2819; x_wconf 78' lang='lat' dir='ltr'>ct.</span> <span class='ocrx_word' id='word_1_423' title='bbox 283 2796 314 2820; x_wconf 91' lang='lat' dir='ltr'>c.</span> <span class='ocrx_word' id='word_1_424' title='bbox 338 2788 371 2820; x_wconf 77' lang='grc' dir='ltr'><strong>ὅ.</strong></span> <span class='ocrx_word' id='word_1_425' title='bbox 406 2805 443 2810; x_wconf 93' lang='grc'>-</span> <span class='ocrx_word' id='word_1_426' title='bbox 474 2791 638 2830; x_wconf 83' lang='lat' dir='ltr'>utque-—</span> <span class='ocrx_word' id='word_1_427' title='bbox 654 2788 776 2830; x_wconf 77' lang='lat' dir='ltr'>forent]</span> <span class='ocrx_word' id='word_1_428' title='bbox 806 2789 830 2822; x_wconf 91' lang='lat' dir='ltr'>i.</span> <span class='ocrx_word' id='word_1_429' title='bbox 855 2797 888 2822; x_wconf 90' lang='lat' dir='ltr'>e.</span> <span class='ocrx_word' id='word_1_430' title='bbox 913 2790 949 2822; x_wconf 90' lang='lat' dir='ltr'>et</span> <span class='ocrx_word' id='word_1_431' title='bbox 979 2788 1076 2831; x_wconf 86' lang='lat' dir='ltr'>quod</span> 
     </span>
     <span class='ocr_line' id='line_1_40' title="bbox 204 2837 906 2879; baseline 0.003 -9"><span class='ocrx_word' id='word_1_432' title='bbox 204 2837 466 2879; x_wconf 85' lang='lat' dir='ltr'>providendum</span> <span class='ocrx_word' id='word_1_433' title='bbox 489 2839 585 2871; x_wconf 89' lang='lat' dir='ltr'>esset</span> <span class='ocrx_word' id='word_1_434' title='bbox 606 2839 647 2872; x_wconf 89' lang='lat' dir='ltr'>ut</span> <span class='ocrx_word' id='word_1_435' title='bbox 673 2838 814 2873; x_wconf 86' lang='lat' dir='ltr'>clausae</span> <span class='ocrx_word' id='word_1_436' title='bbox 837 2839 906 2872; x_wconf 90' lang='lat' dir='ltr'>cet.</span> 
     </span>
    </p>

    <p class='ocr_par' dir='ltr' id='par_1_8' title="bbox 205 2887 1082 3475">
     <span class='ocr_line' id='line_1_41' title="bbox 247 2887 1076 2930; baseline 0.002 -10"><span class='ocrx_word' id='word_1_437' title='bbox 247 2887 302 2920; x_wconf 83' lang='grc'>29.</span> <span class='ocrx_word' id='word_1_438' title='bbox 322 2887 486 2928; x_wconf 78' lang='lat' dir='ltr'>Callistus,</span> <span class='ocrx_word' id='word_1_439' title='bbox 503 2888 573 2920; x_wconf 90' lang='lat' dir='ltr'>iam</span> <span class='ocrx_word' id='word_1_440' title='bbox 587 2888 701 2921; x_wconf 82' lang='lat' dir='ltr'>mihi-</span> <span class='ocrx_word' id='word_1_441' title='bbox 711 2906 731 2913; x_wconf 92' lang='lat'>—</span> <span class='ocrx_word' id='word_1_442' title='bbox 745 2889 919 2930; x_wconf 77' lang='lat' dir='ltr'>narratus]</span> <span class='ocrx_word' id='word_1_443' title='bbox 936 2889 971 2921; x_wconf 88' lang='lat' dir='ltr'>in</span> <span class='ocrx_word' id='word_1_444' title='bbox 986 2888 1076 2922; x_wconf 87' lang='lat' dir='ltr'>libro</span> 
     </span>
     <span class='ocr_line' id='line_1_42' title="bbox 206 2935 1077 2981; baseline 0.003 -13"><span class='ocrx_word' id='word_1_445' title='bbox 206 2935 404 2978; x_wconf 86' lang='lat' dir='ltr'>deperdito.</span> <span class='ocrx_word' id='word_1_446' title='bbox 444 2936 619 2979; x_wconf 84' lang='lat' dir='ltr'>Caligulae</span> <span class='ocrx_word' id='word_1_447' title='bbox 647 2939 746 2972; x_wconf 88' lang='lat' dir='ltr'>necis</span> <span class='ocrx_word' id='word_1_448' title='bbox 777 2939 940 2972; x_wconf 90' lang='lat' dir='ltr'>conscius</span> <span class='ocrx_word' id='word_1_449' title='bbox 966 2939 1077 2981; x_wconf 85' lang='lat' dir='ltr'>parti-</span> 
     </span>
     <span class='ocr_line' id='line_1_43' title="bbox 206 2985 1075 3030; baseline 0.003 -12"><span class='ocrx_word' id='word_1_450' title='bbox 206 2994 363 3028; x_wconf 87' lang='lat' dir='ltr'>cepsque</span> <span class='ocrx_word' id='word_1_451' title='bbox 386 2985 450 3019; x_wconf 86' lang='lat' dir='ltr'>fuit</span> <span class='ocrx_word' id='word_1_452' title='bbox 464 2987 522 3020; x_wconf 88' lang='lat' dir='ltr'>hic</span> <span class='ocrx_word' id='word_1_453' title='bbox 538 2986 697 3021; x_wconf 87' lang='lat' dir='ltr'>libertus.</span> <span class='ocrx_word' id='word_1_454' title='bbox 723 2988 775 3021; x_wconf 87' lang='lat' dir='ltr'>Cf.</span> <span class='ocrx_word' id='word_1_455' title='bbox 793 2989 930 3021; x_wconf 88' lang='lat' dir='ltr'>Seneca</span> <span class='ocrx_word' id='word_1_456' title='bbox 944 2989 1007 3030; x_wconf 89' lang='lat' dir='ltr'>Ep.</span> <span class='ocrx_word' id='word_1_457' title='bbox 1019 2987 1075 3021; x_wconf 87' lang='lat'>47.</span> 
     </span>
     <span class='ocr_line' id='line_1_44' title="bbox 205 3033 1078 3079; baseline 0.002 -11"><span class='ocrx_word' id='word_1_458' title='bbox 205 3035 346 3077; x_wconf 88' lang='lat' dir='ltr'>Ioseph.</span> <span class='ocrx_word' id='word_1_459' title='bbox 382 3036 462 3069; x_wconf 78' lang='lat' dir='ltr'>Ant.</span> <span class='ocrx_word' id='word_1_460' title='bbox 486 3036 548 3076; x_wconf 87' lang='grc'>49,</span> <span class='ocrx_word' id='word_1_461' title='bbox 581 3038 595 3069; x_wconf 95' lang='grc'><strong>4</strong></span> <span class='ocrx_word' id='word_1_462' title='bbox 612 3062 620 3077; x_wconf 88' lang='grc'><strong>,</strong></span> <span class='ocrx_word' id='word_1_463' title='bbox 646 3038 702 3070; x_wconf 89' lang='grc'>40.</span> <span class='ocrx_word' id='word_1_464' title='bbox 735 3046 807 3079; x_wconf 90' lang='lat' dir='ltr'>quo</span> <span class='ocrx_word' id='word_1_465' title='bbox 840 3038 931 3070; x_wconf 87' lang='lat' dir='ltr'>teste</span> <span class='ocrx_word' id='word_1_466' title='bbox 966 3033 1078 3071; x_wconf 75' lang='grc' dir='ltr'><strong><em>οὐδὲν</em></strong></span> 
     </span>
     <span class='ocr_line' id='line_1_45' title="bbox 206 3080 1077 3132; baseline 0.002 -14"><span class='ocrx_word' id='word_1_467' title='bbox 206 3080 303 3119; x_wconf 71' lang='grc' dir='ltr'>ἄλλο</span> <span class='ocrx_word' id='word_1_468' title='bbox 325 3080 353 3128; x_wconf 79' lang='grc' dir='ltr'><em>ἢ</em></span> <span class='ocrx_word' id='word_1_469' title='bbox 370 3082 619 3132; x_wconf 75' lang='grc' dir='ltr'><strong><em>ἰσοτύραννον</em></strong></span> <span class='ocrx_word' id='word_1_470' title='bbox 635 3083 714 3126; x_wconf 76' lang='grc' dir='ltr'>εἶχε</span> <span class='ocrx_word' id='word_1_471' title='bbox 727 3084 799 3130; x_wconf 81' lang='grc' dir='ltr'>τὴν</span> <span class='ocrx_word' id='word_1_472' title='bbox 814 3084 988 3129; x_wconf 81' lang='grc' dir='ltr'>δύναμιν.</span> <span class='ocrx_word' id='word_1_473' title='bbox 1012 3088 1077 3121; x_wconf 89' lang='lat' dir='ltr'>Dio</span> 
     </span>
     <span class='ocr_line' id='line_1_46' title="bbox 207 3134 1080 3178; baseline 0.005 -11"><span class='ocrx_word' id='word_1_474' title='bbox 207 3134 263 3175; x_wconf 80' lang='lat'>59,</span> <span class='ocrx_word' id='word_1_475' title='bbox 287 3135 343 3168; x_wconf 86' lang='grc'><strong>29.</strong></span> <span class='ocrx_word' id='word_1_476' title='bbox 367 3134 497 3168; x_wconf 88' lang='lat' dir='ltr'>Plinius</span> <span class='ocrx_word' id='word_1_477' title='bbox 519 3136 560 3168; x_wconf 87' lang='lat' dir='ltr'>N.</span> <span class='ocrx_word' id='word_1_478' title='bbox 578 3136 620 3169; x_wconf 88' lang='lat' dir='ltr'>H.</span> <span class='ocrx_word' id='word_1_479' title='bbox 637 3136 679 3169; x_wconf 87' lang='grc'>36</span> <span class='ocrx_word' id='word_1_480' title='bbox 702 3136 801 3178; x_wconf 71' lang='lat'>560:</span> <span class='ocrx_word' id='word_1_481' title='bbox 826 3137 978 3170; x_wconf 82' lang='lat' dir='ltr'>Callistus</span> <span class='ocrx_word' id='word_1_482' title='bbox 993 3137 1080 3171; x_wconf 86' lang='lat' dir='ltr'>Cae—</span> 
     </span>
     <span class='ocr_line' id='line_1_47' title="bbox 206 3185 1078 3227; baseline 0.003 -10"><span class='ocrx_word' id='word_1_483' title='bbox 206 3185 295 3218; x_wconf 80' lang='lat' dir='ltr'>saris</span> <span class='ocrx_word' id='word_1_484' title='bbox 317 3185 436 3220; x_wconf 82' lang='lat' dir='ltr'>Claudi</span> <span class='ocrx_word' id='word_1_485' title='bbox 458 3185 651 3218; x_wconf 87' lang='lat' dir='ltr'>libertorum</span> <span class='ocrx_word' id='word_1_486' title='bbox 668 3187 818 3227; x_wconf 78' lang='lat' dir='ltr'>potentia</span> <span class='ocrx_word' id='word_1_487' title='bbox 838 3189 948 3219; x_wconf 75' lang='lat' dir='ltr'>notus.</span> <span class='ocrx_word' id='word_1_488' title='bbox 978 3186 1078 3220; x_wconf 88' lang='lat' dir='ltr'>Idem</span> 
     </span>
     <span class='ocr_line' id='line_1_48' title="bbox 208 3233 1077 3277; baseline 0.003 -10"><span class='ocrx_word' id='word_1_489' title='bbox 208 3233 251 3267; x_wconf 88' lang='grc'>33</span> <span class='ocrx_word' id='word_1_490' title='bbox 275 3234 295 3276; x_wconf 73' lang='lat' dir='ltr'>S</span> <span class='ocrx_word' id='word_1_491' title='bbox 320 3234 383 3268; x_wconf 86' lang='grc'>434</span> <span class='ocrx_word' id='word_1_492' title='bbox 413 3236 486 3268; x_wconf 90' lang='lat' dir='ltr'>tres</span> <span class='ocrx_word' id='word_1_493' title='bbox 509 3233 645 3268; x_wconf 86' lang='lat' dir='ltr'>Claudii</span> <span class='ocrx_word' id='word_1_494' title='bbox 673 3234 840 3274; x_wconf 88' lang='lat' dir='ltr'>libertos,</span> <span class='ocrx_word' id='word_1_495' title='bbox 872 3234 1077 3277; x_wconf 87' lang='lat' dir='ltr'>Pallantem,</span> 
     </span>
     <span class='ocr_line' id='line_1_49' title="bbox 211 3282 1076 3327; baseline 0.003 -11"><span class='ocrx_word' id='word_1_496' title='bbox 211 3282 404 3325; x_wconf 85' lang='lat' dir='ltr'>Callistum,</span> <span class='ocrx_word' id='word_1_497' title='bbox 429 3285 644 3324; x_wconf 87' lang='lat' dir='ltr'>Narcissum,</span> <span class='ocrx_word' id='word_1_498' title='bbox 662 3284 948 3327; x_wconf 87' lang='lat' dir='ltr'>opulentissimos</span> <span class='ocrx_word' id='word_1_499' title='bbox 962 3288 1076 3319; x_wconf 87' lang='lat' dir='ltr'>vocat.</span> 
     </span>
     <span class='ocr_line' id='line_1_50' title="bbox 214 3333 1081 3375; baseline 0.003 -9"><span class='ocrx_word' id='word_1_500' title='bbox 214 3350 251 3356; x_wconf 89' lang='lat'>—</span> <span class='ocrx_word' id='word_1_501' title='bbox 267 3333 440 3375; x_wconf 72' lang='lat' dir='ltr'>Appianae</span> <span class='ocrx_word' id='word_1_502' title='bbox 461 3335 571 3368; x_wconf 85' lang='lat' dir='ltr'>caedis</span> <span class='ocrx_word' id='word_1_503' title='bbox 585 3334 669 3375; x_wconf 87' lang='lat' dir='ltr'>cet.]</span> <span class='ocrx_word' id='word_1_504' title='bbox 693 3334 744 3367; x_wconf 89' lang='lat' dir='ltr'>Cf.</span> <span class='ocrx_word' id='word_1_505' title='bbox 761 3334 826 3367; x_wconf 91' lang='lat' dir='ltr'>Dio</span> <span class='ocrx_word' id='word_1_506' title='bbox 843 3334 897 3375; x_wconf 82' lang='lat'>60,</span> <span class='ocrx_word' id='word_1_507' title='bbox 916 3333 970 3368; x_wconf 87' lang='grc'>44.</span> <span class='ocrx_word' id='word_1_508' title='bbox 995 3336 1081 3369; x_wconf 88' lang='lat' dir='ltr'>Sue-</span> 
     </span>
     <span class='ocr_line' id='line_1_51' title="bbox 212 3381 1080 3426; baseline 0.005 -12"><span class='ocrx_word' id='word_1_509' title='bbox 212 3381 285 3414; x_wconf 83' lang='lat' dir='ltr'>ton.</span> <span class='ocrx_word' id='word_1_510' title='bbox 310 3381 431 3417; x_wconf 89' lang='lat' dir='ltr'>Claud.</span> <span class='ocrx_word' id='word_1_511' title='bbox 450 3383 512 3417; x_wconf 85' lang='lat'>37:</span> <span class='ocrx_word' id='word_1_512' title='bbox 535 3384 616 3418; x_wconf 85' lang='lat' dir='ltr'>Pari</span> <span class='ocrx_word' id='word_1_513' title='bbox 636 3383 734 3417; x_wconf 87' lang='lat' dir='ltr'>modo</span> <span class='ocrx_word' id='word_1_514' title='bbox 757 3392 948 3425; x_wconf 83' lang='lat' dir='ltr'>oppressum</span> <span class='ocrx_word' id='word_1_515' title='bbox 969 3385 1080 3426; x_wconf 72' lang='lat' dir='ltr'>sarmit</span> 
     </span>
     <span class='ocr_line' id='line_1_52' title="bbox 211 3429 1082 3475; baseline 0.009 -11"><span class='ocrx_word' id='word_1_516' title='bbox 211 3429 356 3472; x_wconf 65' lang='lat' dir='ltr'>App-’m</span> <span class='ocrx_word' id='word_1_517' title='bbox 388 3432 559 3475; x_wconf 67' lang='lat' dir='ltr'>Silanun,</span> <span class='ocrx_word' id='word_1_518' title='bbox 601 3441 698 3475; x_wconf 75' lang='lat' dir='ltr'>quem</span> <span class='ocrx_word' id='word_1_519' title='bbox 729 3441 806 3470; x_wconf 82' lang='lat' dir='ltr'>oum</span> <span class='ocrx_word' id='word_1_520' title='bbox 837 3434 1018 3471; x_wconf 72' lang='lat' dir='ltr'>umattm</span> <span class='ocrx_word' id='word_1_521' title='bbox 1049 3437 1082 3472; x_wconf 76' lang='lat' dir='ltr'>et</span> 
     </span>
    </p>
   </div>
   <div class='ocr_carea' id='block_1_7' title="bbox 1120 2438 2000 3480">
    <p class='ocr_par' dir='ltr' id='par_1_9' title="bbox 1120 2438 2000 3480">
     <span class='ocr_line' id='line_1_53' title="bbox 1122 2438 1997 2481; baseline -0.001 -9"><span class='ocrx_word' id='word_1_522' title='bbox 1122 2439 1301 2473; x_wconf 85' lang='lat' dir='ltr'>Narcissus</span> <span class='ocrx_word' id='word_1_523' title='bbox 1313 2440 1560 2481; x_wconf 77' lang='lat' dir='ltr'>conspirassent</span> <span class='ocrx_word' id='word_1_524' title='bbox 1583 2439 1740 2480; x_wconf 82' lang='lat' dir='ltr'>perdere,</span> <span class='ocrx_word' id='word_1_525' title='bbox 1772 2438 1885 2471; x_wconf 84' lang='lat' dir='ltr'>divisis</span> <span class='ocrx_word' id='word_1_526' title='bbox 1908 2446 1997 2479; x_wconf 87' lang='lat' dir='ltr'>par-</span> 
     </span>
     <span class='ocr_line' id='line_1_54' title="bbox 1124 2488 1997 2530; baseline -0.001 -8"><span class='ocrx_word' id='word_1_527' title='bbox 1124 2489 1229 2530; x_wconf 83' lang='lat' dir='ltr'>tibus,</span> <span class='ocrx_word' id='word_1_528' title='bbox 1254 2490 1340 2523; x_wconf 85' lang='lat' dir='ltr'>alter</span> <span class='ocrx_word' id='word_1_529' title='bbox 1361 2493 1440 2523; x_wconf 79' lang='lat' dir='ltr'>ante</span> <span class='ocrx_word' id='word_1_530' title='bbox 1459 2489 1565 2523; x_wconf 87' lang='lat' dir='ltr'>lucem</span> <span class='ocrx_word' id='word_1_531' title='bbox 1578 2489 1695 2522; x_wconf 85' lang='lat' dir='ltr'>similis</span> <span class='ocrx_word' id='word_1_532' title='bbox 1707 2489 1847 2522; x_wconf 77' lang='lat' dir='ltr'>attonito</span> <span class='ocrx_word' id='word_1_533' title='bbox 1859 2488 1997 2530; x_wconf 79' lang='lat' dir='ltr'>patroni</span> 
     </span>
     <span class='ocr_line' id='line_1_55' title="bbox 1123 2538 1998 2582; baseline -0.002 -10"><span class='ocrx_word' id='word_1_534' title='bbox 1123 2539 1310 2573; x_wconf 84' lang='lat' dir='ltr'>cubiculum</span> <span class='ocrx_word' id='word_1_535' title='bbox 1330 2540 1460 2580; x_wconf 79' lang='lat' dir='ltr'>irrupit</span> <span class='ocrx_word' id='word_1_536' title='bbox 1480 2539 1657 2582; x_wconf 69' lang='lat' dir='ltr'>ammaus</span> <span class='ocrx_word' id='word_1_537' title='bbox 1678 2540 1858 2572; x_wconf 81' lang='lat' dir='ltr'>somniasse</span> <span class='ocrx_word' id='word_1_538' title='bbox 1878 2547 1912 2572; x_wconf 86' lang='lat' dir='ltr'>se</span> <span class='ocrx_word' id='word_1_539' title='bbox 1928 2538 1998 2570; x_wconf 86' lang='lat' dir='ltr'>vim</span> 
     </span>
     <span class='ocr_line' id='line_1_56' title="bbox 1124 2589 1998 2631; baseline -0.001 -9"><span class='ocrx_word' id='word_1_540' title='bbox 1124 2590 1154 2622; x_wconf 91' lang='lat' dir='ltr'>ei</span> <span class='ocrx_word' id='word_1_541' title='bbox 1176 2589 1219 2622; x_wconf 89' lang='lat' dir='ltr'>ab</span> <span class='ocrx_word' id='word_1_542' title='bbox 1239 2589 1347 2631; x_wconf 81' lang='lat' dir='ltr'>Appio</span> <span class='ocrx_word' id='word_1_543' title='bbox 1368 2589 1520 2622; x_wconf 87' lang='lat' dir='ltr'>illatam:</span> <span class='ocrx_word' id='word_1_544' title='bbox 1553 2589 1663 2623; x_wconf 84' lang='lat' dir='ltr'>altera</span> <span class='ocrx_word' id='word_1_545' title='bbox 1683 2590 1719 2622; x_wconf 81' lang='lat' dir='ltr'>iu</span> <span class='ocrx_word' id='word_1_546' title='bbox 1741 2589 1998 2622; x_wconf 76' lang='lat' dir='ltr'>admirationem</span> 
     </span>
     <span class='ocr_line' id='line_1_57' title="bbox 1122 2639 1998 2681; baseline -0.001 -9"><span class='ocrx_word' id='word_1_547' title='bbox 1122 2639 1271 2679; x_wconf 83' lang='lat' dir='ltr'>formata</span> <span class='ocrx_word' id='word_1_548' title='bbox 1299 2639 1361 2673; x_wconf 85' lang='lat' dir='ltr'>sibi</span> <span class='ocrx_word' id='word_1_549' title='bbox 1390 2648 1521 2681; x_wconf 80' lang='lat' dir='ltr'>quoque</span> <span class='ocrx_word' id='word_1_550' title='bbox 1549 2640 1689 2673; x_wconf 79' lang='lat' dir='ltr'>eandem</span> <span class='ocrx_word' id='word_1_551' title='bbox 1711 2640 1849 2681; x_wconf 76' lang='lat' dir='ltr'>speciem</span> <span class='ocrx_word' id='word_1_552' title='bbox 1870 2639 1998 2680; x_wconf 82' lang='lat' dir='ltr'>aliquot</span> 
     </span>
     <span class='ocr_line' id='line_1_58' title="bbox 1124 2689 1998 2724; baseline 0 -2"><span class='ocrx_word' id='word_1_553' title='bbox 1124 2690 1195 2722; x_wconf 89' lang='lat' dir='ltr'>iam</span> <span class='ocrx_word' id='word_1_554' title='bbox 1226 2690 1377 2724; x_wconf 76' lang='lat' dir='ltr'>noctibus</span> <span class='ocrx_word' id='word_1_555' title='bbox 1410 2689 1581 2723; x_wconf 76' lang='lat' dir='ltr'>obversari</span> <span class='ocrx_word' id='word_1_556' title='bbox 1612 2690 1750 2722; x_wconf 86' lang='lat' dir='ltr'>rettulit.</span> <span class='ocrx_word' id='word_1_557' title='bbox 1796 2690 1864 2723; x_wconf 88' lang='lat' dir='ltr'>Nec</span> <span class='ocrx_word' id='word_1_558' title='bbox 1893 2689 1998 2722; x_wconf 85' lang='lat' dir='ltr'>multo</span> 
     </span>
     <span class='ocr_line' id='line_1_59' title="bbox 1120 2739 1997 2781; baseline -0.001 -8"><span class='ocrx_word' id='word_1_559' title='bbox 1120 2743 1196 2780; x_wconf 79' lang='lat' dir='ltr'>post</span> <span class='ocrx_word' id='word_1_560' title='bbox 1216 2748 1262 2773; x_wconf 78' lang='lat' dir='ltr'>ea:</span> <span class='ocrx_word' id='word_1_561' title='bbox 1275 2740 1455 2781; x_wconf 86' lang='lat' dir='ltr'>composito</span> <span class='ocrx_word' id='word_1_562' title='bbox 1473 2741 1661 2781; x_wconf 70' lang='lat' dir='ltr'>irrumpere</span> <span class='ocrx_word' id='word_1_563' title='bbox 1674 2739 1800 2781; x_wconf 82' lang='lat' dir='ltr'>Appius</span> <span class='ocrx_word' id='word_1_564' title='bbox 1812 2740 1997 2779; x_wconf 79' lang='lat' dir='ltr'>nuntiatus,</span> 
     </span>
     <span class='ocr_line' id='line_1_60' title="bbox 1123 2789 1999 2832; baseline 0 -10"><span class='ocrx_word' id='word_1_565' title='bbox 1123 2789 1179 2822; x_wconf 88' lang='lat' dir='ltr'>cui</span> <span class='ocrx_word' id='word_1_566' title='bbox 1204 2790 1315 2832; x_wconf 81' lang='lat' dir='ltr'>pridie</span> <span class='ocrx_word' id='word_1_567' title='bbox 1344 2791 1390 2822; x_wconf 87' lang='lat' dir='ltr'>ad</span> <span class='ocrx_word' id='word_1_568' title='bbox 1424 2790 1459 2822; x_wconf 89' lang='lat' dir='ltr'>id</span> <span class='ocrx_word' id='word_1_569' title='bbox 1480 2790 1638 2830; x_wconf 79' lang='lat' dir='ltr'>temporis</span> <span class='ocrx_word' id='word_1_570' title='bbox 1657 2793 1695 2822; x_wconf 89' lang='lat' dir='ltr'>ut</span> <span class='ocrx_word' id='word_1_571' title='bbox 1716 2790 1842 2822; x_wconf 85' lang='lat' dir='ltr'>adesset</span> <span class='ocrx_word' id='word_1_572' title='bbox 1859 2797 1999 2830; x_wconf 86' lang='lat' dir='ltr'>praece-</span> 
     </span>
     <span class='ocr_line' id='line_1_61' title="bbox 1122 2839 2000 2882; baseline 0 -10"><span class='ocrx_word' id='word_1_573' title='bbox 1122 2842 1218 2881; x_wconf 85' lang='lat' dir='ltr'>ptum</span> <span class='ocrx_word' id='word_1_574' title='bbox 1233 2843 1319 2880; x_wconf 85' lang='lat' dir='ltr'>erat,</span> <span class='ocrx_word' id='word_1_575' title='bbox 1338 2840 1436 2882; x_wconf 85' lang='lat' dir='ltr'>quasi</span> <span class='ocrx_word' id='word_1_576' title='bbox 1448 2839 1550 2881; x_wconf 71' lang='lat' dir='ltr'>plane</span> <span class='ocrx_word' id='word_1_577' title='bbox 1563 2843 1873 2881; x_wconf 77' lang='lat' dir='ltr'>repraesentaretur</span> <span class='ocrx_word' id='word_1_578' title='bbox 1881 2839 2000 2873; x_wconf 80' lang='lat' dir='ltr'>somnii</span> 
     </span>
     <span class='ocr_line' id='line_1_62' title="bbox 1123 2890 1994 2932; baseline 0 -10"><span class='ocrx_word' id='word_1_579' title='bbox 1123 2890 1221 2932; x_wconf 74' lang='lat' dir='ltr'>fides,</span> <span class='ocrx_word' id='word_1_580' title='bbox 1257 2890 1380 2922; x_wconf 86' lang='lat' dir='ltr'>arcessi</span> <span class='ocrx_word' id='word_1_581' title='bbox 1408 2890 1522 2922; x_wconf 86' lang='lat' dir='ltr'>statim</span> <span class='ocrx_word' id='word_1_582' title='bbox 1552 2898 1594 2922; x_wconf 88' lang='lat' dir='ltr'>ac</span> <span class='ocrx_word' id='word_1_583' title='bbox 1619 2890 1708 2923; x_wconf 88' lang='lat' dir='ltr'>mori</span> <span class='ocrx_word' id='word_1_584' title='bbox 1736 2890 1843 2923; x_wconf 86' lang='lat' dir='ltr'>iussus</span> <span class='ocrx_word' id='word_1_585' title='bbox 1873 2892 1929 2922; x_wconf 92' lang='lat' dir='ltr'>est.</span> <span class='ocrx_word' id='word_1_586' title='bbox 1958 2905 1994 2913; x_wconf 90' lang='lat'>-</span> 
     </span>
     <span class='ocr_line' id='line_1_63' title="bbox 1124 2939 1994 2982; baseline -0.001 -10"><span class='ocrx_word' id='word_1_587' title='bbox 1124 2939 1388 2982; x_wconf 65' lang='lat' dir='ltr'>flagrantissima</span> <span class='ocrx_word' id='word_1_588' title='bbox 1402 2957 1452 2964; x_wconf 94' lang='lat'>--</span> <span class='ocrx_word' id='word_1_589' title='bbox 1464 2940 1590 2982; x_wconf 68' lang='lat' dir='ltr'>aratia]</span> <span class='ocrx_word' id='word_1_590' title='bbox 1616 2939 1667 2973; x_wconf 87' lang='lat' dir='ltr'>Cf.</span> <span class='ocrx_word' id='word_1_591' title='bbox 1685 2940 1739 2981; x_wconf 89' lang='grc'>43,</span> <span class='ocrx_word' id='word_1_592' title='bbox 1758 2939 1819 2974; x_wconf 66' lang='grc'><strong>443</strong></span> <span class='ocrx_word' id='word_1_593' title='bbox 1842 2941 1994 2982; x_wconf 65' lang='lat' dir='ltr'>flagran-</span> 
     </span>
     <span class='ocr_line' id='line_1_64' title="bbox 1126 2988 1995 3031; baseline 0 -10"><span class='ocrx_word' id='word_1_594' title='bbox 1126 2989 1269 3022; x_wconf 84' lang='lat' dir='ltr'>tissimus</span> <span class='ocrx_word' id='word_1_595' title='bbox 1297 2989 1333 3022; x_wconf 78' lang='lat' dir='ltr'>in</span> <span class='ocrx_word' id='word_1_596' title='bbox 1363 2990 1515 3022; x_wconf 83' lang='lat' dir='ltr'>amicitia</span> <span class='ocrx_word' id='word_1_597' title='bbox 1536 2990 1616 3022; x_wconf 85' lang='lat' dir='ltr'>eius.</span> <span class='ocrx_word' id='word_1_598' title='bbox 1645 3008 1681 3014; x_wconf 97' lang='lat'><strong>—</strong></span> <span class='ocrx_word' id='word_1_599' title='bbox 1706 2989 1833 3031; x_wconf 82' lang='lat' dir='ltr'>Pallas]</span> <span class='ocrx_word' id='word_1_600' title='bbox 1866 2988 1916 3022; x_wconf 86' lang='lat' dir='ltr'>Cf.</span> <span class='ocrx_word' id='word_1_601' title='bbox 1942 2989 1995 3029; x_wconf 89' lang='grc'><strong>42,</strong></span> 
     </span>
     <span class='ocr_line' id='line_1_65' title="bbox 1127 3038 1998 3081; baseline 0 -10"><span class='ocrx_word' id='word_1_602' title='bbox 1127 3039 1181 3071; x_wconf 82' lang='lat'>53.</span> <span class='ocrx_word' id='word_1_603' title='bbox 1201 3056 1238 3062; x_wconf 96' lang='lat'>—</span> <span class='ocrx_word' id='word_1_604' title='bbox 1258 3039 1404 3080; x_wconf 85' lang='lat' dir='ltr'>perstitit</span> <span class='ocrx_word' id='word_1_605' title='bbox 1418 3056 1437 3063; x_wconf 92' lang='lat'><em>-</em></span> <span class='ocrx_word' id='word_1_606' title='bbox 1449 3056 1468 3064; x_wconf 92' lang='lat'><em>-</em></span> <span class='ocrx_word' id='word_1_607' title='bbox 1483 3038 1674 3080; x_wconf 73' lang='lat' dir='ltr'>immutans]</span> <span class='ocrx_word' id='word_1_608' title='bbox 1698 3040 1718 3072; x_wconf 86' lang='lat' dir='ltr'>i</span> <span class='ocrx_word' id='word_1_609' title='bbox 1740 3048 1771 3072; x_wconf 91' lang='lat' dir='ltr'>e.</span> <span class='ocrx_word' id='word_1_610' title='bbox 1792 3039 1950 3081; x_wconf 76' lang='lat' dir='ltr'>perstitit</span> <span class='ocrx_word' id='word_1_611' title='bbox 1963 3038 1998 3072; x_wconf 90' lang='lat' dir='ltr'>in</span> 
     </span>
     <span class='ocr_line' id='line_1_66' title="bbox 1128 3087 1998 3131; baseline -0.001 -10"><span class='ocrx_word' id='word_1_612' title='bbox 1128 3087 1273 3121; x_wconf 90' lang='lat' dir='ltr'>consilio</span> <span class='ocrx_word' id='word_1_613' title='bbox 1298 3088 1522 3123; x_wconf 84' lang='lat' dir='ltr'>Messalinam</span> <span class='ocrx_word' id='word_1_614' title='bbox 1545 3097 1565 3123; x_wconf 85' lang='lat' dir='ltr'>a</span> <span class='ocrx_word' id='word_1_615' title='bbox 1588 3088 1669 3122; x_wconf 87' lang='lat' dir='ltr'>Silio</span> <span class='ocrx_word' id='word_1_616' title='bbox 1702 3087 1920 3131; x_wconf 88' lang='lat' dir='ltr'>depellendi,</span> <span class='ocrx_word' id='word_1_617' title='bbox 1951 3087 1998 3120; x_wconf 88' lang='lat' dir='ltr'>ita</span> 
     </span>
     <span class='ocr_line' id='line_1_67' title="bbox 1128 3138 1974 3179; baseline -0.001 -8"><span class='ocrx_word' id='word_1_618' title='bbox 1128 3139 1282 3179; x_wconf 83' lang='lat' dir='ltr'>mutato,</span> <span class='ocrx_word' id='word_1_619' title='bbox 1306 3139 1346 3172; x_wconf 91' lang='lat' dir='ltr'>ut</span> <span class='ocrx_word' id='word_1_620' title='bbox 1367 3147 1389 3172; x_wconf 89' lang='lat' dir='ltr'>a</span> <span class='ocrx_word' id='word_1_621' title='bbox 1412 3138 1516 3172; x_wconf 89' lang='lat' dir='ltr'>minis</span> <span class='ocrx_word' id='word_1_622' title='bbox 1533 3138 1710 3173; x_wconf 87' lang='lat' dir='ltr'>abstinere</span> <span class='ocrx_word' id='word_1_623' title='bbox 1735 3138 1974 3171; x_wconf 85' lang='lat' dir='ltr'>constitueret.</span> 
     </span>
     <span class='ocr_line' id='line_1_68' title="bbox 1171 3187 1997 3230; baseline -0.001 -9"><span class='ocrx_word' id='word_1_624' title='bbox 1171 3187 1226 3221; x_wconf 88' lang='grc'><strong>30.</strong></span> <span class='ocrx_word' id='word_1_625' title='bbox 1249 3188 1337 3222; x_wconf 79' lang='lat' dir='ltr'>idem</span> <span class='ocrx_word' id='word_1_626' title='bbox 1358 3189 1546 3230; x_wconf 78' lang='lat' dir='ltr'>opperiens]</span> <span class='ocrx_word' id='word_1_627' title='bbox 1579 3188 1654 3222; x_wconf 85' lang='lat' dir='ltr'>scil.</span> <span class='ocrx_word' id='word_1_628' title='bbox 1687 3190 1727 3221; x_wconf 91' lang='lat' dir='ltr'>ut</span> <span class='ocrx_word' id='word_1_629' title='bbox 1754 3188 1821 3221; x_wconf 88' lang='lat' dir='ltr'>sibi</span> <span class='ocrx_word' id='word_1_630' title='bbox 1853 3196 1997 3229; x_wconf 88' lang='lat' dir='ltr'>quoque</span> 
     </span>
     <span class='ocr_line' id='line_1_69' title="bbox 1129 3237 1992 3272; baseline 0 -2"><span class='ocrx_word' id='word_1_631' title='bbox 1129 3237 1274 3270; x_wconf 86' lang='lat' dir='ltr'>daretur</span> <span class='ocrx_word' id='word_1_632' title='bbox 1295 3240 1475 3272; x_wconf 89' lang='lat' dir='ltr'>secretum</span> <span class='ocrx_word' id='word_1_633' title='bbox 1492 3239 1528 3271; x_wconf 88' lang='lat' dir='ltr'>et</span> <span class='ocrx_word' id='word_1_634' title='bbox 1542 3239 1682 3271; x_wconf 88' lang='lat' dir='ltr'>occasio</span> <span class='ocrx_word' id='word_1_635' title='bbox 1699 3237 1815 3270; x_wconf 91' lang='lat' dir='ltr'>indicii</span> <span class='ocrx_word' id='word_1_636' title='bbox 1830 3237 1992 3271; x_wconf 85' lang='lat' dir='ltr'>faciendi.</span> 
     </span>
     <span class='ocr_line' id='line_1_70' title="bbox 1132 3286 1998 3329; baseline -0.001 -8"><span class='ocrx_word' id='word_1_637' title='bbox 1132 3305 1168 3311; x_wconf 89' lang='lat'>—</span> <span class='ocrx_word' id='word_1_638' title='bbox 1187 3288 1305 3329; x_wconf 85' lang='lat' dir='ltr'>Titios,</span> <span class='ocrx_word' id='word_1_639' title='bbox 1333 3289 1468 3329; x_wconf 83' lang='lat' dir='ltr'>Vettios,</span> <span class='ocrx_word' id='word_1_640' title='bbox 1492 3288 1648 3327; x_wconf 82' lang='lat' dir='ltr'>Plautios]</span> <span class='ocrx_word' id='word_1_641' title='bbox 1672 3288 1723 3320; x_wconf 90' lang='lat' dir='ltr'>De</span> <span class='ocrx_word' id='word_1_642' title='bbox 1739 3288 1826 3320; x_wconf 83' lang='lat' dir='ltr'>Titio</span> <span class='ocrx_word' id='word_1_643' title='bbox 1850 3286 1998 3323; x_wconf 85' lang='lat' dir='ltr'>Proculo</span> 
     </span>
     <span class='ocr_line' id='line_1_71' title="bbox 1130 3335 1997 3378; baseline 0 -8"><span class='ocrx_word' id='word_1_644' title='bbox 1130 3335 1174 3371; x_wconf 87' lang='lat' dir='ltr'>cf.</span> <span class='ocrx_word' id='word_1_645' title='bbox 1200 3346 1231 3370; x_wconf 93' lang='lat' dir='ltr'>c.</span> <span class='ocrx_word' id='word_1_646' title='bbox 1257 3337 1319 3378; x_wconf 77' lang='lat'>35,</span> <span class='ocrx_word' id='word_1_647' title='bbox 1350 3337 1395 3371; x_wconf 91' lang='lat' dir='ltr'>de</span> <span class='ocrx_word' id='word_1_648' title='bbox 1425 3338 1540 3370; x_wconf 86' lang='lat' dir='ltr'>Vettio</span> <span class='ocrx_word' id='word_1_649' title='bbox 1570 3335 1717 3370; x_wconf 85' lang='lat' dir='ltr'>Valente</span> <span class='ocrx_word' id='word_1_650' title='bbox 1748 3345 1780 3370; x_wconf 91' lang='lat' dir='ltr'>c.</span> <span class='ocrx_word' id='word_1_651' title='bbox 1806 3336 1842 3370; x_wconf 84' lang='grc'><strong>34</strong></span> <span class='ocrx_word' id='word_1_652' title='bbox 1876 3338 1914 3370; x_wconf 88' lang='lat' dir='ltr'>et</span> <span class='ocrx_word' id='word_1_653' title='bbox 1941 3337 1997 3377; x_wconf 82' lang='lat'>35,</span> 
     </span>
     <span class='ocr_line' id='line_1_72' title="bbox 1130 3385 1997 3428; baseline 0.001 -9"><span class='ocrx_word' id='word_1_654' title='bbox 1130 3385 1175 3419; x_wconf 85' lang='lat' dir='ltr'>de</span> <span class='ocrx_word' id='word_1_655' title='bbox 1198 3385 1332 3421; x_wconf 88' lang='lat' dir='ltr'>Plautio</span> <span class='ocrx_word' id='word_1_656' title='bbox 1355 3387 1526 3420; x_wconf 83' lang='lat' dir='ltr'>Laterano</span> <span class='ocrx_word' id='word_1_657' title='bbox 1550 3394 1581 3419; x_wconf 92' lang='lat' dir='ltr'>c.</span> <span class='ocrx_word' id='word_1_658' title='bbox 1607 3385 1650 3418; x_wconf 81' lang='lat'>36</span> <span class='ocrx_word' id='word_1_659' title='bbox 1673 3386 1710 3418; x_wconf 90' lang='lat' dir='ltr'>et</span> <span class='ocrx_word' id='word_1_660' title='bbox 1731 3385 1786 3427; x_wconf 89' lang='grc'><strong>43,</strong></span> <span class='ocrx_word' id='word_1_661' title='bbox 1810 3385 1866 3420; x_wconf 91' lang='grc'>44.</span> <span class='ocrx_word' id='word_1_662' title='bbox 1884 3403 1921 3410; x_wconf 91' lang='grc'><strong>-</strong></span> <span class='ocrx_word' id='word_1_663' title='bbox 1945 3386 1997 3428; x_wconf 79' lang='lat' dir='ltr'>ue]</span> 
     </span>
     <span class='ocr_line' id='line_1_73' title="bbox 1129 3433 1999 3480; baseline 0.001 -10"><span class='ocrx_word' id='word_1_664' title='bbox 1129 3434 1154 3471; x_wconf 85' lang='lat' dir='ltr'>i.</span> <span class='ocrx_word' id='word_1_665' title='bbox 1178 3443 1214 3479; x_wconf 88' lang='lat' dir='ltr'>q.</span> <span class='ocrx_word' id='word_1_666' title='bbox 1237 3435 1384 3472; x_wconf 79' lang='lat' dir='ltr'>nedum.</span> <span class='ocrx_word' id='word_1_667' title='bbox 1415 3434 1554 3471; x_wconf 80' lang='lat' dir='ltr'>Sallust.</span> <span class='ocrx_word' id='word_1_668' title='bbox 1580 3433 1682 3471; x_wconf 79' lang='lat' dir='ltr'>Catil.</span> <span class='ocrx_word' id='word_1_669' title='bbox 1707 3435 1764 3469; x_wconf 79' lang='grc'><strong>44;</strong></span> <span class='ocrx_word' id='word_1_670' title='bbox 1795 3435 1924 3480; x_wconf 75' lang='lat' dir='ltr'>Quippe</span> <span class='ocrx_word' id='word_1_671' title='bbox 1944 3444 1999 3471; x_wconf 79' lang='lat' dir='ltr'>se-</span> 
     </span>
    </p>
   </div>
  </div>
 </body>
</html>
