<?xml version="1.0" encoding="UTF-8"?>
<!DOCTYPE html PUBLIC "-//W3C//DTD XHTML 1.0 Transitional//EN"
    "http://www.w3.org/TR/xhtml1/DTD/xhtml1-transitional.dtd">
<html xmlns="http://www.w3.org/1999/xhtml" xml:lang="en" lang="en">
 <head>
  <title>
</title>
<meta http-equiv="Content-Type" content="text/html;charset=utf-8" />
  <meta name='ocr-system' content='tesseract 3.04.00' />
  <meta name='ocr-capabilities' content='ocr_page ocr_carea ocr_par ocr_line ocrx_word'/>
</head>
<body>
  <div class='ocr_page' id='page_1' title='image "./pcorneliitacitio01taciuoft_0354.png"; bbox 0 0 2254 3770; ppageno 0'>
   <div class='ocr_carea' id='block_1_1' title="bbox 297 279 1588 332">
    <p class='ocr_par' dir='ltr' id='par_1_1' title="bbox 297 279 1588 332">
     <span class='ocr_line' id='line_1_1' title="bbox 297 279 1588 332; baseline 0.003 -8"><span class='ocrx_word' id='word_1_1' title='bbox 297 279 380 328; x_wconf 74' lang='lat'>3⁴6</span> <span class='ocrx_word' id='word_1_2' title='bbox 768 282 814 326; x_wconf 88' lang='grc' dir='ltr'>Ρ.</span> <span class='ocrx_word' id='word_1_3' title='bbox 845 280 1095 327; x_wconf 87' lang='lat' dir='ltr'>CORNELII</span> <span class='ocrx_word' id='word_1_4' title='bbox 1116 281 1293 327; x_wconf 66' lang='lat' dir='ltr'>‚TACITI</span> <span class='ocrx_word' id='word_1_5' title='bbox 1321 280 1588 332; x_wconf 81' lang='lat' dir='ltr'>ANNALIUM</span> 
     </span>
    </p>
   </div>
   <div class='ocr_carea' id='block_1_2' title="bbox 296 386 2076 674">
    <p class='ocr_par' dir='ltr' id='par_1_2' title="bbox 296 386 2076 674">
     <span class='ocr_line' id='line_1_2' title="bbox 296 386 2065 442; baseline 0.003 -10"><span class='ocrx_word' id='word_1_6' title='bbox 296 387 343 432; x_wconf 90' lang='lat' dir='ltr'>P.</span> <span class='ocrx_word' id='word_1_7' title='bbox 373 386 546 433; x_wconf 89' lang='lat' dir='ltr'>Clodius</span> <span class='ocrx_word' id='word_1_8' title='bbox 582 395 656 433; x_wconf 85' lang='lat' dir='ltr'>aut</span> <span class='ocrx_word' id='word_1_9' title='bbox 691 388 735 433; x_wconf 88' lang='lat' dir='ltr'>C.</span> <span class='ocrx_word' id='word_1_10' title='bbox 771 387 899 433; x_wconf 90' lang='lat' dir='ltr'>Curio</span> <span class='ocrx_word' id='word_1_11' title='bbox 937 389 1170 433; x_wconf 89' lang='lat' dir='ltr'>contionari</span> <span class='ocrx_word' id='word_1_12' title='bbox 1205 387 1317 432; x_wconf 91' lang='lat' dir='ltr'>soliti</span> <span class='ocrx_word' id='word_1_13' title='bbox 1354 389 1448 434; x_wconf 83' lang='lat' dir='ltr'>sint.</span> <span class='ocrx_word' id='word_1_14' title='bbox 1496 403 1562 442; x_wconf 90' lang='lat' dir='ltr'>se,</span> <span class='ocrx_word' id='word_1_15' title='bbox 1601 388 1795 436; x_wconf 91' lang='lat' dir='ltr'>modicos</span> <span class='ocrx_word' id='word_1_16' title='bbox 1833 393 2065 441; x_wconf 79' lang='lat' dir='ltr'>senatores,</span> 
     </span>
     <span class='ocr_line' id='line_1_3' title="bbox 299 462 2075 523; baseline 0.004 -17"><span class='ocrx_word' id='word_1_17' title='bbox 299 462 444 521; x_wconf 88' lang='lat' dir='ltr'>quieta</span> <span class='ocrx_word' id='word_1_18' title='bbox 472 477 519 508; x_wconf 91' lang='lat' dir='ltr'>re</span> <span class='ocrx_word' id='word_1_19' title='bbox 549 464 729 522; x_wconf 89' lang='lat' dir='ltr'>publica,</span> <span class='ocrx_word' id='word_1_20' title='bbox 760 463 874 508; x_wconf 90' lang='lat' dir='ltr'>nulla</span> <span class='ocrx_word' id='word_1_21' title='bbox 902 464 981 508; x_wconf 92' lang='lat' dir='ltr'>nisi</span> <span class='ocrx_word' id='word_1_22' title='bbox 1011 464 1130 522; x_wconf 87' lang='lat' dir='ltr'>pacis</span> <span class='ocrx_word' id='word_1_23' title='bbox 1150 463 1435 509; x_wconf 89' lang='lat' dir='ltr'>emolumenta</span> <span class='ocrx_word' id='word_1_24' title='bbox 1462 470 1624 523; x_wconf 90' lang='lat' dir='ltr'>petere.</span> <span class='ocrx_word' id='word_1_25' title='bbox 1654 465 1859 523; x_wconf 82' lang='lat' dir='ltr'>cogitaret</span> <span class='ocrx_word' id='word_1_26' title='bbox 1886 464 2075 523; x_wconf 78' lang='lat' dir='ltr'>plebem,</span> 
     </span>
     <span class='ocr_line' id='line_1_4' title="bbox 300 539 2074 598; baseline 0.001 -16"><span class='ocrx_word' id='word_1_27' title='bbox 300 551 411 596; x_wconf 86' lang='lat' dir='ltr'>quae</span> <span class='ocrx_word' id='word_1_28' title='bbox 443 545 538 596; x_wconf 83' lang='lat' dir='ltr'>toga</span> <span class='ocrx_word' id='word_1_29' title='bbox 568 539 834 584; x_wconf 83' lang='lat' dir='ltr'>enitesceret.</span> <span class='ocrx_word' id='word_1_30' title='bbox 880 539 1055 584; x_wconf 89' lang='lat' dir='ltr'>sublatis</span> <span class='ocrx_word' id='word_1_31' title='bbox 1091 539 1328 583; x_wconf 89' lang='lat' dir='ltr'>studiorum</span> <span class='ocrx_word' id='word_1_32' title='bbox 1363 541 1511 598; x_wconf 88' lang='lat' dir='ltr'>pretiis</span> <span class='ocrx_word' id='word_1_33' title='bbox 1541 540 1666 585; x_wconf 91' lang='lat' dir='ltr'>etiam</span> <span class='ocrx_word' id='word_1_34' title='bbox 1696 540 1837 585; x_wconf 91' lang='lat' dir='ltr'>studia</span> <span class='ocrx_word' id='word_1_35' title='bbox 1871 539 2074 598; x_wconf 88' lang='lat' dir='ltr'>peritura.</span> 
     </span>
     <span class='ocr_line' id='line_1_5' title="bbox 299 613 2076 674; baseline 0.002 -17"><span class='ocrx_word' id='word_1_36' title='bbox 299 619 347 658; x_wconf 86' lang='lat' dir='ltr'>ut</span> <span class='ocrx_word' id='word_1_37' title='bbox 374 614 514 658; x_wconf 91' lang='lat' dir='ltr'>minus</span> <span class='ocrx_word' id='word_1_38' title='bbox 544 613 700 658; x_wconf 90' lang='lat' dir='ltr'>decora</span> <span class='ocrx_word' id='word_1_39' title='bbox 730 613 853 666; x_wconf 92' lang='lat' dir='ltr'>haec,</span> <span class='ocrx_word' id='word_1_40' title='bbox 894 614 952 659; x_wconf 88' lang='lat' dir='ltr'>ita</span> <span class='ocrx_word' id='word_1_41' title='bbox 989 614 1103 659; x_wconf 89' lang='lat' dir='ltr'>haud</span> <span class='ocrx_word' id='word_1_42' title='bbox 1135 615 1287 659; x_wconf 86' lang='lat' dir='ltr'>frustra</span> <span class='ocrx_word' id='word_1_43' title='bbox 1315 614 1428 660; x_wconf 85' lang='lat' dir='ltr'>dicta</span> <span class='ocrx_word' id='word_1_44' title='bbox 1455 615 1655 674; x_wconf 86' lang='lat' dir='ltr'>princeps</span> <span class='ocrx_word' id='word_1_45' title='bbox 1676 622 1817 668; x_wconf 86' lang='lat' dir='ltr'>ratus,</span> <span class='ocrx_word' id='word_1_46' title='bbox 1855 614 2076 674; x_wconf 82' lang='lat' dir='ltr'>capiendis</span> 
     </span>
    </p>
   </div>
   <div class='ocr_carea' id='block_1_3' title="bbox 267 689 2077 810">
    <p class='ocr_par' dir='ltr' id='par_1_3' title="bbox 267 689 2077 810">
     <span class='ocr_line' id='line_1_6' title="bbox 267 689 2077 750; baseline 0.001 -16"><span class='ocrx_word' id='word_1_47' title='bbox 267 689 494 748; x_wconf 67' lang='lat' dir='ltr'>apecuniis</span> <span class='ocrx_word' id='word_1_48' title='bbox 530 689 706 733; x_wconf 91' lang='lat' dir='ltr'>modum</span> <span class='ocrx_word' id='word_1_49' title='bbox 739 689 833 748; x_wconf 83' lang='lat' dir='ltr'>fecit</span> <span class='ocrx_word' id='word_1_50' title='bbox 867 704 1006 749; x_wconf 89' lang='lat' dir='ltr'>usque</span> <span class='ocrx_word' id='word_1_51' title='bbox 1043 690 1098 734; x_wconf 92' lang='lat' dir='ltr'>ad</span> <span class='ocrx_word' id='word_1_52' title='bbox 1128 690 1240 735; x_wconf 89' lang='lat' dir='ltr'>dena</span> <span class='ocrx_word' id='word_1_53' title='bbox 1267 691 1481 744; x_wconf 88' lang='lat' dir='ltr'>sestertia,</span> <span class='ocrx_word' id='word_1_54' title='bbox 1522 705 1653 750; x_wconf 90' lang='lat' dir='ltr'>quem</span> <span class='ocrx_word' id='word_1_55' title='bbox 1681 691 1844 750; x_wconf 82' lang='lat' dir='ltr'>egressi</span> <span class='ocrx_word' id='word_1_56' title='bbox 1872 696 2077 750; x_wconf 87' lang='lat' dir='ltr'>repetun-</span> 
     </span>
     <span class='ocr_line' id='line_1_7' title="bbox 300 765 737 810; baseline 0 -1"><span class='ocrx_word' id='word_1_57' title='bbox 300 765 452 809; x_wconf 90' lang='lat' dir='ltr'>darum</span> <span class='ocrx_word' id='word_1_58' title='bbox 479 771 737 810; x_wconf 88' lang='lat' dir='ltr'>tenerentur.</span> 
     </span>
    </p>
   </div>
   <div class='ocr_carea' id='block_1_4' title="bbox 251 840 2085 1355">
    <p class='ocr_par' dir='ltr' id='par_1_4' title="bbox 298 840 2085 1053">
     <span class='ocr_line' id='line_1_8' title="bbox 413 840 2078 902; baseline 0.002 -19"><span class='ocrx_word' id='word_1_59' title='bbox 413 840 465 897; x_wconf 92' lang='lat'>(8)</span> <span class='ocrx_word' id='word_1_60' title='bbox 497 840 585 885; x_wconf 91' lang='lat' dir='ltr'>Sub</span> <span class='ocrx_word' id='word_1_61' title='bbox 615 841 729 886; x_wconf 90' lang='lat' dir='ltr'>idem</span> <span class='ocrx_word' id='word_1_62' title='bbox 757 847 925 900; x_wconf 91' lang='lat' dir='ltr'>tempus</span> <span class='ocrx_word' id='word_1_63' title='bbox 954 841 1223 894; x_wconf 84' lang='lat' dir='ltr'>Mithridates,</span> <span class='ocrx_word' id='word_1_64' title='bbox 1255 856 1385 901; x_wconf 88' lang='lat' dir='ltr'>quem</span> <span class='ocrx_word' id='word_1_65' title='bbox 1413 842 1680 902; x_wconf 85' lang='lat' dir='ltr'>imperitasse</span> <span class='ocrx_word' id='word_1_66' title='bbox 1705 841 1914 887; x_wconf 89' lang='lat' dir='ltr'>Armeniis</span> <span class='ocrx_word' id='word_1_67' title='bbox 1941 842 2078 887; x_wconf 81' lang='lat' dir='ltr'>iussu-</span> 
     </span>
     <span class='ocr_line' id='line_1_9' title="bbox 299 902 2085 976; baseline 0.001 -17"><span class='ocrx_word' id='word_1_68' title='bbox 299 928 375 974; x_wconf 82' lang='lat' dir='ltr'>que</span> <span class='ocrx_word' id='word_1_69' title='bbox 397 915 437 960; x_wconf 83' lang='lat' dir='ltr'>G.</span> <span class='ocrx_word' id='word_1_70' title='bbox 461 916 656 961; x_wconf 84' lang='lat' dir='ltr'>Caesaris</span> <span class='ocrx_word' id='word_1_71' title='bbox 675 917 860 962; x_wconf 87' lang='lat' dir='ltr'>vinctum</span> <span class='ocrx_word' id='word_1_72' title='bbox 889 918 1133 968; x_wconf 82' lang='lat' dir='ltr'>memoravi,</span> <span class='ocrx_word' id='word_1_73' title='bbox 1164 924 1362 962; x_wconf 88' lang='lat' dir='ltr'>monente</span> <span class='ocrx_word' id='word_1_74' title='bbox 1385 918 1626 963; x_wconf 90' lang='lat' dir='ltr'>Claudio-in</span> <span class='ocrx_word' id='word_1_75' title='bbox 1654 932 1833 976; x_wconf 82' lang='lat' dir='ltr'>regnum</span> <span class='ocrx_word' id='word_1_76' title='bbox 1860 902 2085 968; x_wconf 57' lang='lat' dir='ltr'>remeavit:</span> 
     </span>
     <span class='ocr_line' id='line_1_10' title="bbox 298 990 2076 1053; baseline 0.001 -18"><span class='ocrx_word' id='word_1_77' title='bbox 298 990 404 1036; x_wconf 87' lang='lat' dir='ltr'>fisus</span> <span class='ocrx_word' id='word_1_78' title='bbox 444 993 741 1037; x_wconf 86' lang='lat' dir='ltr'>Pharasmanis</span> <span class='ocrx_word' id='word_1_79' title='bbox 780 992 948 1051; x_wconf 89' lang='lat' dir='ltr'>opibus.</span> <span class='ocrx_word' id='word_1_80' title='bbox 997 993 1033 1037; x_wconf 91' lang='lat' dir='ltr'>is</span> <span class='ocrx_word' id='word_1_81' title='bbox 1071 1007 1147 1037; x_wconf 83' lang='lat' dir='ltr'>rex</span> <span class='ocrx_word' id='word_1_82' title='bbox 1185 993 1373 1046; x_wconf 87' lang='lat' dir='ltr'>Hiberis,</span> <span class='ocrx_word' id='word_1_83' title='bbox 1413 994 1616 1053; x_wconf 89' lang='lat' dir='ltr'>idemque</span> <span class='ocrx_word' id='word_1_84' title='bbox 1655 993 1902 1038; x_wconf 86' lang='lat' dir='ltr'>Mithridatis</span> <span class='ocrx_word' id='word_1_85' title='bbox 1936 992 2076 1045; x_wconf 82' lang='lat' dir='ltr'>frater,</span> 
     </span>
    </p>

    <p class='ocr_par' dir='ltr' id='par_1_5' title="bbox 251 1067 2081 1355">
     <span class='ocr_line' id='line_1_11' title="bbox 251 1067 2078 1128; baseline 0.001 -18"><span class='ocrx_word' id='word_1_86' title='bbox 251 1080 289 1111; x_wconf 75' lang='grc' dir='ltr'>ιο</span> <span class='ocrx_word' id='word_1_87' title='bbox 300 1067 517 1112; x_wconf 87' lang='lat' dir='ltr'>nuntiabat</span> <span class='ocrx_word' id='word_1_88' title='bbox 545 1067 792 1113; x_wconf 88' lang='lat' dir='ltr'>discordare</span> <span class='ocrx_word' id='word_1_89' title='bbox 822 1068 1015 1119; x_wconf 88' lang='lat' dir='ltr'>Parthos,</span> <span class='ocrx_word' id='word_1_90' title='bbox 1057 1082 1310 1127; x_wconf 88' lang='lat' dir='ltr'>summaque</span> <span class='ocrx_word' id='word_1_91' title='bbox 1340 1070 1505 1128; x_wconf 89' lang='lat' dir='ltr'>imperii</span> <span class='ocrx_word' id='word_1_92' title='bbox 1534 1069 1750 1128; x_wconf 85' lang='lat' dir='ltr'>ambigua,</span> <span class='ocrx_word' id='word_1_93' title='bbox 1792 1069 1956 1113; x_wconf 90' lang='lat' dir='ltr'>minora</span> <span class='ocrx_word' id='word_1_94' title='bbox 1984 1067 2078 1112; x_wconf 87' lang='lat' dir='ltr'>sine</span> 
     </span>
     <span class='ocr_line' id='line_1_12' title="bbox 300 1143 2079 1204; baseline 0 -16"><span class='ocrx_word' id='word_1_95' title='bbox 300 1157 404 1188; x_wconf 91' lang='lat' dir='ltr'>cura</span> <span class='ocrx_word' id='word_1_96' title='bbox 434 1143 593 1188; x_wconf 87' lang='lat' dir='ltr'>haberi.</span> <span class='ocrx_word' id='word_1_97' title='bbox 632 1157 731 1188; x_wconf 90' lang='lat' dir='ltr'>nam</span> <span class='ocrx_word' id='word_1_98' title='bbox 761 1144 870 1188; x_wconf 89' lang='lat' dir='ltr'>inter</span> <span class='ocrx_word' id='word_1_99' title='bbox 899 1143 1090 1188; x_wconf 89' lang='lat' dir='ltr'>Gotarzis</span> <span class='ocrx_word' id='word_1_100' title='bbox 1119 1143 1325 1203; x_wconf 87' lang='lat' dir='ltr'>pleraque</span> <span class='ocrx_word' id='word_1_101' title='bbox 1355 1159 1502 1197; x_wconf 89' lang='lat' dir='ltr'>saeva,</span> <span class='ocrx_word' id='word_1_102' title='bbox 1534 1146 1608 1204; x_wconf 89' lang='lat' dir='ltr'>qui</span> <span class='ocrx_word' id='word_1_103' title='bbox 1637 1159 1788 1190; x_wconf 88' lang='lat' dir='ltr'>necem</span> <span class='ocrx_word' id='word_1_104' title='bbox 1817 1144 1931 1189; x_wconf 82' lang='lat' dir='ltr'>fratri</span> <span class='ocrx_word' id='word_1_105' title='bbox 1959 1145 2079 1188; x_wconf 85' lang='lat' dir='ltr'>Arta-</span> 
     </span>
     <span class='ocr_line' id='line_1_13' title="bbox 300 1218 2080 1278; baseline 0.002 -15"><span class='ocrx_word' id='word_1_106' title='bbox 300 1218 413 1263; x_wconf 91' lang='lat' dir='ltr'>bano</span> <span class='ocrx_word' id='word_1_107' title='bbox 442 1219 700 1278; x_wconf 83' lang='lat' dir='ltr'>coniugique</span> <span class='ocrx_word' id='word_1_108' title='bbox 730 1233 780 1264; x_wconf 91' lang='lat' dir='ltr'>ac</span> <span class='ocrx_word' id='word_1_109' title='bbox 808 1219 895 1264; x_wconf 91' lang='lat' dir='ltr'>filio</span> <span class='ocrx_word' id='word_1_110' title='bbox 923 1220 1015 1264; x_wconf 88' lang='lat' dir='ltr'>eius</span> <span class='ocrx_word' id='word_1_111' title='bbox 1044 1227 1279 1277; x_wconf 86' lang='lat' dir='ltr'>paraverat,</span> <span class='ocrx_word' id='word_1_112' title='bbox 1312 1220 1426 1265; x_wconf 92' lang='lat' dir='ltr'>unde</span> <span class='ocrx_word' id='word_1_113' title='bbox 1457 1227 1593 1266; x_wconf 88' lang='lat' dir='ltr'>metus</span> <span class='ocrx_word' id='word_1_114' title='bbox 1613 1221 1707 1265; x_wconf 92' lang='lat' dir='ltr'>eius</span> <span class='ocrx_word' id='word_1_115' title='bbox 1737 1221 1780 1264; x_wconf 88' lang='lat' dir='ltr'>in</span> <span class='ocrx_word' id='word_1_116' title='bbox 1799 1226 1979 1274; x_wconf 88' lang='lat' dir='ltr'>ceteros,</span> <span class='ocrx_word' id='word_1_117' title='bbox 2007 1232 2080 1267; x_wconf 78' lang='lat' dir='ltr'>ao-</span> 
     </span>
     <span class='ocr_line' id='line_1_14' title="bbox 302 1294 2081 1355; baseline 0 -15"><span class='ocrx_word' id='word_1_118' title='bbox 302 1295 444 1340; x_wconf 86' lang='lat' dir='ltr'>civere</span> <span class='ocrx_word' id='word_1_119' title='bbox 474 1294 710 1341; x_wconf 88' lang='lat' dir='ltr'>Vardanen.</span> <span class='ocrx_word' id='word_1_120' title='bbox 757 1294 845 1348; x_wconf 91' lang='lat' dir='ltr'>ille,</span> <span class='ocrx_word' id='word_1_121' title='bbox 882 1302 929 1340; x_wconf 92' lang='lat' dir='ltr'>ut</span> <span class='ocrx_word' id='word_1_122' title='bbox 958 1301 1049 1340; x_wconf 90' lang='lat' dir='ltr'>erat</span> <span class='ocrx_word' id='word_1_123' title='bbox 1076 1295 1240 1354; x_wconf 82' lang='lat' dir='ltr'>magnis</span> <span class='ocrx_word' id='word_1_124' title='bbox 1270 1296 1387 1340; x_wconf 91' lang='lat' dir='ltr'>ausis</span> <span class='ocrx_word' id='word_1_125' title='bbox 1415 1302 1657 1355; x_wconf 89' lang='lat' dir='ltr'>promptus,</span> <span class='ocrx_word' id='word_1_126' title='bbox 1695 1295 1826 1340; x_wconf 87' lang='lat' dir='ltr'>biduo</span> <span class='ocrx_word' id='word_1_127' title='bbox 1855 1295 1936 1340; x_wconf 86' lang='lat' dir='ltr'>tria</span> <span class='ocrx_word' id='word_1_128' title='bbox 1963 1294 2081 1340; x_wconf 87' lang='lat' dir='ltr'>milia</span> 
     </span>
    </p>
   </div>
   <div class='ocr_carea' id='block_1_5' title="bbox 295 1459 2254 2124">
    <p class='ocr_par' dir='ltr' id='par_1_6' title="bbox 295 1459 2254 2124">
     <span class='ocr_line' id='line_1_15' title="bbox 368 1459 2080 1503; baseline 0.001 -11"><span class='ocrx_word' id='word_1_129' title='bbox 368 1459 399 1492; x_wconf 89' lang='grc'>4.</span> <span class='ocrx_word' id='word_1_130' title='bbox 425 1459 473 1503; x_wconf 83' lang='grc'>0.]</span> <span class='ocrx_word' id='word_1_131' title='bbox 498 1460 538 1493; x_wconf 93' lang='lat' dir='ltr'>G.</span> <span class='ocrx_word' id='word_1_132' title='bbox 563 1460 597 1494; x_wconf 88' lang='lat' dir='ltr'>M</span> <span class='ocrx_word' id='word_1_133' title='bbox 628 1476 665 1484; x_wconf 96' lang='lat'>—</span> <span class='ocrx_word' id='word_1_134' title='bbox 699 1463 864 1493; x_wconf 77' lang='lat' dir='ltr'>senatores</span> <span class='ocrx_word' id='word_1_135' title='bbox 893 1461 1192 1502; x_wconf 80' lang='lat' dir='ltr'>quieta--petere</span> <span class='ocrx_word' id='word_1_136' title='bbox 1219 1460 1388 1494; x_wconf 88' lang='lat' dir='ltr'>Pichena:</span> <span class='ocrx_word' id='word_1_137' title='bbox 1425 1463 1592 1494; x_wconf 77' lang='lat' dir='ltr'>senatores</span> <span class='ocrx_word' id='word_1_138' title='bbox 1619 1460 1679 1503; x_wconf 83' lang='lat' dir='ltr'>qui</span> <span class='ocrx_word' id='word_1_139' title='bbox 1705 1463 1736 1494; x_wconf 88' lang='lat' dir='ltr'>et</span> <span class='ocrx_word' id='word_1_140' title='bbox 1758 1462 2007 1503; x_wconf 76' lang='lat' dir='ltr'>a--peterent</span> <span class='ocrx_word' id='word_1_141' title='bbox 2026 1459 2080 1500; x_wconf 79' lang='lat' dir='ltr'>M3</span> 
     </span>
     <span class='ocr_line' id='line_1_16' title="bbox 298 1515 2084 1558; baseline 0.001 -10"><span class='ocrx_word' id='word_1_142' title='bbox 298 1519 480 1557; x_wconf 78' lang='lat' dir='ltr'>senatores,</span> <span class='ocrx_word' id='word_1_143' title='bbox 508 1517 566 1558; x_wconf 81' lang='lat' dir='ltr'>qui</span> <span class='ocrx_word' id='word_1_144' title='bbox 581 1517 693 1558; x_wconf 81' lang='lat' dir='ltr'>quieta</span> <span class='ocrx_word' id='word_1_145' title='bbox 707 1519 915 1557; x_wconf 79' lang='lat' dir='ltr'>--peterent</span> <span class='ocrx_word' id='word_1_146' title='bbox 937 1515 1105 1550; x_wconf 89' lang='lat' dir='ltr'>Halmius.</span> <span class='ocrx_word' id='word_1_147' title='bbox 1126 1534 1162 1540; x_wconf 97' lang='lat'><strong>—</strong></span> <span class='ocrx_word' id='word_1_148' title='bbox 1187 1516 1220 1550; x_wconf 86' lang='lat'>3.</span> <span class='ocrx_word' id='word_1_149' title='bbox 1244 1525 1329 1558; x_wconf 83' lang='lat' dir='ltr'>quae</span> <span class='ocrx_word' id='word_1_150' title='bbox 1351 1517 1521 1550; x_wconf 88' lang='lat' dir='ltr'>Pichena:</span> <span class='ocrx_word' id='word_1_151' title='bbox 1547 1526 1614 1558; x_wconf 83' lang='lat' dir='ltr'>qua</span> <span class='ocrx_word' id='word_1_152' title='bbox 1636 1518 1670 1551; x_wconf 90' lang='lat' dir='ltr'>M</span> <span class='ocrx_word' id='word_1_153' title='bbox 1685 1534 1721 1540; x_wconf 90' lang='lat'><strong>—</strong></span> <span class='ocrx_word' id='word_1_154' title='bbox 1743 1515 1826 1558; x_wconf 77' lang='lat' dir='ltr'>iitiis</span> <span class='ocrx_word' id='word_1_155' title='bbox 1847 1518 1881 1551; x_wconf 88' lang='lat' dir='ltr'>M</span> <span class='ocrx_word' id='word_1_156' title='bbox 1898 1535 1932 1541; x_wconf 93' lang='lat'><em>-</em></span> <span class='ocrx_word' id='word_1_157' title='bbox 1960 1517 1993 1550; x_wconf 78' lang='lat'>5.</span> <span class='ocrx_word' id='word_1_158' title='bbox 2008 1524 2084 1550; x_wconf 87' lang='lat' dir='ltr'>mo-</span> 
     </span>
     <span class='ocr_line' id='line_1_17' title="bbox 299 1571 2085 1616; baseline -0.001 -10"><span class='ocrx_word' id='word_1_159' title='bbox 299 1573 378 1606; x_wconf 85' lang='lat' dir='ltr'>dum</span> <span class='ocrx_word' id='word_1_160' title='bbox 399 1574 475 1615; x_wconf 83' lang='lat' dir='ltr'>fecit</span> <span class='ocrx_word' id='word_1_161' title='bbox 496 1574 655 1607; x_wconf 89' lang='lat' dir='ltr'>Baiterus</span> <span class='ocrx_word' id='word_1_162' title='bbox 682 1572 769 1614; x_wconf 88' lang='lat' dir='ltr'>(coll.</span> <span class='ocrx_word' id='word_1_163' title='bbox 796 1573 882 1606; x_wconf 91' lang='lat' dir='ltr'>Hist.</span> <span class='ocrx_word' id='word_1_164' title='bbox 907 1573 946 1614; x_wconf 78' lang='lat'>4,</span> <span class='ocrx_word' id='word_1_165' title='bbox 971 1573 1044 1616; x_wconf 81' lang='lat'>40):</span> <span class='ocrx_word' id='word_1_166' title='bbox 1070 1574 1205 1606; x_wconf 76' lang='lat' dir='ltr'>modum</span> <span class='ocrx_word' id='word_1_167' title='bbox 1227 1574 1372 1616; x_wconf 90' lang='lat' dir='ltr'>(omisso</span> <span class='ocrx_word' id='word_1_168' title='bbox 1394 1573 1516 1615; x_wconf 89' lang='lat' dir='ltr'>verbo)</span> <span class='ocrx_word' id='word_1_169' title='bbox 1540 1574 1592 1612; x_wconf 87' lang='lat' dir='ltr'>M;</span> <span class='ocrx_word' id='word_1_170' title='bbox 1614 1575 1726 1615; x_wconf 77' lang='lat' dir='ltr'>posuit</span> <span class='ocrx_word' id='word_1_171' title='bbox 1746 1574 1879 1606; x_wconf 85' lang='lat' dir='ltr'>modum</span> <span class='ocrx_word' id='word_1_172' title='bbox 1901 1573 1946 1613; x_wconf 90' lang='lat' dir='ltr'>G;</span> <span class='ocrx_word' id='word_1_173' title='bbox 1970 1571 2085 1605; x_wconf 81' lang='lat' dir='ltr'>statuit</span> 
     </span>
     <span class='ocr_line' id='line_1_18' title="bbox 297 1627 2085 1675; baseline 0 -13"><span class='ocrx_word' id='word_1_174' title='bbox 297 1630 431 1662; x_wconf 85' lang='lat' dir='ltr'>modum</span> <span class='ocrx_word' id='word_1_175' title='bbox 454 1629 612 1663; x_wconf 88' lang='lat' dir='ltr'>Orellius.</span> <span class='ocrx_word' id='word_1_176' title='bbox 639 1647 675 1653; x_wconf 91' lang='lat'>—</span> <span class='ocrx_word' id='word_1_177' title='bbox 709 1637 771 1675; x_wconf 62' lang='lat' dir='ltr'>que</span> <span class='ocrx_word' id='word_1_178' title='bbox 793 1638 884 1663; x_wconf 90' lang='lat' dir='ltr'>corr.</span> <span class='ocrx_word' id='word_1_179' title='bbox 910 1630 946 1662; x_wconf 91' lang='lat' dir='ltr'>in</span> <span class='ocrx_word' id='word_1_180' title='bbox 969 1627 1031 1671; x_wconf 77' lang='lat' dir='ltr'>que&#39;</span> <span class='ocrx_word' id='word_1_181' title='bbox 1061 1630 1095 1664; x_wconf 88' lang='grc' dir='ltr'><strong>Μ</strong></span> <span class='ocrx_word' id='word_1_182' title='bbox 1125 1648 1162 1654; x_wconf 92' lang='grc'>-</span> <span class='ocrx_word' id='word_1_183' title='bbox 1190 1630 1449 1672; x_wconf 79' lang='lat' dir='ltr'>repetundarum</span> <span class='ocrx_word' id='word_1_184' title='bbox 1471 1638 1650 1672; x_wconf 90' lang='lat' dir='ltr'>superscr.</span> <span class='ocrx_word' id='word_1_185' title='bbox 1676 1629 1720 1672; x_wconf 87' lang='lat' dir='ltr'>gl.</span> <span class='ocrx_word' id='word_1_186' title='bbox 1745 1629 1815 1672; x_wconf 64' lang='lat' dir='ltr'>lege</span> <span class='ocrx_word' id='word_1_187' title='bbox 1836 1629 1870 1663; x_wconf 98' lang='lat' dir='ltr'>M</span> <span class='ocrx_word' id='word_1_188' title='bbox 1894 1646 1931 1653; x_wconf 96' lang='lat'>—</span> <span class='ocrx_word' id='word_1_189' title='bbox 1961 1628 1995 1662; x_wconf 85' lang='lat'>7.</span> <span class='ocrx_word' id='word_1_190' title='bbox 2017 1629 2085 1662; x_wconf 83' lang='lat' dir='ltr'>mi-</span> 
     </span>
     <span class='ocr_line' id='line_1_19' title="bbox 298 1684 2086 1728; baseline 0 -10"><span class='ocrx_word' id='word_1_191' title='bbox 298 1686 436 1719; x_wconf 86' lang='lat' dir='ltr'>tridates</span> <span class='ocrx_word' id='word_1_192' title='bbox 456 1687 489 1719; x_wconf 91' lang='lat' dir='ltr'>M</span> <span class='ocrx_word' id='word_1_193' title='bbox 513 1703 549 1709; x_wconf 94' lang='lat'><strong>—</strong></span> <span class='ocrx_word' id='word_1_194' title='bbox 574 1687 728 1726; x_wconf 81' lang='lat' dir='ltr'>iussuque</span> <span class='ocrx_word' id='word_1_195' title='bbox 750 1685 908 1720; x_wconf 84' lang='lat' dir='ltr'>Urlichs:</span> <span class='ocrx_word' id='word_1_196' title='bbox 935 1695 1006 1719; x_wconf 93' lang='lat' dir='ltr'>om.</span> <span class='ocrx_word' id='word_1_197' title='bbox 1023 1687 1057 1720; x_wconf 93' lang='lat' dir='ltr'>M</span> <span class='ocrx_word' id='word_1_198' title='bbox 1080 1687 1116 1719; x_wconf 89' lang='lat' dir='ltr'>in</span> <span class='ocrx_word' id='word_1_199' title='bbox 1138 1686 1280 1727; x_wconf 89' lang='lat' dir='ltr'>lacuna,</span> <span class='ocrx_word' id='word_1_200' title='bbox 1307 1695 1414 1728; x_wconf 89' lang='lat' dir='ltr'>quam</span> <span class='ocrx_word' id='word_1_201' title='bbox 1437 1687 1488 1720; x_wconf 87' lang='lat' dir='ltr'>sic</span> <span class='ocrx_word' id='word_1_202' title='bbox 1512 1685 1663 1728; x_wconf 88' lang='lat' dir='ltr'>explevit</span> <span class='ocrx_word' id='word_1_203' title='bbox 1686 1694 1811 1719; x_wconf 89' lang='lat' dir='ltr'>manus</span> <span class='ocrx_word' id='word_1_204' title='bbox 1825 1694 1971 1719; x_wconf 88' lang='lat' dir='ltr'>recens:</span> <span class='ocrx_word' id='word_1_205' title='bbox 1995 1684 2086 1719; x_wconf 76' lang='lat' dir='ltr'>etad</span> 
     </span>
     <span class='ocr_line' id='line_1_20' title="bbox 295 1738 2086 1785; baseline -0.001 -10"><span class='ocrx_word' id='word_1_206' title='bbox 295 1738 421 1785; x_wconf 56' lang='lat' dir='ltr'>fiscina,</span> <span class='ocrx_word' id='word_1_207' title='bbox 446 1751 510 1785; x_wconf 91' lang='lat' dir='ltr'>pro</span> <span class='ocrx_word' id='word_1_208' title='bbox 534 1741 662 1783; x_wconf 91' lang='lat' dir='ltr'>quibus</span> <span class='ocrx_word' id='word_1_209' title='bbox 685 1741 832 1775; x_wconf 90' lang='lat' dir='ltr'>lacunae</span> <span class='ocrx_word' id='word_1_210' title='bbox 855 1742 995 1784; x_wconf 84' lang='lat' dir='ltr'>signum</span> <span class='ocrx_word' id='word_1_211' title='bbox 1017 1743 1134 1785; x_wconf 88' lang='lat' dir='ltr'>posuit</span> <span class='ocrx_word' id='word_1_212' title='bbox 1154 1741 1376 1781; x_wconf 81' lang='lat' dir='ltr'>Waltherus;</span> <span class='ocrx_word' id='word_1_213' title='bbox 1400 1751 1482 1775; x_wconf 74' lang='lat' dir='ltr'>moa&gt;</span> <span class='ocrx_word' id='word_1_214' title='bbox 1503 1745 1675 1775; x_wconf 85' lang='lat' dir='ltr'>evocatum</span> <span class='ocrx_word' id='word_1_215' title='bbox 1696 1742 1733 1774; x_wconf 88' lang='lat' dir='ltr'>in</span> <span class='ocrx_word' id='word_1_216' title='bbox 1753 1742 1868 1775; x_wconf 79' lang='lat' dir='ltr'>urbem</span> <span class='ocrx_word' id='word_1_217' title='bbox 1887 1742 1979 1774; x_wconf 80' lang='lat' dir='ltr'>iussu</span> <span class='ocrx_word' id='word_1_218' title='bbox 1999 1741 2086 1784; x_wconf 86' lang='lat' dir='ltr'>Nip-</span> 
     </span>
     <span class='ocr_line' id='line_1_21' title="bbox 299 1797 2254 1842; baseline -0.001 -11"><span class='ocrx_word' id='word_1_219' title='bbox 299 1798 455 1842; x_wconf 86' lang='lat' dir='ltr'>perdey3</span> <span class='ocrx_word' id='word_1_220' title='bbox 479 1807 562 1832; x_wconf 73' lang='lat' dir='ltr'>moa&gt;</span> <span class='ocrx_word' id='word_1_221' title='bbox 581 1800 619 1832; x_wconf 89' lang='lat' dir='ltr'>in</span> <span class='ocrx_word' id='word_1_222' title='bbox 640 1798 754 1832; x_wconf 86' lang='lat' dir='ltr'>urbem</span> <span class='ocrx_word' id='word_1_223' title='bbox 775 1800 921 1832; x_wconf 77' lang='lat' dir='ltr'>excitum</span> <span class='ocrx_word' id='word_1_224' title='bbox 941 1800 1034 1832; x_wconf 87' lang='lat' dir='ltr'>iussu</span> <span class='ocrx_word' id='word_1_225' title='bbox 1055 1800 1219 1833; x_wconf 89' lang='lat' dir='ltr'>Ritterus.</span> <span class='ocrx_word' id='word_1_226' title='bbox 1247 1817 1284 1823; x_wconf 92' lang='lat'><em>-</em></span> <span class='ocrx_word' id='word_1_227' title='bbox 1309 1800 1341 1833; x_wconf 92' lang='lat'>8.</span> <span class='ocrx_word' id='word_1_228' title='bbox 1367 1800 1402 1833; x_wconf 88' lang='lat' dir='ltr'>G.</span> <span class='ocrx_word' id='word_1_229' title='bbox 1420 1800 1602 1833; x_wconf 87' lang='lat' dir='ltr'>Heinsius:</span> <span class='ocrx_word' id='word_1_230' title='bbox 1629 1808 1700 1832; x_wconf 92' lang='lat' dir='ltr'>om.</span> <span class='ocrx_word' id='word_1_231' title='bbox 1723 1799 1759 1834; x_wconf 88' lang='lat' dir='ltr'>M</span> <span class='ocrx_word' id='word_1_232' title='bbox 1783 1816 1819 1823; x_wconf 92' lang='lat'>·-</span> <span class='ocrx_word' id='word_1_233' title='bbox 1843 1798 1969 1831; x_wconf 73' lang='lat' dir='ltr'>cesaris</span> <span class='ocrx_word' id='word_1_234' title='bbox 1989 1797 2024 1831; x_wconf 82' lang='lat' dir='ltr'>M</span> <span class='ocrx_word' id='word_1_235' title='bbox 2043 1815 2082 1822; x_wconf 93' lang='grc'>-</span> <span class='ocrx_word' id='word_1_236' title='bbox 2247 1832 2254 1842; x_wconf 58' lang='grc'><em>,</em></span> 
     </span>
     <span class='ocr_line' id='line_1_22' title="bbox 300 1852 2254 1900; baseline -0.001 -11"><span class='ocrx_word' id='word_1_237' title='bbox 300 1856 332 1889; x_wconf 94' lang='grc'>8.</span> <span class='ocrx_word' id='word_1_238' title='bbox 357 1856 507 1888; x_wconf 84' lang='lat' dir='ltr'>uinctum</span> <span class='ocrx_word' id='word_1_239' title='bbox 530 1856 580 1889; x_wconf 87' lang='lat' dir='ltr'>M:</span> <span class='ocrx_word' id='word_1_240' title='bbox 604 1858 759 1888; x_wconf 84' lang='lat' dir='ltr'>vocatum</span> <span class='ocrx_word' id='word_1_241' title='bbox 780 1855 966 1898; x_wconf 85' lang='lat' dir='ltr'>Bipontini.</span> <span class='ocrx_word' id='word_1_242' title='bbox 994 1874 1030 1879; x_wconf 98' lang='lat'><strong>—</strong></span> <span class='ocrx_word' id='word_1_243' title='bbox 1056 1855 1087 1888; x_wconf 88' lang='lat'>9.</span> <span class='ocrx_word' id='word_1_244' title='bbox 1111 1856 1316 1897; x_wconf 81' lang='lat' dir='ltr'>farasmanis</span> <span class='ocrx_word' id='word_1_245' title='bbox 1337 1857 1371 1889; x_wconf 91' lang='lat' dir='ltr'>M</span> <span class='ocrx_word' id='word_1_246' title='bbox 1395 1873 1431 1879; x_wconf 98' lang='lat'><strong>—</strong></span> <span class='ocrx_word' id='word_1_247' title='bbox 1456 1856 1638 1889; x_wconf 77' lang='lat' dir='ltr'>mitridatis</span> <span class='ocrx_word' id='word_1_248' title='bbox 1651 1857 1686 1890; x_wconf 89' lang='lat' dir='ltr'>M</span> <span class='ocrx_word' id='word_1_249' title='bbox 1704 1874 1739 1880; x_wconf 91' lang='lat'>-</span> <span class='ocrx_word' id='word_1_250' title='bbox 1766 1856 1821 1889; x_wconf 90' lang='grc'>44.</span> <span class='ocrx_word' id='word_1_251' title='bbox 1844 1854 1959 1888; x_wconf 79' lang='lat' dir='ltr'>haberi</span> <span class='ocrx_word' id='word_1_252' title='bbox 1981 1852 2084 1896; x_wconf 85' lang='lat' dir='ltr'>[nam]</span> <span class='ocrx_word' id='word_1_253' title='bbox 2247 1858 2254 1900; x_wconf 73' lang='grc' dir='ltr'>1ι</span> 
     </span>
     <span class='ocr_line' id='line_1_23' title="bbox 298 1901 2254 1954; baseline -0.001 -9"><span class='ocrx_word' id='word_1_254' title='bbox 298 1912 387 1945; x_wconf 84' lang='lat' dir='ltr'>inter</span> <span class='ocrx_word' id='word_1_255' title='bbox 407 1912 532 1945; x_wconf 86' lang='lat' dir='ltr'>Haase.</span> <span class='ocrx_word' id='word_1_256' title='bbox 559 1928 595 1934; x_wconf 94' lang='lat'><strong>—</strong></span> <span class='ocrx_word' id='word_1_257' title='bbox 630 1912 717 1944; x_wconf 89' lang='lat' dir='ltr'>inter</span> <span class='ocrx_word' id='word_1_258' title='bbox 743 1912 918 1954; x_wconf 74' lang='lat' dir='ltr'>yotharzes</span> <span class='ocrx_word' id='word_1_259' title='bbox 944 1913 999 1951; x_wconf 79' lang='lat' dir='ltr'>M3</span> <span class='ocrx_word' id='word_1_260' title='bbox 1037 1912 1196 1946; x_wconf 79' lang='lat' dir='ltr'>Gotarzes</span> <span class='ocrx_word' id='word_1_261' title='bbox 1221 1913 1309 1945; x_wconf 83' lang='lat' dir='ltr'>inter</span> <span class='ocrx_word' id='word_1_262' title='bbox 1329 1911 1554 1946; x_wconf 87' lang='lat' dir='ltr'>Doederlein.</span> <span class='ocrx_word' id='word_1_263' title='bbox 1579 1930 1616 1936; x_wconf 96' lang='lat'><em>—</em></span> <span class='ocrx_word' id='word_1_264' title='bbox 1644 1921 1726 1945; x_wconf 86' lang='lat' dir='ltr'>seua</span> <span class='ocrx_word' id='word_1_265' title='bbox 1746 1912 1781 1946; x_wconf 93' lang='lat' dir='ltr'>M</span> <span class='ocrx_word' id='word_1_266' title='bbox 1804 1928 1841 1935; x_wconf 91' lang='lat'>—</span> <span class='ocrx_word' id='word_1_267' title='bbox 1865 1911 1924 1952; x_wconf 82' lang='lat' dir='ltr'>qui</span> <span class='ocrx_word' id='word_1_268' title='bbox 1945 1909 2086 1944; x_wconf 78' lang='lat' dir='ltr'>inclusit</span> <span class='ocrx_word' id='word_1_269' title='bbox 2251 1901 2254 1907; x_wconf 58' lang='lat'><strong><em>⁴</em></strong></span> 
     </span>
     <span class='ocr_line' id='line_1_24' title="bbox 300 1966 2084 2011; baseline -0.001 -10"><span class='ocrx_word' id='word_1_270' title='bbox 300 1967 474 2009; x_wconf 88' lang='lat' dir='ltr'>Halmius,</span> <span class='ocrx_word' id='word_1_271' title='bbox 500 1966 629 2001; x_wconf 90' lang='lat' dir='ltr'>delevit</span> <span class='ocrx_word' id='word_1_272' title='bbox 644 1967 856 2010; x_wconf 82' lang='lat' dir='ltr'>Nipperdey.</span> <span class='ocrx_word' id='word_1_273' title='bbox 876 1985 912 1991; x_wconf 90' lang='lat'>—</span> <span class='ocrx_word' id='word_1_274' title='bbox 939 1968 991 2001; x_wconf 89' lang='grc'>42.</span> <span class='ocrx_word' id='word_1_275' title='bbox 1004 1972 1191 2009; x_wconf 80' lang='lat' dir='ltr'>paraverat</span> <span class='ocrx_word' id='word_1_276' title='bbox 1206 1968 1378 2002; x_wconf 87' lang='lat' dir='ltr'>Halmius:</span> <span class='ocrx_word' id='word_1_277' title='bbox 1396 1966 1605 2010; x_wconf 71' lang='lat' dir='ltr'>iiparaberat</span> <span class='ocrx_word' id='word_1_278' title='bbox 1619 1977 1672 2011; x_wconf 88' lang='lat' dir='ltr'>pr.</span> <span class='ocrx_word' id='word_1_279' title='bbox 1689 1969 1742 2009; x_wconf 85' lang='lat' dir='ltr'>M;</span> <span class='ocrx_word' id='word_1_280' title='bbox 1769 1966 1978 2010; x_wconf 50' lang='lat' dir='ltr'>&amp;parauerat</span> <span class='ocrx_word' id='word_1_281' title='bbox 1991 1974 2084 2000; x_wconf 85' lang='lat' dir='ltr'>corr.</span> 
     </span>
     <span class='ocr_line' id='line_1_25' title="bbox 301 2023 2084 2066; baseline -0.001 -7"><span class='ocrx_word' id='word_1_282' title='bbox 301 2026 352 2064; x_wconf 84' lang='lat' dir='ltr'>M;</span> <span class='ocrx_word' id='word_1_283' title='bbox 385 2027 630 2066; x_wconf 80' lang='lat' dir='ltr'>properaverat</span> <span class='ocrx_word' id='word_1_284' title='bbox 662 2026 830 2058; x_wconf 87' lang='lat' dir='ltr'>Muretus.</span> <span class='ocrx_word' id='word_1_285' title='bbox 866 2042 903 2049; x_wconf 96' lang='lat'>—</span> <span class='ocrx_word' id='word_1_286' title='bbox 939 2026 1007 2058; x_wconf 84' lang='lat' dir='ltr'>eius</span> <span class='ocrx_word' id='word_1_287' title='bbox 1037 2024 1168 2058; x_wconf 87' lang='lat' dir='ltr'>delevit</span> <span class='ocrx_word' id='word_1_288' title='bbox 1196 2024 1383 2059; x_wconf 83' lang='lat' dir='ltr'>Acidalius.</span> <span class='ocrx_word' id='word_1_289' title='bbox 1415 2044 1451 2050; x_wconf 95' lang='lat'>—</span> <span class='ocrx_word' id='word_1_290' title='bbox 1484 2026 1635 2059; x_wconf 86' lang='lat' dir='ltr'>acciuere</span> <span class='ocrx_word' id='word_1_291' title='bbox 1662 2027 1709 2058; x_wconf 91' lang='lat' dir='ltr'>G:</span> <span class='ocrx_word' id='word_1_292' title='bbox 1747 2028 1779 2058; x_wconf 89' lang='lat' dir='ltr'>et</span> <span class='ocrx_word' id='word_1_293' title='bbox 1807 2025 1960 2058; x_wconf 68' lang='lat' dir='ltr'>accivere</span> <span class='ocrx_word' id='word_1_294' title='bbox 1987 2023 2023 2058; x_wconf 79' lang='lat' dir='ltr'>M</span> <span class='ocrx_word' id='word_1_295' title='bbox 2046 2038 2084 2047; x_wconf 91' lang='lat'>—</span> 
     </span>
     <span class='ocr_line' id='line_1_26' title="bbox 301 2080 1846 2124; baseline -0.001 -9"><span class='ocrx_word' id='word_1_296' title='bbox 301 2082 355 2115; x_wconf 87' lang='grc'>43.</span> <span class='ocrx_word' id='word_1_297' title='bbox 380 2081 551 2115; x_wconf 86' lang='lat' dir='ltr'>bardanen</span> <span class='ocrx_word' id='word_1_298' title='bbox 573 2081 606 2115; x_wconf 91' lang='lat' dir='ltr'>M</span> <span class='ocrx_word' id='word_1_299' title='bbox 631 2098 666 2104; x_wconf 97' lang='lat'><strong>—</strong></span> <span class='ocrx_word' id='word_1_300' title='bbox 692 2081 803 2114; x_wconf 85' lang='lat' dir='ltr'>triduo</span> <span class='ocrx_word' id='word_1_301' title='bbox 825 2081 889 2114; x_wconf 85' lang='lat' dir='ltr'>duo</span> <span class='ocrx_word' id='word_1_302' title='bbox 910 2081 1006 2114; x_wconf 84' lang='lat' dir='ltr'>milia</span> <span class='ocrx_word' id='word_1_303' title='bbox 1028 2082 1175 2115; x_wconf 89' lang='lat' dir='ltr'>Kritzius</span> <span class='ocrx_word' id='word_1_304' title='bbox 1196 2081 1342 2124; x_wconf 87' lang='lat' dir='ltr'>Allgem.</span> <span class='ocrx_word' id='word_1_305' title='bbox 1368 2080 1542 2123; x_wconf 85' lang='lat' dir='ltr'>Schulztg.</span> <span class='ocrx_word' id='word_1_306' title='bbox 1567 2082 1652 2114; x_wconf 89' lang='grc'>4830</span> <span class='ocrx_word' id='word_1_307' title='bbox 1676 2089 1773 2114; x_wconf 92' lang='lat' dir='ltr'>num.</span> <span class='ocrx_word' id='word_1_308' title='bbox 1791 2080 1846 2113; x_wconf 89' lang='grc'>47.</span> 
     </span>
    </p>
   </div>
   <div class='ocr_carea' id='block_1_6' title="bbox 299 2217 1168 2259">
    <p class='ocr_par' dir='ltr' id='par_1_7' title="bbox 299 2217 1168 2259">
     <span class='ocr_line' id='line_1_27' title="bbox 299 2217 1168 2259; baseline -0.002 -5"><span class='ocrx_word' id='word_1_309' title='bbox 299 2219 416 2254; x_wconf 92' lang='lat' dir='ltr'>tonius</span> <span class='ocrx_word' id='word_1_310' title='bbox 437 2219 537 2252; x_wconf 81' lang='lat' dir='ltr'>Caes.</span> <span class='ocrx_word' id='word_1_311' title='bbox 555 2217 615 2250; x_wconf 78' lang='lat'>29:</span> <span class='ocrx_word' id='word_1_312' title='bbox 641 2217 815 2251; x_wconf 84' lang='lat' dir='ltr'>Aemilium</span> <span class='ocrx_word' id='word_1_313' title='bbox 828 2218 968 2250; x_wconf 88' lang='lat' dir='ltr'>Paulum</span> <span class='ocrx_word' id='word_1_314' title='bbox 983 2218 1168 2259; x_wconf 82' lang='lat' dir='ltr'>Gaiumque</span> 
     </span>
    </p>
   </div>
   <div class='ocr_carea' id='block_1_7' title="bbox 301 2213 2081 2313">
    <p class='ocr_par' dir='ltr' id='par_1_8' title="bbox 301 2213 2081 2313">
     <span class='ocr_line' id='line_1_28' title="bbox 1217 2213 2081 2266; baseline 0 -16"><span class='ocrx_word' id='word_1_315' title='bbox 1217 2213 1340 2266; x_wconf 76' lang='grc' dir='ltr'><em>ἀρχῆς</em></span> <span class='ocrx_word' id='word_1_316' title='bbox 1361 2214 1602 2262; x_wconf 79' lang='grc' dir='ltr'><em>ἀπέπεμψεν.</em></span> <span class='ocrx_word' id='word_1_317' title='bbox 1627 2217 1678 2252; x_wconf 85' lang='lat' dir='ltr'>Cf.</span> <span class='ocrx_word' id='word_1_318' title='bbox 1704 2217 1737 2259; x_wconf 88' lang='lat'>6,</span> <span class='ocrx_word' id='word_1_319' title='bbox 1761 2217 1803 2251; x_wconf 87' lang='grc'>32</span> <span class='ocrx_word' id='word_1_320' title='bbox 1827 2225 1906 2259; x_wconf 88' lang='lat' dir='ltr'>sqq.</span> <span class='ocrx_word' id='word_1_321' title='bbox 1938 2216 2003 2250; x_wconf 90' lang='lat' dir='ltr'>Dio</span> <span class='ocrx_word' id='word_1_322' title='bbox 2025 2215 2081 2258; x_wconf 76' lang='lat'>58,</span> 
     </span>
     <span class='ocr_line' id='line_1_29' title="bbox 301 2269 1170 2313; baseline -0.003 -7"><span class='ocrx_word' id='word_1_323' title='bbox 301 2273 488 2311; x_wconf 77' lang='lat' dir='ltr'>Curionem,</span> <span class='ocrx_word' id='word_1_324' title='bbox 511 2270 782 2303; x_wconf 82' lang='lat' dir='ltr'>violentissimum</span> <span class='ocrx_word' id='word_1_325' title='bbox 798 2269 1017 2310; x_wconf 85' lang='lat' dir='ltr'>tribunorum,</span> <span class='ocrx_word' id='word_1_326' title='bbox 1044 2272 1170 2313; x_wconf 59' lang='lat' dir='ltr'>ingenti</span> 
     </span>
    </p>
   </div>
   <div class='ocr_carea' id='block_1_8' title="bbox 1217 2265 2088 2311">
    <p class='ocr_par' dir='ltr' id='par_1_9' title="bbox 1217 2265 2088 2311">
     <span class='ocr_line' id='line_1_30' title="bbox 1217 2265 2088 2311; baseline -0.003 -9"><span class='ocrx_word' id='word_1_327' title='bbox 1217 2269 1272 2302; x_wconf 89' lang='grc'>26.</span> <span class='ocrx_word' id='word_1_328' title='bbox 1301 2288 1336 2293; x_wconf 96' lang='grc'>-</span> <span class='ocrx_word' id='word_1_329' title='bbox 1361 2268 1556 2311; x_wconf 85' lang='lat' dir='ltr'>memoravi]</span> <span class='ocrx_word' id='word_1_330' title='bbox 1586 2269 1622 2301; x_wconf 92' lang='lat' dir='ltr'>in</span> <span class='ocrx_word' id='word_1_331' title='bbox 1643 2267 1743 2301; x_wconf 90' lang='lat' dir='ltr'>libris</span> <span class='ocrx_word' id='word_1_332' title='bbox 1766 2265 1977 2310; x_wconf 79' lang='lat' dir='ltr'>deperditis,</span> <span class='ocrx_word' id='word_1_333' title='bbox 2005 2266 2088 2309; x_wconf 87' lang='lat' dir='ltr'>qui-</span> 
     </span>
    </p>
   </div>
   <div class='ocr_carea' id='block_1_9' title="bbox 300 2321 1173 3478">
    <p class='ocr_par' dir='ltr' id='par_1_10' title="bbox 300 2321 1173 3322">
     <span class='ocr_line' id='line_1_31' title="bbox 300 2321 1170 2363; baseline -0.002 -7"><span class='ocrx_word' id='word_1_334' title='bbox 300 2323 447 2357; x_wconf 85' lang='lat' dir='ltr'>mercede</span> <span class='ocrx_word' id='word_1_335' title='bbox 469 2322 650 2363; x_wconf 84' lang='lat' dir='ltr'>defensores</span> <span class='ocrx_word' id='word_1_336' title='bbox 669 2321 818 2362; x_wconf 85' lang='lat' dir='ltr'>paravit.</span> <span class='ocrx_word' id='word_1_337' title='bbox 847 2339 884 2344; x_wconf 98' lang='lat'><strong>—</strong></span> <span class='ocrx_word' id='word_1_338' title='bbox 912 2322 1055 2354; x_wconf 84' lang='lat' dir='ltr'>modicos</span> <span class='ocrx_word' id='word_1_339' title='bbox 1077 2330 1170 2354; x_wconf 83' lang='lat' dir='ltr'>sena-</span> 
     </span>
     <span class='ocr_line' id='line_1_32' title="bbox 300 2371 1170 2415; baseline -0.003 -9"><span class='ocrx_word' id='word_1_340' title='bbox 300 2374 398 2415; x_wconf 85' lang='lat' dir='ltr'>tores]</span> <span class='ocrx_word' id='word_1_341' title='bbox 427 2373 469 2405; x_wconf 91' lang='lat' dir='ltr'>Hi</span> <span class='ocrx_word' id='word_1_342' title='bbox 492 2373 719 2414; x_wconf 89' lang='lat' dir='ltr'>opponuntur</span> <span class='ocrx_word' id='word_1_343' title='bbox 741 2372 860 2403; x_wconf 83' lang='lat' dir='ltr'>ditium</span> <span class='ocrx_word' id='word_1_344' title='bbox 881 2371 1090 2413; x_wconf 78' lang='lat' dir='ltr'>familiarum</span> <span class='ocrx_word' id='word_1_345' title='bbox 1112 2372 1170 2404; x_wconf 85' lang='lat' dir='ltr'>he-</span> 
     </span>
     <span class='ocr_line' id='line_1_33' title="bbox 300 2420 1169 2463; baseline -0.003 -7"><span class='ocrx_word' id='word_1_346' title='bbox 300 2423 443 2456; x_wconf 85' lang='lat' dir='ltr'>redibus.</span> <span class='ocrx_word' id='word_1_347' title='bbox 471 2441 507 2446; x_wconf 93' lang='lat'>—</span> <span class='ocrx_word' id='word_1_348' title='bbox 536 2422 647 2462; x_wconf 81' lang='lat' dir='ltr'>quieta</span> <span class='ocrx_word' id='word_1_349' title='bbox 668 2430 706 2454; x_wconf 84' lang='lat' dir='ltr'>re</span> <span class='ocrx_word' id='word_1_350' title='bbox 731 2420 881 2462; x_wconf 84' lang='lat' dir='ltr'>publica]</span> <span class='ocrx_word' id='word_1_351' title='bbox 914 2422 949 2453; x_wconf 92' lang='lat' dir='ltr'>in</span> <span class='ocrx_word' id='word_1_352' title='bbox 973 2430 1042 2463; x_wconf 90' lang='lat' dir='ltr'>qua</span> <span class='ocrx_word' id='word_1_353' title='bbox 1064 2429 1169 2454; x_wconf 90' lang='lat' dir='ltr'>nemo</span> 
     </span>
     <span class='ocr_line' id='line_1_34' title="bbox 301 2471 1169 2516; baseline -0.003 -9"><span class='ocrx_word' id='word_1_354' title='bbox 301 2475 372 2507; x_wconf 91' lang='lat' dir='ltr'>iam</span> <span class='ocrx_word' id='word_1_355' title='bbox 405 2473 517 2516; x_wconf 79' lang='lat' dir='ltr'>possit</span> <span class='ocrx_word' id='word_1_356' title='bbox 550 2471 684 2504; x_wconf 87' lang='lat' dir='ltr'>bellicis</span> <span class='ocrx_word' id='word_1_357' title='bbox 718 2471 998 2514; x_wconf 87' lang='lat' dir='ltr'>expeditionibus</span> <span class='ocrx_word' id='word_1_358' title='bbox 1032 2471 1169 2504; x_wconf 92' lang='lat' dir='ltr'>divitias</span> 
     </span>
     <span class='ocr_line' id='line_1_35' title="bbox 301 2521 1168 2567; baseline -0.005 -11"><span class='ocrx_word' id='word_1_359' title='bbox 301 2532 439 2567; x_wconf 89' lang='lat' dir='ltr'>parare.</span> <span class='ocrx_word' id='word_1_360' title='bbox 459 2523 689 2565; x_wconf 90' lang='lat' dir='ltr'>opponuntur</span> <span class='ocrx_word' id='word_1_361' title='bbox 704 2521 862 2554; x_wconf 86' lang='lat' dir='ltr'>bellorum</span> <span class='ocrx_word' id='word_1_362' title='bbox 871 2522 1032 2563; x_wconf 76' lang='lat' dir='ltr'>praemiis</span> <span class='ocrx_word' id='word_1_363' title='bbox 1043 2522 1168 2563; x_wconf 85' lang='lat' dir='ltr'>referti.</span> 
     </span>
     <span class='ocr_line' id='line_1_36' title="bbox 304 2571 1172 2615; baseline -0.001 -10"><span class='ocrx_word' id='word_1_364' title='bbox 304 2591 340 2597; x_wconf 94' lang='lat'>--</span> <span class='ocrx_word' id='word_1_365' title='bbox 366 2573 527 2615; x_wconf 64' lang='lat' dir='ltr'>cogitaret</span> <span class='ocrx_word' id='word_1_366' title='bbox 546 2572 671 2613; x_wconf 81' lang='lat' dir='ltr'>plebem</span> <span class='ocrx_word' id='word_1_367' title='bbox 693 2572 774 2614; x_wconf 89' lang='lat' dir='ltr'>cet.]</span> <span class='ocrx_word' id='word_1_368' title='bbox 808 2581 881 2604; x_wconf 73' lang='lat' dir='ltr'>une</span> <span class='ocrx_word' id='word_1_369' title='bbox 905 2571 1172 2605; x_wconf 86' lang='lat' dir='ltr'>oblivisceretur</span> 
     </span>
     <span class='ocr_line' id='line_1_37' title="bbox 302 2622 1170 2665; baseline -0.003 -7"><span class='ocrx_word' id='word_1_370' title='bbox 302 2625 464 2658; x_wconf 88' lang='lat' dir='ltr'>homines</span> <span class='ocrx_word' id='word_1_371' title='bbox 478 2632 496 2656; x_wconf 89' lang='lat' dir='ltr'>e</span> <span class='ocrx_word' id='word_1_372' title='bbox 510 2623 628 2656; x_wconf 87' lang='lat' dir='ltr'>medio</span> <span class='ocrx_word' id='word_1_373' title='bbox 640 2622 770 2665; x_wconf 89' lang='lat' dir='ltr'>populo</span> <span class='ocrx_word' id='word_1_374' title='bbox 784 2622 913 2656; x_wconf 84' lang='lat' dir='ltr'>forensi</span> <span class='ocrx_word' id='word_1_375' title='bbox 924 2622 1170 2656; x_wconf 89' lang='lat' dir='ltr'>tantummodo</span> 
     </span>
     <span class='ocr_line' id='line_1_38' title="bbox 304 2673 1170 2717; baseline -0.002 -9"><span class='ocrx_word' id='word_1_376' title='bbox 304 2674 520 2717; x_wconf 84' lang='lat' dir='ltr'>eloquentia,</span> <span class='ocrx_word' id='word_1_377' title='bbox 546 2682 616 2706; x_wconf 91' lang='lat' dir='ltr'>non</span> <span class='ocrx_word' id='word_1_378' title='bbox 633 2673 856 2715; x_wconf 83' lang='lat' dir='ltr'>imperatoria</span> <span class='ocrx_word' id='word_1_379' title='bbox 875 2673 1002 2705; x_wconf 87' lang='lat' dir='ltr'>virtute</span> <span class='ocrx_word' id='word_1_380' title='bbox 1017 2673 1170 2706; x_wconf 86' lang='lat' dir='ltr'>honores</span> 
     </span>
     <span class='ocr_line' id='line_1_39' title="bbox 303 2723 1170 2768; baseline -0.003 -9"><span class='ocrx_word' id='word_1_381' title='bbox 303 2727 409 2768; x_wconf 87' lang='lat' dir='ltr'>atque</span> <span class='ocrx_word' id='word_1_382' title='bbox 434 2732 520 2767; x_wconf 88' lang='lat' dir='ltr'>opes</span> <span class='ocrx_word' id='word_1_383' title='bbox 538 2724 723 2765; x_wconf 86' lang='lat' dir='ltr'>acquirere</span> <span class='ocrx_word' id='word_1_384' title='bbox 739 2733 845 2766; x_wconf 91' lang='lat' dir='ltr'>posse</span> <span class='ocrx_word' id='word_1_385' title='bbox 857 2748 865 2764; x_wconf 94' lang='lat'>,</span> <span class='ocrx_word' id='word_1_386' title='bbox 891 2725 997 2765; x_wconf 92' lang='lat' dir='ltr'>atque</span> <span class='ocrx_word' id='word_1_387' title='bbox 1013 2723 1170 2756; x_wconf 87' lang='lat' dir='ltr'>debitam</span> 
     </span>
     <span class='ocr_line' id='line_1_40' title="bbox 303 2773 1172 2816; baseline -0.006 -6"><span class='ocrx_word' id='word_1_388' title='bbox 303 2777 407 2810; x_wconf 88' lang='lat' dir='ltr'>huius</span> <span class='ocrx_word' id='word_1_389' title='bbox 431 2782 572 2816; x_wconf 91' lang='lat' dir='ltr'>quoque</span> <span class='ocrx_word' id='word_1_390' title='bbox 597 2774 736 2816; x_wconf 85' lang='lat' dir='ltr'>generis</span> <span class='ocrx_word' id='word_1_391' title='bbox 761 2774 890 2806; x_wconf 91' lang='lat' dir='ltr'>civium</span> <span class='ocrx_word' id='word_1_392' title='bbox 915 2773 1089 2806; x_wconf 89' lang='lat' dir='ltr'>rationem</span> <span class='ocrx_word' id='word_1_393' title='bbox 1111 2774 1172 2806; x_wconf 84' lang='lat' dir='ltr'>ha-</span> 
     </span>
     <span class='ocr_line' id='line_1_41' title="bbox 303 2823 1168 2867; baseline -0.002 -7"><span class='ocrx_word' id='word_1_394' title='bbox 303 2826 441 2860; x_wconf 79' lang='lat' dir='ltr'>beret.»</span> <span class='ocrx_word' id='word_1_395' title='bbox 465 2842 498 2849; x_wconf 90' lang='lat'><em>-</em></span> <span class='ocrx_word' id='word_1_396' title='bbox 518 2825 606 2867; x_wconf 73' lang='lat' dir='ltr'>toya]</span> <span class='ocrx_word' id='word_1_397' title='bbox 626 2825 741 2857; x_wconf 89' lang='lat' dir='ltr'>causis</span> <span class='ocrx_word' id='word_1_398' title='bbox 758 2824 915 2866; x_wconf 84' lang='lat' dir='ltr'>agendis.</span> <span class='ocrx_word' id='word_1_399' title='bbox 939 2823 1068 2858; x_wconf 89' lang='lat' dir='ltr'>Plinius</span> <span class='ocrx_word' id='word_1_400' title='bbox 1081 2825 1168 2867; x_wconf 88' lang='lat' dir='ltr'>Epp.</span> 
     </span>
     <span class='ocr_line' id='line_1_42' title="bbox 304 2876 1168 2919; baseline -0.006 -7"><span class='ocrx_word' id='word_1_401' title='bbox 304 2879 338 2919; x_wconf 88' lang='grc'>4,</span> <span class='ocrx_word' id='word_1_402' title='bbox 362 2878 421 2918; x_wconf 91' lang='grc'>22,</span> <span class='ocrx_word' id='word_1_403' title='bbox 453 2877 493 2909; x_wconf 87' lang='lat'>6:</span> <span class='ocrx_word' id='word_1_404' title='bbox 528 2876 563 2907; x_wconf 83' lang='lat' dir='ltr'>in</span> <span class='ocrx_word' id='word_1_405' title='bbox 594 2879 673 2918; x_wconf 64' lang='lat' dir='ltr'>toga</span> <span class='ocrx_word' id='word_1_406' title='bbox 700 2877 903 2918; x_wconf 63' lang='lat' dir='ltr'>negotiisque</span> <span class='ocrx_word' id='word_1_407' title='bbox 928 2878 1084 2908; x_wconf 86' lang='lat' dir='ltr'>versatur</span> <span class='ocrx_word' id='word_1_408' title='bbox 1114 2876 1168 2915; x_wconf 80' lang='lat' dir='ltr'>(T.</span> 
     </span>
     <span class='ocr_line' id='line_1_43' title="bbox 304 2926 1171 2970; baseline -0.005 -8"><span class='ocrx_word' id='word_1_409' title='bbox 304 2927 450 2970; x_wconf 85' lang='lat' dir='ltr'>Aristo):</span> <span class='ocrx_word' id='word_1_410' title='bbox 486 2926 606 2958; x_wconf 87' lang='lat' dir='ltr'>multos</span> <span class='ocrx_word' id='word_1_411' title='bbox 636 2927 869 2966; x_wconf 85' lang='lat' dir='ltr'>advocatione,</span> <span class='ocrx_word' id='word_1_412' title='bbox 898 2926 1014 2967; x_wconf 80' lang='lat' dir='ltr'>plures</span> <span class='ocrx_word' id='word_1_413' title='bbox 1035 2926 1171 2958; x_wconf 85' lang='lat' dir='ltr'>consilio</span> 
     </span>
     <span class='ocr_line' id='line_1_44' title="bbox 304 2976 1171 3017; baseline -0.002 -7"><span class='ocrx_word' id='word_1_414' title='bbox 304 2980 410 3010; x_wconf 73' lang='lat' dir='ltr'>iuvat.</span> <span class='ocrx_word' id='word_1_415' title='bbox 429 2993 466 3000; x_wconf 90' lang='lat'><em>—</em></span> <span class='ocrx_word' id='word_1_416' title='bbox 491 2976 687 3017; x_wconf 78' lang='lat' dir='ltr'>enitesceret]</span> <span class='ocrx_word' id='word_1_417' title='bbox 714 2976 764 3009; x_wconf 82' lang='lat' dir='ltr'>Cf.</span> <span class='ocrx_word' id='word_1_418' title='bbox 785 2977 837 3016; x_wconf 84' lang='grc'>42,</span> <span class='ocrx_word' id='word_1_419' title='bbox 854 2976 914 3009; x_wconf 79' lang='lat'>58:</span> <span class='ocrx_word' id='word_1_420' title='bbox 940 2980 1039 3017; x_wconf 84' lang='lat' dir='ltr'>utque</span> <span class='ocrx_word' id='word_1_421' title='bbox 1054 2976 1171 3009; x_wconf 85' lang='lat' dir='ltr'>studiis</span> 
     </span>
     <span class='ocr_line' id='line_1_45' title="bbox 304 3027 1168 3068; baseline -0.003 -6"><span class='ocrx_word' id='word_1_422' title='bbox 304 3028 446 3062; x_wconf 79' lang='lat' dir='ltr'>honestis</span> <span class='ocrx_word' id='word_1_423' title='bbox 477 3030 509 3060; x_wconf 89' lang='lat' dir='ltr'>et</span> <span class='ocrx_word' id='word_1_424' title='bbox 537 3027 740 3067; x_wconf 70' lang='lat' dir='ltr'>eloquentiae</span> <span class='ocrx_word' id='word_1_425' title='bbox 765 3027 876 3068; x_wconf 66' lang='lat' dir='ltr'>gloria</span> <span class='ocrx_word' id='word_1_426' title='bbox 907 3029 1104 3060; x_wconf 79' lang='lat' dir='ltr'>enitesceret.</span> <span class='ocrx_word' id='word_1_427' title='bbox 1133 3045 1168 3051; x_wconf 94' lang='lat'>—</span> 
     </span>
     <span class='ocr_line' id='line_1_46' title="bbox 305 3076 1171 3119; baseline -0.002 -8"><span class='ocrx_word' id='word_1_428' title='bbox 305 3079 394 3111; x_wconf 84' lang='lat' dir='ltr'>haud</span> <span class='ocrx_word' id='word_1_429' title='bbox 414 3076 553 3119; x_wconf 79' lang='lat' dir='ltr'>frustra]</span> <span class='ocrx_word' id='word_1_430' title='bbox 577 3085 647 3109; x_wconf 91' lang='lat' dir='ltr'>non</span> <span class='ocrx_word' id='word_1_431' title='bbox 670 3077 829 3115; x_wconf 89' lang='lat' dir='ltr'>temere,</span> <span class='ocrx_word' id='word_1_432' title='bbox 852 3085 921 3109; x_wconf 90' lang='lat' dir='ltr'>non</span> <span class='ocrx_word' id='word_1_433' title='bbox 945 3078 1020 3110; x_wconf 89' lang='lat' dir='ltr'>sine</span> <span class='ocrx_word' id='word_1_434' title='bbox 1044 3076 1171 3109; x_wconf 86' lang='lat' dir='ltr'>idonea</span> 
     </span>
     <span class='ocr_line' id='line_1_47' title="bbox 305 3126 1173 3167; baseline -0.002 -5"><span class='ocrx_word' id='word_1_435' title='bbox 305 3130 452 3162; x_wconf 85' lang='lat' dir='ltr'>ratione.</span> <span class='ocrx_word' id='word_1_436' title='bbox 481 3145 517 3151; x_wconf 93' lang='lat'><em>-</em></span> <span class='ocrx_word' id='word_1_437' title='bbox 543 3128 628 3160; x_wconf 83' lang='lat' dir='ltr'>dena</span> <span class='ocrx_word' id='word_1_438' title='bbox 650 3126 809 3167; x_wconf 84' lang='lat' dir='ltr'>sestertia]</span> <span class='ocrx_word' id='word_1_439' title='bbox 828 3126 989 3160; x_wconf 86' lang='lat' dir='ltr'>Similiter</span> <span class='ocrx_word' id='word_1_440' title='bbox 1003 3127 1071 3161; x_wconf 87' lang='lat' dir='ltr'>sub</span> <span class='ocrx_word' id='word_1_441' title='bbox 1088 3128 1173 3160; x_wconf 85' lang='lat' dir='ltr'>Tra-</span> 
     </span>
     <span class='ocr_line' id='line_1_48' title="bbox 307 3177 1172 3221; baseline -0.003 -8"><span class='ocrx_word' id='word_1_442' title='bbox 307 3181 385 3213; x_wconf 90' lang='lat' dir='ltr'>iano</span> <span class='ocrx_word' id='word_1_443' title='bbox 404 3180 552 3221; x_wconf 80' lang='lat' dir='ltr'>peractis</span> <span class='ocrx_word' id='word_1_444' title='bbox 568 3178 707 3220; x_wconf 65' lang='lat' dir='ltr'>negotiis</span> <span class='ocrx_word' id='word_1_445' title='bbox 725 3177 978 3218; x_wconf 81' lang='lat' dir='ltr'>permittebatur</span> <span class='ocrx_word' id='word_1_446' title='bbox 994 3179 1172 3219; x_wconf 77' lang='lat' dir='ltr'>pecuniam</span> 
     </span>
     <span class='ocr_line' id='line_1_49' title="bbox 307 3227 1169 3269; baseline -0.002 -6"><span class='ocrx_word' id='word_1_447' title='bbox 307 3231 486 3263; x_wconf 74' lang='lat' dir='ltr'>dumtaoeat</span> <span class='ocrx_word' id='word_1_448' title='bbox 519 3230 628 3263; x_wconf 79' lang='lat' dir='ltr'>decem</span> <span class='ocrx_word' id='word_1_449' title='bbox 658 3228 788 3261; x_wconf 88' lang='lat' dir='ltr'>milium</span> <span class='ocrx_word' id='word_1_450' title='bbox 821 3227 904 3260; x_wconf 83' lang='lat' dir='ltr'>dare</span> <span class='ocrx_word' id='word_1_451' title='bbox 939 3227 1169 3269; x_wconf 87' lang='lat' dir='ltr'>(advocatis),</span> 
     </span>
     <span class='ocr_line' id='line_1_50' title="bbox 308 3278 911 3322; baseline -0.003 -9"><span class='ocrx_word' id='word_1_452' title='bbox 308 3282 396 3313; x_wconf 81' lang='lat' dir='ltr'>teste</span> <span class='ocrx_word' id='word_1_453' title='bbox 421 3280 528 3313; x_wconf 89' lang='lat' dir='ltr'>Plinio</span> <span class='ocrx_word' id='word_1_454' title='bbox 555 3281 642 3322; x_wconf 87' lang='lat' dir='ltr'>Epp.</span> <span class='ocrx_word' id='word_1_455' title='bbox 667 3280 701 3320; x_wconf 81' lang='lat'>5,</span> <span class='ocrx_word' id='word_1_456' title='bbox 726 3279 746 3311; x_wconf 84' lang='lat'>9</span> <span class='ocrx_word' id='word_1_457' title='bbox 770 3279 853 3320; x_wconf 88' lang='grc'>(24),</span> <span class='ocrx_word' id='word_1_458' title='bbox 879 3278 911 3312; x_wconf 73' lang='grc'>4.</span> 
     </span>
    </p>

    <p class='ocr_par' dir='ltr' id='par_1_11' title="bbox 309 3324 1173 3478">
     <span class='ocr_line' id='line_1_51' title="bbox 351 3324 1172 3375; baseline -0.002 -13"><span class='ocrx_word' id='word_1_459' title='bbox 351 3330 382 3363; x_wconf 90' lang='lat'>8.</span> <span class='ocrx_word' id='word_1_460' title='bbox 407 3331 614 3364; x_wconf 81' lang='lat' dir='ltr'>Mithridates</span> <span class='ocrx_word' id='word_1_461' title='bbox 629 3347 677 3353; x_wconf 96' lang='lat'>--</span> <span class='ocrx_word' id='word_1_462' title='bbox 692 3327 865 3370; x_wconf 84' lang='lat' dir='ltr'>remeavit]</span> <span class='ocrx_word' id='word_1_463' title='bbox 891 3324 965 3360; x_wconf 86' lang='grc' dir='ltr'>Τὸν</span> <span class='ocrx_word' id='word_1_464' title='bbox 987 3326 1172 3375; x_wconf 78' lang='grc' dir='ltr'><em>Μιθριδά-</em></span> 
     </span>
     <span class='ocr_line' id='line_1_52' title="bbox 309 3374 1173 3427; baseline -0.002 -14"><span class='ocrx_word' id='word_1_465' title='bbox 309 3389 378 3423; x_wconf 81' lang='grc' dir='ltr'>την</span> <span class='ocrx_word' id='word_1_466' title='bbox 401 3377 468 3414; x_wconf 82' lang='grc' dir='ltr'>τὸν</span> <span class='ocrx_word' id='word_1_467' title='bbox 480 3376 633 3427; x_wconf 75' lang='grc' dir='ltr'><em>Ἴβηρα,</em></span> <span class='ocrx_word' id='word_1_468' title='bbox 666 3375 711 3413; x_wconf 84' lang='grc' dir='ltr'>ὃν</span> <span class='ocrx_word' id='word_1_469' title='bbox 734 3374 756 3412; x_wconf 84' lang='grc' dir='ltr'>ὁ</span> <span class='ocrx_word' id='word_1_470' title='bbox 777 3376 892 3419; x_wconf 85' lang='grc' dir='ltr'><em>Γάϊος</em></span> <span class='ocrx_word' id='word_1_471' title='bbox 914 3378 1173 3422; x_wconf 79' lang='grc' dir='ltr'><em>μεταπεμψά-</em></span> 
     </span>
     <span class='ocr_line' id='line_1_53' title="bbox 309 3424 1173 3478; baseline -0.002 -15"><span class='ocrx_word' id='word_1_472' title='bbox 309 3439 426 3474; x_wconf 85' lang='grc' dir='ltr'><em>μενος</em></span> <span class='ocrx_word' id='word_1_473' title='bbox 441 3428 612 3473; x_wconf 78' lang='grc' dir='ltr'><em>ἐδεδέκει,</em></span> <span class='ocrx_word' id='word_1_474' title='bbox 637 3428 767 3464; x_wconf 78' lang='grc' dir='ltr'><em>οἴκαδε</em></span> <span class='ocrx_word' id='word_1_475' title='bbox 782 3426 876 3478; x_wconf 76' lang='grc' dir='ltr'><em>πρὸς</em></span> <span class='ocrx_word' id='word_1_476' title='bbox 890 3424 1089 3473; x_wconf 77' lang='grc' dir='ltr'><em>ἀνάληψιν</em></span> <span class='ocrx_word' id='word_1_477' title='bbox 1104 3428 1173 3472; x_wconf 78' lang='grc' dir='ltr'>τῆς</span> 
     </span>
    </p>
   </div>
   <div class='ocr_carea' id='block_1_10' title="bbox 1217 2316 2088 3474">
    <p class='ocr_par' dir='ltr' id='par_1_12' title="bbox 1217 2316 2088 3474">
     <span class='ocr_line' id='line_1_54' title="bbox 1218 2316 2086 2361; baseline -0.003 -8"><span class='ocrx_word' id='word_1_478' title='bbox 1218 2319 1286 2352; x_wconf 90' lang='lat' dir='ltr'>bus</span> <span class='ocrx_word' id='word_1_479' title='bbox 1309 2319 1507 2361; x_wconf 89' lang='lat' dir='ltr'>descriptae</span> <span class='ocrx_word' id='word_1_480' title='bbox 1537 2327 1596 2352; x_wconf 88' lang='lat' dir='ltr'>res</span> <span class='ocrx_word' id='word_1_481' title='bbox 1620 2319 1704 2351; x_wconf 87' lang='lat' dir='ltr'>Gaii.</span> <span class='ocrx_word' id='word_1_482' title='bbox 1732 2333 1769 2342; x_wconf 91' lang='lat'><em>-</em></span> <span class='ocrx_word' id='word_1_483' title='bbox 1801 2316 1974 2359; x_wconf 80' lang='lat' dir='ltr'>Gotarzis]</span> <span class='ocrx_word' id='word_1_484' title='bbox 2010 2317 2086 2350; x_wconf 79' lang='lat' dir='ltr'>sive</span> 
     </span>
     <span class='ocr_line' id='line_1_55' title="bbox 1218 2367 2088 2412; baseline -0.005 -8"><span class='ocrx_word' id='word_1_485' title='bbox 1218 2371 1357 2404; x_wconf 90' lang='lat' dir='ltr'>Arsacis</span> <span class='ocrx_word' id='word_1_486' title='bbox 1386 2371 1471 2403; x_wconf 87' lang='lat' dir='ltr'>XXI.</span> <span class='ocrx_word' id='word_1_487' title='bbox 1508 2371 1547 2403; x_wconf 92' lang='lat' dir='ltr'>In</span> <span class='ocrx_word' id='word_1_488' title='bbox 1578 2378 1724 2403; x_wconf 89' lang='lat' dir='ltr'>nummo</span> <span class='ocrx_word' id='word_1_489' title='bbox 1752 2368 1849 2412; x_wconf 91' lang='lat' dir='ltr'>apud</span> <span class='ocrx_word' id='word_1_490' title='bbox 1869 2367 2088 2402; x_wconf 84' lang='lat' dir='ltr'>viscontium</span> 
     </span>
     <span class='ocr_line' id='line_1_56' title="bbox 1217 2417 2084 2463; baseline -0.002 -10"><span class='ocrx_word' id='word_1_491' title='bbox 1217 2421 1368 2463; x_wconf 70' lang='lat' dir='ltr'>Iconoqr.</span> <span class='ocrx_word' id='word_1_492' title='bbox 1392 2429 1446 2462; x_wconf 72' lang='lat' dir='ltr'>qr.</span> <span class='ocrx_word' id='word_1_493' title='bbox 1467 2421 1532 2460; x_wconf 89' lang='lat'>111,</span> <span class='ocrx_word' id='word_1_494' title='bbox 1558 2429 1593 2462; x_wconf 91' lang='lat' dir='ltr'>p.</span> <span class='ocrx_word' id='word_1_495' title='bbox 1611 2420 1675 2453; x_wconf 89' lang='grc'>406</span> <span class='ocrx_word' id='word_1_496' title='bbox 1699 2420 1754 2452; x_wconf 88' lang='lat' dir='ltr'>est</span> <span class='ocrx_word' id='word_1_497' title='bbox 1775 2417 2028 2452; x_wconf 84' lang='grc' dir='ltr'><strong>ΓΟΤΕΡΖΗΣ.</strong></span> <span class='ocrx_word' id='word_1_498' title='bbox 2046 2435 2084 2441; x_wconf 92' lang='grc'>-</span> 
     </span>
     <span class='ocr_line' id='line_1_57' title="bbox 1217 2469 2086 2515; baseline -0.003 -10"><span class='ocrx_word' id='word_1_499' title='bbox 1217 2471 1400 2515; x_wconf 85' lang='lat' dir='ltr'>Artabano]</span> <span class='ocrx_word' id='word_1_500' title='bbox 1425 2471 1566 2504; x_wconf 88' lang='lat' dir='ltr'>diverso</span> <span class='ocrx_word' id='word_1_501' title='bbox 1590 2479 1610 2504; x_wconf 83' lang='lat' dir='ltr'>a</span> <span class='ocrx_word' id='word_1_502' title='bbox 1632 2479 1716 2513; x_wconf 87' lang='lat' dir='ltr'>rege</span> <span class='ocrx_word' id='word_1_503' title='bbox 1731 2469 1910 2504; x_wconf 84' lang='lat' dir='ltr'>Artabano</span> <span class='ocrx_word' id='word_1_504' title='bbox 1925 2470 1986 2510; x_wconf 87' lang='grc' dir='ltr'>ΙΙΙ,</span> <span class='ocrx_word' id='word_1_505' title='bbox 2010 2469 2086 2502; x_wconf 82' lang='lat' dir='ltr'>sive</span> 
     </span>
     <span class='ocr_line' id='line_1_58' title="bbox 1219 2520 2087 2564; baseline -0.001 -8"><span class='ocrx_word' id='word_1_506' title='bbox 1219 2524 1350 2556; x_wconf 86' lang='lat' dir='ltr'>Arsace</span> <span class='ocrx_word' id='word_1_507' title='bbox 1366 2523 1452 2556; x_wconf 86' lang='lat' dir='ltr'>XIX.</span> <span class='ocrx_word' id='word_1_508' title='bbox 1470 2540 1514 2546; x_wconf 91' lang='lat'><em>-</em></span> <span class='ocrx_word' id='word_1_509' title='bbox 1535 2530 1645 2555; x_wconf 84' lang='lat' dir='ltr'>necem</span> <span class='ocrx_word' id='word_1_510' title='bbox 1659 2539 1678 2545; x_wconf 97' lang='lat'>-</span> <span class='ocrx_word' id='word_1_511' title='bbox 1688 2539 1708 2546; x_wconf 93' lang='lat'>-</span> <span class='ocrx_word' id='word_1_512' title='bbox 1720 2520 1918 2564; x_wconf 81' lang='lat' dir='ltr'>paraverat]</span> <span class='ocrx_word' id='word_1_513' title='bbox 1941 2528 2007 2563; x_wconf 85' lang='lat' dir='ltr'>per</span> <span class='ocrx_word' id='word_1_514' title='bbox 2022 2520 2087 2555; x_wconf 81' lang='lat' dir='ltr'>mi-</span> 
     </span>
     <span class='ocr_line' id='line_1_59' title="bbox 1220 2569 2084 2615; baseline -0.002 -9"><span class='ocrx_word' id='word_1_515' title='bbox 1220 2573 1367 2614; x_wconf 87' lang='lat' dir='ltr'>nistros,</span> <span class='ocrx_word' id='word_1_516' title='bbox 1394 2581 1466 2605; x_wconf 87' lang='lat' dir='ltr'>non</span> <span class='ocrx_word' id='word_1_517' title='bbox 1485 2574 1607 2615; x_wconf 88' lang='lat' dir='ltr'>aperta</span> <span class='ocrx_word' id='word_1_518' title='bbox 1623 2572 1675 2613; x_wconf 89' lang='lat' dir='ltr'>vi,</span> <span class='ocrx_word' id='word_1_519' title='bbox 1699 2573 1739 2604; x_wconf 89' lang='lat' dir='ltr'>ut</span> <span class='ocrx_word' id='word_1_520' title='bbox 1751 2571 1902 2604; x_wconf 86' lang='lat' dir='ltr'>videtur.</span> <span class='ocrx_word' id='word_1_521' title='bbox 1927 2569 1978 2603; x_wconf 79' lang='lat' dir='ltr'>Cf.</span> <span class='ocrx_word' id='word_1_522' title='bbox 1995 2570 2084 2604; x_wconf 78' lang='lat' dir='ltr'>nist.</span> 
     </span>
     <span class='ocr_line' id='line_1_60' title="bbox 1219 2619 2088 2664; baseline -0.001 -8"><span class='ocrx_word' id='word_1_523' title='bbox 1219 2624 1258 2663; x_wconf 80' lang='grc'>2,</span> <span class='ocrx_word' id='word_1_524' title='bbox 1284 2622 1345 2655; x_wconf 89' lang='lat'>85:</span> <span class='ocrx_word' id='word_1_525' title='bbox 1369 2622 1437 2655; x_wconf 84' lang='lat' dir='ltr'>vim</span> <span class='ocrx_word' id='word_1_526' title='bbox 1451 2622 1636 2664; x_wconf 81' lang='lat' dir='ltr'>parabant.</span> <span class='ocrx_word' id='word_1_527' title='bbox 1657 2639 1694 2645; x_wconf 91' lang='lat'>-—</span> <span class='ocrx_word' id='word_1_528' title='bbox 1722 2619 1910 2664; x_wconf 83' lang='lat' dir='ltr'>Vardanen]</span> <span class='ocrx_word' id='word_1_529' title='bbox 1930 2621 2088 2655; x_wconf 79' lang='lat' dir='ltr'>Arsacen</span> 
     </span>
     <span class='ocr_line' id='line_1_61' title="bbox 1218 2671 2087 2714; baseline 0 -8"><span class='ocrx_word' id='word_1_530' title='bbox 1218 2674 1296 2714; x_wconf 89' lang='lat' dir='ltr'>XX,</span> <span class='ocrx_word' id='word_1_531' title='bbox 1321 2673 1487 2706; x_wconf 85' lang='lat' dir='ltr'>Artabani</span> <span class='ocrx_word' id='word_1_532' title='bbox 1502 2674 1547 2706; x_wconf 90' lang='lat'>111</span> <span class='ocrx_word' id='word_1_533' title='bbox 1562 2672 1684 2706; x_wconf 87' lang='lat' dir='ltr'>filium.</span> <span class='ocrx_word' id='word_1_534' title='bbox 1701 2672 1890 2706; x_wconf 74' lang='lat' dir='ltr'>Historiam</span> <span class='ocrx_word' id='word_1_535' title='bbox 1906 2671 1982 2705; x_wconf 85' lang='lat' dir='ltr'>eius</span> <span class='ocrx_word' id='word_1_536' title='bbox 1993 2673 2087 2706; x_wconf 86' lang='lat' dir='ltr'>Lon-</span> 
     </span>
     <span class='ocr_line' id='line_1_62' title="bbox 1220 2721 2085 2765; baseline 0 -9"><span class='ocrx_word' id='word_1_537' title='bbox 1220 2732 1417 2765; x_wconf 82' lang='lat' dir='ltr'>guerueum</span> <span class='ocrx_word' id='word_1_538' title='bbox 1450 2724 1594 2756; x_wconf 85' lang='lat' dir='ltr'>secutus</span> <span class='ocrx_word' id='word_1_539' title='bbox 1623 2722 1823 2755; x_wconf 79' lang='lat' dir='ltr'>viscontius</span> <span class='ocrx_word' id='word_1_540' title='bbox 1851 2721 2004 2764; x_wconf 72' lang='lat' dir='ltr'>Iwnoar.</span> <span class='ocrx_word' id='word_1_541' title='bbox 2030 2731 2085 2764; x_wconf 69' lang='lat' dir='ltr'>ar.</span> 
     </span>
     <span class='ocr_line' id='line_1_63' title="bbox 1219 2771 2087 2816; baseline 0 -10"><span class='ocrx_word' id='word_1_542' title='bbox 1219 2774 1282 2813; x_wconf 88' lang='lat' dir='ltr'>lu,</span> <span class='ocrx_word' id='word_1_543' title='bbox 1306 2782 1342 2816; x_wconf 91' lang='lat' dir='ltr'>p.</span> <span class='ocrx_word' id='word_1_544' title='bbox 1369 2773 1431 2806; x_wconf 87' lang='grc'>402</span> <span class='ocrx_word' id='word_1_545' title='bbox 1464 2773 1665 2815; x_wconf 87' lang='lat' dir='ltr'>composuit</span> <span class='ocrx_word' id='word_1_546' title='bbox 1693 2781 1738 2805; x_wconf 85' lang='lat' dir='ltr'>ex</span> <span class='ocrx_word' id='word_1_547' title='bbox 1766 2771 1902 2812; x_wconf 89' lang='lat' dir='ltr'>Tacito,</span> <span class='ocrx_word' id='word_1_548' title='bbox 1933 2771 2087 2814; x_wconf 76' lang='lat' dir='ltr'>Iosepho</span> 
     </span>
     <span class='ocr_line' id='line_1_64' title="bbox 1219 2817 2088 2868; baseline 0 -13"><span class='ocrx_word' id='word_1_549' title='bbox 1219 2824 1298 2856; x_wconf 86' lang='lat' dir='ltr'>Ant.</span> <span class='ocrx_word' id='word_1_550' title='bbox 1324 2823 1384 2863; x_wconf 90' lang='grc'>20,</span> <span class='ocrx_word' id='word_1_551' title='bbox 1410 2823 1449 2863; x_wconf 89' lang='lat'>3,</span> <span class='ocrx_word' id='word_1_552' title='bbox 1474 2822 1495 2856; x_wconf 81' lang='lat'><strong>4</strong></span> <span class='ocrx_word' id='word_1_553' title='bbox 1530 2822 1635 2865; x_wconf 77' lang='grc' dir='ltr'><em>(Μετ’</em></span> <span class='ocrx_word' id='word_1_554' title='bbox 1667 2817 1711 2854; x_wconf 84' lang='grc' dir='ltr'>οὗ</span> <span class='ocrx_word' id='word_1_555' title='bbox 1739 2818 1859 2854; x_wconf 81' lang='grc' dir='ltr'><em>πολὺν</em></span> <span class='ocrx_word' id='word_1_556' title='bbox 1881 2819 1923 2854; x_wconf 83' lang='grc' dir='ltr'>δὲ</span> <span class='ocrx_word' id='word_1_557' title='bbox 1944 2818 2088 2868; x_wconf 73' lang='grc' dir='ltr'><em>χρόνον</em></span> 
     </span>
     <span class='ocr_line' id='line_1_65' title="bbox 1221 2868 2088 2919; baseline -0.001 -12"><span class='ocrx_word' id='word_1_558' title='bbox 1221 2874 1312 2916; x_wconf 87' lang='lat' dir='ltr'>[post</span> <span class='ocrx_word' id='word_1_559' title='bbox 1334 2875 1583 2915; x_wconf 89' lang='lat' dir='ltr'>recuperatum</span> <span class='ocrx_word' id='word_1_560' title='bbox 1606 2872 1764 2914; x_wconf 84' lang='lat' dir='ltr'>regnum]</span> <span class='ocrx_word' id='word_1_561' title='bbox 1785 2868 2014 2919; x_wconf 75' lang='grc' dir='ltr'><em>Ἀρτάβανος</em></span> <span class='ocrx_word' id='word_1_562' title='bbox 2028 2881 2088 2907; x_wconf 73' lang='grc' dir='ltr'>τε-</span> 
     </span>
     <span class='ocr_line' id='line_1_66' title="bbox 1220 2919 2087 2971; baseline -0.001 -15"><span class='ocrx_word' id='word_1_563' title='bbox 1220 2922 1353 2968; x_wconf 79' lang='grc' dir='ltr'><em>λευτᾷ,</em></span> <span class='ocrx_word' id='word_1_564' title='bbox 1376 2920 1447 2966; x_wconf 77' lang='grc' dir='ltr'>τὴν</span> <span class='ocrx_word' id='word_1_565' title='bbox 1468 2921 1668 2963; x_wconf 79' lang='grc' dir='ltr'><em>βασιλείαν</em></span> <span class='ocrx_word' id='word_1_566' title='bbox 1690 2920 1742 2967; x_wconf 75' lang='grc' dir='ltr'>τῷ</span> <span class='ocrx_word' id='word_1_567' title='bbox 1766 2921 1870 2956; x_wconf 74' lang='grc' dir='ltr'><em>παιδὶ</em></span> <span class='ocrx_word' id='word_1_568' title='bbox 1885 2919 2087 2971; x_wconf 70' lang='grc' dir='ltr'><em>Οὐαρδάνῃ</em></span> 
     </span>
     <span class='ocr_line' id='line_1_67' title="bbox 1220 2971 2088 3022; baseline 0 -14"><span class='ocrx_word' id='word_1_569' title='bbox 1220 2972 1448 3008; x_wconf 81' lang='grc' dir='ltr'><em>καταλιπών.</em></span> <span class='ocrx_word' id='word_1_570' title='bbox 1470 2993 1505 2998; x_wconf 92' lang='grc'><strong>-</strong></span> <span class='ocrx_word' id='word_1_571' title='bbox 1527 2992 1562 2998; x_wconf 95' lang='grc'><strong>-</strong></span> <span class='ocrx_word' id='word_1_572' title='bbox 1589 2971 1790 3015; x_wconf 83' lang='grc' dir='ltr'><em>Μαθόντες</em></span> <span class='ocrx_word' id='word_1_573' title='bbox 1810 2972 1851 3007; x_wconf 77' lang='grc' dir='ltr'>δὲ</span> <span class='ocrx_word' id='word_1_574' title='bbox 1874 2973 1914 3007; x_wconf 79' lang='grc' dir='ltr'>οἱ</span> <span class='ocrx_word' id='word_1_575' title='bbox 1932 2971 2088 3022; x_wconf 73' lang='grc' dir='ltr'><em>Πάρθοι</em></span> 
     </span>
     <span class='ocr_line' id='line_1_68' title="bbox 1220 3019 2088 3071; baseline 0 -13"><span class='ocrx_word' id='word_1_576' title='bbox 1220 3022 1289 3069; x_wconf 82' lang='grc' dir='ltr'>τὴν</span> <span class='ocrx_word' id='word_1_577' title='bbox 1311 3022 1484 3058; x_wconf 84' lang='grc' dir='ltr'><em>διάνοιαν</em></span> <span class='ocrx_word' id='word_1_578' title='bbox 1504 3020 1746 3071; x_wconf 80' lang='grc' dir='ltr'><em>Οὐαρδάνου,</em></span> <span class='ocrx_word' id='word_1_579' title='bbox 1770 3019 1823 3065; x_wconf 79' lang='grc' dir='ltr'>ὥς</span> <span class='ocrx_word' id='word_1_580' title='bbox 1844 3023 1907 3057; x_wconf 77' lang='grc' dir='ltr'>ἐπὶ</span> <span class='ocrx_word' id='word_1_581' title='bbox 1926 3020 2088 3067; x_wconf 74' lang='grc' dir='ltr'><em>Ῥωμαί-</em></span> 
     </span>
     <span class='ocr_line' id='line_1_69' title="bbox 1221 3070 2088 3124; baseline -0.001 -15"><span class='ocrx_word' id='word_1_582' title='bbox 1221 3087 1273 3109; x_wconf 91' lang='grc' dir='ltr'>ων</span> <span class='ocrx_word' id='word_1_583' title='bbox 1296 3073 1513 3124; x_wconf 75' lang='grc' dir='ltr'><em>στρατεύειν</em></span> <span class='ocrx_word' id='word_1_584' title='bbox 1534 3070 1698 3123; x_wconf 69' lang='grc' dir='ltr'><em>ἰὲκρινεν,</em></span> <span class='ocrx_word' id='word_1_585' title='bbox 1733 3071 1852 3109; x_wconf 79' lang='grc' dir='ltr'><em>αὐτὸν</em></span> <span class='ocrx_word' id='word_1_586' title='bbox 1881 3074 1953 3119; x_wconf 69' lang='grc' dir='ltr'>μὲν</span> <span class='ocrx_word' id='word_1_587' title='bbox 1972 3071 2088 3108; x_wconf 79' lang='grc' dir='ltr'><em>ἀναι-</em></span> 
     </span>
     <span class='ocr_line' id='line_1_70' title="bbox 1221 3122 2085 3175; baseline -0.002 -14"><span class='ocrx_word' id='word_1_588' title='bbox 1221 3126 1351 3175; x_wconf 80' lang='grc' dir='ltr'><em>ροῦσι,</em></span> <span class='ocrx_word' id='word_1_589' title='bbox 1375 3124 1446 3171; x_wconf 77' lang='grc' dir='ltr'>τὴν</span> <span class='ocrx_word' id='word_1_590' title='bbox 1468 3123 1593 3174; x_wconf 78' lang='grc' dir='ltr'><em>ἀρχὴν</em></span> <span class='ocrx_word' id='word_1_591' title='bbox 1615 3125 1656 3160; x_wconf 81' lang='grc' dir='ltr'>δὲ</span> <span class='ocrx_word' id='word_1_592' title='bbox 1678 3124 1730 3171; x_wconf 79' lang='grc' dir='ltr'>τῷ</span> <span class='ocrx_word' id='word_1_593' title='bbox 1749 3122 1901 3170; x_wconf 77' lang='grc' dir='ltr'><em>ἀδελφῷ</em></span> <span class='ocrx_word' id='word_1_594' title='bbox 1916 3123 2085 3174; x_wconf 71' lang='grc' dir='ltr'><strong><em>Γοτᾶρζῃ</em></strong></span> 
     </span>
     <span class='ocr_line' id='line_1_71' title="bbox 1222 3171 2084 3226; baseline -0.001 -15"><span class='ocrx_word' id='word_1_595' title='bbox 1222 3171 1465 3226; x_wconf 81' lang='grc' dir='ltr'><em>παρέδοσαν.)</em></span> <span class='ocrx_word' id='word_1_596' title='bbox 1487 3181 1593 3220; x_wconf 87' lang='lat' dir='ltr'>atque</span> <span class='ocrx_word' id='word_1_597' title='bbox 1616 3177 1822 3211; x_wconf 80' lang='lat' dir='ltr'>Philostrato</span> <span class='ocrx_word' id='word_1_598' title='bbox 1837 3177 1904 3211; x_wconf 85' lang='lat' dir='ltr'>Vit.</span> <span class='ocrx_word' id='word_1_599' title='bbox 1922 3175 2034 3219; x_wconf 82' lang='lat' dir='ltr'>Apoll.</span> <span class='ocrx_word' id='word_1_600' title='bbox 2051 3178 2084 3218; x_wconf 84' lang='grc'>4,</span> 
     </span>
     <span class='ocr_line' id='line_1_72' title="bbox 1221 3226 2086 3271; baseline -0.001 -9"><span class='ocrx_word' id='word_1_601' title='bbox 1221 3230 1258 3262; x_wconf 88' lang='grc'>24</span> <span class='ocrx_word' id='word_1_602' title='bbox 1287 3238 1389 3271; x_wconf 90' lang='lat' dir='ltr'>seqq.</span> <span class='ocrx_word' id='word_1_603' title='bbox 1409 3246 1445 3252; x_wconf 93' lang='lat'>—</span> <span class='ocrx_word' id='word_1_604' title='bbox 1470 3229 1539 3262; x_wconf 86' lang='lat' dir='ltr'>tria</span> <span class='ocrx_word' id='word_1_605' title='bbox 1558 3228 1665 3270; x_wconf 83' lang='lat' dir='ltr'>milia]</span> <span class='ocrx_word' id='word_1_606' title='bbox 1689 3228 1750 3261; x_wconf 88' lang='lat' dir='ltr'>Est</span> <span class='ocrx_word' id='word_1_607' title='bbox 1767 3228 1892 3269; x_wconf 83' lang='lat' dir='ltr'>ingens</span> <span class='ocrx_word' id='word_1_608' title='bbox 1907 3234 2035 3260; x_wconf 81' lang='lat' dir='ltr'>cursus</span> <span class='ocrx_word' id='word_1_609' title='bbox 2049 3226 2086 3261; x_wconf 91' lang='lat' dir='ltr'>in</span> 
     </span>
     <span class='ocr_line' id='line_1_73' title="bbox 1221 3276 2086 3318; baseline -0.002 -7"><span class='ocrx_word' id='word_1_610' title='bbox 1221 3278 1348 3317; x_wconf 87' lang='lat' dir='ltr'>biduo;</span> <span class='ocrx_word' id='word_1_611' title='bbox 1385 3278 1450 3311; x_wconf 89' lang='lat' dir='ltr'>sed</span> <span class='ocrx_word' id='word_1_612' title='bbox 1473 3279 1596 3311; x_wconf 88' lang='lat' dir='ltr'>noctes</span> <span class='ocrx_word' id='word_1_613' title='bbox 1618 3277 1713 3311; x_wconf 90' lang='lat' dir='ltr'>haud</span> <span class='ocrx_word' id='word_1_614' title='bbox 1735 3276 1842 3310; x_wconf 88' lang='lat' dir='ltr'>dubie</span> <span class='ocrx_word' id='word_1_615' title='bbox 1866 3277 2086 3318; x_wconf 78' lang='lat' dir='ltr'>assumptae.</span> 
     </span>
     <span class='ocr_line' id='line_1_74' title="bbox 1221 3325 2087 3371; baseline -0.002 -10"><span class='ocrx_word' id='word_1_616' title='bbox 1221 3329 1364 3362; x_wconf 83' lang='lat' dir='ltr'>Faciunt</span> <span class='ocrx_word' id='word_1_617' title='bbox 1382 3330 1540 3362; x_wconf 83' lang='lat' dir='ltr'>trecenta</span> <span class='ocrx_word' id='word_1_618' title='bbox 1559 3328 1778 3371; x_wconf 85' lang='lat' dir='ltr'>septuaginta</span> <span class='ocrx_word' id='word_1_619' title='bbox 1793 3327 1948 3369; x_wconf 88' lang='lat' dir='ltr'>quinque</span> <span class='ocrx_word' id='word_1_620' title='bbox 1972 3325 2087 3360; x_wconf 81' lang='lat' dir='ltr'>milia-</span> 
     </span>
     <span class='ocr_line' id='line_1_75' title="bbox 1221 3376 2087 3420; baseline -0.001 -7"><span class='ocrx_word' id='word_1_621' title='bbox 1221 3380 1271 3412; x_wconf 88' lang='lat' dir='ltr'>ria</span> <span class='ocrx_word' id='word_1_622' title='bbox 1294 3381 1460 3413; x_wconf 86' lang='lat' dir='ltr'>Romana.</span> <span class='ocrx_word' id='word_1_623' title='bbox 1486 3381 1573 3413; x_wconf 69' lang='lat' dir='ltr'>Lips.</span> <span class='ocrx_word' id='word_1_624' title='bbox 1606 3379 1706 3412; x_wconf 88' lang='lat' dir='ltr'>Idem</span> <span class='ocrx_word' id='word_1_625' title='bbox 1727 3377 1773 3411; x_wconf 87' lang='lat' dir='ltr'>de</span> <span class='ocrx_word' id='word_1_626' title='bbox 1788 3376 1991 3412; x_wconf 75' lang='lat' dir='ltr'>Hannibalis</span> <span class='ocrx_word' id='word_1_627' title='bbox 2006 3376 2087 3420; x_wconf 71' lang='lat' dir='ltr'>fuga</span> 
     </span>
     <span class='ocr_line' id='line_1_76' title="bbox 1220 3428 2085 3474; baseline -0.002 -10"><span class='ocrx_word' id='word_1_628' title='bbox 1220 3431 1301 3474; x_wconf 89' lang='lat' dir='ltr'>post</span> <span class='ocrx_word' id='word_1_629' title='bbox 1332 3439 1487 3474; x_wconf 86' lang='lat' dir='ltr'>pugnam</span> <span class='ocrx_word' id='word_1_630' title='bbox 1520 3430 1566 3464; x_wconf 89' lang='lat' dir='ltr'>ad</span> <span class='ocrx_word' id='word_1_631' title='bbox 1598 3431 1742 3463; x_wconf 88' lang='lat' dir='ltr'>Zamam</span> <span class='ocrx_word' id='word_1_632' title='bbox 1771 3428 1877 3462; x_wconf 82' lang='lat' dir='ltr'>tradit</span> <span class='ocrx_word' id='word_1_633' title='bbox 1905 3428 2085 3472; x_wconf 76' lang='lat' dir='ltr'>Appianas</span> 
     </span>
    </p>
   </div>
   <div class='ocr_carea' id='block_1_11' title="bbox 2182 2271 2254 3770">
    <p class='ocr_par' dir='ltr' id='par_1_13' title="bbox 2182 2271 2254 3770">
     <span class='ocr_line' id='line_1_77' title="bbox 2182 2271 2254 3770; baseline 0 0"><span class='ocrx_word' id='word_1_634' title='bbox 2182 2271 2254 3770; x_wconf 95' lang='lat' dir='ltr'> </span> 
     </span>
    </p>
   </div>
  </div>
 </body>
</html>
