2254 3770
281 275 364 319 278
450 279 453 282 '
771 276 816 319 Ρ.
849 273 1099 319 CORNELII
1128 274 1298 319 TACITI
1327 274 1596 320 ANNALIUM

281 381 581 433 Maecenatem,
614 380 828 441 equestris
849 379 1022 430 ordinis,
1056 380 1219 425 cunetis
1249 380 1364 438 apud
1394 382 1570 425 Romam
1599 388 1727 441 atque
1756 383 1918 427 Italiam
1943 396 2071 442 prae-

281 457 437 515 posuit.
469 471 568 501 mox
596 471 742 500 rerum
763 455 923 514 potitus
943 455 999 499 ob
1021 454 1353 513 magnitudinem
1374 456 1521 514 populi
1543 470 1594 501 ac
1614 457 1733 514 tarda
1754 458 1897 517 legum
1915 459 2072 504 auxilia

282 532 463 590 sumpsit
493 546 516 575 e
547 531 844 576 consularibus
865 531 940 589 qui
965 536 1188 576 coerceret
1206 531 1378 575 servitia
1399 538 1442 575 et
1461 531 1579 590 quod
1599 533 1755 576 civium
1775 533 1955 578 audacia
1983 541 2072 578 tur-

282 607 442 656 bidum,
474 607 556 651 nisi
585 608 672 650 vim
701 612 872 650 metuat.
903 607 1154 665 primusque
1185 605 1367 650 Messala
1388 606 1596 651 Corvinus
1626 621 1721 652 eam
1750 615 2003 666 potestatem
2030 616 2074 654 et

250 696 444 742 spaucos
474 683 582 726 intra
612 681 706 725 dies
734 681 865 725 finem
895 683 1077 740 accepit,
1120 678 1243 740 quasi
1284 682 1456 725 nescius
1495 683 1743 736 exercendi,
1785 692 1872 727 tum
1909 685 2077 728 Taurus

283 757 482 808 Statilius,
515 771 776 816 quamquam
807 765 1011 815 provecta
1040 764 1189 807 aetate,
1222 757 1393 814 egregie
1426 757 1638 810 toleravit;
1670 758 1769 802 dein
1799 759 1896 803 Piso
1926 759 2072 817 viginti

281 847 359 892 per
389 847 524 876 annos
555 833 714 891 pariter
744 833 966 891 probatus,
1005 832 1177 891 publico
1211 832 1360 876 funere
1391 846 1445 875 ex
1474 832 1648 877 decreto
1678 841 1852 878 senatus
1882 833 2074 879 celebra-

279 916 348 952 tus
378 915 455 952 est.

394 983 476 1041 (42)
507 983 701 1028 Relatum
731 983 830 1027 inde
861 983 914 1027 ad
945 991 1090 1041 patres
1121 997 1146 1027 a
1176 982 1455 1036 Quintiliano,
1486 984 1655 1028 tribuno
1687 984 1847 1042 plebei,
1879 984 1934 1028 de
1965 985 2075 1029 libro

231 1074 267 1104 ιο
282 1058 483 1109 Sibullae,
515 1073 645 1117 quem
668 1059 870 1103 Caninius
892 1058 1035 1102 Gallus
1057 1058 1368 1117 quindecimvir
1398 1060 1529 1117 recipi
1561 1060 1670 1103 inter
1689 1067 1858 1104 ceteros
1878 1060 2075 1105 eiusdem

281 1135 389 1178 vatis
419 1142 462 1178 et
491 1148 543 1178 ea
574 1134 629 1178 de
659 1148 706 1178 re
737 1141 911 1178 senatus
942 1133 1180 1178 consultum
1210 1133 1512 1192 postulaverat.
1548 1149 1635 1193 quo
1665 1149 1744 1194 per
1763 1135 2075 1180 discessionem

281 1210 390 1254 facto
421 1209 537 1253 misit
565 1209 726 1253 litteras
759 1210 936 1260 Caesar,
968 1209 1137 1253 modice
1167 1209 1383 1253 tribunum
1413 1210 1659 1268 increpans,
1692 1211 1884 1268 ignarum
1913 1212 2073 1270 antiqui

281 1287 412 1330 moris
443 1286 498 1330 ob
530 1286 764 1329 iuventam:
798 1284 917 1329 Gallo
948 1285 1234 1343 exprobrabat
1258 1285 1375 1342 quod
1406 1285 1608 1345 scientiae
1630 1286 2074 1345 caerimoniarumque
2112 1314 2115 1316 -

282 1369 405 1406 vetus
436 1361 598 1405 incerto
620 1368 807 1411 auctore,
840 1367 937 1404 ante
958 1360 1212 1404 sententiam
1235 1359 1415 1418 collegii,
1448 1374 1544 1412 non,
1577 1367 1623 1404 ut
1651 1361 1828 1411 adsolet,
1859 1361 1971 1406 lecto
1997 1375 2076 1420 per

348 1488 380 1521 6.
404 1487 534 1530 viginti]
559 1486 744 1528 quindecim
766 1486 960 1520 Ernestius.
983 1505 1016 1510 -
1045 1488 1076 1519 7.
1096 1486 1270 1528 probatus.
1293 1486 1425 1528 publico
1449 1486 1671 1520 Doederlein.
1694 1504 1728 1511 -—
1756 1487 1809 1520 40.
1835 1488 2077 1528 quindecimvir

282 1543 494 1577 Beroaldus:
527 1543 829 1587 quindecimuirum
851 1545 901 1584 M,
931 1545 1030 1577 euius
1054 1543 1244 1577 lectionem
1267 1545 1327 1586 qui
1351 1543 1612 1586 amplectuntur
1635 1544 1819 1577 conferunt
1843 1545 1928 1578 Hist.
1955 1545 1986 1585 4,
2013 1545 2072 1578 34τ

282 1601 493 1633 tribunorum
521 1600 680 1633 Subrium
710 1603 741 1632 et
765 1600 910 1633 Cetrium
938 1601 1058 1633 milites
1085 1601 1197 1633 adorti
1223 1601 1309 1639 cet.;
1348 1601 1447 1633 cuius
1471 1600 1538 1633 loci
1561 1600 1627 1633 alia
1650 1602 1738 1633 ratio
1762 1603 1827 1634 est.
1867 1619 1903 1624 —
1940 1600 1992 1634 tt.
2013 1610 2077 1642 per

281 1657 500 1699 maqistratus
522 1655 780 1690 Weissenborn
804 1655 882 1689 coll.
910 1657 984 1690 Liv.
1008 1656 1062 1697 40,
1087 1657 1142 1690 29.

283 1762 365 1805 cet.]
391 1762 442 1795 Cf.
459 1760 482 1794 l.
501 1763 521 1794 2
546 1761 623 1803 §33
642 1762 684 1794 D.
711 1761 755 1794 de
780 1761 913 1803 origine
937 1762 1022 1795 iuris
1040 1763 1083 1802 (4,
1100 1762 1150 1804 2):
1205 1762 1456 1796 describuntur
1485 1762 1530 1795 ab
1559 1761 1702 1805 Ulpiano
1734 1762 1755 1795 l.
1784 1765 1796 1796 4
1825 1764 1865 1796 D.
1892 1763 1938 1797 de
1961 1763 2076 1797 officio

282 1816 312 1846 et
333 1813 414 1845 haec
437 1812 567 1852 omnia,
594 1812 719 1852 quoties
740 1812 776 1843 in
796 1812 967 1852 republica
980 1816 1057 1844 sunt
1078 1822 1154 1844 ma-

281 1864 458 1905 9istratus,
489 1862 727 1901 observantem·
759 1862 884 1902 quoties
912 1866 1024 1895 autem
1047 1864 1154 1904 profi-

281 1914 469 1953 ciscuntur,
500 1921 586 1945 unus
607 1913 810 1953 relinquitur
832 1912 890 1953 qui
911 1913 963 1945 ius
985 1914 1093 1945 dicat:
1127 1914 1155 1945 is

281 1966 423 1995 vocatur
448 1962 639 2003 praefectus
660 1962 747 1994 urbi.
783 1963 846 2002 Qui
865 1963 1054 2004 praefectus
1076 1963 1154 1995 olim

282 2013 557 2053 constituebatur,
587 2016 701 2053 postea
729 2012 797 2053 sere
823 2012 1025 2045 Latinarum
1046 2013 1152 2054 feria-

280 2073 358 2097 rum
380 2072 483 2096 causa
504 2062 714 2095 introductus
735 2066 782 2095 est
804 2066 834 2095 et
850 2065 1027 2103 quotannis
1043 2064 1154 2096 obser-

279 2119 392 2148 vatur.
415 2132 451 2138 —
474 2114 579 2154 ferias
593 2113 742 2154 Latinas]
770 2113 820 2145 Cf.
839 2113 871 2153 4,
891 2113 944 2146 36.
971 2115 1008 2146 Ιῐι
1025 2115 1150 2147 Inscrr.

283 2167 369 2199 Latt.
395 2175 430 2198 n.
449 2165 512 2197 890
537 2166 755 2197 memoratur
777 2165 821 2196 M.
843 2166 1014 2197 Antonius
1031 2165 1153 2197 Antius

281 2217 415 2258 Lupus.
442 2215 501 2257 qui
521 2215 614 2247 inter
628 2213 715 2246 alios
732 2214 886 2247 honores
903 2214 1030 2247 dicitur
1047 2215 1151 2247 etiam

280 2266 425 2299 PRAEF.
453 2266 545 2298 FER.
571 2264 660 2297 ΕΔΤ.
695 2265 953 2297 conservatum
977 2266 1079 2306 igitur
1099 2267 1153 2297 est

281 2317 349 2349 hoc
373 2315 615 2358 praefecturae
637 2313 866 2347 simulacrum
890 2315 1014 2347 saltem
1038 2324 1151 2357 usque

281 2367 325 2399 ad
350 2365 605 2405 Commodum,
634 2373 655 2396 a
678 2373 749 2405 quo
772 2365 895 2397 Antius
920 2365 1152 2408 interemptus

282 2418 347 2449 est.
374 2415 550 2457 Lamprid.
575 2415 607 2447 7.
636 2432 672 2437 —
697 2414 934 2456 Maecenatem]
959 2415 1036 2447 Huc
1060 2415 1153 2448 refer

281 2467 401 2500 Dionis
430 2465 549 2498 locum
572 2465 631 2504 49,
664 2465 705 2497 46
729 2465 774 2497 ad
798 2473 828 2497 a.
855 2474 890 2497 u.
916 2466 998 2498 7⁴8:
1037 2465 1078 2499 ἐν
1099 2464 1151 2509 τῷ

281 2513 384 2560 αὐτῷ
422 2513 544 2559 τούτῳ
582 2510 657 2548 ’ἔτει
696 2510 775 2548 οὔτ’
814 2511 1059 2574 ἀγορανόμος
1096 2526 1153 2557 τις

281 2563 425 2613 ἀπορίᾳ
449 2564 524 2599 τῶν
546 2565 861 2611 αἱρεθησομένων
885 2566 1046 2609 ἐγένετο,
1072 2562 1151 2598 ἀλλ’

282 2618 322 2651 οἱ
350 2617 557 2673 στρατηγοὶ
587 2614 694 2648 οἵτε
716 2614 763 2647 δι’
742 2626 911 2673 ημαργοι
933 2613 980 2648 τὰ
1004 2614 1152 2662 προσή-

280 2669 399 2701 ’κοντα
432 2662 565 2707 αὐτοῖς
598 2663 785 2711 ἐ’πραξαν,
823 2662 912 2699 ου’τε
944 2665 1152 2713 πολίαρχος

281 2718 320 2760 ἐς
353 2715 422 2759 τὰς
455 2713 600 2757 ἀνοχὰς
631 2713 859 2760 ἀπεδείχθη,
895 2713 975 2749 ἀλλ’
1007 2716 1050 2750 ἐκ
1079 2715 1153 2773 τῶν

281 2765 502 2815 στρατηγῶν
538 2766 637 2807 τινὲς
673 2764 721 2799 τὰ
760 2764 1015 2806 ἐπιβάλλοντα
1049 2762 1151 2810 αὐτῷ

279 2816 475 2863 διήγαγον.
522 2815 569 2849 τά
607 2826 648 2849 τε
685 2812 783 2849 ἄλλα
820 2814 867 2849 τὰ
898 2816 938 2850 ἐν
968 2816 1013 2864 τῇ
1046 2799 1154 2850 πόλει

280 2868 327 2916 τῇ
356 2879 396 2902 τε
422 2864 537 2914 λοιπῇ
558 2863 696 2912 Ἰταλίᾳ
718 2865 835 2909 Γάϊός
858 2878 915 2910 τις
938 2866 1065 2901 Macm'
1044 2878 1149 2911 ηνας,

280 2917 380 2967 ἀνὴρ
414 2916 568 2959 ἱππεύς,
605 2918 670 2950 καὶ
708 2915 794 2951 τότε
829 2919 895 2951 καὶ
929 2914 1060 2951 ἒπειτα
1091 2918 1152 2951 ἐπι

282 2968 379 3004 πολὺ
403 2966 603 3013 διῴκησεν.
638 2968 688 3001 Cf.
715 2970 861 3010 Appian.
887 2969 924 3002 B.
951 2970 988 3002 C
1009 2970 1041 3008 5,
1061 2969 1101 3000 99
1118 2971 1154 3000 et

281 3023 357 3056 442.
383 3021 480 3054 Idem
506 3020 568 3053 Dio
587 3019 642 3058 54,
661 3019 680 3051 3
696 3019 741 3051 ad
758 3028 789 3051 a.
809 3028 843 3051 u.
863 3019 945 3052 723.
970 3018 1039 3052 τοῦ
1054 3019 1153 3051 Μαι-

281 3069 422 3115 κήνου,
454 3061 486 3114 ᾦ
514 3066 601 3102 τότε
631 3063 656 3111 ἢ
687 3078 727 3101 τε
749 3065 874 3111 Ῥώμη
898 3069 964 3101 καὶ
987 3065 1011 3112 ἡ
1036 3066 1152 3112 λοιπὴ

274 3119 416 3156 Ἰταλία
448 3120 738 3168 προσετέτακτο.
781 3119 831 3150 Cf.
864 3118 984 3152 Vellei.
1023 3120 1062 3159 2.
1095 3119 1149 3152 88.

281 3174 359 3216 Ipsa
391 3174 510 3204 autem
541 3169 753 3204 Maecenatis
778 3170 933 3210 potestas
955 3178 1151 3210 numquam

282 3222 527 3265 praefecturae
551 3220 709 3252 urbanae
735 3219 876 3250 nomine
900 3219 1060 3258 insignita
1082 3221 1148 3259 est,

283 3274 347 3305 etsi
377 3281 501 3314 reapse
533 3271 661 3304 eadem
690 3268 909 3311 ampliorque
940 3271 1045 3302 etiam
1076 3270 1148 3302 fuit.

283 3323 381 3355 Idem
411 3322 505 3356 valet
533 3322 577 3355 de
607 3321 780 3363 Agrippae
810 3317 878 3362 τῆς
900 3318 1046 3360 πόλεως
1068 3319 1150 3353 δια-

283 3375 441 3419 χειρίσει
464 3374 540 3412 (1)ἰο
563 3372 624 3414 54,
649 3372 679 3412 6)
704 3380 736 3404 a.
755 3380 790 3404 u.
809 3370 884 3403 733.
912 3387 947 3393 —
974 3373 1030 3411 qui
1053 3373 1149 3403 θοόν-

282 3427 369 3457 ceret
398 3424 479 3467 cet.]
518 3424 600 3457 Eius
633 3422 859 3465 magistratus
895 3421 971 3453 iura
1005 3422 1147 3463 copiose

1206 1813 1313 1855 praef.
1339 1813 1419 1845 urbi
1443 1815 1476 1853 l,
1503 1815 1562 1852 ⁴2;
1589 1813 1632 1846 cf.
1661 1814 1746 1846 Cod.
1772 1815 1856 1847 lust.
1882 1816 1914 1854 1,
1932 1814 1986 1848 28.
2012 1815 2075 1848 Dio

1204 1864 1259 1903 54,
1284 1864 1338 1896 24.
1376 1862 1505 1896 Gellius
1538 1862 1597 1902 44,
1622 1863 1654 1896 8.
1695 1864 1881 1897 Suetonius
1904 1866 1991 1906 Aug.
2019 1864 2072 1897 37.

1205 1914 1337 1946 Βιττειι.
1363 1932 1406 1937 -
1436 1914 1580 1947 Messala
1607 1914 1768 1947 Corvinus
1793 1915 1876 1957 cet]
1901 1915 2075 1957 Hierony-

1205 1972 1284 1996 mus
1308 1965 1343 1995 in
1368 1964 1542 1997 Chronico
1566 1963 1611 1996 ad
1634 1973 1665 1997 a.
1691 1973 1726 1996 ιι.
1752 1964 1815 1997 729
1838 1974 1872 2007 p.
1894 1963 1958 1998 408
1982 1966 2075 1999 Ron-

1205 2012 1302 2045 call.:
1326 2013 1470 2046 Messala
1485 2014 1646 2047 Corvinus
1662 2015 1796 2055 (orator
1811 2012 1978 2056 illustris),
2000 2017 2076 2056 pri-

1203 2072 1276 2095 mus
1295 2063 1482 2105 praefectus
1503 2063 1594 2096 urbis
1615 2064 1744 2105 factus,
1775 2067 1868 2097 sexto
1890 2065 1943 2097 die
1963 2065 2076 2107 maai-

1202 2117 1311 2145 stratu
1332 2122 1366 2145 se
1387 2113 1574 2153 abdicavit,
1603 2106 1768 2146 incivilem
1793 2116 1987 2154 potestatem
2008 2123 2076 2148 esse

1203 2167 1398 2196 contestans.
1429 2182 1461 2187 —
1499 2168 1567 2196 tum
1593 2165 1721 2196 Taurus
1742 2164 1903 2206 Statilius]
1929 2165 1992 2198 Dio
2016 2165 2071 2204 54,

1205 2214 1245 2246 49
1269 2213 1315 2246 ad
1338 2223 1369 2246 a.
1395 2223 1429 2246 u.
1456 2214 1538 2246 738:
1575 2210 1676 2246 οὕτω
1709 2210 1755 2246 τὸ
1788 2213 1861 2256 μὲν
1890 2210 1989 2248 victv
2019 2213 2072 2259 τῷ

1205 2261 1338 2310 Ταύρῳ
1353 2261 1449 2307 μετὰ
1466 2262 1535 2307 τῆς
1550 2259 1668 2307 ἄλλης
1681 2260 1838 2306 Ἰταλίας
1850 2264 2074 2312 ἐπιτρέψας,

1203 2312 1501 2360 --ἑξώρμησεν.
1533 2316 1583 2347 De
1615 2315 1684 2347 hoc
1707 2315 1820 2347 Tauro
1845 2316 1890 2348 cl.
1915 2316 1948 2356 3,
1973 2316 2015 2349 72
2039 2317 2076 2349 et

1204 2365 1324 2398 Vellei.
1340 2368 1373 2405 2,
1390 2367 1468 2398 ⁴27:
1490 2367 1579 2398 Raro
1594 2367 1770 2398 eminentes
1782 2366 1850 2399 oiri
1864 2375 1931 2399 non
1944 2367 2077 2409 magnis

1204 2416 1411 2448 adiutoribus
1442 2417 1486 2448 ad
1512 2416 1765 2458 gubernandam
1784 2416 1958 2458 fortunam
1979 2425 2077 2450 suam

1203 2469 1255 2500 usi
1282 2470 1374 2507 sunt,
1408 2470 1444 2499 ut
1472 2467 1569 2499 divus
1599 2467 1766 2508 Auquscus
1795 2468 1844 2500 M.
1868 2467 2018 2509 Agrippa
2044 2471 2076 2500 et

1199 2518 1356 2558 prooeime
1379 2517 1420 2549 ab
1443 2526 1480 2549 eo
1496 2517 1628 2550 Statilio
1654 2518 1781 2558 Tauro,
1806 2518 1925 2558 quibus
1944 2519 2076 2551 novitas

1203 2568 1353 2608 familiae
1367 2567 1457 2599 haud
1471 2567 1612 2607 obstitit,
1638 2568 1811 2608 quominus
1826 2569 1872 2600 ad
1885 2568 2076 2609 multiplicis

1204 2618 1394 2649 consulatus
1417 2616 1580 2657 (Statilius
1604 2618 1731 2649 iterum
1757 2616 1878 2650 consul
1894 2626 1928 2650 a.
1945 2625 1980 2649 ιι.
1997 2617 2072 2659 728)

1204 2671 1233 2700 et
1256 2667 1430 2708 complura
1452 2667 1662 2699 eveherentur
1676 2667 1877 2699 sacerdotia.
1898 2682 1933 2690 —-
1954 2668 2076 2709 viginti

1201 2726 1263 2758 per
1289 2717 1412 2757 annos]
1445 2719 1590 2750 Constat
1620 2718 1781 2749 Pisonem
1814 2717 2073 2759 praefecturam

1205 2768 1302 2800 urbis
1322 2769 1478 2810 principe
1496 2769 1642 2801 demum
1661 2767 1799 2801 Tiberio
1816 2770 1997 2811 accepisse
2015 2778 2075 2802 ne-

1205 2827 1274 2859 que
1291 2819 1393 2859 igitur
1408 2827 1473 2860 per
1486 2818 1605 2859 viginti
1621 2826 1733 2850 annos
1745 2818 1909 2858 gessisse.
1929 2820 2072 2852 Sueton.

1204 2867 1278 2900 Tib.
1305 2867 1365 2900 42:
1398 2869 1511 2900 Postea
1539 2869 1694 2908 princeps
1715 2868 1751 2900 in
1771 2868 1847 2908 ipsa
1866 2869 2075 2908 publicorum

1202 2925 1335 2950 morum
1364 2918 1565 2950 correctione
1593 2926 1669 2949 cum
1698 2918 1874 2958 Pomponio
1902 2919 2021 2951 Flacco
2043 2923 2074 2952 et

1204 2969 1240 3000 L.
1265 2969 1378 3001 Pisone
1399 2972 1526 3001 noctem
1555 2968 1812 3008 continuumque
1834 2969 1971 3002 biduum
1990 2978 2073 3011 epu-

1203 3019 1302 3050 lando
1320 3019 1534 3059 potandoque
1555 3019 1755 3058 consumpsit
1763 3027 1790 3057 ‚·-
1808 3027 1951 3059 quomam
1972 3020 2070 3054 alten

1202 3070 1339 3109 Syriam
1357 3070 1582 3109 provinciam,
1601 3068 1698 3100 alteri
1718 3069 1968 3109 praefecturam
1980 3069 2072 3103 urbis

1202 3120 1370 3160 confestim
1398 3120 1496 3152 dedit.
1533 3119 1602 3160 (Cf.
1629 3117 1714 3152 Plin.
1739 3120 1780 3152 N.
1806 3119 1845 3151 H.
1873 3119 1914 3153 ⁴4
1938 3119 1957 3161 8
1982 3119 2070 3162 445.)

1204 3170 1300 3209 Quae
1324 3178 1465 3202 morum
1488 3170 1661 3202 correctio
1677 3178 1760 3202 cum
1783 3169 1938 3202 incidere
1954 3169 2072 3202 videa·

1202 3223 1259 3253 tur
1282 3221 1317 3252 in
1341 3229 1371 3252 a.
1391 3229 1424 3252 u.
1444 3220 1506 3253 769
1530 3219 1603 3252 fere
1624 3221 1685 3251 aut
1699 3219 1779 3258 770,
1806 3219 1984 3252 Ernestius
1998 3220 2067 3253 Π.

1174 3299 1178 3312 ,
1203 3273 1409 3312 corruptum
1433 3272 1530 3303 ratus
1554 3271 1668 3303 estex
1684 3270 1752 3302 XV.
1778 3278 1932 3310 eumque
1956 3270 2067 3303 secuti

1201 3323 1283 3354 sunt
1307 3321 1462 3354 Halmius
1486 3323 1522 3353 et
1544 3319 1756 3362 Nipperdey.
1782 3319 1864 3352 Aliis
1883 3319 1990 3352 altera
2007 3321 2068 3353 Er·

1201 3372 1302 3404 nestii
1326 3371 1413 3403 ratio
1438 3370 1585 3412 placuit,
1609 3372 1648 3402 ut
1671 3377 1840 3402 numerus
1859 3371 1977 3403 certus
2000 3378 2064 3413 pro

1199 3421 1334 3454 incerto
1358 3420 1471 3453 dictus
1494 3421 1550 3453 sit.

2238 3263 2242 3266 ⁴
2246 3154 2254 3239 .-‘—=
2251 3132 2254 3140 Α
