2254 3770
336 279 421 325 482
815 283 860 326 Ρ.
893 282 1144 327 CORNELII
1174 282 1345 327 TACITI
1374 283 1644 328 ANNALIUM

341 387 478 431 «Nero
500 388 526 412 *
539 388 562 413 *
576 388 678 432 *?».
709 395 752 432 et
770 389 911 447 posito
933 395 1049 433 metu
1069 389 1239 448 nuptias
1259 391 1500 448 Poppaeae,
1532 390 1588 434 ob
1610 390 1704 434 eius
1724 390 1840 435 modi
1861 397 2050 436 terrores
2069 390 2137 436 di-

336 462 464 516 latas,
496 471 710 509 maturare
739 471 862 523 parat
892 465 1201 523 Octaviamque
1234 466 1462 524 coniugem
1491 465 1677 516 amoliri,
1712 466 1908 524 quamvis
1938 466 2134 512 modeste

336 546 501 597 ageret,
535 540 708 584 nomine
738 540 871 599 patris
903 547 945 585 et
974 541 1127 585 studiis
1157 541 1305 600 populi
1336 555 1524 600 gravem.
1559 541 1636 585 sed
1670 542 1723 586 ad
1750 549 1947 586 senatum
1974 542 2136 588 litteras

335 614 451 659 misit
480 615 535 660 de
567 616 702 660 caede
745 616 888 661 Sullae
927 616 1151 676 Plautique
1182 617 1298 661 haud
1328 617 1571 668 confessus,
1613 631 1763 662 verum
1792 619 2019 678 utriusque
2048 625 2135 668 tur-

303 689 486 734 sbidum
522 691 740 749 ingenium
779 706 897 744 esse,
943 700 985 736 et
1014 693 1095 736 sibi
1125 692 1459 737 incolumitatem
1488 693 1550 737 rei
1585 708 1625 751 p.
1657 708 1811 752 magna
1841 708 1944 738 cura
1973 693 2136 738 haberi.

336 766 538 811 decretae
578 782 631 812 eo
670 768 841 812 nomine
879 768 1234 827 supplicationes,
1276 776 1410 828 utque
1443 769 1560 813 Sulla
1590 775 1632 813 et
1661 769 1834 814 Plautus
1864 776 2014 815 senatu
2043 783 2138 814 mo-

334 849 556 895 verentur,
589 844 859 902 gravioribus
889 851 1032 888 tamen
1061 843 1257 889 ludibriis
1287 858 1418 903 quam
1447 845 1585 889 malis.

423 920 504 976 (60)
536 920 668 977 Igitur
695 927 873 978 accepto
904 927 1073 978 patrum
1102 920 1318 973 consulto,
1350 927 1578 979 postquam
1610 929 1763 967 cuncta
1792 921 2007 967 scelerum
2035 934 2137 965 suo-

334 1009 429 1039 rum
472 1009 552 1054 pro
591 996 775 1055 egregiis
815 997 951 1054 accipi
992 996 1126 1050 videt,
1171 996 1367 1041 exturbat
1406 997 1649 1050 Octaviam,
1698 998 1887 1042 sterilem
1925 997 2135 1042 dictitans.

283 1085 320 1116 io
335 1071 448 1115 exim
477 1073 708 1130 Poppaeae
738 1072 1023 1131 coniungitur.
1070 1086 1122 1116 ea
1152 1072 1226 1116 diu
1253 1072 1406 1131 paelex
1427 1080 1470 1117 et
1490 1073 1673 1118 adulteri
1694 1074 1894 1125 Neronis,
1926 1087 2026 1118 mox
2045 1086 2136 1117 ma—

334 1147 402 1191 riti
431 1154 605 1206 potens,
643 1148 862 1206 quendam
892 1163 946 1193 ex
975 1148 1179 1192 ministris
1210 1149 1416 1194 Octaviae
1446 1149 1613 1208 impulit
1642 1149 1842 1194 servilem
1874 1149 1914 1193 ei
1944 1163 2135 1193 amorem

334 1223 520 1268 obicere.
565 1223 887 1283 destinaturque
916 1238 1019 1269 reus
1041 1231 1324 1283 cognomento
1350 1226 1587 1278 Eucaerus,
1620 1226 1790 1270 natione
1812 1224 2134 1277 Alexandrinus,

334 1313 490 1343 canere
520 1313 599 1357 per
629 1299 754 1344 tibias
786 1300 953 1345 doctus.
998 1306 1119 1345 actae
1150 1300 1206 1344 ob
1239 1301 1281 1345 id
1311 1301 1367 1346 de
1397 1301 1560 1346 ancillis
1591 1301 1889 1360 quaestiones,
1922 1307 1965 1345 et
1988 1301 2030 1345 vi
2049 1307 2138 1345 tor-

332 1381 575 1419 mentorum
604 1375 726 1420 victis
757 1376 1018 1434 quibusdam
1051 1383 1094 1420 ut
1123 1376 1226 1421 salsa
1255 1384 1511 1429 annuerent,
1543 1377 1691 1435 plures
1721 1377 1947 1435 perstitere
1977 1377 2134 1422 sancti-

282 1464 318 1494 45
333 1457 461 1495 tatem
490 1451 690 1496 dominae
722 1452 851 1506 tueri;
884 1467 938 1497 ex
968 1452 1127 1511 quibus
1157 1467 1242 1497 una
1273 1454 1444 1497 instanti
1475 1453 1667 1511 Tigillino
1699 1453 1884 1497 castiora
1913 1467 2012 1498 esse
2042 1467 2137 1497 mu-

331 1527 482 1572 liebria
520 1527 724 1572 Octaviae
769 1528 992 1587 respondit
1027 1542 1159 1588 quam
1199 1543 1248 1573 os
1280 1529 1387 1573 eius.
1432 1535 1628 1573 movetur
1659 1522 1800 1573 tamen
1830 1528 1969 1587 primo
2001 1528 2136 1574 civilis

331 1603 501 1649 discidii
532 1604 702 1662 specie3
733 1604 998 1663 domumque
1027 1605 1173 1657 Burri,
1206 1604 1385 1663 praedia
1413 1604 1566 1657 Plauti,
1599 1604 1781 1649 infausta
1805 1603 1935 1658 dona,
1967 1605 2134 1664 accipit.

397 1734 429 1765 4.
451 1740 600 1774 poppeae
622 1732 657 1766 M
683 1750 718 1756 —
745 1733 777 1766 2.
797 1736 905 1774 parat
926 1733 977 1767 M:
1008 1742 1116 1775 paras
1138 1735 1308 1768 Muretus.
1337 1752 1373 1758 -
1408 1736 1579 1768 octaviam
1601 1743 1665 1781 quq
1688 1735 1720 1768 M
1746 1752 1781 1758 —
1808 1733 1841 1767 3.
1867 1736 1982 1776 ageret
2002 1733 2136 1766 nomine

330 1790 382 1823 M:
409 1791 509 1831 agat,
535 1791 567 1822 et
587 1788 719 1821 nomine
740 1788 945 1823 Rhenanus.
966 1807 1001 1813 -—
1030 1791 1062 1824 7.
1087 1794 1198 1824 tamen
1214 1792 1260 1824 G:
1288 1788 1388 1828 εᾶΜς
1413 1792 1486 1824 iam
1501 1791 1785 1829 Freinshemius;
1812 1794 1882 1824 tum
1905 1789 2075 1824 Halmius.
2094 1806 2131 1813 —

329 1845 362 1879 8.
388 1843 541 1880 consultu
566 1846 601 1879 M
633 1863 669 1869 -
706 1845 759 1878 40.
787 1854 914 1887 popeae
936 1847 970 1881 M
999 1865 1036 1871 —
1071 1848 1125 1880 42.
1151 1856 1288 1893 εασςναε
1311 1842 1529 1894 (Εὔκαιρος)
1552 1848 1586 1881 Μ
1610 1849 1645 1880 et
1668 1846 1951 1880 Freinshemius:
1984 1846 2137 1879 Eut-erus

329 1902 446 1944 vulgo.
475 1920 510 1925 —
545 1902 795 1935 Alexandrinus
825 1903 983 1945 Lipsius:
1016 1904 1246 1937 alexandrina
1268 1905 1303 1938 M
1329 1922 1363 1929 —·
1391 1904 1445 1938 43.
1468 1904 1640 1946 pertybias
1661 1905 1714 1943 M;
1739 1903 1827 1937 tibiis
1849 1905 1895 1944 G;
1923 1903 2032 1945 perite
2053 1902 2136 1936 tibia

329 1959 513 1999 Heinsius;
532 1960 642 2000 perite
664 1959 752 1992 tibiis
775 1959 1054 2002 Bezzenberger.
1076 1979 1111 1984 —
1138 1960 1191 1994 44.
1216 1961 1299 1994 uicti
1321 1962 1355 1996 M
1380 1979 1416 1985 —-
1441 1964 1479 1994 ut
1500 1960 1734 1995 Puteolanus:
1757 1960 1787 1993 si
1809 1961 1843 1994 M
1868 1977 1903 1984 -
1931 1960 1986 1993 45.
2004 1959 2135 1992 domine

327 2018 419 2049 tuere
441 2017 476 2050 M
494 2034 527 2041 —
555 2025 650 2049 uana
665 2017 698 2051 M
715 2033 752 2039 —
771 2016 914 2059 tiyillino
936 2017 989 2051 M:
1017 2018 1175 2060 Tiqellino
1197 2016 1314 2060 vulgo.
1340 2017 1428 2051 Vide
1452 2017 1498 2051 ad
1514 2026 1545 2051 c.
1564 2018 1619 2051 54.
1640 2035 1676 2041 -—
1703 2017 1756 2050 46.
1782 2019 1956 2050 amovetur
1978 2016 2134 2050 Faernus

329 2073 365 2106 et
386 2072 575 2107 Acidalius.
2123 2077 2127 2081 ”

1255 2182 1390 2214 Rirmn.
1418 2198 1454 2205 -
1479 2181 1612 2214 nomine
1636 2179 1763 2223 patris]
1799 2179 1869 2212 hoc
1893 2179 1965 2219 est,
1996 2176 2131 2212 Claudii

1256 2240 1375 2265 causa.
1410 2233 1501 2265 Nam
1532 2230 1751 2273 exprobrare
1777 2229 1919 2263 assidue
1943 2228 2133 2262 videbatur

1257 2291 1295 2315 se
1318 2291 1446 2315 verum
1470 2290 1550 2315 esse
1572 2281 1707 2315 Claudii
1731 2281 1941 2323 sanguinem
1965 2281 2001 2313 et
2023 2280 2132 2313 Nero·

1255 2341 1339 2366 nem
1362 2333 1564 2366 insiticium.
1591 2333 1745 2364 annsn.
1777 2331 1829 2365 Cf.
1855 2331 1915 2372 46,
1941 2331 2002 2364 40;
2032 2330 2133 2364 invisi

1253 2383 1414 2424 principi,
1450 2386 1625 2425 tamquam
1646 2382 1786 2415 vivendo
1809 2381 2055 2423 emprobrarent
2074 2381 2132 2414 in-

328 2181 511 2222 postrema
545 2180 622 2213 eius
655 2179 766 2214 verba
801 2180 955 2221 quamvis
976 2198 1029 2205 --
1054 2190 1205 2224 gravem,

329 2239 422 2272 quae
446 2232 539 2263 Nero
564 2233 662 2263 certe
687 2239 759 2263 non
775 2230 922 2264 addidit.
948 2232 1094 2265 Accedit
1110 2232 1206 2274 quod

327 2281 393 2314 Dio
421 2282 482 2321 62,
510 2280 551 2314 44
581 2280 625 2313 de
659 2281 789 2317 eodem
818 2280 915 2314 haud
943 2281 1051 2315 dubie
1084 2281 1205 2316 Plauto

327 2329 477 2373 loquens
502 2329 643 2364 diversa
666 2330 770 2373 plane
794 2330 839 2364 ab
863 2332 918 2364 his
939 2331 1032 2364 dicta
1055 2334 1205 2366 Neronis

327 2381 447 2415 refert.
473 2382 563 2415 Nam
580 2380 705 2414 scribit
723 2380 799 2415 ille:
825 2378 893 2414 τὸν
908 2380 1089 2415 Πλαῦτον
1104 2378 1206 2415 ἁπο-

326 2432 490 2473 κτείνας,
507 2427 638 2464 «ἔπειτα
652 2428 722 2475 τὴν
738 2429 913 2473 κεφαλὴν
926 2428 1047 2466 αὐτοῦ
1064 2443 1206 2491 προσε-

327 2478 533 2521 νεχθεῐσάν
569 2481 610 2514 οἱ
641 2479 746 2523 ἰδών,
785 2478 889 2515 «Οὐκ
922 2478 1049 2530 ἦδειν,
1061 2497 1077 2514 »
1111 2479 1203 2527 ἐφη,

329 2527 417 2566 «ὅτι
439 2529 612 2576 μεγάλην
638 2529 726 2589 ῥῖνα
749 2530 886 2574 εἶχενμ)
911 2529 1040 2582 ὥσπερ
1063 2533 1205 2575 φεισά-

326 2593 444 2627 μενος
467 2578 516 2615 ἂν
539 2579 679 2625 αὕτοῦ,
713 2585 747 2617 εἰ
774 2582 891 2618 τοῦτο
922 2586 1201 2632 προηπίστατο.

328 2635 419 2675 Quid
442 2633 578 2668 multa?
602 2633 716 2669 nullus
741 2635 864 2668 dubito
888 2635 1007 2670 locum
1024 2645 1104 2670 esse
1121 2646 1204 2670 mu-

327 2684 427 2718 tilum
451 2686 486 2718 et
509 2684 637 2718 deesse
662 2686 812 2719 Neronis
829 2686 922 2718 dicta
944 2688 1026 2728 post
1045 2686 1204 2720 vocabu-

327 2733 400 2768 lum
411 2736 515 2776 Nero,
533 2735 718 2777 sequentia
735 2738 855 2769 autem
867 2739 899 2770 et
909 2736 1019 2777 posito
1030 2740 1120 2770 metu
1133 2738 1201 2770 cet.

326 2787 506 2829 pertinere
536 2786 581 2820 ad
608 2788 790 2829 scriptoris
814 2789 1067 2822 narrationem.
1102 2788 1203 2828 Quod

327 2838 357 2870 si
380 2836 566 2877 admittas,
599 2845 686 2869 sana
711 2838 818 2871 etiam
843 2839 910 2871 erit
940 2838 1114 2881 scriptura
1137 2848 1203 2872 ve-

327 2889 444 2920 terum
467 2886 641 2920 librorum
664 2889 699 2919 in
716 2891 849 2930 ageret,
873 2889 1023 2929 nomine,
1049 2897 1114 2931 pro
1131 2897 1201 2931 quo

326 2937 516 2970 Rhenanus
540 2936 638 2970 dedit
660 2942 742 2979 agat
764 2942 795 2972 et
816 2938 964 2979 nomine,
992 2940 1074 2981 quia
1095 2940 1204 2972 Nero-

326 2988 381 3021 nis
411 2995 588 3030 personae
621 2991 735 3029 ageret
764 2997 835 3021 non
858 2988 1047 3021 videbatur
1068 2998 1202 3022 conve-

326 3038 437 3072 nire.»
472 3036 605 3072 Collato
636 3038 748 3071 Dione
780 3038 938 3072 Halmius
961 3038 1202 3082 supplendum

326 3089 450 3121 censet
479 3097 553 3129 cur,
587 3087 697 3127 inquit
719 3088 828 3128 Nero,
858 3089 1022 3122 hominem
1043 3092 1202 3122 nasutum

325 3136 451 3170 timui?
473 3136 761 3179 Bezzenberger:
788 3137 967 3170 Credebam
983 3142 1127 3179 curtum,
1145 3139 1201 3172 in·-

327 3189 417 3229 quit,
447 3197 542 3221 naso.
569 3205 605 3211 -
638 3187 678 3220 ob
707 3188 776 3220 eius
800 3189 889 3220 modi
913 3189 1073 3231 terrores]
1105 3190 1200 3223 Haec

325 3247 396 3271 non
427 3238 503 3272 sine
530 3238 644 3271 ironia
673 3238 803 3280 scripta
834 3239 916 3270 sunt
939 3238 984 3271 ad
1007 3239 1201 3273 notandam

326 3287 468 3320 foedam
479 3288 629 3321 Neronis
647 3287 882 3320 timiditatem.
902 3287 1041 3322 Scilicet
1058 3298 1200 3331 magno-

326 3334 412 3379 pere
446 3338 593 3371 timendi
623 3339 727 3370 erant
756 3337 827 3370 duo
850 3337 1013 3371 homines
1037 3340 1072 3371 in
1096 3339 1198 3372 exilio

326 3387 402 3420 sine
432 3387 503 3420 ulla
533 3395 710 3420 novarum
739 3394 862 3420 rerum
886 3387 1095 3427 cogitatione
1120 3397 1200 3422 mo-

327 3435 428 3471 deste
437 3439 597 3479 agentes,
607 3437 654 3470 ad
661 3435 924 3480 philosophiam
934 3436 1196 3472 incumbentes.

1254 2434 1427 2476 terfectum
1449 2442 1515 2467 esse
1536 2432 1722 2466 Rubellium
1744 2432 1909 2465 Plautum.
1937 2449 1974 2455 -
2002 2439 2132 2474 mama

1254 2493 1339 2517 cura
1354 2483 1479 2526 haberi]
1497 2483 1549 2517 Cf.
1564 2483 1650 2516 Hist.
1666 2483 1697 2523 4,
1716 2482 1758 2515 79
1771 2491 1786 2521 :v
1803 2485 1946 2515 externa
1960 2482 2031 2515 sino
2044 2490 2132 2516 cura

1253 2534 1470 2568 habebantur.
1499 2551 1534 2557 —
1560 2532 1774 2575 gravioribus
1788 2531 1968 2575 --malisJ
1999 2532 2130 2566 Sensus

1255 2587 1327 2619 est:
1356 2585 1474 2627 «gravi
1490 2583 1636 2626 quidem
1652 2584 1688 2616 et
1709 2591 1838 2616 severo
1854 2582 2013 2623 decreto,
2031 2581 2130 2624 quod

1253 2637 1374 2669 tamen
1398 2636 1515 2677 ipsum
1538 2632 1733 2667 deridiculo
1762 2634 1880 2675 potius
1902 2632 1985 2673 fuit,
2019 2640 2129 2674 quam

1254 2685 1350 2727 quod
1374 2686 1499 2718 senatu
1522 2684 1628 2717 motis
1645 2683 2004 2716 dehonestamentum
2020 2683 2128 2723 atque

1253 2735 1441 2778 ignominia
1474 2734 1556 2768 inde
1582 2734 1817 2774 redundaret,
1852 2732 2028 2775 siquidem
2050 2733 2127 2774 ipse

1253 2788 1398 2820 senatus
1428 2784 1541 2828 probe
1573 2784 1710 2819 sciebat
1740 2783 1817 2817 illos
1840 2784 1912 2816 iam
1935 2782 2128 2816 trucidatos

1253 2845 1369 2870 esse.»
1394 2835 1470 2878 (con
1486 2834 1548 2876 pia
1561 2835 1696 2868 schemo
1713 2834 1769 2867 che
1785 2834 1896 2866 danne
1911 2831 2127 2872 Davanzati.)

1296 2887 1350 2919 60.
1386 2889 1510 2919 cuncta
1530 2885 1690 2918 scelerum
1711 2883 1865 2926 suorum]
1889 2883 1912 2916 i.
1938 2891 1974 2925 q.
1999 2883 2128 2916 cuncta

1252 2936 1390 2970 scelera
1413 2945 1489 2969 sua.
1516 2935 1567 2969 Cf.
1595 2936 1626 2976 3,
1653 2935 1714 2968 35:
1744 2938 1865 2968 cuncta
1885 2942 2060 2967 curarum.
2086 2949 2123 2956 —

1251 2996 1370 3020 canere
1395 2995 1459 3028 per
1487 2986 1601 3027 tibias]
1631 2986 1851 3020 Retinuimus
1879 2985 1973 3018 hanc
2001 2983 2126 3017 lectio·

1252 3046 1353 3078 nem,
1399 3045 1483 3070 cum
1528 3037 1564 3069 in
1598 3044 1638 3069 se
1673 3035 1757 3069 nihil
1792 3034 1938 3068 absurdi
1979 3033 2124 3074 habeat,

1251 3087 1414 3130 quamvis
1445 3085 1539 3119 aliud
1569 3086 1661 3120 desit
1690 3086 1765 3119 eius
1800 3083 2015 3127 exemplum.
2050 3084 2123 3117 Iac.

1252 3137 1446 3170 Gronovius
1471 3135 1617 3178 quidem
1640 3134 1788 3168 contulit
1810 3136 1864 3176 45,
1890 3134 1932 3168 63
1955 3134 2045 3167 vitae
2060 3141 2125 3175 per

1248 3188 1406 3221 virtutem
1436 3190 1543 3220 actae.
1579 3186 1650 3220 Sed
1680 3186 1799 3229 ipsum
1824 3184 1976 3218 verbum
2004 3192 2125 3218 canere

1250 3237 1333 3271 alibi
1356 3237 1494 3270 Tacitus
1518 3245 1600 3270 cum
1623 3235 1776 3269 ablativo
1802 3234 1924 3268 iunxit.
1956 3233 2008 3267 Cf.
2033 3234 2120 3267 Hist.

1249 3288 1283 3327 ὃ,
1308 3288 1346 3320 5:
1373 3286 1456 3320 tibia
1479 3287 1711 3328 tympanisque
1732 3285 1914 3318 concinere.
1930 3299 1968 3307 -
1987 3292 2031 3316 «ε
2046 3283 2124 3324 qui-

1250 3337 1308 3394 bus
1330 3345 1401 3369 una
1424 3336 1506 3379 cet.]
1530 3336 1595 3369 Dio
1619 3337 1678 3376 62,
1705 3335 1766 3369 ⁴3:
1795 3330 1900 3377 μόνη
1923 3329 1948 3375 ἡ
1972 3329 2124 3374 Πυθιὰς

1250 3382 1339 3421 ου’τε
1368 3396 1403 3419 τι
1434 3383 1708 3428 κατεψεύσατο
1730 3379 1867 3426 αὐτῆς,
1899 3384 2045 3440 καίπερ
2059 3392 2125 3416 κι-

1248 3433 1419 3484 κρότατα
1443 3434 1750 3477 βασανισθεῖσα,
1779 3434 1847 3468 καὶ
1873 3431 1982 3475 τέλος
2014 3427 2069 3474 ὦς
2097 3428 2122 3466 ὁ
