2254 3770
729 267 881 311 LIBER
909 267 992 310 XV.
1038 266 1139 323 Cap.
1170 267 1237 309 58.
1268 266 1335 308 59.
1365 267 1434 309 60.
1890 265 1965 309 534

185 390 305 436 quae
345 376 571 434 plurimum
613 375 654 417 in
694 374 814 418 novis
851 373 1039 418 consiliis
1076 373 1247 416 valeret.
1293 373 1392 416 nihil
1424 372 1653 416 adversum
1685 372 1790 416 baec
1818 372 1972 415 Neroni

192 451 420 510 provisum.
462 451 589 494 etiam
618 450 747 492 fortes
776 449 891 492 viros
922 448 1073 492 subitis
1102 448 1275 500 terreri3
1306 448 1464 491 nedum
1483 446 1554 491 ille
1568 447 1817 498 scaenicus,
1849 447 1974 505 Tigil-

192 527 276 571 lino
305 525 467 570 scilicet
496 540 594 569 cum
625 524 833 582 pelicibus
863 524 953 567 suis
983 523 1226 573 comitante,
1259 537 1375 566 arma
1405 530 1551 567 contra
1577 523 1720 566 cieret.
1752 522 1881 565 multa
1901 536 1975 565 ex-

190 601 399 659 periendo
436 600 631 651 confieri,
675 613 787 657 quae
826 597 1030 654 segnibus
1068 597 1202 641 ardua
1230 598 1467 642 videantur.
1508 598 1661 641 frustra
1691 597 1904 642 silentium
1933 605 1976 641 et

190 676 318 720 fidem
350 676 390 718 in
417 682 479 719 tot
499 675 766 719 consciorum
789 673 941 717 animis
962 680 1005 716 et
1025 672 1280 730 corporibus
1300 687 1500 730 sperare:
1532 673 1737 717 cruciatui
1759 680 1833 716 aut
1852 685 2007 730 prae-s

192 753 276 795 mio
308 758 460 795 cuncta
488 751 638 807 pervia
666 762 778 793 esse.
809 755 1011 791 venturos
1041 748 1113 806 qui
1145 747 1287 804 ipsum
1307 762 1482 805 quoque
1501 748 1726 799 vincirent,
1759 753 1976 806 postremo

193 826 364 884 indigna
394 839 501 869 nece
533 823 762 868 afficerent.
794 830 953 881 quanto
992 822 1247 866 laudabilius
1278 823 1532 880 periturum,
1570 822 1673 866 dum
1710 823 1978 881 amplectitur

192 916 284 945 rem
313 916 367 958 p.,
398 900 500 943 dum
530 899 685 943 auxilia
716 899 897 942 libertati
928 898 1119 941 invocat!
1152 898 1272 941 miles
1303 899 1443 955 potius
1474 899 1648 942 deesset
1665 898 1882 956 etplebes
1902 898 1979 942 de-

192 983 377 1027 sereret,
408 975 510 1018 dum
532 975 626 1032 ipse
646 974 897 1023 maioribuS,
930 973 1031 1016 dum
1051 974 1253 1030 posteris,
1285 974 1319 1016 si
1343 974 1425 1016 vita
1444 975 1772 1032 praeriperetur,
1798 982 1978 1017 mortem

193 1051 462 1110 adprobaret.
513 1050 712 1093 immotus
753 1049 816 1091 his
853 1055 896 1092 et
932 1047 1150 1104 paululum
1192 1049 1231 1091 in
1270 1048 1441 1106 publico
1477 1056 1693 1098 versatus,
1738 1056 1835 1106 post
1864 1049 1978 1092 domi
1992 1059 2028 1089 ιο

194 1134 407 1178 secretus,
454 1125 643 1168 animum
681 1124 910 1167 adversum
946 1137 1147 1181 suprema
1184 1123 1398 1175 firmabat,
1445 1123 1584 1168 donec
1623 1138 1773 1167 manus
1802 1123 1980 1167 militum

195 1188 435 1252 adveniret,
467 1214 578 1258 quos
608 1201 720 1242 Nero
741 1200 901 1243 tirones
922 1206 994 1243 aut
1014 1199 1236 1256 stipendiis
1257 1206 1452 1242 recentes
1471 1198 1708 1256 delegerat:
1740 1214 1838 1242 nam
1858 1206 1981 1242 vetus

196 1277 319 1321 miles
348 1276 576 1319 timebatur
602 1282 817 1332 tamquam
838 1275 983 1318 favore
1003 1275 1189 1317 inbutus.
1220 1274 1326 1317 obiit
1344 1275 1535 1332 abruptis
1555 1274 1826 1318 brachiorum
1846 1276 1982 1318 venis.

197 1358 494 1396 testamentum
525 1350 662 1394 foedis
692 1349 900 1393 adversus
930 1351 1143 1393 Neronem
1173 1349 1487 1393 adulationibus
1517 1350 1650 1393 amori
1682 1350 1827 1393 uxoris
1852 1350 1982 1400 dedit,

197 1441 327 1486 quam
356 1426 615 1484 degenerem
647 1432 690 1469 et
718 1424 808 1468 sola
838 1426 1030 1482 corporis
1057 1424 1190 1468 forma
1211 1425 1551 1469 commendatam
1571 1425 1694 1468 amici
1714 1425 1984 1468 matrimonio
1997 1434 2035 1464 ⁴⁶

198 1501 443 1546 abstulerat.
475 1509 630 1545 nomen
660 1499 850 1544 mulieris
874 1500 988 1543 Atria
1009 1499 1146 1550 Galla,
1178 1500 1308 1557 priori
1340 1501 1489 1544 marito
1518 1500 1727 1544 Domitius
1753 1500 1885 1544 Silus:
1916 1499 1986 1543 hic

198 1577 419 1636 patientia,
451 1576 522 1619 illa
549 1575 799 1633 inpudicitia
827 1575 994 1618 Pisonis
1023 1575 1236 1618 infamiam
1265 1589 1574 1632 propagavere.

313 1653 394 1709 (60)
425 1652 663 1695 Proximam
693 1665 844 1694 necem
873 1650 1022 1694 Plautii
1053 1651 1269 1701 Laterani,
1301 1650 1489 1694 consulis
1514 1651 1741 1708 designati,
1772 1652 1884 1695 Nero
1911 1650 1987 1694 ad-

203 1729 355 1786 iungit,
397 1727 508 1771 adeo
538 1740 742 1784 propere,
780 1732 826 1769 ut
854 1740 938 1769 non
968 1725 1192 1784 complecti
1222 1725 1401 1777 liberos,
1433 1741 1517 1770 non
1547 1726 1651 1770 illud
1679 1726 1812 1770 breve
1842 1726 1988 1769 mortis

200 1803 423 1848 arbitrium
452 1802 727 1860 permitteret.
758 1807 904 1858 raptus
937 1802 977 1843 in
1008 1800 1148 1845 locum
1179 1801 1406 1845 servilibus
1435 1802 1587 1860 poenis
1607 1802 1843 1860 sepositum
1861 1813 2039 1845 manusc

267 1944 298 1976 4.
322 1943 423 1976 nichil
449 1943 483 1975 M
507 1960 543 1965 —
568 1942 601 1975 2.
626 1942 771 1975 scenicus
793 1942 826 1975 M
850 1958 887 1965 -
913 1941 1054 1983 tiqillino
1076 1942 1131 1975 M:
1164 1941 1318 1983 Tigellino
1341 1941 1457 1984 vulgo.
1490 1942 1542 1976 Cf.
1567 1951 1602 1985 p.
1627 1942 1703 1983 530,
1729 1943 1783 1975 44.
1810 1959 1845 1965 -
1872 1942 1904 1975 3.
1929 1951 1992 1975 ex-

197 1999 358 2041 pediendo
386 1999 561 2032 Heinsius.
587 2015 623 2022 —-
650 1999 682 2030 5.
707 2007 845 2039 sperare
873 1998 923 2031 M:
957 1998 1088 2039 sperari
1109 1997 1176 2030 alii.
1206 2016 1242 2021 —
1269 1998 1300 2031 6.
1324 1999 1495 2031 uincerent
1516 1999 1550 2032 M
1572 2017 1615 2023 —-
1639 2000 1694 2031 44.
1718 2008 1874 2040 suprema
1896 2000 1929 2032 M
1953 2016 1989 2022 -

203 2057 256 2089 42.
281 2064 364 2098 quos
385 2053 595 2088 Beroaldus:
629 2055 703 2096 quis
730 2055 765 2087 Μ
798 2072 834 2078 -
868 2055 921 2087 43.
947 2058 1120 2095 tamquam
1142 2055 1349 2088 Rhenanus:
1376 2064 1571 2096 quanquam
1594 2056 1626 2089 Μ
1651 2071 1687 2078 -
1714 2055 1766 2088 44.
1790 2055 1874 2101 Ῑςάίε
1895 2056 1928 2088 M
1954 2071 1990 2078 —

203 2113 256 2145 45.
282 2113 365 2145 Post
386 2111 538 2145 verbum
562 2111 777 2144 matrimonio
800 2111 915 2144 hiatus
939 2112 994 2144 est
1015 2112 1049 2144 in
1074 2112 1126 2151 M,
1154 2120 1280 2144 verum
1303 2120 1375 2144 non
1397 2112 1433 2145 in
1455 2120 1597 2153 rasura,
1623 2112 1687 2145 sed
1708 2113 1855 2154 propter
1877 2120 1995 2144 mem-

203 2168 351 2201 branam
374 2169 498 2211 ipsam.
526 2185 562 2190 —
589 2168 641 2200 46.
668 2167 801 2201 mulieri
815 2166 1002 2200 Acidalius.
1022 2185 1057 2191 —
1076 2168 1174 2201 Atria
1189 2168 1288 2209 (Atrii
1303 2169 1469 2210 quattuor
1490 2170 1572 2201 sunt
1587 2168 1682 2211 apud
1698 2169 1897 2209 Gruterum,
1923 2167 1994 2200 duo

203 2225 298 2267 apud
320 2223 561 2267 Muratorium)
583 2224 633 2257 M:
657 2223 762 2256 Arria
782 2223 986 2257 Beroaldus.
1015 2242 1050 2247 —
1076 2225 1130 2257 20.
1150 2226 1249 2271 pgmis
1271 2225 1304 2258 M
1326 2243 1370 2249 —-
1391 2234 1512 2258 manus
1533 2224 1609 2258 tatii
1630 2225 1675 2259 M.

205 2350 301 2382 mani
323 2350 360 2382 et
381 2348 595 2391 Francogalli
618 2347 709 2382 male
733 2349 993 2383 substituerunt
1014 2358 1076 2382 no-

205 2408 289 2433 men
311 2399 438 2441 gentile
454 2400 573 2440 Silius,
598 2399 642 2432 cf.
666 2399 920 2433 Drakenborch
938 2400 983 2433 ad
1000 2400 1073 2432 Liv.

205 2449 260 2490 32,
284 2449 339 2483 28.
368 2467 403 2473 -
439 2450 493 2482 hic
517 2449 701 2491 pacientia]
737 2450 833 2491 quod
867 2451 941 2484 tam
967 2449 1076 2483 facilis

206 2499 329 2533 fuisset
347 2499 383 2532 iu
400 2499 575 2539 amicum,
599 2500 660 2541 qui
675 2501 741 2542 ipsi
756 2501 829 2533 tam
844 2501 1075 2542 ignominiose

207 2551 394 2592 coniugem
418 2550 618 2592 eripuisset.

250 2600 306 2633 60.
329 2599 453 2632 Plautii
480 2599 657 2642 Laterani]
690 2599 741 2633 Cf.
767 2609 799 2633 c.
817 2599 871 2634 49.
903 2600 1077 2634 Iuvenalis

208 2650 263 2690 40,
289 2650 348 2682 45ε
377 2648 585 2690 Temporibus
605 2649 688 2682 diris
707 2650 814 2691 iqitur
832 2651 989 2691 iussuque
1010 2651 1078 2683 Ne-

207 2699 300 2732 ronis
313 2716 364 2724 -·
378 2700 531 2741 eareqias
557 2699 803 2732 Lateranorum
829 2699 952 2733 obsidet
984 2701 1080 2733 aedes

211 2749 292 2781 Tota
313 2749 441 2781 cohors.
468 2765 505 2772 -—
529 2748 613 2781 illud
634 2748 730 2782 breve
749 2750 866 2782 mortis
888 2749 1077 2793 arbitrium]

209 2797 419 2831 Doederlein
450 2797 668 2838 distinguens
696 2800 779 2840 post
805 2798 957 2832 verbum
985 2799 1080 2832 breve

209 2847 300 2880 haec
321 2847 485 2881 adnotat:
519 2849 650 2881 «Breve
677 2857 742 2891 pro
765 2849 987 2883 substantivo
1010 2850 1077 2889 est,

209 2899 249 2931 ut
264 2896 347 2930 alibi
361 2898 464 2931 triste.
490 2899 623 2931 Sensus
639 2900 711 2931 est:
736 2907 778 2932 ne
787 2908 935 2940 parvum
949 2900 1080 2940 quidem

209 2947 295 2980 illud
316 2947 521 2990 beneficium,
545 2949 585 2980 ut
606 2946 752 2989 eligeret
773 2950 896 2982 mortis
910 2957 1022 2991 genus
1045 2951 1081 2982 et

211 2998 287 3040 ipse
318 2998 608 3039 exsequeretur.»
643 2998 724 3031 Mihi
751 2997 868 3040 placet
888 2997 1081 3041 simplicior

212 3047 301 3079 ratio
314 3072 323 3087 ,
347 3048 387 3079 ut
407 3047 595 3089 iungantur
611 3046 722 3080 verba
745 3047 828 3080 illud
849 3048 946 3081 breve
966 3048 1082 3081 mortis

212 3096 406 3136 arbitrium,
432 3097 492 3128 «ut
505 3094 616 3129 libere
633 3096 825 3130 destinaret
839 3096 906 3130 sibi
921 3106 964 3130 ac
979 3106 1081 3140 prae-

213 3147 355 3188 pararet
376 3148 541 3186 mortem,
566 3145 822 3187 qualiscunque
845 3147 912 3188 ipsi
933 3146 1082 3189 placuis-

214 3197 287 3236 set,
324 3203 475 3237 eemque
506 3195 623 3227 statim
653 3197 856 3238 oppeteret,
892 3197 1082 3238 postquam

215 3253 299 3278 cum
311 3244 447 3278 libertis
462 3245 630 3277 amicisve
645 3244 757 3277 breve
772 3253 837 3287 per
853 3246 993 3288 tempus
1009 3245 1084 3278 col-

215 3293 354 3328 locutus
376 3295 483 3328 esset.
512 3312 547 3318 —
580 3294 688 3327 locum
709 3294 878 3327 servilibus
893 3296 1010 3336 poenis
1030 3304 1083 3328 se-

214 3344 369 3388 positum]
386 3345 442 3378 cui
456 3345 640 3377 Sessorium
654 3351 785 3376 nomen
801 3345 889 3385 erat,
905 3344 940 3377 in
957 3353 1083 3387 campo

219 3393 412 3436 Esquilino.
433 3393 550 3428 schol.
576 3394 684 3436 Cruq.
707 3393 753 3427 ad
775 3394 895 3428 Horat.
919 3394 1030 3438 Epod.
1048 3396 1082 3438 5,

1127 2349 1207 2382 40οε
1243 2350 1327 2382 Hinc
1359 2348 1417 2391 (ab
1447 2347 1625 2391 Esquilino
1658 2350 1792 2390 monte)
1822 2350 1997 2391 Esquilina
2056 2373 2061 2379 .

1121 2402 1223 2440 porta
1243 2400 1367 2432 Romae
1388 2399 1511 2432 dicitur
1532 2399 1578 2431 ad
1592 2399 1795 2439 Sessorium,
1820 2399 1876 2431 ubi
1890 2403 1998 2432 certus

1125 2452 1201 2482 erat
1221 2449 1311 2482 locus
1331 2449 1559 2490 sepulcrorum
1581 2450 1627 2482 ad
1647 2458 1790 2490 corpora
1807 2458 1998 2490 pauperum

1126 2503 1186 2532 aut
1217 2499 1453 2532 sceleratorum
1483 2499 1663 2540 viliumque
1690 2499 1912 2532 comburenda
1937 2503 1998 2533 aut

1126 2549 1263 2583 canibus
1280 2549 1501 2590 proiicienda.
1532 2549 1633 2582 Idem
1655 2549 1701 2582 ad
1724 2550 1794 2582 Sat.
1821 2551 1852 2589 4,
1877 2550 1909 2589 8,
1935 2551 1993 2582 44ε

1127 2600 1165 2632 In
1186 2599 1346 2639 Esquiliis
1362 2598 1504 2639 publicis
1523 2599 1641 2640 sepulti
1661 2602 1739 2632 sunt
1751 2602 1851 2632 extra
1862 2602 1997 2639 portam

1126 2650 1162 2682 in
1192 2659 1261 2690 qua
1290 2652 1337 2682 est
1362 2649 1557 2682 Sessorium.
1594 2648 1770 2682 Plutarch.
1802 2648 1900 2682 Galb
1933 2649 1994 2682 28:

1128 2696 1199 2741 τὴν
1225 2697 1267 2732 δὲ
1288 2697 1422 2739 Γάλβα
1443 2695 1645 2741 (κεφαλὴν)
1671 2701 1753 2740 τοῖς
1774 2697 1995 2758 Πατροβίου

1128 2746 1281 2790 δούλοις
1303 2746 1556 2796 ἐδωρήσαντο.
1597 2748 1781 2790 λαβόντες
1801 2747 1833 2781 δ’
1857 2748 1997 2781 ἐκεῖνοι

1129 2800 1195 2833 καὶ
1225 2797 1350 2833 πάντα
1378 2797 1522 2846 τρόπον
1550 2798 1795 2843 αικισάμενοι
1816 2795 1995 2845 ερῥιψαν,

1128 2842 1155 2896 ᾗ
1178 2847 1270 2891 τοὺς
1293 2846 1368 2883 ὑπὸ
1391 2848 1467 2882 τῶν
1488 2847 1694 2907 Καισάρων
1716 2848 1997 2892 κολαζομένους

1129 2899 1377 2933 θανατοῦσιν.
1410 2896 1433 2933 ὁ
1463 2898 1505 2933 δὲ
1533 2897 1652 2942 τόπος
1674 2900 1904 2946 Σηστέρτιον
1926 2909 1998 2931 κα-

1128 2947 1259 2983 λεῖται.
1277 2952 1344 2983 Pro
1360 2949 1590 2997 Σηστέρτιον
1605 2949 1794 2992 legendum
1811 2957 1889 2982 esse
1902 2948 1997 2981 Σεσ-

1130 2996 1272 3046 σώριον
1294 2999 1414 3033 docuit
1429 3001 1468 3032 G.
1485 3002 1525 3033 A.
1542 3000 1720 3033 Beckerus
1736 2998 1912 3031 Euchirid.
1930 2999 1999 3031 An-

1129 3050 1192 3091 tiq.
1216 3050 1317 3082 Rom.
1333 3050 1366 3089 1,
1390 3057 1427 3091 p.
1444 3050 1508 3082 555
1524 3057 1604 3091 sqq.
1625 3067 1660 3072 -
1681 3049 1798 3089 plenus
1819 3047 1999 3080 constantis

1128 3098 1260 3140 silentii]
1283 3099 1450 3132 Arrianus
1476 3099 1586 3157 Epict.
1612 3099 1644 3137 4,
1664 3099 1696 3138 4,
1714 3098 1775 3130 49ε
1799 3092 1852 3130 Οὔ
1874 3095 1998 3137 θέλεις

1132 3141 1255 3188 οὕτως
1284 3146 1448 3181 ἐκτεῖναι
1477 3146 1545 3181 τὸν
1566 3145 1777 3194 τράχηλον,
1801 3143 1854 3187 ὥς
1875 3145 1997 3179 Λατέ-

1132 3194 1248 3243 ρανός
1262 3206 1319 3239 τις
1333 3197 1374 3231 ἑν
1390 3197 1438 3245 τῇ
1449 3194 1587 3244 Ρώμῃ,
1604 3195 1821 3237 κελευσθεὶς
1836 3192 1911 3229 ὑπὸ
1927 3193 1996 3230 τοῦ

1132 3246 1307 3293 Νέρωνος
1329 3233 1712 3289 ἇποῖιεφαλισθῆναυ
1734 3245 1902 3287 ἐκτείνας
1913 3242 1997 3304 γὰρ

1132 3292 1200 3328 τὸν
1220 3294 1418 3355 τράχηλον
1435 3298 1500 3330 καὶ
1516 3295 1670 3340 πληγεὶς
1684 3297 1749 3328 καὶ
1765 3292 1860 3357 πρὸς
1875 3291 1997 3338 αὐτὴν

1132 3342 1203 3389 τὴν
1225 3344 1373 3391 πληγὴν
1395 3343 1541 3388 ἀσθενῆ
1564 3346 1773 3389 γενομένην
1791 3344 1847 3378 ἐπ’
1865 3341 1996 3389 ὀλίγον

1133 3395 1422 3439 συνελκνσθείς,
1448 3393 1561 3430 πάλιν
1581 3393 1772 3438 ἐξέτεινεν.
1801 3391 1908 3428 Ἀλλὰ
1930 3395 1995 3428 καὶ
