2254 3770
707 314 863 358 LIBER
890 313 999 358 xm.
1043 312 1145 370 Cap.
1174 311 1243 356 49.
1273 311 1343 357 50.
1370 312 1438 356 5⁴.
1593 285 1597 288 ⁴
1897 308 1981 353 429

197 421 330 481 idque
357 419 692 479 pulcherrimum
722 420 898 464 domum
927 419 1074 477 generi
1103 418 1345 463 mortalium
1375 418 1508 463 daret.
1540 417 1619 462 sed
1647 417 1852 476 impetum
1875 417 1980 468 eius,

194 496 374 541 multum
400 496 521 554 prius
550 495 720 540 laudata
741 495 1029 554 magnitudine
1049 494 1196 546 animi,
1228 495 1437 539 attinuere
1462 500 1704 546 senatores,
1737 492 1984 537 dissolutio-

193 586 293 617 nem
320 571 488 630 imperii
519 570 737 623 docendo,
769 572 805 615 si
835 571 996 615 fructus
1026 570 1184 628 quibus
1214 583 1284 613 res
1314 585 1355 627 p.
1377 570 1661 614 sustineretur
1681 568 1984 613 deminueren-

192 654 282 691 tur:
327 647 490 705 quippe
530 646 708 691 sublatis
746 646 947 705 portoriis
987 659 1176 704 sequens
1214 651 1261 688 ut
1293 644 1550 689 tributorum
1579 643 1752 689 abolitio
1783 650 1985 702 expostu-

190 722 365 767 laretur.
409 722 642 781 plerasque
671 721 942 778 vectigalium
973 721 1201 765 societates
1232 734 1258 764 a
1287 720 1535 764 consulibus
1565 726 1609 765 et
1637 719 1816 764 tribunis
1846 719 2014 778 plebiss

192 798 441 844 constitutas
479 798 568 842 acri
599 798 727 841 etiam
756 803 847 841 tum
877 795 1024 855 populi
1054 798 1100 841 R.
1131 795 1349 849 libertate3
1390 795 1556 854 reliqua
1583 809 1684 840 mox
1711 797 1768 840 ita
1798 795 1982 854 provisa,

190 881 238 918 ut
265 874 373 918 ratio
403 879 662 932 quaestuum
692 879 735 917 et
762 872 999 917 necessitas
1020 871 1316 928 erogationum
1346 871 1455 916 inter
1480 886 1528 916 se
1550 877 1847 930 congruerent.
1876 877 1986 915 tem-

191 949 404 1008 perandas
433 948 560 1007 plane
589 948 919 1007 publicanorum
950 947 1198 1006 cupidines,
1239 960 1294 990 ne
1323 961 1403 1005 per
1432 953 1493 991 tot
1521 962 1655 992 annos
1685 947 1778 992 sine
1808 946 1987 1005 querela

190 1025 369 1070 tolerata
398 1025 530 1081 novis,
551 1023 855 1069 acerbitatibus
886 1023 941 1068 ad
971 1022 1174 1068 invidiam
1203 1029 1432 1067 verterent.
1463 1023 1549 1081 (5⁴)
1580 1038 1683 1081 ergo
1709 1023 1840 1067 edixit
1867 1023 1985 1081 prin-

191 1115 295 1160 ceps
324 1107 371 1145 ut
397 1100 518 1159 leges
547 1100 758 1158 cuiusque
788 1098 968 1158 publici,
1001 1098 1196 1143 occultae
1226 1098 1280 1142 ad
1302 1098 1345 1142 id
1366 1105 1555 1157 tempus,
1587 1098 2035 1157 proscriberentur340

191 1176 373 1221 omissas
416 1176 645 1234 petitiones
690 1189 774 1219 non
809 1175 919 1219 ultra
958 1189 1114 1218 annum
1147 1181 1440 1228 resumerent3
1484 1176 1643 1219 Romae
1673 1181 1861 1233 praetor,
1907 1188 1987 1232 per

191 1252 449 1310 provincias,
481 1251 556 1310 qui
585 1265 664 1310 pro
685 1259 885 1309 praetore
905 1257 978 1295 aut
998 1249 1174 1295 consule
1195 1256 1358 1300 essent,
1390 1250 1484 1294 iura
1504 1250 1714 1294 adversus
1734 1249 1985 1308 publicanos

192 1334 312 1372 extra
339 1327 536 1371 ordinem
561 1325 816 1380 redderent3
846 1326 1050 1371 militibus
1071 1326 1314 1370 immunitas
1335 1333 1592 1377 servaretur,
1623 1327 1703 1370 nisi
1725 1326 1767 1369 in
1787 1325 1850 1378 iis,
1873 1339 1986 1383 quae

190 1417 301 1448 veno
332 1409 609 1455 exercerent3
640 1401 811 1460 aliaque
832 1401 1066 1446 admodum
1085 1415 1248 1460 aequa,
1278 1416 1392 1460 quae
1411 1401 1533 1446 brevi
1559 1408 1746 1452 servata,
1780 1401 1880 1449 dein
1899 1401 1986 1444 fru-

192 1485 281 1523 stra
300 1478 444 1523 habita
466 1485 576 1522 sunt.
606 1485 750 1522 manet
770 1484 914 1522 tamen
933 1477 1106 1522 abolitio
1128 1477 1485 1536 quadragesimae
1500 1477 1984 1536 quinquagesimaeque,
1999 1489 2036 1518 ⁴5

191 1561 234 1599 et
262 1568 376 1613 quae
405 1553 488 1599 alia
517 1553 813 1599 exactionibus
843 1553 998 1598 illicitis
1027 1553 1199 1597 nomina
1216 1553 1433 1612 publicani
1455 1554 1715 1599 invenerant.
1750 1559 1987 1612 temperata

257 1701 291 1734 2.
315 1701 458 1734 seniores
480 1701 630 1743 Lipsius.
661 1718 697 1724 -
732 1700 764 1734 6.
789 1703 861 1749 tum
879 1700 998 1742 populi
1021 1700 1161 1733 Romani
1183 1699 1344 1734 Ursinus:
1373 1708 1409 1740 p.
1434 1700 1472 1732 R.
1497 1702 1569 1732 tum
1590 1700 1624 1733 M
1648 1716 1683 1722 —
1710 1699 1743 1732 7.
1768 1701 1988 1740 congruerent

190 1755 421 1790 Puteolanus:
450 1766 634 1799 congruere
657 1757 709 1795 M;
741 1760 937 1799 congrueret
960 1755 1130 1790 Halmius.
1158 1773 1196 1781 —
1223 1756 1276 1789 ⁴0.
1298 1755 1441 1797 publicis
1460 1756 1494 1789 M
1513 1772 1549 1779 —
1577 1756 1629 1788 42.
1649 1756 1707 1795 qui
1724 1764 1790 1796 pro
1808 1764 1852 1796 .p.
1871 1755 1908 1788 R.
1927 1758 1987 1788 aut

191 1810 261 1846 ciis.
288 1817 391 1846 esseut
412 1814 446 1847 M
471 1831 508 1837 —
536 1813 589 1846 ⁴3.
613 1813 792 1846 immunita
814 1814 848 1847 M
873 1831 909 1836 —
934 1813 970 1846 iu
993 1813 1044 1845 his
1065 1814 1099 1846 M
1124 1830 1161 1836 —
1187 1813 1241 1846 ⁴5.
1267 1813 1544 1855 quadragesimae
1566 1810 1796 1845 Puteolanus:
1821 1812 1988 1852 quadrin-

176 1866 390 1912 'gentesimae
410 1871 444 1905 M
470 1887 504 1895 —
533 1869 587 1903 ⁴6.
611 1873 706 1911 etque
727 1870 800 1903 alia
821 1870 855 1904 M
880 1887 916 1893 —
941 1868 1172 1903 exactionibus
1192 1869 1400 1902 Rhenanus:
1425 1868 1679 1902 eoeauctionibus
1699 1869 1745 1903 M.

192 2007 238 2040 ab
267 2007 323 2041 his
345 2006 557 2041 solvendum
581 2008 618 2040 et
643 2009 819 2042 mercium
843 2008 1064 2042 diversarum
1114 2007 1390 2041 eaetraordinario
1411 2006 1534 2040 iudicio
1557 2006 1731 2040 subvenire
1748 2007 1895 2048 petitori.
1931 2008 1986 2040 Fr.

191 2056 335 2091 diversa
357 2056 538 2099 vectigalia
555 2057 622 2100 (die
635 2059 906 2092 Pachtcontracte
920 2059 989 2091 und
1006 2058 1067 2090 Ta-

190 2107 281 2148 men).
309 2125 346 2131 —
381 2109 540 2149 cuiusque
557 2108 694 2151 publici]
721 2109 890 2142 Publicum
913 2109 971 2142 hic
994 2117 1065 2142 non

193 2157 315 2191 civitas
338 2159 399 2190 aut
421 2166 611 2191 commune
636 2160 807 2201 cuiusque
831 2158 970 2202 oppidi,
1000 2157 1066 2192 sed

191 2203 238 2240 τὸ
261 2204 467 2250 δημόσιον,
491 2206 651 2241 τελωνία
667 2208 928 2252 (Staatssteuer).
954 2207 1063 2241 Plaut.

193 2257 296 2290 Truc.
322 2258 355 2298 4,
380 2258 420 2298 2,
446 2257 502 2291 4⁴.
539 2259 675 2291 Seneca
698 2259 762 2301 Ep.
788 2259 869 2292 4⁴9:
901 2259 975 2301 Ego
996 2259 1067 2291 iam

188 2315 396 2348 paraveram
423 2309 538 2350 μεως,-
569 2308 889 2349 circumspiciebam,
921 2309 958 2341 in
980 2308 1068 2349 quod

192 2365 245 2390 me
270 2366 366 2390 mare
390 2359 623 2400 negotiaturus
643 2359 868 2399 immitterem,
893 2359 982 2400 quod
997 2368 1067 2400 pu-

193 2407 314 2440 blicum
329 2408 510 2450 agitarem,
529 2418 614 2450 quas
634 2418 834 2442 arcesserem
847 2418 982 2442 merceS.
1001 2409 1064 2451 Ep.

195 2457 276 2490 40⁴:
301 2458 360 2490 Ille
382 2458 440 2498 qui
461 2462 493 2491 et
512 2460 603 2492 mari
626 2463 657 2492 et
678 2462 771 2492 terra
787 2460 968 2501 pecuniam
989 2460 1068 2501 agi-

195 2507 305 2548 tabat,
336 2509 394 2549 qui
423 2509 469 2541 ad
497 2508 634 2550 publica
656 2518 785 2551 quoque
813 2510 942 2542 nullum
963 2509 1068 2542 relin-

196 2567 297 2600 quens
324 2559 536 2600 iueapertum
563 2568 668 2601 genus
688 2564 843 2601 quaestus
872 2563 1066 2593 accesserat.

195 2609 285 2642 Lirs.
305 2626 341 2631 -
363 2609 664 2652 proscriberentur]
684 2609 827 2652 publico
843 2609 921 2643 loco
937 2611 1067 2652 scripta

196 2660 492 2700 proponerentur,
518 2668 564 2692 ne
586 2657 666 2702 plus
681 2660 823 2701 exigere
839 2661 986 2702 possent
1001 2668 1064 2702 pu-

195 2707 343 2749 blicani,
377 2717 485 2750 quam
515 2709 551 2741 in
582 2708 719 2750 legibus
750 2708 815 2742 illis
839 2710 1069 2742 constitutum

197 2758 284 2790 erat.
306 2775 342 2782 —-
361 2759 499 2791 omissas
517 2759 699 2801 petitiones]
723 2758 785 2791 ubi
800 2758 982 2800 vectigalia
998 2767 1069 2791 non

197 2807 317 2840 statim
340 2809 464 2841 exacta
488 2809 621 2842 essent.
647 2809 815 2842 ceterum
830 2809 900 2842 hoc
918 2810 1070 2851 pertinet

197 2857 245 2891 ad
267 2857 388 2891 debita
412 2859 690 2900 negotiatorum,
719 2867 812 2900 quae
836 2858 1071 2892 remanebant

152 2924 153 2929 =
198 2917 241 2941 ex
257 2917 350 2942 anno
365 2909 526 2951 proxime
538 2910 722 2951 superiore
734 2910 817 2942 ante
832 2910 902 2942 boc
914 2909 1070 2942 edictum

200 2959 307 2991 etiam
331 2958 376 2991 ad
400 2958 557 2992 futurum
573 2961 726 3001 tempus.
754 2960 1002 2992 «L’exactitude
1017 2960 1071 2992 des

195 3016 374 3048 pagemens
394 3008 477 3041 n'est
492 3017 559 3049 pas
580 3009 687 3042 moins
708 3012 934 3051 avantageuse
948 3018 995 3041 au
1009 3009 1070 3041 ἀό-

198 3057 306 3091 biteur
339 3058 444 3099 qu’au
474 3058 658 3098 creanciem
694 3061 726 3092 et
755 3067 821 3092 une
853 3059 936 3092 dette
959 3059 1016 3099 qui
1037 3067 1072 3091 se

198 3108 383 3141 reuouvette
403 3116 483 3140 saus
503 3116 606 3148 cesse,
629 3117 755 3141 comme
769 3108 846 3141 celle
861 3109 917 3142 des
937 3109 1069 3150 impets,

199 3160 313 3191 ecrase
342 3158 366 3191 ὰ
393 3158 429 3190 la
453 3159 502 3200 flu
530 3158 614 3190 celui
644 3159 702 3199 qui
734 3167 775 3191 ne
796 3159 866 3192 s'en
887 3157 989 3191 libere
1009 3167 1072 3199 pas

200 3216 293 3241 assez
313 3209 393 3241 vite.
418 3208 646 3248 Remarquous
667 3208 840 3241 d'ailleurs
855 3207 935 3248 qu'il
955 3208 1073 3250 s'agis-

174 3271 178 3274 —
200 3258 267 3290 sait
289 3258 329 3290 de
350 3261 446 3290 taxes
467 3257 671 3297 evmueues,
696 3258 775 3290 dont
797 3266 840 3289 on
859 3260 939 3297 peut
958 3257 1072 3298 facile-

200 3310 289 3340 meut
309 3316 344 3340 se
364 3307 474 3340 croire
496 3308 599 3347 quitto
623 3307 738 3348 quand
757 3307 833 3339 elles
854 3315 895 3339 ue
916 3310 990 3339 sont
1007 3315 1072 3347 pas

202 3356 479 3390 immediatement
491 3357 704 3390 rectamees.»
728 3357 898 3388 Bummmv.
917 3373 954 3380 -
970 3359 1071 3388 extra

203 3406 363 3449 ordinem]
392 3409 474 3441 ante
505 3406 571 3440 alia
600 3406 758 3448 negotia,
790 3414 881 3448 quae
904 3406 1002 3448 prius
1024 3405 1071 3439 ad

200 3455 357 3490 iudicem
390 3455 507 3492 delata
533 3458 668 3493 essent.
703 3457 779 3491 Hoc
804 3455 980 3491 vocabant
1000 3455 1071 3491 icti

1117 2058 1170 2090 ⁴7.
1196 2057 1241 2091 de
1265 2059 1303 2091 R.
1330 2058 1381 2103 Ο,
1395 2058 1456 2098 ⁴2,
1483 2058 1514 2091 ⁴.
1541 2075 1578 2081 -
1603 2057 1815 2100 immunitas]
1846 2056 1987 2091 Nullum

1114 2108 1220 2149 igitur
1230 2106 1379 2150 vectigal
1395 2106 1534 2141 solvere
1548 2106 1731 2141 debebant
1744 2117 1880 2149 eorum,
1895 2117 1987 2151 quae

1114 2157 1171 2191 vel
1194 2158 1303 2192 domo
1326 2166 1451 2191 secum
1472 2159 1701 2200 apportarant
1715 2157 1771 2192 vel
1789 2158 1871 2192 alibi
1888 2168 1990 2192 eme-

1115 2210 1196 2241 rant
1217 2207 1273 2241 vel
1296 2209 1331 2241 in
1348 2207 1631 2251 expeditionibus
1655 2217 1722 2251 per
1743 2209 1917 2250 praedam
1939 2208 1990 2242 lu-

1116 2259 1204 2291 crati
1227 2259 1339 2291 erant.
1366 2277 1402 2283 —
1428 2267 1514 2299 quae
1535 2267 1618 2292 veno
1640 2259 1840 2302 emercerent]
1865 2260 1988 2301 ltaque

1116 2309 1303 2349 quaestuosi
1339 2307 1468 2342 milites
1510 2317 1618 2351 supra
1655 2310 1827 2342 vocantur
1864 2319 1895 2342 c.
1933 2310 1987 2342 35.

1117 2359 1295 2400 (Eoeercere
1327 2359 1446 2391 autem
1480 2357 1609 2391 dicitur
1643 2358 1687 2392 de
1721 2359 1906 2393 tractanda
1934 2369 1986 2401 re,

1117 2417 1208 2450 quae
1231 2408 1396 2452 producit
1417 2408 1568 2451 aliquid.
1600 2411 1640 2443 ut
1665 2419 1821 2444 exercere
1850 2420 1987 2453 agrum.

1116 2460 1258 2501 Duum.)
1275 2478 1310 2483 —
1330 2460 1608 2502 quadragesimae
1619 2461 1988 2506 quinquagesimaeque]

1117 2510 1213 2543 Haec
1236 2510 1507 2552 quadragesima
1531 2511 1895 2554 quinquagesimaque
1920 2513 1990 2555 (2¹12

1118 2561 1155 2593 et
1169 2561 1190 2593 2
1205 2569 1240 2603 p.
1260 2560 1306 2602 c.)
1330 2570 1422 2603 quae
1437 2561 1560 2602 fuerit,
1586 2563 1683 2596 certo
1699 2563 1838 2597 definiri
1853 2564 1988 2605 nequit.

1116 2609 1182 2642 Alii
1205 2611 1404 2652 cogitarunt
1425 2610 1470 2644 de
1495 2611 1765 2654 quadragesima
1788 2612 1917 2654 litium,
1943 2613 1989 2646 de

1119 2668 1188 2701 qua
1208 2660 1394 2694 Suetonius
1413 2659 1519 2702 Calig.
1534 2661 1595 2694 40:
1617 2663 1807 2703 proticibus
1820 2667 1921 2706 atque
1933 2664 1990 2697 iu-

1119 2709 1214 2742 diciis
1234 2710 1430 2751 ubicumque
1447 2712 1609 2752 conceptis
1623 2714 1884 2755 quadragesima
1897 2722 1990 2746 stun-

1119 2768 1214 2800 mae,
1239 2760 1279 2793 de
1301 2768 1371 2800 qua
1392 2761 1583 2803 litigaretur
1603 2762 1847 2805 (exigebatur),
1872 2762 1927 2796 alii
1943 2763 1988 2796 de

1119 2810 1293 2843 mercium
1317 2812 1601 2844 transvectamm
1624 2814 1685 2845 aut
1705 2812 1882 2846 venalium
1904 2813 1990 2846 edu-

1118 2859 1246 2893 liorum
1268 2862 1424 2902 portorio
1447 2870 1468 2894 a
1485 2861 1637 2904 Caligula
1659 2864 1815 2897 instituto
1832 2864 1987 2906 (sueton.

1120 2909 1226 2952 Calig.
1244 2909 1268 2943 l.
1286 2909 1322 2951 l.)
1347 2912 1408 2943 aut
1430 2910 1475 2944 de
1498 2911 1637 2945 macelli
1659 2913 1818 2955 vectigali
1841 2923 1862 2946 a
1881 2913 1988 2947 Plinio

1120 2961 1171 3001 (N.
1190 2960 1231 2992 H.
1249 2960 1291 2992 49
1314 2959 1334 3001 S
1350 2960 1404 3001 56)
1425 2964 1722 2995 commemorato:
1747 2964 1888 3004 utrique
1903 2972 1989 3006 per-

1121 3018 1261 3052 peram,
1292 3018 1374 3043 cum
1402 3011 1542 3045 Tacitus
1573 3021 1644 3046 non
1666 3011 1831 3055 loquatur
1853 3013 1898 3046 de
1922 3022 1988 3046 ve-

1120 3058 1304 3101 ctigalibus
1333 3068 1354 3092 a
1382 3060 1542 3103 principe
1570 3061 1627 3095 vel
1653 3064 1779 3095 senatu
1802 3063 1986 3104 impositis,

1119 3109 1186 3141 sed
1208 3108 1254 3141 de
1276 3108 1400 3142 illicitis
1421 3111 1667 3151 eoeactionibus,
1701 3121 1788 3153 quas
1810 3111 1989 3154 publicani

1120 3158 1354 3191 exercuerint.
1375 3176 1411 3182 —
1431 3163 1616 3201 temperata
1631 3178 1649 3185 -
1666 3178 1686 3184 -
1699 3161 1871 3203 subvectio]
1896 3163 1937 3196 nt
1952 3162 1988 3195 in

1119 3207 1209 3240 urbe
1232 3208 1399 3242 frumenti
1420 3211 1575 3252 pretium
1593 3210 1780 3251 levaretur,
1799 3219 1906 3244 onera
1924 3221 1990 3245 eo-

1119 3265 1219 3297 rum,
1250 3258 1310 3299 qui
1339 3259 1375 3291 in
1406 3260 1650 3293 transmarinis
1681 3260 1889 3302 provinciis,
1919 3262 1990 3294 im-

1119 3306 1243 3348 primis
1269 3307 1306 3340 in
1327 3307 1463 3349 Africa,
1496 3309 1712 3342 frumentum
1736 3311 1898 3343 emerent
1918 3312 1989 3344 Ro-

1120 3364 1287 3398 mamque
1303 3357 1556 3399 subveherent,
1574 3361 1770 3399 temperata,
1788 3358 1834 3392 ad
1849 3362 1988 3394 certum

1119 3405 1267 3439 modum
1290 3407 1435 3441 redacta
1458 3410 1559 3448 sunt,
1591 3407 1739 3441 sublatis
1762 3410 1929 3443 vecturae
1953 3411 1989 3443 et

1120 3457 1306 3500 emptionis
1331 3457 1586 3501 incommodis,
1618 3465 1710 3501 quae
1733 3461 1897 3494 crearent
1918 3468 1989 3504 pu-
