2254 3770
285 269 341 314 72

731 270 777 313 Ρ.
810 266 1058 313 CORNELII
1088 264 1259 310 TACITI
1289 260 1558 307 ANNALIUM

286 375 412 433 legati
441 389 466 420 a
494 374 752 434 primoribus
782 372 964 424 Parthis,
997 372 1070 431 qui
1100 373 1318 417 Vononem
1347 368 1682 413 vetustissimum
1709 367 1942 414 liberorum
1974 367 2067 412 eius

287 450 486 495 accirent.
515 449 786 508 magnificum
813 448 856 492 id
886 447 966 492 sibi
989 447 1169 492 credidit
1190 447 1347 491 Caesar
1375 444 1576 502 auxitque
1597 444 1763 502 opibus.
1795 450 1838 488 et
1857 456 2067 501 accepere

286 525 455 570 barbari
485 525 709 576 laetantes,
750 530 797 567 ut
825 523 956 567 ferme
987 523 1042 566 ad
1071 535 1182 566 nova
1211 520 1402 579 imperia.
1447 533 1547 563 mox
1576 518 1705 564 subiit
1733 519 1893 579 pudor,
1937 519 2069 578 dege-

289 601 508 646 neravisse
531 600 726 652 Parthos3
755 599 935 657 petitum
954 598 1036 642 alio
1059 612 1111 643 ex
1133 596 1237 641 orbe
1258 609 1422 652 regem,
1455 595 1639 639 hostium
1668 595 1828 640 artibus
1849 595 2067 648 infectum;

257 677 373 721 siam
407 677 516 720 inter
549 675 788 733 provincias
823 676 1032 719 Romanas
1072 672 1226 717 solium
1253 670 1553 715 Arsacidarum
1583 669 1730 715 haberi
1759 671 1951 731 darique.
1994 671 2068 715 ubi

288 752 402 796 illam
432 751 608 809 gloriam
635 750 933 795 trucidantium
963 750 1182 800 Crassum,
1223 745 1537 791 exturbantium
1566 746 1806 798 Antonium,
1845 747 1880 791 si
1910 747 2073 792 manci--

288 828 407 885 pium
438 827 652 876 Caesaris,
684 832 745 870 tot
773 839 850 883 per
878 839 1011 869 annos
1042 824 1289 868 servitutem
1317 835 1595 880 perpessum,
1628 821 1793 866 Parthis
1823 822 2070 881 imperitet?

290 903 551 948 accendebat
571 902 848 960 dedignantes
869 908 911 945 et
928 902 1034 959 ipse,
1055 900 1252 944 diversus
1273 912 1298 942 a
1317 898 1528 941 maiorum
1547 897 1758 949 institutis,
1781 912 1879 942 raro
1900 905 2068 950 venatu,

291 979 410 1035 segni
442 992 652 1037 equorum
682 991 802 1030 cura;
840 977 1035 1035 quotiens
1066 989 1144 1032 per
1172 973 1303 1017 urbes
1334 973 1574 1023 incederet,
1614 972 1792 1018 lecticae
1822 974 2068 1032 gestamine,

242 1066 277 1097 io
291 1055 486 1112 fastuque
516 1067 616 1112 erga
644 1053 800 1111 patrias
827 1051 987 1110 epulas.
1021 1049 1314 1094 inridebantur
1342 1055 1384 1092 et
1408 1048 1559 1092 Graeci
1580 1048 1756 1093 comites
1794 1063 1846 1093 ac
1866 1048 2072 1093 vilissima

291 1129 535 1176 utensilium
563 1128 690 1173 anulo
720 1128 875 1173 clausa.
907 1126 985 1171 sed
1005 1125 1189 1185 prompti
1212 1124 1372 1176 aditus,
1405 1124 1533 1168 obvia
1553 1124 1749 1177 comitas,
1781 1124 1951 1182 ignotae
1970 1125 2074 1169 Par-

334 1278 367 1310 2.
392 1276 540 1318 accipere
561 1275 595 1309 M
619 1273 790 1317 (accepere
811 1271 961 1315 margo).
988 1272 1039 1305 Cf.
1066 1273 1097 1312 4,
1122 1271 1176 1304 20.
1201 1270 1311 1312 facere
1332 1270 1371 1311 2,
1397 1269 1429 1302 7.
1454 1269 1493 1310 3,
1518 1267 1572 1301 54.
1598 1267 1635 1309 4,
1661 1268 1714 1302 68.
1738 1269 1852 1302 uenire
1872 1269 1913 1310 2,
1938 1268 1993 1302 58.
2017 1268 2072 1302 80.

291 1334 329 1376 4,
353 1333 406 1367 47.
431 1332 582 1373 excipere
604 1332 642 1371 2,
668 1330 720 1363 38.
746 1330 798 1362 53.
824 1330 998 1362 conuenire
1021 1329 1059 1368 2,
1084 1328 1138 1360 57.
1160 1326 1338 1369 prouenire
1361 1325 1397 1367 3,
1423 1326 1477 1358 26.
1502 1325 1688 1366 relinquere
1708 1325 1741 1366 4,
1759 1325 1813 1359 34.
1837 1325 2018 1368 interficere
2039 1325 2073 1366 6,

293 1391 346 1424 48.
373 1407 409 1413 -
434 1389 467 1421 8.
490 1391 615 1421 uenatu
637 1387 692 1420 bis
715 1386 834 1429 posuit
855 1387 905 1427 M,
931 1385 995 1418 sed
1018 1383 1167 1418 alterum
1191 1393 1253 1417 sex
1275 1382 1415 1425 punctis
1439 1381 1668 1415 subnotatum
1691 1382 1755 1415 est.

285 1507 504 1551 primoribus]
535 1515 624 1549 quos
654 1506 855 1547 megistanas
882 1505 986 1537 vocat
1016 1504 1069 1543 45,
1102 1504 1156 1536 27.

294 1560 435 1591 sueton.
455 1555 561 1598 Calig.
581 1557 612 1588 5.
635 1574 670 1579 —
700 1553 872 1596 Vononem]
898 1555 931 1587 in
955 1554 1059 1586 unico
1084 1554 1159 1585 eius

293 1616 458 1648 nummo,
499 1607 558 1648 qui
597 1606 735 1639 Parisiis
773 1605 903 1644 exstat,
945 1603 1156 1636 ΟΝΩΝΗΣ.

292 1660 451 1699 Regnum
475 1657 590 1690 adisse
615 1656 741 1689 dicitur
756 1664 775 1688 a
792 1654 972 1687 Vaillantio
989 1663 1020 1687 a.
1040 1664 1074 1687 u.
1094 1654 1158 1686 758

293 1707 440 1741 ve1759.
462 1725 497 1730 -—
522 1705 789 1747 vetustissimum]
814 1704 947 1737 scilicet
970 1705 1160 1737 etiamtunc

294 1758 504 1797 viventium,
529 1759 567 1790 ut
589 1756 662 1790 vult
678 1756 937 1788 Freinshemius
961 1757 998 1787 et
1011 1756 1161 1787 Viscon-

294 1809 362 1840 tius
386 1809 440 1839 111.
459 1816 492 1849 p.
513 1807 566 1839 96.
593 1807 814 1846 Quamquam
838 1806 1078 1837 vetustissimus
1097 1813 1162 1846 per

295 1867 334 1891 se
351 1857 521 1898 significat
533 1857 615 1888 natu
629 1856 833 1892 maximum,
850 1855 944 1895 quod
958 1854 1102 1895 quidem
1116 1855 1161 1885 ita

294 1915 420 1940 verum
437 1914 516 1939 esse
533 1905 749 1937 addubitavit
766 1905 915 1946 Lipsius,
941 1904 1019 1946 quia
1037 1903 1160 1936 Strabo

297 1958 350 1996 46,
366 1957 397 1996 4,
407 1956 449 1988 28
464 1956 647 1988 Vononem
662 1955 782 1987 ordine
796 1956 961 1996 quartum
974 1955 1159 1996 posuisset.

297 2007 367 2040 Sed
382 2005 541 2045 Wolfius,
568 2005 745 2044 «Strabo»,
771 2005 893 2046 inquit,
914 2005 1028 2037 «hunc
1043 2005 1162 2037 Vono-

297 2067 379 2091 nem
396 2058 560 2099 quartum
578 2057 674 2098 ponit
689 2055 830 2095 ordine;
853 2064 897 2087 an
914 2056 1040 2094 aetate,
1059 2064 1163 2088 nemo

299 2108 443 2143 dixerit;
462 2115 529 2139 nec
545 2106 679 2138 sciebat
694 2107 769 2148 ipse
787 2106 1013 2138 fortasse.»—
1029 2105 1162 2147 Caesar]

297 2159 491 2199 Augustus3
513 2157 596 2188 item
614 2156 729 2188 c.3.-—
741 2157 904 2196 auaeitque
918 2156 1042 2198 opibus]
1060 2157 1166 2188 comi-

299 2209 384 2246 tatu,
402 2206 564 2248 pecunia,
583 2205 647 2237 alia
664 2214 792 2247 pompa
809 2206 969 2238 instruxit
983 2206 1119 2246 regium
1132 2206 1164 2237 in

299 2265 450 2289 morem.
476 2256 561 2287 LlpS.
587 2255 642 2287 Sic
658 2257 744 2287 Ann.
764 2255 795 2294 6,
814 2254 874 2287 32:
903 2255 1046 2287 Tiberius
1069 2259 1168 2287 ornat

300 2307 464 2339 Phraaten
486 2306 695 2346 accinqitque
711 2308 891 2345 paternum
913 2306 958 2336 ad
979 2306 1163 2346 fastiyium.

306 2375 340 2380 —
367 2356 435 2388 alio
457 2363 501 2387 ex
524 2354 611 2395 orbe]
643 2356 831 2388 Universus
863 2356 1039 2387 terrarum
1069 2354 1166 2387 orbis

301 2408 377 2439 tum
405 2406 441 2438 in
465 2406 639 2437 Romanos
671 2407 706 2437 et
728 2405 874 2437 Parthos
907 2405 1039 2438 divisus
1066 2405 1167 2437 vide-

302 2457 417 2489 batur.
443 2456 610 2488 MURETUS.
633 2474 667 2478 -
686 2458 772 2488 inter
781 2457 975 2495 provincias
989 2456 1165 2495 Romanas]

303 2507 438 2548 Lipsius
462 2505 563 2537 affert
591 2504 708 2537 locum
732 2506 918 2547 Hegesippi
946 2507 980 2537 in
1010 2506 1165 2538 oratione

303 2558 475 2599 Agrippae
499 2556 591 2596 regis
614 2557 653 2595 2,
680 2556 716 2588 9:
747 2558 924 2589 Persarum
945 2557 1084 2597 superba
1108 2566 1168 2589 au-

304 2609 411 2641 dimus
441 2607 604 2647 imperia,
647 2607 701 2638 sed
737 2616 851 2639 eorum
885 2617 1013 2648 quoque
1045 2607 1168 2639 obsides

305 2658 466 2695 vidimus‚·
492 2660 523 2689 et
545 2666 619 2688 cum
640 2658 702 2698 ipsi
721 2658 874 2698 pluribus
896 2658 1086 2690 nationibus
1107 2660 1169 2691 im-

299 2710 436 2750 perent,
472 2708 614 2748 offerunt
646 2707 764 2739 liberos
796 2717 871 2740 suos
902 2712 933 2740 et
965 2709 1168 2741 nobilitatem

305 2767 413 2791 suam.
453 2757 586 2789 Servire
609 2757 763 2789 Romanis
785 2758 931 2799 9audcnt
946 2768 1011 2799 pro
1032 2759 1095 2800 fide
1105 2768 1169 2799 pa-

306 2810 371 2848 cis,
397 2807 494 2840 simul
516 2810 554 2839 ut
574 2808 743 2839 serviendo
767 2808 895 2840 discant
909 2810 977 2840 suis
991 2809 1166 2849 imperare.

308 2859 457 2900 offerunt
471 2860 590 2896 vestes,
614 2858 767 2897 monilia,
793 2858 994 2898 elephantos,
1019 2859 1170 2898 quodque

308 2909 464 2942 Romanis
493 2908 602 2939 visum
635 2907 832 2939 tributorum
861 2917 963 2949 yenus
991 2909 1166 2949 imponere.

311 2977 346 2982 —
366 2958 606 2990 trucidantium
628 2957 794 2998 Crassum]
819 2966 851 2989 a.
870 2966 903 2989 u.
928 2959 1001 2990 704.
1029 2958 1079 2990 Cf.
1106 2959 1168 2990 Dio

308 3008 362 3048 40,
388 3008 441 3039 27.
471 3025 506 3030 —
532 3007 785 3039 emturbantiwm
806 3007 992 3049 Antonium]
1017 3009 1168 3041 maxime

308 3058 364 3091 illa
388 3057 547 3098 Statiani,
578 3055 681 3097 legati
706 3058 796 3095 eius,
823 3056 932 3089 clade.
962 3076 997 3081 —
1023 3059 1171 3091 diversus

310 3119 333 3141 a
353 3110 521 3141 maiorum
549 3108 721 3147 institutis]
757 3108 803 3139 «Il
832 3110 878 3140 est
908 3110 1049 3141 curieuz·
1078 3110 1170 3141 d'ob-

309 3169 420 3192 server
444 3161 601 3191 comment
624 3166 658 3190 ce
674 3158 809 3198 prinae,
835 3158 925 3189 cleve
943 3168 983 3190 en
1006 3159 1168 3201 Occident,

310 3208 492 3250 s'eloiqnoit
521 3209 575 3240 des
603 3216 722 3249 usayes
749 3208 929 3239 orientauc
958 3210 1060 3240 me‘me
1089 3210 1171 3241 dans

311 3261 355 3292 les
382 3263 471 3300 types
499 3259 537 3291 de
567 3267 615 3290 ses
643 3258 819 3290 monnoies.
868 3257 917 3288 On
944 3266 966 3297 y
993 3260 1063 3290 voit
1091 3260 1169 3291 d'un

311 3311 385 3342 cote
405 3310 530 3351 l'esflyie
553 3309 591 3340 de
608 3309 770 3347 Vonones,
795 3307 874 3339 dont
895 3308 929 3339 la
943 3309 1075 3350 legende
1090 3311 1170 3350 offre

312 3360 342 3392 le
363 3368 437 3391 nom
460 3357 695 3391 ΒΑΣΙΛΕΥΣ
717 3355 941 3395 ommi&
973 3367 1012 3389 sa
1042 3361 1105 3390 tete
1127 3363 1170 3391 est

1210 1502 1354 1541 boucles,·
1377 1502 1464 1534 mais
1485 1501 1512 1534 il
1532 1501 1591 1533 n'a
1606 1502 1704 1542 point
1725 1501 1760 1533 la
1775 1501 1914 1542 coifflare
1926 1501 2078 1542 medique

1210 1553 1264 1585 des
1285 1553 1471 1585 Arsacides.
1519 1552 1569 1584 La
1594 1553 1702 1593 figure
1733 1551 1772 1583 de
1799 1551 1834 1583 la
1859 1551 2001 1583 Victoire
2031 1555 2080 1584 est

1209 1603 1239 1635 le
1262 1606 1336 1643 type
1359 1603 1404 1635 du
1424 1610 1553 1640 revers;
1578 1604 1610 1633 et
1631 1602 1666 1633 la
1687 1601 1820 1655 legende
1841 1598 2080 1635 ΒΑΣΙΛΕΥΣ

1211 1652 1415 1685 ΟΝΩΝΙΙΣ
1445 1649 1692 1684 ΝΕΙΚΗΣΑΣ
1719 1649 2009 1685 ΑΡΤΑΒΑΝΟΝ
2032 1656 2080 1685 est

1211 1704 1291 1735 d’un
1319 1704 1400 1743 style
1429 1703 1508 1735 dont
1530 1712 1573 1735 on
1594 1711 1635 1734 ne
1658 1705 1774 1734 trouve
1797 1711 1910 1734 aucun
1932 1703 2080 1744 exeniple

1211 1755 1294 1786 dans
1326 1754 1361 1785 la
1394 1753 1652 1793 nwnismatique
1685 1752 1739 1784 des
1764 1753 1867 1784 reis.»
1906 1753 2078 1786 Viscon‘ri.

1211 1803 1393 1837 Manifesto
1417 1802 1569 1835 refertur
1592 1801 1647 1834 illa
1672 1802 1851 1844 inscriptio
1875 1802 1920 1834 ad
1930 1804 2082 1843 primum

1211 1854 1308 1886 illum
1331 1861 1542 1894 conpressum
1564 1861 1645 1885 mox
1668 1853 1917 1885 memoratum.
1938 1870 1974 1876 -—
1998 1862 2082 1886 raro

1211 1903 1346 1945 venatu]
1371 1903 1491 1936 lustin.
1517 1901 1572 1942 44,
1598 1902 1629 1942 3,
1655 1902 1694 1934 3:
1729 1911 1832 1934 carne
1854 1911 1921 1934 non
1941 1904 2007 1936 nisi
2027 1912 2082 1935 ve-

1211 1954 1346 1987 natibus
1367 1954 1518 1994 quaesita
1539 1955 1727 1985 vescuntur.
1753 1953 1895 1985 Sueton.
1915 1952 2020 1995 Calig.
2041 1954 2078 1986 5:

1213 2013 1329 2047 requm
1352 2005 1453 2036 etiam
1477 2012 1585 2045 regem
1614 2006 1646 2036 et
1671 2004 1910 2036 exercitatione
1938 2004 2082 2037 venandi

1214 2059 1245 2088 et
1260 2056 1413 2088 convictu
1426 2055 1646 2096 megistanum
1661 2053 1872 2094 abstinuisse,
1894 2055 1982 2095 quod
1992 2055 2084 2096 apud

1214 2106 1353 2138 Parthos
1381 2106 1501 2137 iustitii
1531 2105 1639 2136 instar
1660 2107 1717 2136 est.
1745 2122 1782 2127 -
1807 2106 1897 2145 seqni
1919 2113 2083 2145 equorum

1216 2156 1310 2197 cura]
1334 2156 1454 2188 lustin.
1480 2155 1539 2194 44,
1567 2155 1604 2194 3,
1629 2154 1666 2188 4:
1703 2155 1808 2195 Equis
1828 2156 1917 2187 omni
1938 2158 2083 2197 teinpore

1215 2209 1410 2238 vectantur:
1433 2205 1502 2237 illis
1523 2205 1626 2244 bella,
1649 2205 1717 2237 illis
1738 2205 1910 2244 convivia,
1933 2205 2002 2237 illis
2017 2214 2083 2246 pu-

1217 2256 1302 2288 blica
1333 2264 1374 2287 ac
1399 2257 1542 2295 privata
1572 2255 1682 2297 officia
1711 2254 1846 2293 obeunt;
1879 2263 1978 2295 super
2009 2255 2085 2287 illos

1215 2308 1284 2346 ire,
1310 2307 1502 2346 consistere,
1527 2305 1689 2344 mercari,
1715 2304 1868 2344 colloqui.
1904 2304 1973 2337 Hoc
1995 2305 2085 2338 deni-

1218 2366 1279 2397 que
1296 2357 1472 2389 discrimen
1486 2357 1574 2388 inter
1588 2364 1698 2388 servos
1713 2355 1894 2396 liberosque
1909 2358 1972 2395 est,
1997 2356 2085 2397 quod

1217 2408 1302 2439 servi
1320 2406 1476 2447 pedibus,
1509 2406 1604 2438 liberi
1625 2414 1692 2437 non
1714 2406 1779 2438 nisi
1801 2406 1894 2446 equis
1914 2406 2081 2438 incedunt.

1219 2457 1269 2489 Cf.
1296 2458 1358 2489 Dio
1382 2456 1439 2496 40,
1466 2457 1518 2488 45.
1547 2474 1583 2478 -
1607 2455 1710 2497 fastu]
1734 2455 1905 2488 invidiose
1929 2455 1973 2488 de
1997 2464 2084 2488 con-

1217 2509 1365 2549 temptu.
1401 2524 1437 2529 -—
1469 2508 1603 2547 patrias
1634 2505 1758 2548 epulas]
1793 2514 1885 2546 quae
1918 2514 2084 2546 magnam

1218 2559 1355 2599 partem
1378 2556 1543 2589 carnibus
1567 2556 1685 2589 ferinis
1709 2555 1929 2588 constabant.
1961 2555 2082 2588 lustin.

1218 2607 1271 2646 44,
1298 2607 1330 2647 3,
1355 2607 1394 2639 9:
1423 2606 1560 2648 (Parthi)
1584 2607 1620 2638 in
1644 2605 1752 2638 cibum
1767 2606 1880 2646 parci.
1920 2605 2084 2647 Megista-

1218 2657 1322 2689 nibus
1339 2658 1457 2688 autem
1474 2655 1529 2688 ille
1545 2655 1768 2698 praeferebat
1781 2653 1971 2688 Graeculus
1985 2663 2082 2695 suos,

1218 2707 1445 2749 philosophos
1482 2707 1566 2749 puta
1604 2707 1640 2739 et
1672 2706 1832 2738 rhetores
1865 2713 2016 2738 scurras.
2045 2722 2081 2728 —-

1219 2757 1417 2800 utensilium]
1450 2757 1537 2789 Vide
1562 2756 1607 2788 ad
1631 2757 1661 2796 4,
1687 2756 1741 2788 70.
1770 2774 1806 2778 -
1831 2756 1934 2788 anulo
1956 2755 2085 2797 clausa]

1221 2817 1389 2850 expresso
1428 2808 1462 2840 in
1502 2807 1597 2840 cistis
1635 2807 1734 2848 signo
1768 2805 1860 2838 anuli
1893 2805 2082 2847 signatorii,

1221 2860 1376 2891 Romano
1412 2859 1447 2890 et
1481 2859 1615 2890 Graeco
1647 2865 1765 2899 more,
1801 2856 1880 2897 qui,
1916 2865 1959 2888 ne
1991 2857 2084 2889 servi

1220 2908 1437 2948 furarentur,
1462 2907 1519 2940 vel
1542 2916 1670 2949 panem
1687 2905 1931 2948 obsignabant.
1957 2906 2083 2939 Duum.

1223 2959 1356 2991 Festive
1372 2957 1512 2991 Plautus
1525 2960 1603 2992 Cas.
1618 2958 1651 2997 2,
1670 2958 1701 2997 4,
1720 2958 1733 2989 4
1749 2966 1756 2988 :
1784 2956 1959 2998 Obsiynate
1972 2956 2084 2996 cellas,

1220 3010 1338 3050 referte
1368 3010 1508 3042 anulum
1536 3010 1580 3042 ad
1607 3017 1678 3041 me:
1712 3016 1771 3049 eqo
1801 3007 1863 3039 huc
1890 3009 2021 3038 transeo
2049 3007 2086 3038 in

1216 3061 1414 3101 proximum
1445 3061 1489 3092 ad
1510 3068 1619 3092 meam
1640 3059 1808 3091 viciniam.
1855 3057 1962 3089 Persa
1984 3054 2025 3095 2,
2051 3055 2083 3095 3,

1224 3111 1280 3142 45:
1306 3111 1363 3142 Isti
1383 3111 1609 3151 parcipromi,
1635 3110 1692 3150 qui
1714 3108 1860 3141 salinum
1881 3107 1983 3139 servis
1996 3105 2087 3148 obsi-

1221 3163 1327 3200 quant
1347 3169 1422 3192 cum
1444 3161 1524 3192 sale.
1551 3158 1634 3192 Plin.
1653 3160 1693 3191 N.
1716 3159 1757 3191 H.
1783 3157 1837 3196 33,
1862 3156 1881 3198 5
1904 3156 1964 3188 26:
1989 3155 2086 3188 Nunc

1221 3210 1284 3241 cibi
1318 3220 1446 3251 quoque
1479 3220 1520 3243 ac
1547 3213 1648 3251 potus
1681 3209 1783 3241 anulo
1815 3207 2030 3239 vindicantur
2062 3215 2086 3238 a

1221 3261 1354 3300 rapina.
1396 3262 1435 3300 Q.
1463 3261 1533 3293 Cic.
1561 3259 1606 3292 ad
1630 3260 1723 3292 Fam.
1751 3257 1809 3296 46.
1835 3256 1891 3295 26.
1925 3255 1964 3288 2:
2001 3256 2086 3288 sicut

1221 3311 1299 3342 olim
1326 3313 1467 3342 matrem
1497 3314 1646 3343 nostram
1674 3310 1783 3350 facere
1811 3307 1964 3345 mini,
2000 3314 2086 3346 quae

1221 3361 1359 3401 layonas
1374 3362 1475 3392 etiam
1489 3361 1602 3392 inanis
1616 3357 1826 3401 opsignatam
1845 3365 1884 3389 ne
1899 3356 2086 3388 dicerentur

313 3410 416 3442 ceinte
438 3409 482 3441 du
504 3410 669 3448 diadem,-
693 3417 741 3442 ses
762 3407 888 3441 oreilies
909 3411 982 3440 sont
1004 3411 1117 3441 ornees
1133 3409 1170 3442 de
1218 3411 1334 3442 inanes
1356 3410 1491 3450 aliquae
1511 3410 1620 3454 fuisse.
1643 3427 1679 3433 -
1703 3406 1811 3450 obvia]
1835 3405 2084 3448 entqeyenkom-
