2254 3770
0 3050 2 3054 ’
0 2782 15 3040 -ενΓκ-σεσκι-κτ-νν--Α
0 2671 10 2773 -Μ-’ῆ-’
0 2659 2 2661 ’
0 2637 7 2645 f
0 2605 6 2628 -ς
0 2565 5 2579 2*

382 293 427 337 P.
458 290 707 336 CORNELII
734 288 904 334 TACITI
934 285 1200 333 ANNALIUM
1229 279 1384 334 LIBER
1410 278 1517 332 XIII.
1549 287 1649 345 Cap.
1680 286 1720 332 4.
1749 287 1788 331 2.
1903 277 1977 330 39⁴⁴

324 472 378 529 (4)
420 471 561 516 PrIma
605 483 716 515 novo
759 469 996 528 principatu
1038 481 1153 513 mors
1196 468 1302 512 Iunii
1348 468 1497 521 Silani,
1541 466 1809 526 proconsulis
1847 465 1984 518 Asiae,

210 551 356 608 ignaro
385 547 568 598 Nerone,
599 559 678 604 per
706 544 851 590 dolum
880 545 1133 603 Agrippinae
1160 549 1348 602 paratur,
1380 557 1465 587 non
1485 542 1587 602 quia
1612 541 1768 601 ingenii
1788 539 1987 585 violentia

210 624 381 670 exitium
410 621 665 673 irritaverat,
706 621 850 678 segnis
880 626 922 664 et
951 619 1308 664 dominationibus
1339 618 1432 663 aliis
1462 617 1687 669 fastiditus,
1724 615 1835 660 adeo
1864 621 1912 659 ut
1940 615 1985 659 C.

209 699 368 744 Caesar
395 696 607 756 pecudem
635 709 808 740 auream
830 710 929 740 eum
950 694 1165 754 appellare
1186 693 1333 739 solitus
1355 694 1426 747 sit;
1458 707 1607 738 verum
1624 691 1852 751 Agrippina
1870 689 1986 734 fratri

209 775 303 819 eius
330 774 375 817 L.
398 771 540 817 Silano
570 785 722 816 necem
749 770 893 815 molita
912 770 1092 815 ultorem
1111 769 1346 822 metuebat,
1380 768 1531 814 crebra
1547 767 1661 826 vulgi
1682 767 1791 811 fama'
1811 771 2019 824 antepo-ts

207 849 397 895 nendum
440 850 537 892 esse
567 846 740 891 vixdum
769 846 995 905 pueritiam
1025 859 1201 904 egresso
1230 844 1386 890 Neroni
1417 851 1459 888 et
1487 843 1711 902 imperium
1739 847 1818 901 per
1847 839 1988 886 scelus

209 925 365 983 adepto
394 923 533 967 virum
563 927 700 966 aetate
732 922 985 980 composita,
1028 922 1256 974 insontem,
1298 920 1487 965 nobilem
1516 926 1573 973 et,
1615 918 1731 978 quod
1761 924 1860 962 tuno
1890 923 1990 975 spe-

209 1005 410 1051 ctaretur,
452 1013 476 1043 e
507 998 737 1043 Caesarum
773 997 980 1055 posteris:
1019 997 1178 1055 quippe
1209 1003 1251 1041 et
1286 996 1453 1040 Silanus
1483 995 1566 1039 divi
1594 994 1769 1052 Augusti
1799 992 1990 1050 abnepos

210 1082 313 1121 erat.
344 1075 452 1119 haec
480 1087 611 1118 causa
640 1073 771 1117 necis.
793 1073 970 1117 ministri
991 1073 1109 1116 suere
1131 1074 1175 1116 P.
1199 1071 1338 1123 Celer,
1371 1084 1506 1130 eques
1524 1071 1750 1122 Romanus,
1782 1074 1825 1113 et
1843 1067 1990 1112 Helius

210 1151 403 1202 libertus,
435 1149 498 1193 rei
528 1148 721 1193 familiari
751 1148 956 1206 principis
987 1149 1028 1191 in
1049 1148 1148 1192 Asia
1178 1146 1375 1205 impositi.
1408 1146 1461 1190 ab
1491 1145 1557 1189 his
1586 1143 1832 1203 proconsuli
1860 1152 2041 1187 vene-⁴0

210 1241 312 1271 num
341 1226 450 1269 inter
479 1223 629 1283 epulas
660 1224 805 1268 datum
834 1230 900 1268 est
928 1224 1118 1282 apertius
1150 1237 1278 1282 quam
1307 1229 1354 1266 ut
1382 1221 1584 1266 fallerent.
1613 1233 1694 1264 nec
1723 1219 1862 1263 minus
1890 1231 1992 1276 pro-

211 1308 359 1362 perato
388 1300 623 1351 Narcissus,
658 1299 820 1344 Claudii
850 1299 1038 1351 libertus,
1071 1298 1125 1343 de
1156 1299 1277 1342 cuius
1307 1297 1454 1355 iurgiis
1484 1296 1691 1341 adversus
1721 1293 1993 1353 Agrippinam

212 1376 372 1429 rettuli,
406 1389 559 1434 aspera
589 1374 781 1420 custodia
812 1380 854 1418 et
882 1374 1136 1419 necessitate
1167 1380 1355 1418 extrema
1385 1373 1436 1417 ad
1467 1377 1649 1416 mortem
1678 1371 1831 1429 agitur,
1863 1370 1992 1413 invito

212 1453 423 1512 principe,
464 1451 586 1495 cuius
616 1450 770 1494 abditis
801 1449 940 1494 adhuc
969 1450 1081 1493 vitiis
1110 1463 1188 1508 per
1217 1449 1433 1493 avaritiam
1465 1462 1515 1492 ac
1547 1446 1859 1505 prodigentiam
1885 1445 1994 1488 mire

214 1526 489 1587 congruebat.
544 1526 596 1583 (2)
627 1525 853 1583 ibaturque
892 1525 934 1568 in
975 1525 1149 1577 caedes,
1191 1525 1270 1568 nisi
1301 1523 1510 1589 Afranius
1529 1524 1688 1566 Burrus
1723 1527 1768 1590 et
1796 1521 1994 1565 Annaeus
2007 1527 2044 1558 ⁴5

213 1605 378 1649 Seneca
421 1601 591 1646 obviam
631 1601 774 1645 issent.
820 1600 860 1643 hi
898 1606 1087 1667 rectores
1102 1599 1463 1669 lmperatoriae
1454 1598 1650 1642 iuventae
1675 1580 1740 1654 et,
1780 1582 1923 1640 rarum
1951 1596 1995 1638 in

216 1679 418 1724 societate
448 1677 683 1735 potentiae,
715 1658 972 1727 concordes,
974 1658 1175 1720 diversa
1205 1681 1293 1719 arte
1324 1688 1377 1719 ex
1405 1650 1544 1732 aequo
1561 1650 1806 1732 pollebant,
1837 1673 1995 1715 Burrus

215 1753 468 1831 militaribus
498 1752 611 1797 curis
642 1758 683 1796 et
712 1751 937 1795 severitate
967 1765 1151 1803 morum,
1191 1751 1355 1795 Seneca
1382 1749 1625 1843 praeceptis
1650 1747 1940 1847 eloquentiae
1956 1753 1997 1792 et

1248 1823 1415 1837 Qumis-a
1402 1827 1456 1839 k...
1458 1829 1507 1841 *xa-‚⁶⁴
1507 1832 1543 1842 4⁸..

1670 1838 1705 1846 .-η
1709 1836 1747 1847 :ou

233 1892 239 1893 ’
283 1882 313 1914 4.
339 1882 408 1914 asie
430 1881 463 1915 Μ
489 1898 524 1903 -
550 1880 581 1913 2.
607 1879 783 1922 agrippine
804 1879 839 1913 M
863 1896 901 1913 -,
927 1882 1075 1920 paratur
1096 1879 1148 1912 M·
1174 1881 1337 1919 patratur
1358 1876 1531 1911 Aurelius.
1559 1894 1595 1900 —
1620 1875 1653 1909 3.
1677 1842 1806 1910 exitam
1815 1839 1868 1910 Μ
1884 1892 1921 1899 -
1933 1836 1996 1918 ct]

217 1939 256 1972 G.
283 1939 317 1971 Μ
341 1955 377 1960 -
404 1937 436 1970 9.
462 1936 553 1970 Celer
575 1937 711 1978 Lipsius
736 1935 824 1979 (coll.
850 1945 881 1970 c.
906 1936 976 1978 33).
1003 1936 1139 1969 celerius
1161 1937 1194 1970 M
1219 1954 1254 1959 -
1287 1936 1398 1968 Helius
1419 1935 1590 1976 Ryckius:
1615 1933 1719 1968 aelius
1739 1933 1774 1967 M
1800 1950 1836 1957 —
1863 1932 1917 1966 40.
1940 1932 1998 1974 fa-

215 1995 358 2028 miliaris
380 1995 413 2029 Μ
440 2012 474 2018 -
507 1994 589 2026 Post
613 1992 765 2026 verbum
787 1994 931 2035 impositi
954 1994 989 2026 in
1011 1994 1045 2027 M
1069 2001 1170 2026 erasa
1194 1993 1246 2026 est
1269 1991 1395 2026 littera.
1423 2009 1457 2016 —
1482 1988 1618 2033 procos.
1643 1991 1678 2025 M
1703 2007 1740 2014 —
1767 1989 1820 2024 43.
1845 1988 1944 2023 retuli
1964 1988 1999 2023 M

219 2070 255 2076 —
281 2052 396 2094 agitur
418 2050 476 2084 M:
500 2050 649 2092 adigitur
670 2049 737 2083 alii.
767 2069 802 2074 —
834 2051 887 2084 45.
913 2059 1040 2083 anneus
1062 2051 1096 2084 M
1123 2066 1158 2074 -
1192 2050 1246 2083 46.
1272 2049 1300 2082 Ii
1322 2050 1357 2083 M
1382 2066 1417 2073 -
1445 2057 1567 2081 rarum
1588 2048 1625 2081 in
1646 2047 1800 2081 societate
1819 2045 1997 2088 potentiae,

218 2108 392 2140 concordes
414 2106 652 2139 Boxhornius:
672 2115 800 2147 parum
822 2107 857 2140 in
879 2108 1035 2140 societate
1051 2107 1202 2148 potentia
1223 2109 1253 2139 et
1275 2105 1450 2138 concordes
1471 2105 1516 2139 M.
1546 2103 1598 2138 Cf.
1624 2104 1656 2145 4,
1681 2103 1735 2137 39.
1761 2103 1816 2136 56.
1842 2103 1874 2144 6,
1899 2102 1952 2136 40.

261 2227 293 2258 4.
318 2225 433 2258 Prima
459 2234 545 2258 novo
572 2225 768 2266 principatu
796 2225 876 2267 cet]
908 2225 958 2259 Cf.
986 2227 1017 2266 4,
1043 2226 1081 2258 3:

217 2277 366 2309 Primam
386 2276 519 2317 facinus
535 2275 614 2308 novi
630 2275 843 2316 principatus
862 2276 927 2317 fuit
940 2277 1085 2309 Postumi

217 2326 384 2368 Agrippae
406 2326 530 2358 caedes.
559 2343 595 2348 —
621 2325 708 2358 Iunii
729 2325 848 2367 Silani]
874 2326 954 2365 Hic,
978 2334 1085 2367 prae-

218 2377 360 2409 nomine
384 2375 542 2415 Marcus,
568 2375 670 2407 natus
695 2375 749 2407 est
771 2383 802 2407 a.
830 2383 863 2407 u.
890 2375 965 2408 767.
997 2374 1082 2408 Plin.

218 2427 259 2458 N.
285 2426 326 2458 H.
351 2426 371 2457 7
403 2423 422 2466 S
446 2424 507 2457 58:
543 2425 652 2457 Divus
682 2423 850 2466 Augustus
877 2425 982 2465 neptis
1007 2434 1087 2458 suae

218 2478 366 2517 nepotem
385 2475 470 2507 vidit
490 2475 638 2516 yenitum
660 2483 724 2515 quo
746 2474 883 2507 eoecessit
905 2483 1011 2515 anno,
1035 2476 1082 2508 M.

220 2527 392 2566 Silanum,
417 2526 474 2566 qui
498 2533 573 2557 cum
594 2524 707 2557 Asiam
731 2525 890 2565 optineret
908 2529 985 2566 post
1006 2534 1086 2558 con-

220 2577 384 2616 sulatum,
400 2575 543 2608 Neronis
554 2575 716 2615 principis
730 2576 946 2616 successione,
964 2584 1086 2608 veneno

221 2627 290 2661 eius
310 2627 524 2666 interemptus
538 2628 595 2658 est.
621 2624 751 2657 Consul
773 2624 836 2657 fuit
852 2634 883 2658 a.
900 2634 936 2659 u.
955 2625 1029 2659 799.
1046 2644 1082 2649 —

217 2675 376 2719 paratur]
402 2674 452 2708 Cf.
473 2674 532 2715 ⁴4,
551 2674 611 2707 58:
636 2675 754 2706 Plauto
769 2683 879 2707 necem
895 2676 1033 2716 parari.
1048 2693 1083 2699 -

221 2724 498 2759 dominationibus
527 2724 603 2756 aliis
633 2724 819 2767 fastiditus]
857 2733 878 2756 a
910 2724 1086 2766 prioribus

220 2774 439 2818 principibus
463 2773 654 2816 despectus
673 2775 707 2806 et
727 2783 794 2816 pro
811 2773 916 2806 nihilo
931 2774 1084 2807 habitus.

223 2842 261 2849 —
284 2825 440 2866 pecudem
462 2831 602 2869 auream
616 2832 690 2856 eum
706 2824 885 2866 appellare]
909 2823 1023 2857 Alium
1041 2825 1084 2857 M.

222 2874 389 2915 Silanum,
415 2872 597 2907 consulem
621 2882 652 2905 a.
678 2874 758 2914 772,
784 2873 958 2915 Caligulae
982 2883 1088 2907 soce-

222 2933 322 2964 rum,
355 2933 376 2956 a
399 2932 530 2965 genero
553 2921 724 2970 χρυσοῦν
748 2920 944 2969 πρόβατον
967 2921 1088 2965 appel-

222 2974 332 3007 latum
355 2982 435 3007 esse
458 2972 544 3006 falso
569 2974 674 3006 tradit
695 2974 760 3006 Dio
783 2974 837 3014 59,
855 2974 887 3007 8.
913 2973 1089 3015 Significa-

222 3026 271 3057 vit
295 3025 415 3056 autem
438 3022 592 3065 Caligula
614 3024 659 3057 M.
686 3022 791 3055 Silani
815 3022 942 3056 ovilem
965 3031 1089 3056 socor-

223 3074 318 3106 diam
349 3074 384 3105 et
412 3080 556 3114 magnas
587 3073 736 3106 divitias.
764 3090 800 3095 —
832 3073 935 3114 fratri
960 3073 1029 3105 eius
1050 3073 1087 3105 L.

223 3122 349 3164 Silano]
375 3121 426 3155 Cf.
452 3123 504 3162 42,
530 3122 549 3155 3
575 3131 654 3163 sqq.
675 3139 711 3145 —
730 3122 925 3162 pueritiam]
949 3123 1089 3155 sextum

225 3173 404 3206 decimum
428 3180 571 3204 annum.
598 3189 634 3194 —
661 3174 770 3205 aetate
791 3171 982 3213 composita]
1006 3180 1090 3213 qua-

226 3222 486 3264 dragenarium.
507 3238 543 3245 -
568 3221 747 3261 insontem,
771 3220 921 3263 nobilem]
946 3222 1010 3254 Dio
1033 3221 1087 3260 64,

227 3273 267 3305 6.
299 3266 416 3331 ἦρχε
423 3270 492 3314 τῆς
513 3266 637 3312 Ασίας
659 3269 822 3311 Σιλανὸς
843 3271 907 3303 καὶ
929 3264 978 3314 ἧν
1001 3266 1090 3304 οὐδὲ

229 3331 269 3355 εν
290 3323 373 3364 τοῖς
389 3317 503 3365 ἤθεσι
516 3320 585 3354 τοῦ
599 3320 734 3364 γένους
748 3318 995 3367 ἐνδεέστερος,
1020 3316 1088 3361 ἀφ’

230 3365 346 3430 οὗπερ
367 3372 432 3405 καὶ
454 3369 501 3404 τὰ
526 3369 696 3414 μάλιστα
717 3369 851 3414 ελέγετ’
879 3371 1090 3413 (Agrippina)

230 3417 347 3455 αὐτὸν
376 3419 614 3463 ἀποκτεῖναι,
647 3420 710 3455 ἵνα
735 3417 791 3465 μὴ
819 3419 888 3454 τοῦ
915 3420 1090 3468 Νέρωνος

1135 2219 1235 2258 οὕτω
1259 2222 1397 2267 ζῶντος
1420 2222 1653 2271 προκριθείη.
1673 2240 1709 2246 -
1729 2222 1817 2264 quod
1840 2225 1919 2255 tunc
1930 2230 2000 2264 spo-

1134 2275 1293 2317 ctaretur]
1318 2275 1435 2317 «quod
1459 2274 1631 2307 eiusmodi
1659 2274 1734 2306 erat
1756 2273 1795 2305 ut
1817 2273 1900 2306 tunc
1922 2281 2001 2314 spe-

1136 2327 1324 2359 ctaretur».
1359 2325 1486 2358 Addita
1515 2324 1606 2357 haec
1629 2324 1725 2364 sunt,
1758 2323 1840 2364 quia
1862 2323 2000 2355 Tacitus

1135 2376 1201 2410 sub
1225 2377 1371 2408 Traiano
1405 2375 1544 2417 scripsit
1567 2374 1639 2407 suis
1661 2373 1794 2406 meritis
1818 2372 1863 2405 ad
1885 2372 2001 2414 impe-

1134 2426 1226 2458 rium
1243 2427 1378 2466 evecto,
1397 2425 1567 2458 exstincta
1582 2423 1789 2456 iamdudum
1807 2423 2001 2456 Caesarum

1136 2474 1273 2508 familia.
1302 2492 1337 2499 —
1364 2475 1432 2507 divi
1452 2474 1591 2516 Augusti
1613 2473 1766 2515 abnepos]
1791 2473 1920 2515 quippe
1944 2480 2002 2514 ge-

1136 2526 1228 2558 nitus
1245 2534 1287 2558 ex
1301 2526 1366 2567 Ap.
1383 2524 1481 2557 Iunio
1503 2523 1629 2563 Silano,
1657 2521 1801 2556 consule
1818 2530 1849 2555 a.
1869 2531 1904 2555 u.
1923 2522 1999 2562 784,

1137 2576 1172 2608 et
1194 2574 1339 2607 Aemilia
1363 2574 1512 2616 Lepida,
1537 2574 1682 2615 Augusti
1704 2572 1877 2614 pronepti.
1906 2572 2002 2605 Haec

1136 2623 1282 2658 Aemilia
1306 2625 1399 2657 enim
1415 2622 1520 2656 Iuliae
1537 2625 1572 2655 et
1587 2623 1625 2655 L.
1643 2621 1780 2655 Aemilii
1795 2620 1891 2655 Pauli
1907 2621 2002 2662 (Sue-

1138 2677 1210 2708 ton.
1238 2676 1324 2716 Aug.
1355 2673 1414 2715 64)
1450 2672 1519 2706 filia
1546 2672 1679 2711 fuerat;
1716 2681 1757 2705 ea
1783 2670 1868 2704 Iulia
1894 2678 2000 2713 porro

1137 2724 1276 2764 Iuliam,
1300 2723 1446 2765 Augusti
1470 2722 1592 2763 filiam,
1618 2723 1654 2755 et
1668 2723 1711 2756 M.
1729 2722 1920 2764 Agrippam
1935 2727 2000 2762 pa-

1137 2775 1257 2807 rentes
1280 2773 1463 2806 babuerat.
1491 2790 1527 2796 —
1557 2774 1592 2806 P.
1618 2771 1720 2813 Celer]
1745 2770 1796 2804 Cf.
1823 2779 1854 2803 c.
1879 2769 1932 2802 33.
1959 2785 1996 2793 -—

1136 2825 1248 2857 Helius
1268 2822 1413 2864 libertus]
1438 2822 1488 2855 Cf.
1513 2823 1656 2855 Sueton.
1681 2822 1762 2854 Ner.
1779 2820 1833 2853 23.
1858 2819 1922 2852 Dio
1945 2819 1998 2858 63,

1139 2875 1192 2907 42.
1220 2890 1257 2897 -
1283 2880 1507 2905 venenum„
1522 2873 1639 2905 datam
1657 2871 1718 2913 est]
1741 2871 1806 2903 Dio
1830 2870 1884 2909 64
1910 2868 1945 2900 6:
1973 2865 1999 2911 ἦ

1134 2919 1351 2969 Ἀγριππίνα
1374 2916 1474 2954 οὕτω
1497 2921 1564 2954 καὶ
1584 2918 1631 2954 τὰ
1649 2921 1811 2965 μέγιστα
1826 2915 2000 2965 πράττειν

1139 2973 1338 3030 ἐπεχείρει,
1363 2981 1463 3004 ωστε
1484 2969 1641 3028 Μάρκον
1659 2968 1816 3004 Ἰούνιον
1838 2966 2001 3002 Σιλανὲν

1139 3019 1346 3062 ἀπέκτεινε,
1364 3022 1556 3065 πέμψασα
1575 3017 1676 3066 αὐτῷ
1691 3019 1760 3054 τοῦ
1776 3017 1998 3067 φαρμάκου,

1139 3066 1170 3116 ᾦ
1200 3069 1268 3105 τὸν
1297 3067 1417 3119 ἄνδρα
1448 3069 1773 3115 ἐδεδολοφονήκει.
1802 3089 1838 3095 -
1869 3070 2001 3112 rettuli]

1141 3105 1191 3156 Cf.
1210 3123 1262 3162 42,
1288 3122 1329 3155 57
1353 3123 1388 3156 et
1411 3123 1463 3156 65.
1492 3141 1528 3148 -
1551 3123 1738 3157 necessitate
1759 3120 1921 3164 extrema]
1946 3119 1998 3154 Cf.

1141 3173 1226 3205 Hist.
1245 3173 1276 3212 4,
1292 3171 1330 3204 3:
1352 3180 1525 3213 supremae
1545 3173 1715 3206 clarorum
1728 3173 1882 3205 virorum
1895 3178 2002 3204 neces-

1139 3223 1262 3262 sitates,
1279 3222 1353 3263 ipsa
1373 3220 1548 3256 necessitas
1563 3222 1681 3265 (mors)
1699 3221 1831 3264 fortiter
1845 3220 1998 3254 tolerata.

1143 3289 1179 3296 -·
1205 3272 1249 3304 ad
1268 3275 1407 3306 mortem
1429 3273 1553 3315 agitur]
1580 3272 1630 3305 Cf.
1655 3273 1720 3305 Dio
1744 3272 1798 3313 60,
1816 3271 1869 3305 34.

1183 3322 1217 3355 2.
1241 3322 1400 3364 Afranius
1414 3322 1554 3364 Burrus]
1580 3322 1630 3355 Cf.
1650 3323 1703 3362 42,
1718 3322 1773 3356 42.
1793 3339 1830 3347 -
1847 3323 2002 3358 Annaeus

1140 3372 1273 3414 Seneca]
1299 3372 1350 3406 Cf.
1377 3373 1435 3413 42,
1458 3374 1490 3406 8.
1509 3389 1545 3395 -
1572 3371 1703 3405 obviam
1723 3373 1832 3417 issent]
1855 3373 1878 3407 i.
1897 3383 1928 3408 e.
1946 3384 2001 3409 re-

1140 3423 1321 3457 stitissent.
1346 3423 1397 3457 Cf.
1416 3432 1447 3457 c.
1465 3424 1504 3456 5:
1530 3421 1659 3456 obviam
1680 3423 1764 3457 itum
1785 3421 1944 3460 dedecor-i.
1961 3442 1996 3452 -
