2254 3770
786 275 832 318 P.
863 273 1115 318 coaNELH
1142 273 1314 319 rAcirl
1342 245 1611 319 ANNALIUM

299 379 448 423 Miseni
488 386 666 439 propter
701 386 744 424 et
771 379 912 424 villam
944 379 1141 424 Caesaris
1171 379 1405 431 dictatoris,
1446 393 1560 438 quae
1599 378 1816 425 subiectos
1846 380 1966 425 sinus
1995 379 2090 426 edi-

297 454 461 499 tissima
490 462 746 514 prospectat.
791 469 977 501 accenso
1007 469 1112 513 rogo
1141 455 1320 499 libertus
1351 455 1445 499 eius
1476 462 1758 513 cognomento
1779 456 1965 500 Mnester
1993 455 2088 514 ipse

296 544 340 575 se
376 530 490 575 ferro
528 531 749 589 transegit,
795 531 1006 575 incertum
1046 531 1220 575 caritate
1251 531 1292 573 in
1322 537 1544 589 patronam
1574 545 1628 575 an
1658 537 1773 575 metu
1804 531 1932 576 exitii.
1976 530 2092 576 hunc

298 606 365 650 sui
396 606 526 650 finem
554 605 711 651 multos
741 612 838 650 ante
869 620 1002 651 annos
1033 606 1274 651 crediderat
1295 607 1525 665 Agrippina
1545 613 1960 665 contempseratque.
1992 621 2090 651 nam

266 694 286 725 5
299 681 535 726 consulenti
566 696 698 741 super
716 684 886 727 Nerone
906 682 1220 741 responderant
1241 682 1443 727 Chaldaei
1464 682 1555 727 fore
1576 689 1622 727 ut
1641 682 1872 740 imperaret
1891 689 2092 727 matrem-

298 772 385 816 que
416 757 655 811 occideret;
687 765 816 816 atque
847 757 917 802 illa
950 758 1174 802 «occidat»
1210 758 1361 815 inquit,
1399 758 1534 802 «dum
1561 759 1789 816 imperet».

414 833 495 891 (40)
527 834 614 878 Sed
644 847 668 877 a
690 834 875 879 Caesare
903 833 1093 891 perfecto
1116 833 1290 877 demum
1311 833 1476 877 scelere
1498 833 1745 892 magnitudo
1766 833 1860 878 eius
1879 833 2094 880 intellecta

300 914 377 953 est.
418 908 585 967 reliquo
615 909 752 953 noctis
781 908 911 953 modo
941 922 1020 967 per
1049 908 1263 952 silentium
1284 908 1469 961 defixus,
1502 909 1677 967 saepius
1698 923 1858 967 pavore
1879 923 2095 968 exurgens

300 991 343 1028 et
372 985 526 1028 mentis
555 985 698 1043 inops,
729 984 873 1029 lucem
902 984 1210 1042 opperiebatur
1238 991 1457 1043 tamquam
1487 985 1661 1028 exitium
1691 984 1925 1028 allaturam.
1965 992 2095 1044 atque

253 1070 401 1104 weum
430 1066 606 1104 auctore
635 1060 772 1104 Burro
802 1047 941 1118 prima
969 1060 1266 1104 centurionum
1297 1060 1652 1119 tribunorumque
1683 1060 1871 1105 adulatio
1895 1061 1952 1106 ad
1971 1075 2093 1120 spem

299 1135 499 1188 firmavit,
532 1136 825 1194 prensantium
853 1150 1026 1180 manum
1055 1136 1396 1195 gratantiumque
1423 1137 1541 1195 quod
1568 1136 1798 1181 discrimen
1828 1137 2094 1195 inprovisum

300 1218 343 1256 et
371 1212 518 1256 matris
547 1211 710 1255 facinus
734 1211 956 1255 evasisset.
988 1211 1112 1255 amici
1135 1211 1291 1255 dehinc
1311 1211 1431 1255 adire
1452 1211 1626 1270 templa,
1659 1218 1701 1256 et
1722 1218 1875 1271 coepto
1897 1212 2096 1271 exemplo

299 1285 494 1346 proxima
533 1287 791 1345 Campaniae
831 1287 1063 1344 municipia
1102 1287 1284 1330 victimis
1315 1294 1357 1331 et
1393 1286 1678 1345 legationibus
1707 1287 1907 1332 laetitiam
1938 1288 2096 1332 testari.

300 1363 394 1422 ipse
425 1362 595 1406 diversa
626 1362 894 1406 simulatione
925 1368 1114 1406 maestus
1146 1368 1188 1406 et
1216 1362 1340 1420 quasi
1373 1362 1647 1407 incolumitati
1678 1377 1783 1418 suae
1822 1363 2013 1407 infensus
2047 1377 2098 1409 ac

257 1439 426 1483 inmorti
470 1438 659 1497 parentis
703 1437 973 1482 illacrimans.
1023 1438 1125 1496 quia
1164 1444 1307 1482 tamen
1346 1452 1448 1489 non,
1489 1444 1536 1481 ut
1574 1438 1791 1482 hominum
1831 1438 1992 1492 vultus,
2039 1439 2098 1483 ita

299 1514 494 1558 locorum
523 1514 653 1559 facies
683 1520 914 1565 mutantur,
947 1512 1345 1571 obversabaturque
1375 1514 1503 1558 maris
1534 1513 1646 1557 illius
1677 1520 1721 1557 et
1750 1513 1920 1557 litorum
1955 1515 2097 1572 gravis

301 1597 501 1648 aspectus
541 1593 604 1648 (et
642 1597 763 1636 erant
802 1591 876 1649 qui
918 1590 1145 1635 crederent
1181 1591 1367 1634 sonitum
1402 1590 1530 1634 tubae
1571 1589 1751 1633 collibus
1781 1589 1940 1632 circum
1971 1589 2098 1634 editis

300 1666 584 1725 planctusque
615 1683 636 1711 e
665 1666 827 1710 tumulo
857 1667 1004 1711 matris
1033 1666 1208 1723 audiri),
1245 1665 1466 1723 Neapolim
1497 1665 1728 1716 concessit,
1758 1664 2010 1723 litterasque
2040 1665 2096 1709 ad

301 1749 497 1786 senatum
535 1743 664 1794 misit,
707 1756 891 1801 quarum
931 1756 1098 1786 summa
1137 1748 1229 1786 erat
1266 1747 1486 1799 repertum
1521 1754 1618 1784 cum
1649 1740 1761 1784 ferro
1791 1754 2095 1797 percussorem

251 1825 289 1857 20
303 1818 551 1876 Agerinum,
595 1832 648 1863 ex
686 1818 842 1862 intimis
885 1818 1141 1876 Agrippinae
1179 1817 1364 1868 libertis,
1406 1824 1448 1861 et
1485 1816 1616 1860 luisse
1652 1830 1748 1860 eam
1778 1829 1963 1874 poenam
1995 1830 2098 1862 con-

298 271 381 316 444

368 1979 399 2011 4.
424 1978 547 2011 cesaris
569 1979 601 2012 M
629 1994 663 2001 —
690 1978 722 2011 3.
748 1986 781 2010 se
803 1977 999 2010 Ernestius:
1027 1985 1098 2009 om.
1125 1977 1158 2010 M
1184 1994 1219 1999 —
1253 1976 1284 2009 ὅ.
1311 1976 1551 2016 responderant
1574 1975 1706 2007 Haase:
1739 1975 1979 2015 responderunt
1999 1975 2034 2008 M
2058 1992 2094 1999 —

300 2035 427 2068 chaldei
449 2036 482 2069 M
509 2053 542 2059 —
572 2035 602 2068 6.
621 2038 722 2077 atque
744 2035 795 2068 M:
821 2035 866 2067 ad
888 2043 975 2076 quae
990 2034 1164 2067 Heinsius.
1187 2051 1222 2057 -
1248 2034 1280 2066 7.
1299 2041 1411 2065 cesare
1433 2033 1467 2065 M
1493 2050 1522 2055 -
1555 2032 1586 2064 9.
1612 2035 1774 2072 tanquam
1796 2032 1830 2064 M
1856 2049 1892 2054 —
1919 2032 1972 2065 44.
1994 2040 2100 2073 preu-

299 2093 445 2125 santium
467 2091 667 2125 Ernestius:
687 2091 912 2133 pressantium
935 2092 968 2125 M
993 2108 1030 2114 —
1059 2092 1111 2123 42.
1137 2093 1229 2131 cepto
1251 2091 1285 2123 M
1310 2107 1344 2112 -
1373 2089 1426 2122 44.
1451 2092 1572 2121 mestus
1596 2089 1628 2122 M
1651 2107 1694 2113 —
1716 2096 1774 2121 sue
1797 2089 1830 2120 M
1857 2106 1891 2110 —
1919 2089 1973 2122 45.
1997 2089 2100 2122 morti

301 2149 456 2191 Lipsius:
482 2152 588 2182 morte
611 2149 643 2182 M
659 2166 694 2171 —
716 2148 768 2181 48.
794 2157 810 2181 e
833 2147 997 2181 Orellius:
1025 2157 1095 2180 om.
1122 2148 1156 2180 M
1175 2165 1210 2170 —
1236 2147 1290 2179 20.
1305 2155 1430 2192 penam
1453 2147 1503 2185 M3
1527 2154 1652 2187 poenas
1674 2144 1888 2187 NipperdeY.

1225 2261 1442 2305 βουλευτῶν
1474 2264 1515 2297 οἱ
1541 2263 1614 2307 μὲν
1642 2259 1753 2297 ἄλλοι
1775 2261 1913 2306 πάντες
1937 2265 2098 2306 (praeter
2250 2259 2254 2299 ι’

1226 2319 1417 2351 Thraseam
1438 2317 1595 2358 Paetum)
1621 2315 1927 2364 προσεποιοῦντο
1949 2318 2098 2364 χαίρειν
2252 2315 2254 2318 ⁴

303 2269 389 2301 chro
413 2277 477 2311 per
491 2267 706 2300 decennium
723 2266 796 2299 fere
814 2268 1014 2300 caruerunt.
1038 2285 1071 2289 -
1098 2266 1175 2298 sub-

299 2320 400 2352 iectos
431 2318 532 2360 sinus]
566 2318 655 2359 Apte
687 2317 731 2349 ad
765 2317 861 2350 hunc
891 2316 1007 2349 locum
1039 2318 1174 2350 Seneca

302 2369 365 2411 Ep.
391 2369 445 2408 54,
474 2369 530 2400 li:
572 2367 605 2400 C.
640 2367 773 2400 Marius
800 2371 830 2399 et
861 2367 917 2400 Cn.
945 2368 1116 2408 Pompeius
1146 2370 1176 2398 et

303 2418 428 2451 Caesar
450 2420 692 2450 exstruxerunt
714 2418 845 2458 quidem
867 2418 964 2450 villas
986 2418 1020 2450 in
1042 2418 1176 2459 regione

303 2469 453 2507 Baiana,
483 2468 539 2500 sed
568 2468 644 2500 illas
674 2468 901 2508 imposuerunt
929 2469 1064 2500 summis
1089 2467 1177 2509 iuyis

302 2518 475 2551 montium.
512 2517 688 2549 Videbatur
713 2518 773 2550 hoc
803 2519 912 2559 magis
933 2518 1100 2557 militare,
1132 2525 1176 2549 ex

303 2569 389 2601 edito
411 2567 577 2609 speculari
599 2568 666 2600 late
684 2568 843 2609 lonqeque
856 2567 1012 2600 subiecta.
1034 2585 1069 2590 —
1086 2567 1176 2599 mul—

304 2622 353 2652 tos
375 2622 451 2651 ante
473 2619 594 2659 annos]
624 2619 743 2651 statim
766 2626 848 2650 cum
871 2620 1048 2651 Neronem
1073 2618 1174 2650 enixa

306 2670 412 2702 esset.
450 2669 513 2701 Dio
537 2668 592 2708 64,
617 2669 656 2700 2:
692 2669 759 2701 καί
789 2678 846 2708 τις
869 2663 1140 2713 ἀστρολόγος-
1156 2686 1175 2691 -

304 2717 376 2752 δύο
398 2713 482 2761 ἅμα
505 2719 590 2765 περὶ
613 2715 732 2752 αὐτοῦ
753 2716 1036 2762 ἐμαντεύσατο,
1062 2714 1121 2750 ὅτι
1136 2727 1176 2750 τε

304 2767 527 2811 βασιλεύσει
549 2770 612 2802 καὶ
639 2765 698 2802 ὅτι
720 2767 791 2813 τὴν
811 2770 960 2816 μητέρα
978 2766 1173 2810 φονεύσει.

305 2818 512 2854 ἀκούσασα
543 2819 584 2852 δὲ
608 2818 716 2853 ταῦθ’
742 2816 766 2863 ἦ
786 2815 1005 2867 Ἀγριππίνα
1028 2829 1177 2877 παραυ-

305 2873 393 2905 τίκα
413 2870 486 2914 μὲν
510 2866 632 2912 οὕτως
656 2868 933 2917 ἐξεφρόνησεν,
958 2869 1010 2912 ὥς
1026 2871 1091 2903 καὶ
1106 2866 1177 2903 αὖ-

306 2921 351 2956 τὸ
380 2921 495 2955 τοῦτο
528 2916 801 2964 ἀναβοῆσαια
785 2918 1079 2954 «Ἀποκτεινάτω
1113 2931 1175 2964 με,

305 2970 429 3016 μόνον
461 2969 765 3013 βασιλευσάτω.»
792 2989 827 2995 ——
860 2971 1033 3014 Chaldaei]
1065 2972 1116 3005 Cf.
1142 2972 1175 3012 6,

306 3023 348 3055 ‘22
373 3023 461 3055 extr.

351 3073 404 3106 40.
430 3073 564 3105 diversa
584 3071 809 3113 simulatione]
833 3072 1007 3104 contraria
1032 3070 1178 3104 simula—

306 3124 391 3156 tioni
422 3122 652 3164 gratantium;
689 3122 726 3154 hi
756 3122 850 3154 enim
881 3121 936 3154 vel
966 3123 1092 3154 maesti
1121 3120 1177 3154 vel

306 3175 484 3206 Neronem
514 3171 731 3204 detestantes
762 3170 877 3213 palam
901 3170 1069 3204 laetitiam
1092 3179 1177 3213 prae

307 3232 346 3256 se
375 3222 557 3263 ferebant,
594 3222 669 3264 ipse
699 3221 821 3254 matris
852 3221 992 3253 interitu
1020 3221 1178 3262 gaudens

308 3273 532 3306 maestitiam.
570 3271 621 3305 Cf.
647 3272 712 3304 Dio
735 3271 789 3310 64,
823 3271 880 3304 45τ
920 3269 967 3302 Οἱ
993 3269 1033 3303 δὲ
1061 3270 1101 3304 ἐν
1130 3269 1176 3317 τῇ

303 3319 428 3369 Ῥώμῃ
452 3318 664 3379 ἅνθρωποι
675 3317 913 3362 ἀκούσαντες
935 3319 1074 3360 ταῦτα,
1099 3323 1178 3355 καί·

308 3382 378 3419 περ
400 3370 628 3416 ἀχθόμενοι,
652 3368 810 3429 ἔχαιρον
825 3372 1043 3413 νομίζοντες
1059 3368 1178 3404 αὐτὸν

308 3422 353 3457 ἐκ
375 3420 514 3457 τούτου
537 3433 579 3468 γε
602 3420 752 3465 πάντως
774 3418 1022 3462 ἀπολεῖσθαι,
1047 3420 1122 3455 τῶν
1137 3420 1178 3456 δὲ

1225 2368 1287 2402 ἐπὶ
1322 2372 1406 2410 τοῖς
1437 2365 1616 2413 γεγονόσι
1649 2368 1714 2400 καὶ
1744 2366 1958 2410 συνήδοντο
1980 2366 2099 2412 δῆθεν

1225 2417 1276 2463 τῷ
1308 2420 1453 2465 Νέρωνι
1487 2419 1553 2451 καὶ
1584 2417 1835 2461 ἐψηφίσαντο
1859 2415 2001 2460 πολλά,
2038 2414 2098 2460 οἷς

1225 2465 1350 2513 ᾤὀντο
1375 2466 1477 2513 αὐτῷ
1501 2469 1732 2515 χαριεῖσθαι.
1764 2468 1995 2508 Quintilianus
2011 2468 2095 2510 8,,5,

1227 2521 1286 2553 45ε
1322 2520 1500 2562 Ιηείρηίιω·
1532 2519 1711 2561 Africanus
1745 2519 1837 2560 apud
1865 2519 2029 2551 Neronem
2059 2519 2100 2552 de

1224 2573 1330 2602 morte
1356 2570 1476 2602 matris
1518 2570 1674 2611 «Rogant
1704 2572 1752 2609 te,
1790 2568 1932 2609 Caesar,
1968 2568 2099 2601 Galliae

1225 2624 1318 2660 tuae,
1353 2623 1391 2652 ut
1419 2620 1608 2661 felicitatem
1640 2623 1734 2652 tuam
1755 2619 1887 2660 fortiter
1907 2619 2031 2660 feras.»
2057 2635 2094 2642 —

1225 2671 1367 2703 sonitum
1399 2670 1516 2710 tubae]
1546 2670 1610 2702 Dio
1635 2670 1689 2708 54,
1715 2668 1773 2702 44ε
1810 2664 1929 2709 αὐτὸς
1951 2666 1992 2701 δὲ
2013 2671 2098 2709 ταῖς

1225 2731 1266 2754 τε
1295 2718 1401 2762 νυξὶν
1425 2717 1710 2775 ἐξεταράττετο,
1744 2713 1844 2752 ὥστε
1870 2718 1937 2751 καὶ
1961 2717 2005 2751 ἐκ
2026 2716 2098 2761 τῆς

1227 2767 1341 2813 εὐνῆς
1379 2767 1606 2812 ἐξαπιναίως
1640 2765 1861 2813 ἀναπηδᾶν,
1907 2768 1973 2800 καὶ
2008 2762 2096 2810 μεθ’

1227 2817 1374 2867 ἡμέραν
1398 2815 1467 2852 tine*
1490 2818 1708 2862 σαλπίγγων
1731 2816 1779 2861 δή
1804 2828 1915 2851 τινων
1939 2815 2097 2860 πολεμι-

1226 2868 1297 2903 κόν
1320 2880 1356 2902 τι
1378 2870 1443 2902 καὶ
1465 2868 1683 2915 θορυβῶδες
1707 2868 1749 2902 ἐκ
1773 2866 1841 2901 τοῦ
1864 2869 2027 2924 χωρίου,
2055 2867 2097 2901 ἐν

1227 2914 1256 2964 ᾦ
1281 2916 1329 2952 τὰ
1351 2919 1419 2961 τῆς
1439 2915 1680 2965 Ἀγριππίνης
1703 2914 1800 2951 ὀστᾶ
1820 2914 1955 2957 ἔκειτο,
1981 2913 2097 2960 ἤχου-

1227 2969 1307 3004 σῶν
1323 2969 1583 3013 ἐδειματοῡτο.
1607 2967 1668 3002 διὸ
1684 2970 1749 3002 καὶ
1765 2964 1940 3002 ἄλλοσεο
1920 2964 2005 3015 ῃέι·
2031 2969 2095 3002 καὶ

1227 3018 1355 3064 ἐπειδὴ
1393 3017 1593 3053 κάνταῦθα
1629 3021 1677 3052 τὰ
1713 3016 1812 3053 αὐτὰ
1847 3015 1949 3062 αὐτῷ
1985 3019 2097 3052 συνέ-

1227 3070 1376 3111 βαινεν,
1401 3066 1545 3103 αλλοσε
1567 3067 1794 3113 ἐμπλήκτως
1814 3069 2038 3112 μεθίστατο.
2057 3085 2093 3092 -

1225 3123 1324 3155 luisse
1345 3120 1429 3163 eam]
1453 3121 1692 3162 Agrippinam,
1719 3119 1882 3153 manibus
1905 3118 1973 3151 sibi
1995 3117 2096 3151 illatis

1227 3174 1376 3213 urgente
1401 3172 1631 3210 conscientia,
1662 3171 1830 3212 quoniam
1854 3168 1923 3202 filio
1946 3176 2096 3210 percus-

1228 3230 1348 3255 sorem
1369 3221 1594 3254 immisisset.
1630 3221 1686 3253 Sic
1715 3221 1807 3252 Nero
1831 3219 2019 3252 exsecutus
2042 3219 2097 3251 est

1229 3271 1412 3305 consilium
1431 3269 1520 3303 ‘illud
1539 3279 1570 3303 c.
1588 3271 1625 3302 7:
1652 3273 1690 3302 ut
1709 3273 1852 3302 matrem
1873 3271 1987 3308 sponte
2007 3276 2097 3300 mor·

1229 3326 1292 3356 tem
1314 3322 1487 3363 sumpsisse
1509 3322 1718 3363 confingeret.

1273 3373 1326 3405 44.
1351 3373 1481 3413 frustra
1502 3371 1617 3404 habita
1638 3370 1696 3412 sit]
1726 3369 1777 3403 Cf.
1796 3369 1849 3409 43,
1868 3367 1930 3401 37:
1957 3368 2097 3401 Corbulo

1229 3424 1378 3465 quaesito
1393 3423 1452 3456 diu
1469 3422 1597 3464 proelio
1614 3422 1745 3464 frustra
1758 3419 1888 3455 habitus
1901 3422 1933 3453 et
1947 3419 2097 3461 amplo
