2254 3770
263 256 347 306 258
739 264 784 307 Ρ.
817 262 1068 307 coaNELH
1097 262 1268 308 rAclrl
1297 250 1566 308 ANNALmM

266 367 425 427 delegit
454 383 640 428 quorum
670 369 725 413 ad
754 369 935 413 formam
964 370 1273 428 acciperentur.
1320 370 1364 414 id
1395 369 1488 414 aliis
1518 384 1694 429 quoque
1723 369 1967 414 nationibus
1988 382 2058 413 ar-

265 443 419 497 duum,
457 445 573 503 apud
604 445 839 489 Germanos
870 444 1082 490 difficilius
1122 445 1401 496 tolerabatur,
1444 446 1542 504 quis
1572 445 1803 504 ingentium
1834 445 2059 489 beluarum

264 519 429 565 feraces
459 521 610 573 saltus,
644 521 813 564 modica
843 520 958 564 domi
989 527 1180 565 armenta
1210 527 1319 565 sunt.
1372 535 1424 566 ac
1451 521 1592 579 primo
1622 521 1757 566 boves
1788 522 1926 580 ipsos,
1960 534 2060 564 mox

264 610 408 655 agros,
440 603 661 655 postremo
691 610 874 654 corpora
900 597 1129 655 coniugum
1150 603 1222 641 aut
1244 597 1477 642 liberorum
1497 599 1672 642 servitio
1692 598 1931 642 tradebant.
1962 596 2062 640 hinc

232 672 328 717 sira
357 679 400 718 et
421 679 629 731 questus,
652 678 694 716 et
719 678 947 731 postquam
975 687 1061 717 non
1086 672 1433 724 subveniebatur,
1457 673 1695 718 remedium
1718 688 1773 718 ex
1790 673 1919 717 bello.
1950 672 2059 730 rapti

265 749 339 807 qui
377 749 535 793 tributo
572 748 752 793 aderant
787 748 943 793 milites
980 755 1023 792 et
1060 748 1251 806 patibulo
1286 747 1428 792 adfixi.
1483 749 1691 794 Olennius
1733 749 1922 793 infensos
1960 748 2060 805 fuga

263 825 503 882 praevenit,
535 830 736 883 receptus
767 823 954 874 castello,
989 825 1057 868 cui
1089 819 1252 868 nomen
1273 823 1460 875 Flevum,
1493 831 1536 868 et
1563 824 1676 869 haud
1700 823 1946 883 spernenda
1974 822 2062 867 illic

265 900 421 945 civium
451 900 758 959 sociorumque
786 914 938 944 manus
967 899 1090 944 litora
1121 900 1283 945 Oceani
1314 900 1601 958 praesidebat.
1649 900 1731 957 (73)
1762 899 1879 958 quod
1909 899 1983 943 ubi
2013 899 2058 942 L.

264 977 471 1035 Apronio,
502 976 716 1020 inferioris
747 976 1002 1021 Germaniae
1031 990 1111 1034 pro
1142 983 1360 1034 praetore,
1392 976 1629 1033 cognitum,
1660 975 1816 1021 vexilla
1842 974 2061 1033 legionum

214 1062 289 1097 loe
319 1052 545 1111 superiore
573 1052 796 1110 provincia
823 1051 1105 1110 peditumque
1136 1058 1179 1095 et
1208 1051 1399 1110 equitum
1429 1051 1694 1095 auxiliarium
1724 1051 1917 1095 delectos
1947 1050 2062 1094 acci-

262 1129 323 1173 vit
351 1142 403 1173 ac
432 1127 559 1172 simul
589 1134 822 1187 utrumque
852 1127 1085 1172 exercitum
1117 1127 1263 1171 Rheno
1289 1127 1516 1171 devectum
1547 1127 1695 1171 Frisiis
1724 1126 1881 1179 intulit,
1920 1128 2060 1170 soluto

263 1205 350 1249 iam
379 1203 542 1249 castelli
571 1203 742 1248 obsidio
773 1209 816 1248 et
840 1203 893 1247 ad
917 1218 995 1247 sua
1017 1203 1191 1247 tutanda
1211 1202 1417 1261 digressis
1438 1202 1687 1246 rebellibus.
1719 1202 1847 1260 igitur
1867 1202 2062 1260 proxima

263 1280 479 1324 aestuaria
509 1279 739 1339 aggeribus
770 1285 813 1324 et
840 1279 1044 1337 pontibus
1073 1278 1339 1324 traducendo
1360 1278 1543 1336 graviori
1571 1277 1728 1335 agmini
1749 1277 1901 1322 firmat.
1931 1283 2062 1335 atque

262 1356 434 1401 interim
464 1356 647 1414 repertis
677 1355 800 1399 vadis
829 1354 941 1399 alam
970 1354 1286 1399 Canninefatem
1319 1360 1362 1398 et
1391 1353 1510 1412 quod
1540 1353 1731 1411 peditum
1754 1353 2063 1398 Germanorum

211 1432 375 1477 winter
409 1438 579 1477 nostros
615 1431 812 1476 merebat
847 1430 1132 1488 circumgredi
1175 1437 1294 1487 terga
1332 1429 1517 1474 hostium
1548 1428 1692 1482 iubet3
1730 1429 1805 1487 qui
1843 1429 1929 1473 iam
1968 1429 2062 1473 acie

263 1508 488 1567 compositi
525 1507 690 1566 pellunt
727 1514 888 1554 turmas
919 1506 1102 1551 sociales
1134 1507 1391 1565 equitesque
1422 1504 1639 1562 legionum
1669 1504 1862 1549 subsidio
1891 1505 2061 1549 missos.

261 1591 352 1631 tum
381 1591 470 1630 tres
499 1583 618 1629 leves
649 1582 849 1629 cohortes
878 1597 931 1627 ac
960 1597 1131 1626 rursum
1160 1582 1292 1632 duae,
1323 1580 1424 1625 dein
1444 1586 1637 1638 tempore
1659 1580 1881 1628 interiecto
1902 1580 2062 1630 alarius

262 1674 400 1719 eques
430 1660 646 1704 inmissus.
692 1660 795 1703 satis
826 1658 973 1709 validi,
1006 1659 1040 1702 si
1073 1657 1196 1702 simul
1228 1656 1541 1707 incubuissent,
1578 1670 1658 1714 per
1687 1656 1956 1701 intervallum
1984 1655 2061 1706 ad-

261 1742 485 1782 ventantes
525 1749 668 1794 neque
711 1730 992 1783 constantiam
1031 1733 1287 1778 addiderant
1324 1732 1504 1776 turbatis
1542 1740 1584 1775 et
1620 1746 1782 1790 pavore
1811 1732 2061 1791 fugientium

210 1812 578 1859 ”auferebantun
625 1810 814 1869 Cethego
845 1810 1055 1860 Labeoni,
1088 1809 1228 1867 legato
1259 1809 1433 1867 quintae
1463 1807 1663 1866 legionis,
1696 1807 1814 1867 quod
1843 1807 2057 1867 reliquum

328 1924 359 1956 4.
385 1923 504 1965 deieqit
525 1922 559 1955 M
583 1920 712 1963 (delegit
723 1921 859 1962 margo)
887 1938 923 1944 —
949 1921 980 1952 5.
1007 1922 1164 1961 quaestus
1185 1919 1218 1952 M
1236 1935 1273 1942 —
1300 1917 1553 1951 subveniebatur
1567 1917 1776 1951 Rhenanus:
1801 1916 2014 1951 subueniebat
2028 1916 2062 1950 M

266 1998 302 2004 -
328 1980 361 2013 8.
385 1989 490 2014 manu
511 1978 677 2013 Pichena.
707 1995 743 2001 —
770 1978 824 2012 42.
849 1977 975 2010 castelli
998 1977 1206 2010 Rhenanus:
1232 1976 1365 2009 castello
1389 1976 1423 2010 M
1448 1994 1483 1998 —
1510 1975 1669 2017 degressis
1690 1975 1724 2009 M
1748 1991 1784 1998 —
1813 1973 1866 2008 44.
1893 1973 2062 2009 Cannine-

259 2036 374 2079 fatem]
398 2037 455 2079 Sic
477 2036 548 2075 hoc
571 2044 704 2080 nomen
727 2034 895 2076 scribitur
918 2034 1026 2081 etiam
1050 2034 1137 2074 Hist.
1163 2032 1195 2074 4,
1223 2033 1264 2066 46
1289 2032 1386 2075 (bis);
1418 2031 1567 2074 simplici
1589 2042 1612 2065 n
1636 2040 1767 2074 nomen
1790 2031 1826 2064 in
1850 2030 1976 2074 codice
1999 2039 2064 2064 ex-

260 2092 406 2126 hibetur
429 2093 482 2131 44.
509 2092 549 2125 48
574 2092 610 2124 et
632 2092 718 2124 Hist.
745 2089 782 2132 4,
809 2091 851 2124 45
875 2090 967 2133 (bis).
999 2090 1238 2130 Cannenefates
1261 2088 1465 2122 scribuntur
1486 2089 1572 2121 Hist.
1599 2087 1637 2127 4,
1664 2087 1718 2120 32.
1743 2088 1799 2120 56.
1824 2087 1867 2120 79
1892 2087 1982 2129 (bis).
2006 2087 2062 2120 85.

261 2149 348 2182 item
371 2150 499 2182 Inscrr.
525 2149 614 2182 Latt.
640 2158 675 2181 n.
700 2148 806 2189 5448,
839 2147 901 2181 ubi
925 2149 1146 2181 memoratur
1169 2147 1228 2179 ala
1249 2147 1275 2180 1.
1303 2146 1587 2187 Cannenefatium.
1618 2144 1722 2187 Apud
1743 2143 1917 2178 Velleium
1940 2145 1974 2184 2,
1999 2144 2063 2177 405

261 2208 437 2241 vocantur
458 2206 662 2248 Caninifati;
687 2207 816 2239 Inserr.
842 2206 931 2239 Latt.
956 2215 991 2239 n.
1017 2205 1059 2238 96
1085 2206 1139 2239 est
1156 2205 1268 2247 praef.
1294 2212 1344 2246 eq.
1369 2204 1446 2236 alae
1464 2204 1600 2245 primae
1623 2201 1910 2243 Cannunefatum3
1935 2201 1971 2233 in
1988 2199 2062 2234 aliis

261 2262 549 2305 inscriptionibus
583 2263 811 2298 nominantur
843 2262 1087 2304 Cannenefates
1119 2263 1155 2295 et
1188 2261 1442 2302 GannanefateS.
1478 2259 1555 2293 Vid.
1586 2259 1617 2292 J.
1641 2258 1778 2292 Becker
1807 2257 1842 2291 in
1868 2255 2064 2294 Annalibus

262 2319 442 2354 Rhenanis
466 2318 712 2354 Bonnensibus
727 2319 800 2360 XV,
817 2328 853 2362 p.
871 2319 929 2354 404
951 2327 1031 2361 sqq.
1053 2337 1089 2342 --
1116 2319 1169 2352 46.
1191 2317 1320 2359 pellunt
1341 2320 1473 2351 turmas
1494 2316 1705 2351 Rhenanus:
1723 2314 2065 2359 pelluntur-niumm

262 2375 297 2409 M
322 2393 359 2398 —
386 2376 439 2408 47.
464 2375 536 2408 leue
557 2376 591 2408 M
615 2392 652 2399 -—
679 2375 809 2408 alarius
831 2375 1110 2408 Freinshemius:
1138 2375 1253 2407 aerius
1274 2374 1309 2408 M
1334 2390 1368 2396 —
1395 2373 1450 2407 20.
1475 2371 1738 2414 auferaebanwr
1758 2379 1813 2414 pr.
1834 2370 1870 2405 M
1894 2387 1930 2406 ,-
1956 2369 2066 2404 ootho-

262 2432 314 2464 cio
337 2432 389 2471 M;
413 2431 520 2474 igitur
543 2430 610 2473 (vel
632 2432 712 2473 iam)
737 2431 874 2474 Cethego
897 2430 1066 2465 Halmius.

263 2522 295 2552 et
321 2518 432 2552 colore
459 2522 490 2552 et
517 2520 631 2561 figura
658 2520 762 2552 tauri.
798 2520 928 2561 Magna
949 2519 1001 2551 vis
1022 2527 1139 2551 eorum

262 2572 311 2602 est
331 2572 363 2602 et
376 2577 504 2611 maana
517 2569 685 2602 velocitas.
706 2586 743 2592 -
769 2569 1015 2611 acciperentur]
1040 2577 1059 2601 a
1075 2568 1139 2602 mi-

261 2617 401 2658 litibus;
434 2619 465 2652 si
496 2620 570 2652 tam
593 2618 738 2661 grandia
761 2628 834 2652 non
858 2620 996 2659 essent,
1029 2627 1138 2660 quam

261 2676 411 2702 urorum
434 2669 594 2710 tergora,
619 2669 863 2702 reiicerentur.
891 2686 927 2692 —
954 2667 1136 2710 beluarum]

262 2718 473 2758 bisontium,
505 2727 670 2759 urorum,
705 2718 847 2753 alcium.
873 2718 958 2753 Plin.
983 2719 1024 2751 N.
1050 2718 1091 2751 H.
1117 2719 1137 2752 8

264 2768 284 2811 5
301 2768 362 2802 38:
387 2769 594 2802 Paucissima
615 2768 752 2809 Scythia
773 2769 882 2811 yiqnit
903 2768 1020 2809 inopia
1040 2768 1140 2810 fruti-

262 2828 358 2860 cum,
386 2827 502 2860 pauca
523 2819 730 2852 contermina
752 2819 802 2851 illi
826 2819 1027 2859 Germania,
1055 2818 1139 2850 insi-

262 2869 346 2911 gnia
379 2872 489 2905 tamen
521 2868 621 2902 boum
653 2869 804 2910 ferorum
832 2878 974 2911 genera,
1010 2868 1140 2901 iubatos

263 2918 416 2959 bisontis,
440 2918 676 2960 excellentique
697 2919 732 2951 vi
754 2921 786 2952 et
799 2919 972 2952 velocitate
986 2927 1078 2951 uros.
1099 2936 1135 2941 -

263 2967 529 3010 subveniebatur]
548 2969 614 3007 Qui
629 2969 783 3002 retinent
799 2968 932 3003 codicis
948 2968 1138 3002 lectionem

264 3017 493 3059 subveniebat,
515 3016 682 3060 supplent
702 3018 875 3058 Olennius3
901 3020 1058 3053 attamen
1073 3027 1139 3061 pa-

263 3077 345 3103 rum
369 3068 584 3102 concinnum
606 3067 676 3100 hoc
690 3067 848 3108 videtur,
874 3076 958 3101 cum
980 3068 1038 3102 hic
1060 3069 1138 3111 ipse

264 3118 456 3152 molestum
478 3117 595 3151 Frisiis
619 3125 710 3150 onus
730 3117 950 3159 imposuerit.
967 3137 1011 3143 —
1032 3119 1138 3161 rapti]

264 3169 289 3202 i.
307 3178 343 3211 q.
361 3168 523 3209 correpti,
546 3168 587 3201 ut
600 3167 688 3200 Hist.
705 3167 745 3207 2,
769 3167 821 3200 47.
843 3186 878 3191 -
904 3168 1037 3210 tribulo]
1062 3167 1136 3202 scil.

266 3217 451 3261 exigendo.
472 3234 508 3242 —-
533 3215 678 3259 Flevmn]
702 3215 778 3248 Hoc
794 3215 977 3251 castellum
999 3218 1049 3251 ibi
1072 3226 1140 3260 po-

266 3268 391 3308 situm,
421 3266 484 3301 ubi
513 3266 607 3302 fossa
635 3265 808 3300 Drusiana
840 3265 957 3309 (Yssel)
981 3267 1016 3300 in
1040 3266 1139 3300 lacus

266 3317 474 3360 (Zuvdersee)
490 3316 693 3350 effunditur.
718 3314 848 3348 Plinius
865 3315 885 3348 4
909 3316 928 3358 g
945 3318 1002 3350 404
1022 3326 1029 3349 :
1054 3325 1141 3358 quae

268 3366 414 3409 (insulae
438 3367 649 3406 Frisiorum,
682 3363 926 3402 Frisiabonum
950 3365 1031 3407 cet.)
1054 3369 1140 3399 ster-

266 3419 395 3460 nunlur
421 3416 510 3452 inter
539 3415 670 3451 Helium
697 3423 740 3451 ae
764 3414 923 3451 Flevum:
951 3414 1003 3450 ita
1024 3416 1141 3457 appel-

1188 2518 1304 2552 lantur
1321 2518 1426 2558 ostia,
1450 2517 1486 2550 in
1502 2525 1588 2558 quae
1603 2517 1725 2558 effla-ms
1740 2515 1868 2554 Rhenus
1881 2513 1925 2547 ab
1938 2514 2066 2555 septon-

1189 2569 1295 2602 trione
1319 2567 1380 2611 (ibi
1402 2567 1554 2608 Flevum,
1588 2568 1626 2601 ut
1654 2575 1697 2600 ex
1720 2564 1855 2601 collatis
1877 2564 1934 2598 his
1955 2564 2066 2606 Taciti

1187 2618 1309 2652 verbis
1333 2616 1489 2661 clarum)
1523 2618 1559 2651 in
1587 2617 1698 2657 lacus,
1733 2615 1776 2655 ab
1806 2614 1970 2654 occidetue
2000 2612 2066 2657 (ibi

1189 2667 1340 2709 Helium)
1365 2669 1400 2701 in
1423 2676 1555 2700 amnem
1568 2668 1699 2700 Mosam
1713 2674 1748 2699 se
1760 2665 1903 2707 spargit.
1927 2665 2064 2703 Brun.

1232 2718 1286 2751 73.
1311 2719 1349 2751 L.
1373 2717 1532 2759 Apronio]
1558 2717 1744 2750 caesiano.
1771 2714 1824 2749 Cf.
1848 2714 1881 2756 3,
1899 2714 1955 2748 24.
1979 2715 2067 2748 Suc-

1189 2768 1349 2801 cesserat
1371 2766 1513 2801 Visellio
1537 2766 1686 2800 Varroni
1709 2765 1753 2808 (3.
1778 2763 1845 2806 44).
1872 2781 1909 2787 -
1938 2763 2066 2801 vexilla

1188 2817 1373 2861 legionum]
1399 2818 1450 2851 Cf.
1477 2817 1523 2851 ad
1546 2817 1578 2857 4,
1604 2816 1660 2850 38.
1686 2834 1722 2840 -
1757 2816 1803 2849 ad
1824 2823 1888 2848 sua
1910 2813 2064 2858 tietantia]

1188 2870 1278 2902 Hinc
1300 2867 1524 2901 Ptolemaeus
1545 2867 1596 2908 (Ξ,
1618 2867 1671 2907 44,
1689 2866 1743 2907 27)
1760 2865 1932 2909 oppidum
1948 2864 2067 2904 elicuit

1187 2916 1470 2959 Σιατουτάνὸα,
1495 2917 1595 2950 cuius
1611 2924 1772 2951 errorem
1788 2915 1923 2951 detexit
1937 2915 2061 2951 Herm.

1188 2967 1334 3003 Mueller
1350 2969 1402 3002 die
1415 2967 1556 3002 Mai-ken
1572 2967 1627 3000 des
1643 2965 1858 2999 Vatorlanaos
1873 2966 1906 3006 1,
1930 2973 1967 3009 p.
1985 2965 2062 2998 448.

1191 3037 1227 3042 -
1253 3019 1346 3052 alam
1379 3015 1644 3059 Canninefatem]
1682 3014 1932 3052 Canninefates
1963 3014 2066 3059 erant

1187 3070 1401 3102 Batavorum
1432 3066 1546 3101 vieini.
1580 3064 1666 3099 Plin.
1691 3066 1733 3099 N.
1759 3065 1799 3098 H.
1825 3063 1847 3098 4
1870 3064 1891 3107 5
1915 3064 1999 3098 404τ
2027 3064 2065 3104 in

1188 3119 1297 3152 Rheno
1329 3119 1400 3160 ipso
1416 3134 1467 3142 —-
1481 3116 1686 3150 nobilissima
1715 3115 1925 3150 Batavorum
1953 3113 2066 3153 insula

1189 3172 1220 3202 et
1243 3167 1518 3210 cannenefatium
1539 3169 1571 3200 et
1593 3165 1684 3198 aliae
1705 3164 1892 3198 Frisiorum
1907 3164 1977 3197 cet.
2009 3163 2062 3208 Cf,

1190 3218 1300 3252 Zeuss
1319 3218 1371 3251 die
1389 3216 1571 3252 Deutschen
1584 3224 1620 3258 p.
1639 3214 1715 3249 368.
1741 3214 1846 3249 Ukert
1861 3212 2064 3255 Germanica

1190 3276 1226 3310 p.
1251 3268 1327 3301 ⁴02.
1356 3285 1393 3292 —
1425 3270 1555 3300 tunnas
1575 3262 1768 3310 socialesli.
1793 3271 1826 3296 e.
1851 3261 1944 3298 alam
1968 3263 2063 3304 Can-

1190 3317 1410 3351 ninefatium.
1437 3334 1474 3340 —
1500 3316 1625 3358 equites
1646 3307 1823 3358 legiensem]
1852 3312 1903 3346 Cf.
1921 3313 2009 3349 nist.
2027 3312 2061 3353 4.

1190 3367 1245 3400 57.
1283 3366 1477 3410 opponitur
1513 3366 1572 3405 hic
1605 3363 1781 3407 equitatus
1818 3362 1929 3395 alario
1960 3361 2064 3409 equiti

1190 3415 1389 3459 sociorum,
1425 3414 1471 3449 de
1507 3423 1579 3458 quo
1608 3413 1642 3457 3,
1666 3412 1721 3453 39.
1751 3411 1812 3458 48,
1836 3412 1891 3448 27.
1924 3410 1980 3458 ⁴3,
2004 3409 2060 3452 344.
