2254 3770
759 273 914 319 LIBER
943 274 1008 318 1v.
1053 274 1153 332 cap.
1183 235 1253 318 44ss
1280 275 1348 318 45.
1379 275 1448 320 46.
1921 272 2005 321 239

224 378 331 423 soret
366 379 592 436 cognitum.
637 386 680 423 et
717 386 914 437 repertus
948 393 1047 424 cum
1082 386 1305 425 tormentis
1340 381 1471 426 edere
1495 381 1706 427 'conscios
1747 379 2003 437 adigeretur,

222 467 328 498 voce
358 467 509 511 magna
542 468 738 499 sermone
768 455 905 512 patrio
935 454 1090 499 frustra
1119 469 1167 499 se
1198 456 1447 514 interrogari
1468 455 1718 502 clamitavit:
1751 455 2006 499 adsisterent

221 529 326 573 socii
356 542 407 573 ac
435 535 696 586 spectarent3
730 528 887 572 nullam
915 530 1001 574 vim
1031 537 1190 574 tantam
1210 530 1370 575 doloris
1400 532 1489 577 fore
1509 538 1557 575 ut
1575 531 1797 576 veritatem
1816 529 2003 578 eliceret.

220 603 422 661 idemque
452 617 549 648 cum
579 611 752 662 postero
782 603 837 648 ad
858 605 1157 662 quaestionem
1186 606 1487 658 retraheretur,
1520 621 1572 652 eo
1602 606 1698 650 nisu
1727 605 1939 664 proripuit
1957 618 2004 649 se

219 677 469 722 custodibus
498 692 690 737 saxoque
720 686 847 737 caput
876 678 1039 724 adflixit
1067 687 1113 725 ut
1142 681 1283 725 statim
1312 683 1636 726 exanimaretur.
1667 680 1745 725 sed
1775 681 1873 725 Piso
1905 682 2035 730 Ter-5

219 754 498 797 mestinorum
536 754 635 798 dolo
676 767 830 798 caesus
868 745 1068 805 habetur,
1110 756 1212 814 quia
1247 757 1452 814 pecunias
1492 771 1516 802 e
1545 756 1718 816 publico
1750 757 2004 814 interceptas

219 829 362 873 acrius
391 843 521 887 quam
550 836 597 872 ut
625 828 855 873 tolerarent
884 829 1052 874 barbari
1084 830 1276 889 cogebat.

332 904 414 960 (46)
455 903 633 948 Lentulo
672 904 892 951 Gaetulico
939 905 984 949 C.
1026 905 1210 950 Calvisio
1250 908 1337 952 cos.
1369 907 1543 952 decreta
1586 906 1786 965 triumphi
1823 906 2005 965 insignia

219 980 420 1038 Poppaeo
461 979 620 1023 Sabino
658 979 847 1024 contusis
888 979 1123 1024 Thraecum
1162 982 1377 1038 gentibus,
1419 982 1492 1040 qui
1522 983 1727 1026 montium
1756 982 1881 1030 editis
1911 982 2004 1026 sine

219 1054 333 1101 cultu
371 1061 499 1113 atque
537 1069 591 1099 eo
631 1054 1072 1112 ferocius-agitabant.
1120 1069 1251 1100 causa
1280 1063 1440 1111 motus,
1477 1071 1609 1115 super
1638 1057 1856 1103 hominum
1885 1058 2004 1117 inge-
2017 1070 2054 1100 ιο

217 1130 349 1180 nium,
382 1129 500 1188 quod
528 1130 615 1187 pati
645 1129 827 1174 dilectus
857 1136 900 1175 et
927 1129 1236 1175 validissimum
1265 1146 1484 1190 quemque
1513 1132 1686 1177 militiae
1707 1140 1878 1178 nostrae
1899 1132 2004 1179 dare

217 1205 570 1263 aspernabantur,
608 1219 663 1249 ne
698 1205 872 1263 regibus
903 1205 1081 1263 quidem
1109 1220 1264 1263 parere
1296 1208 1374 1250 nisi
1406 1221 1459 1252 ex
1487 1207 1664 1252 libidine
1694 1208 1826 1260 soliti,
1866 1215 1939 1255 aut
1964 1209 2003 1256 si

215 1280 429 1324 mitterent
469 1279 645 1331 auxilia,
692 1294 795 1324 suos
835 1280 1036 1325 ductores
1062 1281 1311 1339 praeficere
1347 1297 1428 1327 nec
1464 1283 1544 1327 nisi
1575 1283 1805 1336 adversum
1834 1283 2003 1331 accolas

215 1354 479 1413 belligerare.
524 1369 577 1400 ac
603 1362 693 1399 tum
722 1369 869 1399 rumor
898 1356 1134 1400 incesserat
1160 1356 1250 1401 lore
1280 1364 1327 1401 ut
1354 1358 1522 1403 disiecti
1550 1358 1732 1417 aliisque
1762 1359 2003 1404 nationibus

215 1431 409 1488 permixti
439 1431 632 1475 diversas
661 1431 705 1474 in
735 1437 872 1475 terras
903 1430 1182 1478 traherentur.
1235 1432 1316 1476 sed
1346 1439 1576 1491 antequam
1604 1448 1723 1478 arma
1752 1435 2000 1493 inciperent,
2015 1445 2052 1475 ⁴⁵

214 1506 372 1550 misere
400 1505 564 1563 legatos
594 1506 822 1551 amicitiam
850 1505 1196 1565 obsequiumque
1224 1515 1556 1560 memoraturos,
1588 1516 1631 1559 et
1658 1523 1862 1557 mansura
1880 1511 1998 1563 haec,

214 1581 251 1625 si
290 1581 405 1626 nullo
444 1595 555 1626 novo
593 1595 725 1627 onere
763 1587 1091 1639 temptarentur:
1136 1582 1203 1626 sin
1239 1589 1286 1627 ut
1315 1583 1436 1628 victis
1476 1584 1698 1631 servitium
1725 1585 1999 1639 indiceretur,

277 1690 311 1723 2.
335 1699 370 1723 se
391 1698 483 1723 corr.
508 1689 560 1722 M:
585 1687 613 1720 si
633 1696 687 1730 pr.
713 1687 747 1720 M
773 1705 809 1711 -
843 1686 876 1721 4.
901 1687 1126 1727 quaestionem
1148 1687 1318 1721 Ritterus:
1344 1689 1582 1730 quaesitionem
1602 1691 1648 1724 M.
1673 1690 1726 1724 Cf.
1750 1692 1783 1732 2,
1809 1691 1862 1727 30.
1886 1691 1920 1733 4,
1945 1691 2000 1726 49.

213 1746 266 1782 29.
291 1745 347 1787 44,
372 1746 414 1779 60
437 1748 473 1778 et
485 1755 561 1779 var.
579 1744 662 1778 lect.
680 1743 726 1777 ad
741 1743 774 1783 3,
792 1744 846 1776 29.
868 1762 903 1769 -
929 1744 962 1776 5.
981 1745 1239 1780 examinaretur
1260 1746 1294 1779 M
1319 1764 1356 1769 —
1377 1747 1655 1787 pormestinorum
1677 1757 1731 1791 pr.
1749 1749 1783 1783 M
1810 1767 1845 1774 —
1869 1749 1901 1783 6.
1918 1750 2002 1791 auia

212 1802 381 1835 Pichena:
412 1803 470 1843 qui
492 1803 543 1841 Μ;
576 1801 697 1843 quippe
718 1798 997 1841 Bezzenberger.
1025 1818 1061 1823 —
1096 1801 1129 1834 8.
1154 1797 1197 1833 οὔ
1220 1802 1253 1834 Μ
1279 1819 1315 1827 -
1341 1802 1373 1835 9.
1399 1803 1468 1844 qui]
1491 1811 1577 1844 quae
1598 1804 1634 1836 in
1656 1803 1935 1847 Bezzenberger.
1961 1822 1998 1830 -—

211 1858 280 1891 sine
300 1858 392 1890 cultu
412 1857 699 1899 Bezzenberger:
739 1857 867 1889 incultu
891 1865 945 1898 pr.
971 1857 1021 1889 M:
1057 1856 1175 1890 inculti
1198 1866 1290 1892 corr.
1315 1859 1366 1898 M3
1402 1859 1558 1892 incultius
1581 1861 1747 1902 Georges.
1776 1878 1811 1884 —
1839 1862 1894 1896 44.
1918 1862 2002 1896 dile-

211 1916 282 1946 ctus
303 1914 354 1947 M:
379 1912 661 1960 delectusyulgo.
690 1931 725 1939 —
752 1913 807 1946 46.
832 1913 988 1945 miserere
1009 1921 1064 1954 pr.
1089 1913 1135 1946 M.

209 2002 246 2034 in
279 2002 503 2034 adulescentia
536 2001 649 2033 clarus
682 2001 733 2042 (L.
759 1998 940 2039 Domitius)
977 2007 1079 2040 quam

211 2052 326 2085 adnue
352 2052 557 2087 ornamentis
585 2050 842 2091 triunphalibus
867 2058 912 2082 em
935 2050 1078 2087 Genna-

209 2102 285 2134 nico
307 2102 399 2135 bella.
421 2119 457 2125 -
482 2101 553 2134 Iulo
575 2101 725 2142 Antonio]
750 2100 837 2133 Vide
853 2100 946 2140 adl,
966 2100 1019 2132 40.
1039 2117 1075 2123 -

1122 2000 1289 2040 pecunias
1310 2010 1327 2035 e
1346 2002 1481 2044 publico
1500 2004 1718 2045 interceptas]
1743 2012 1834 2046 quae
1858 2005 1909 2038 rei
1931 2014 2000 2048 pu-

1128 2050 1242 2087 blicae
1260 2053 1586 2096 (Termestinorum)
1600 2054 1741 2088 debitae
1754 2064 1774 2088 a
1786 2056 1931 2098 privatis
1943 2055 1998 2092 vel

1129 2102 1391 2144 magistratibus
1401 2104 1671 2147 municipalibus
1679 2105 1934 2140 retinebantur.
1944 2107 1995 2141 cf.

209 2153 335 2186 sororis
354 2152 518 2194 nepotem]
550 2153 672 2185 natum
696 2160 739 2184 ex
762 2149 942 2190 Marcella,
975 2151 1079 2183 Octa-

211 2203 288 2235 viae
304 2202 385 2235 filia.
405 2221 440 2226 —
465 2203 569 2244 specie
590 2199 786 2245 studiorum]
807 2201 933 2234 Strabo
949 2200 982 2241 4,
1008 2201 1040 2239 4,
1059 2199 1078 2232 6

210 2261 246 2295 p.
272 2253 329 2286 484
365 2253 410 2286 de
441 2251 734 2286 Massiliensibus:
772 2250 910 2293 πάντες
941 2251 981 2283 οἱ
1005 2260 1078 2290 χα-

211 2303 351 2349 ρίεντες
372 2299 468 2363 πρὸς
491 2300 536 2335 τὸ
559 2301 683 2346 λέγειν
704 2302 906 2349 τρέπονται
927 2301 993 2334 καὶ
1011 2311 1078 2341 φι-

211 2352 410 2394 λοσοφεῖν,
434 2348 531 2386 ωσθ’
554 2350 580 2397 ἡ
597 2351 706 2394 πόλις
726 2350 868 2400 μικρὸν
888 2351 961 2396 μὲν
984 2349 1080 2398 πρό-

211 2413 321 2450 τερον
337 2406 419 2445 τοῖς
433 2401 646 2450 βαρβάροις
657 2399 786 2436 ἀνεῖτο
799 2401 1076 2448 παιδευτήριον·

210 2453 251 2487 ἐν
273 2452 314 2486 δὲ
333 2452 385 2498 τῷ
401 2451 562 2500 παρόντι
577 2454 643 2487 καὶ
658 2450 749 2495 τοὺς
763 2450 1079 2514 γνωριμωτάτους

207 2486 407 2548 Ρωμαίῶν
437 2504 612 2541 πέπεικεν
642 2498 727 2536 ἀντὶ
757 2502 826 2547 τῆς
849 2505 902 2546 εἰς
920 2500 1080 2546 Ἀθήνας

210 2549 428 2598 ἀποδημίας
450 2553 576 2590 ἐκεῖσε
597 2551 739 2598 φοιτᾷν
757 2551 991 2597 φιλομαθεῖς
1013 2563 1080 2585 εν-

210 2613 290 2646 τας.
315 2604 368 2638 Cf.
392 2604 508 2646 Agric.
533 2604 565 2638 4.

253 2653 308 2688 45.
329 2653 558 2695 Termestinae]
583 2654 713 2688 Eorum
733 2653 904 2696 oppidum
927 2651 1080 2695 appella-

210 2705 267 2737 tur
291 2704 418 2737 Termes
440 2713 460 2736 a
483 2702 592 2738 Plinio
614 2705 655 2737 N.
673 2703 713 2736 H.
732 2703 752 2736 3
776 2703 865 2746 §²7-
884 2712 977 2735 nunc
994 2703 1080 2735 Tier-

208 2762 329 2787 mes.—
341 2756 535 2795 praetorem
546 2753 751 2795 provinciae]
764 2754 786 2786 i.
803 2761 835 2786 e.
849 2751 1002 2794 legatum
1014 2760 1079 2794 pro

210 2805 393 2845 praetore;
413 2812 496 2836 nam
512 2812 532 2836 e
550 2803 711 2836 Caesaris
726 2803 916 2846 provinciis
929 2803 1004 2836 erat
1020 2802 1081 2834 Hi-

210 2853 330 2895 spania
360 2853 646 2886 Tarraconensis.
679 2870 715 2875 —
742 2852 780 2885 L.
805 2851 970 2894 Pisonem]
997 2852 1080 2884 Bor-

208 2902 331 2943 ghesio
348 2901 439 2936 filius
454 2902 594 2935 videtur
610 2910 689 2935 esse
709 2903 743 2935 L.
763 2902 897 2935 Pisonis
913 2901 1080 2944 praefecti

209 2951 290 2985 urbi
301 2952 346 2993 (6,
356 2952 408 2993 40)
421 2954 527 2993 atque
543 2951 652 2991 idem,
667 2960 776 2994 quem
789 2951 949 2985 Horatius
961 2952 995 2984 iu
1009 2951 1080 2993 epi-

209 2999 300 3034 stola
314 3000 361 3033 ad
375 3001 521 3034 Pisones
537 3010 571 3034 v.
589 3001 653 3034 366
669 3001 714 3033 ita
731 2999 900 3044 appellat:
928 3001 954 3032 O
969 3001 1080 3033 maior

208 3051 377 3091 iuvenmn,
393 3051 549 3090 quamvis
562 3054 593 3083 et
614 3059 692 3083 voce
706 3053 853 3091 paterna
868 3049 1020 3091 Fingeris
1034 3049 1079 3081 ad

208 3103 336 3133 rectum
358 3102 389 3132 et
407 3108 469 3141 per
490 3102 521 3132 te
542 3101 645 3140 sapis.
668 3117 700 3123 -
727 3100 764 3132 in
786 3102 925 3131 mortem
946 3098 1077 3140 adfecit]

208 3149 257 3183 ita
278 3149 414 3188 affecit,
439 3150 477 3181 ut
500 3149 619 3182 statim
642 3149 852 3181 moreretur.
879 3148 931 3181 Cf.
957 3156 989 3180 c.
1014 3149 1074 3181 62:

209 3207 291 3240 quos
307 3198 513 3240 principium
533 3198 658 3240 strapis
678 3198 715 3230 in
728 3201 868 3230 mortem
882 3197 1075 3239 adflioeerat.

212 3265 249 3271 —
268 3247 413 3291 postero]
437 3247 512 3287 die,
536 3249 576 3280 ut
598 3247 651 3287 45,
670 3247 724 3280 57.
745 3265 778 3270 -
805 3255 955 3288 saxoque
977 3250 1079 3287 caput

209 3298 360 3342 adflixit]
392 3296 557 3331 Similiter
582 3296 760 3338 haruspex
783 3296 916 3329 Tuscus
941 3294 1075 3337 (Vellei.

208 3346 250 3387 2,
274 3347 307 3388 7,
331 3346 361 3388 4)
386 3346 483 3380 inliso
504 3346 610 3387 capite
631 3346 668 3378 in
683 3349 813 3386 postem
833 3345 1002 3386 lapideum
1021 3346 1077 3377 ia-

209 3402 299 3433 nuae
319 3395 465 3431 carceris
486 3397 653 3438 effic-toque
675 3393 807 3431 cerebro
818 3394 1019 3440 exspiravit.
1039 3411 1076 3418 —

1129 2150 1258 2186 Plinius
1274 2155 1361 2196 Epp.
1377 2154 1430 2194 40,
1454 2154 1494 2186 47
1516 2154 1591 2196 (28),
1611 2155 1650 2188 3:
1676 2155 1774 2188 Nunc
1786 2157 1835 2189 rei
1844 2157 2000 2198 publicae

1128 2202 1337 2235 Prusensium
1355 2204 1538 2245 impendia,
1558 2205 1696 2245 reditus,
1720 2206 1880 2239 debitores
1897 2215 2000 2240 excu-

1128 2252 1173 2284 tio
1183 2262 1194 2284 .·
1217 2254 1306 2293 quod
1319 2262 1363 2285 ex
1375 2254 1447 2294 ipso
1463 2257 1614 2287 tractatu
1626 2257 1737 2298 magis
1752 2264 1794 2288 ac
1813 2257 1924 2298 magis
1942 2266 2000 2290 no-

1128 2304 1309 2335 cessarium
1317 2304 1481 2346 intellego.
1494 2305 1622 2338 Multae
1628 2306 1715 2338 enim
1722 2307 1883 2347 pecuniae
1892 2307 2000 2340 variis

1128 2362 1173 2385 ea:
1187 2354 1299 2386 causis
1310 2362 1333 2386 a
1343 2354 1490 2394 privatis
1499 2355 1699 2395 detinentem·
1708 2359 1889 2397 praeterea
1898 2365 2000 2398 quae-

1129 2403 1207 2435 dam
1217 2404 1353 2436 minime
1366 2404 1522 2446 leqitimis
1535 2405 1718 2447 sumptibus
1730 2410 1924 2448 erogantur.

1173 2452 1227 2486 46.
1252 2453 1390 2485 Lentulo
1414 2454 1595 2497 Gaetulico]
1627 2455 1677 2488 Cf.
1704 2464 1735 2488 c.
1761 2455 1803 2489 42
1827 2459 1862 2489 et
1885 2457 1917 2498 6,
1942 2458 1994 2492 30.

1130 2504 1172 2536 Et
1203 2505 1310 2545 poeta
1339 2503 1479 2536 videtur
1510 2504 1615 2538 fuisse
1647 2507 1683 2538 et
1708 2506 1907 2541 historicus.
1943 2508 1996 2544 Cf.

1130 2553 1215 2587 Plin.
1248 2553 1355 2596 Epist.
1386 2555 1418 2595 5,
1447 2555 1480 2594 3,
1504 2555 1537 2587 5.
1573 2554 1719 2590 Martial.
1745 2556 1858 2599 Epigr.
1883 2557 1994 2599 praef.

1130 2603 1273 2636 Sueton.
1293 2601 1400 2644 calig.
1419 2603 1450 2636 8.
1467 2603 1606 2638 Anthol.
1627 2606 1699 2637 Lat.
1718 2606 1850 2649 Meyeri
1866 2615 1901 2640 n.
1920 2607 1994 2641 443.

1130 2651 1266 2685 Anthol.
1292 2653 1348 2685 Gr.
1375 2652 1529 2686 indicem
1558 2655 1745 2696 poetarum
1771 2664 1806 2698 p.
1833 2656 1929 2690 4046,
1957 2673 1994 2679 -

1130 2701 1164 2734 C.
1191 2702 1349 2742 Calvisio]
1381 2703 1419 2736 C.
1446 2702 1597 2744 Calvisii,
1626 2703 1779 2737 consulis
1801 2713 1833 2737 a.
1858 2714 1893 2737 u.
1918 2705 1994 2745 750,

1129 2750 1210 2783 filio.
1243 2751 1351 2792 (34.6,
1377 2752 1409 2784 9.
1434 2752 1521 2785 Hist.
1547 2753 1578 2794 4,
1603 2752 1656 2786 48.
1691 2754 1996 2796 —PoppaeoSa-

1130 2800 1215 2842 bino]
1240 2801 1291 2834 Cf.
1318 2802 1350 2840 4,
1375 2801 1428 2834 80.
1451 2819 1487 2825 —
1513 2802 1668 2845 contrasis]
1694 2803 1813 2836 Horat.
1839 2804 1877 2837 C.
1902 2803 1934 2843 3,
1961 2804 1993 2843 6,

1129 2851 1167 2883 9:
1192 2851 1310 2883 Pacori
1331 2859 1451 2883 manus
1472 2851 1548 2884 Non
1570 2853 1762 2894 auspicatos
1775 2853 1923 2886 contudit
1934 2854 1996 2885 im-

1126 2902 1220 2941 petus
1240 2898 1389 2932 Nostros.
1416 2900 1467 2932 Cl'.
1492 2901 1578 2934 nist.
1596 2901 1629 2941 4,
1647 2902 1709 2935 28.
1733 2904 1878 2935 contusis
1894 2902 1992 2935 Ubiis.

1133 2967 1165 2973 —
1193 2949 1250 2990 qui
1279 2950 1441 2982 montium
1462 2951 1558 2983 editis
1579 2951 1661 2993 cet.]
1694 2952 1745 2985 Cl.
1771 2951 1929 2993 Thucyd
1953 2952 1992 2992 2,

1129 2999 1190 3032 96·
1226 2995 1429 3057 παρεκάλει
1457 2997 1499 3032 δὲ
1527 3000 1593 3033 καὶ
1614 2999 1690 3033 τῶν
1713 2997 1870 3059 ὀρεινῶν
1893 3000 1995 3048 Θρᾳ-

1128 3046 1207 3080 κῶν
1228 3057 1319 3089 τους
1342 3046 1508 3091 πολλοὺς
1529 3049 1605 3083 τῶν
1626 3046 1852 3093 αὐτονόμων
1867 3050 1921 3092 (ne
1936 3060 1995 3084 re-

1126 3097 1223 3140 gibus
1255 3099 1385 3141 quidem
1408 3108 1532 3141 parere
1555 3100 1681 3143 solitos)
1714 3100 1780 3132 καὶ
1800 3109 1994 3157 μαχαιρο-

1126 3143 1280 3196 φόρων,
1305 3148 1345 3182 οἳ
1361 3147 1446 3182 Aroe
1468 3147 1696 3191 καλοῦνται,
1720 3146 1790 3192 τὴν
1807 3145 1993 3197 Ροδόπην

1129 3197 1169 3230 οἱ
1189 3196 1360 3231 πλεῖσται
1382 3197 1590 3241 οἰκοῦντες.
1618 3217 1653 3223 -
1685 3199 1826 3232 militiae
1846 3201 1991 3244 nostrae]

1129 3246 1179 3280 Cf.
1205 3247 1236 3290 3,
1261 3247 1315 3281 42.
1345 3266 1381 3272 -
1412 3258 1511 3281 amna
1536 3248 1733 3290 inciperent]
1765 3247 1816 3281 Cf.
1841 3249 1900 3290 42,
1928 3250 1989 3284 323

1127 3297 1184 3337 qui
1199 3306 1299 3330 arma
1313 3297 1518 3339 coeptabant.
1534 3315 1570 3320 —
1589 3297 1774 3329 amicitiam
1789 3296 1992 3339 obsequiani-

1127 3354 1189 3388 que
1209 3347 1462 3389 menwraturos]
1489 3346 1539 3379 Cf.
1565 3347 1604 3387 2,
1628 3347 1691 3379 58:
1719 3347 1856 3381 mimae
1877 3349 1991 3392 (Arta-

1126 3393 1250 3438 banus)
1274 3396 1459 3433 amicitiam
1480 3395 1655 3441 acsoedus
1674 3399 1927 3432 montoranto-os.
1951 3415 1988 3424 —
