2254 3770
209 268 264 310 58
689 270 733 312 P.
764 266 1013 312 CORNELII
1041 265 1210 310 TACITI
1238 263 1505 308 ANNALIUM

209 373 328 432 signa
356 374 498 425 adeat,
529 374 792 432 largitionem
820 378 1015 430 temptet,
1047 378 1262 429 tamquam
1291 383 1444 427 parum
1461 368 1684 412 ambitiose
1704 368 1836 412 filium
1857 368 1979 413 ducis

208 448 365 506 gregali
394 448 540 493 habitu
569 448 833 493 circumferat
862 448 1174 503 Caesaremque
1205 443 1436 502 Caligulam
1465 442 1668 501 appellari
1690 443 1800 487 velit.
1842 443 1981 501 potio-

207 537 297 567 rem
332 524 416 567 iam
455 531 556 582 aput
585 524 795 567 exercitus
827 522 1096 580 Agrippinam
1135 534 1263 578 quam
1298 519 1479 576 legatOS,
1518 532 1647 576 quam
1684 518 1840 571 duces;
1880 532 1982 562 con-

208 612 400 656 pressam
420 613 445 643 a
464 599 641 642 muliere
662 597 934 650 seditionem,
959 597 1026 641 cui
1049 609 1202 639 nomen
1223 594 1428 652 principis
1448 593 1658 637 obsistere
1679 608 1764 638 non
1785 593 1981 652 quiverit.

176 673 470 718 ⁵accendebat
508 674 611 718 baec
641 672 930 730 onerabatque
971 671 1170 721 SeianuS,
1214 668 1365 727 peritia
1401 682 1569 712 morum
1612 667 1765 712 Tiberii
1804 667 1904 712 odia
1941 668 1984 711 in

207 748 379 806 longum
408 749 586 799 iaciens,
619 761 730 806 quae
750 747 1004 791 reconderet
1023 752 1233 803 auctaque
1254 750 1481 802 promeret.
1527 744 1607 800 (70)
1639 749 1681 787 at
1703 743 1980 787 Germanicus

208 823 441 880 legionum,
474 837 582 882 quas
611 823 789 869 navibus
819 827 1007 872 vexerat,
1040 819 1272 865 secundam
1302 826 1343 862 et
1373 825 1566 877 quartam
1595 818 1806 862 decimam
1833 818 1984 862 itinere

208 898 393 942 terrestri
415 899 459 941 P.
480 898 641 942 Vitellio
662 897 879 942 ducendas
900 896 1039 947 tradit,
1073 910 1158 954 quo
1180 895 1313 939 levior
1333 894 1481 938 classis
1502 893 1662 937 vadoso
1693 894 1799 937 mari
1819 893 1985 936 innaret

209 972 276 1016 vel
303 973 523 1030 reciproco
554 973 724 1017 sideret.
755 972 943 1017 Vitellius
973 972 1156 1029 primum
1185 971 1264 1014 iter
1292 970 1407 1013 sicca
1434 968 1562 1012 humo
1582 974 1654 1012 aut
1672 968 1842 1012 modice
1862 967 1983 1012 adla-

161 1056 197 1086 ⁴⁰
209 1047 335 1091 bente
364 1054 486 1091 aestu
515 1048 706 1106 quietum
735 1047 900 1100 habuit;
933 1061 1031 1090 mox
1059 1045 1227 1104 inpulsu
1258 1044 1488 1103 aquilonis,
1521 1043 1645 1087 simul
1675 1043 1815 1087 sidere
1835 1043 1991 1102 aequi-‘

209 1122 356 1173 noctii,
388 1136 475 1180 quo
495 1123 676 1166 maxime
696 1123 893 1166 tumescit
912 1122 1129 1171 Oceanus,
1161 1121 1251 1178 rapi
1273 1120 1427 1178 agique
1448 1133 1612 1176 agmen.
1643 1125 1685 1162 et
1704 1118 1986 1177 opplebantur

210 1204 366 1242 terrae:
399 1197 550 1241 eadem
579 1198 684 1241 freto
714 1197 822 1241 litori
852 1188 1012 1255 campis
1044 1196 1191 1247 facies,
1225 1209 1366 1253 neque
1387 1194 1572 1238 discerni
1601 1200 1795 1252 poterant
1822 1194 1982 1238 incerta

210 1272 263 1316 ab
285 1272 442 1323 solidis,
474 1272 620 1316 brevia
639 1287 664 1316 a
683 1272 914 1330 profundis.
955 1277 1196 1315 sternuntur
1216 1270 1426 1321 fluctibus,
1458 1270 1705 1313 hauriuntur
1724 1269 1986 1326 gurgitibus3

211 1348 412 1397 iumenta,
444 1348 654 1399 sarcinae,
685 1361 864 1405 corpora
893 1348 1087 1391 exanima
1107 1346 1370 1397 interfluunt,
1403 1351 1638 1389 occursant.
1679 1344 1989 1402 permiscentur

161 1423 319 1467 winter
354 1436 401 1466 se
436 1423 661 1480 manipuli,
702 1423 830 1466 modo
869 1428 1042 1480 pectore
1080 1421 1209 1465 modo
1240 1435 1314 1465 ore
1353 1427 1477 1465 tenus
1508 1426 1719 1470 extantes,
1759 1419 1988 1477 aliquando

211 1497 425 1541 subtracto
462 1498 553 1541 solo
592 1497 758 1542 disiecti
796 1504 867 1541 aut
903 1497 1054 1541 obruti.
1105 1511 1189 1540 non
1218 1510 1300 1540 vox
1330 1502 1372 1540 et
1400 1496 1533 1539 mutui
1563 1494 1752 1538 hortatus
1784 1494 1988 1539 iuvabant

210 1573 460 1617 adversante
478 1572 609 1625 unda3
642 1572 744 1616 nihil
764 1579 961 1616 strenuus
982 1572 1035 1616 ab
1057 1573 1220 1630 ignavo,
1252 1572 1422 1630 sapiens
1445 1571 1499 1615 ab
1520 1569 1777 1628 inprudenti,
1813 1569 1989 1614 consilia

211 1662 237 1692 a
265 1661 367 1692 casu
397 1647 584 1692 differre:
617 1655 766 1693 cuncta
794 1648 884 1706 pari
914 1647 1115 1691 violentia
1143 1647 1476 1691 involvebantur.
1524 1645 1695 1689 tandem
1724 1644 1915 1690 Vitellius
1944 1646 1986 1689 in

253 1800 287 1836 2,
309 1800 488 1832 caliculum
509 1801 542 1833 M
573 1818 606 1822 —
639 1800 670 1833 8.
695 1800 792 1832 clasis
812 1809 869 1842 pr.
891 1801 924 1834 M
950 1818 984 1823 —
1012 1800 1064 1832 46.
1089 1800 1272 1832 subtractos
1297 1798 1419 1840 (littera
1442 1807 1457 1830 s
1479 1798 1612 1840 puncto
1635 1797 1763 1838 notata)
1788 1798 1822 1830 Μ
1847 1814 1883 1820 -
1908 1768 1988 1839 solo]

208 1855 358 1889 litteram
380 1855 521 1890 finalem
544 1865 564 1889 e
587 1857 804 1890 correctione
829 1857 937 1890 hahet
952 1858 985 1891 M
1002 1875 1036 1880 —
1055 1857 1131 1899 non]
1155 1858 1234 1890 Now
1255 1858 1288 1891 M
1307 1874 1341 1879 -
1361 1856 1414 1888 ⁴7.
1432 1855 1474 1887 ab
1488 1855 1677 1896 inprudenti
1700 1855 1853 1896 Lipsius:
1878 1863 1986 1894 apru-

212 1913 298 1946 denti
312 1913 356 1954 M,
375 1915 414 1946 ut
428 1913 460 1954 4,
479 1914 520 1946 70
536 1923 602 1946 non
612 1915 807 1955 prudentem
822 1923 886 1956 pro
901 1923 967 1947 non
983 1915 1227 1955 inprudentem:
1264 1913 1306 1946 ab
1327 1913 1410 1946 rude
1431 1912 1605 1944 Freherus
1617 1936 1625 1951 ,
1660 1910 1702 1943 ab
1725 1910 1803 1943 rudi
1826 1908 1985 1943 Wolfius.

213 2044 332 2076 contra
357 2043 533 2076 Tiberium
556 2045 684 2076 utatur.
711 2060 747 2067 --
779 2044 856 2076 odia
886 2044 921 2076 in
943 2045 1078 2086 lonyum

211 2092 343 2134 iaciens]
374 2094 396 2126 i.
423 2102 454 2126 e.
480 2093 549 2125 odii
580 2094 764 2138 materiam
795 2103 1009 2136 praeparans
1044 2095 1078 2127 et

212 2144 347 2176 semina
364 2143 513 2176 invidiae
530 2152 698 2186 spargens
713 2145 749 2177 in
766 2145 921 2177 animum
936 2145 1075 2184 Tiberii,

213 2202 302 2235 quae
325 2193 427 2236 longo
451 2195 610 2236 tempore
633 2196 714 2236 post
736 2203 774 2227 se
798 2196 993 2234 exsereret,
1019 2204 1078 2228 se-

213 2245 354 2286 quentia
383 2254 469 2285 quae
488 2247 679 2279 reconderet
701 2247 767 2278 cet.
794 2245 838 2278 de
862 2245 1000 2278 Tiberio
1023 2247 1079 2278 in-

212 2294 396 2336 telligenda
431 2297 513 2328 sunt
546 2299 581 2329 et
612 2296 785 2339 explicant
810 2295 918 2328 verba
945 2296 980 2328 in
1005 2297 1079 2328 lon-

212 2355 302 2388 qwm.
343 2346 423 2378 ERN.
454 2346 503 2378 Cf.
523 2355 553 2378 c.
572 2347 610 2378 7:
636 2347 756 2387 verba,
781 2347 893 2379 vultus
905 2346 941 2378 in
956 2346 1080 2378 crimen

214 2397 408 2436 detorquens
429 2396 634 2428 recondebat.

256 2445 309 2477 70.
329 2446 363 2477 Ρ.
386 2444 520 2486 Vitellio]
539 2447 576 2477 A.
594 2444 719 2477 Vitellii
736 2445 957 2487 imperatoris
973 2453 1080 2477 avun-

215 2495 304 2529 culo.
330 2495 380 2528 Cf.
407 2496 549 2528 Sueton.
574 2495 686 2528 Vitell.
711 2496 743 2527 2.
773 2514 808 2519 -
833 2497 957 2527 vadoso
979 2494 1078 2536 mari]

215 2546 274 2580 ubi
307 2544 407 2578 Flevo
439 2545 649 2586 (Zwyderzee)
679 2547 714 2578 et
739 2546 908 2586 Wymertz
930 2546 966 2578 ss.
991 2546 1080 2577 mari

215 2595 377 2629 illabitur.
414 2595 585 2629 Reichard
609 2596 718 2628 Germ.
744 2605 779 2637 p.
806 2595 878 2628 ⁴88.
914 2594 1079 2628 Wilhelm

216 2647 325 2679 Germ.
351 2654 386 2687 p.
412 2645 465 2678 64.
495 2662 528 2668 —
564 2647 732 2687 reciproco
761 2645 889 2686 sideret]
926 2646 985 2678 Est
1011 2645 1080 2678 hoc

216 2698 251 2729 in
282 2705 324 2728 eo
354 2695 455 2728 litore
487 2697 709 2729 Chaucorum
740 2697 774 2727 et
804 2696 1011 2735 Frisiorum,
1043 2696 1082 2727 ut

217 2755 314 2779 mare
337 2745 537 2786 longissime
562 2755 581 2777 a
605 2746 706 2778 terris
723 2744 867 2777 recedat
883 2746 918 2777 et
936 2745 970 2776 in
987 2745 1080 2776 sicco

217 2805 323 2829 naves
340 2796 514 2829 destituat.
534 2797 618 2828 Lirs.
645 2795 696 2828 Cf.
715 2795 799 2828 Plin.
817 2796 857 2828 N.
876 2796 917 2827 H.
935 2795 967 2834 5,
986 2795 1004 2836 5
1021 2794 1081 2826 ⁶26:

220 2846 344 2879 Tertius
373 2846 464 2878 sinus
493 2846 653 2878 dividitur
681 2846 716 2877 in
746 2846 907 2886 yeminos,
940 2845 1084 2876 duarum

219 2897 368 2937 Syrtium
388 2896 512 2928 vadoso
527 2905 568 2927 ac
580 2895 747 2935 reciproco
762 2895 850 2927 mari
865 2895 964 2926 diros.
992 2895 1081 2926 Ann.

218 2947 257 2984 2,
289 2946 328 2977 6:
365 2946 528 2986 quaedam
559 2944 688 2985 (naves)
721 2945 843 2984 planae
871 2945 1013 2983 carinis,
1048 2946 1085 2975 ut

217 2997 285 3028 sine
298 3003 392 3027 noxa
405 2995 556 3027 siderent.
579 3012 613 3017 —
632 2993 842 3034 aequinoctii]
860 2992 1082 3026 autumnalis.

223 3057 256 3068 -ι-
282 3043 406 3085 brevia]
431 3043 580 3082 vadosa3
611 3044 717 3076 refert
746 3051 948 3075 sermonem
976 3044 1085 3084 poeti-

220 3103 313 3127 cum.
332 3094 434 3135 Verg.
454 3095 540 3126 Aen.
564 3094 594 3132 l,
614 3094 692 3125 ⁴4⁴:
719 3093 755 3124 [n
777 3092 890 3124 brevia
911 3096 943 3124 et
964 3092 1083 3131 Syrtis.

222 3147 306 3176 Aen.
339 3145 376 3183 5,
408 3144 490 3175 22⁴:
528 3143 642 3175 brevia
664 3159 682 3165 -
701 3159 720 3165 -
740 3142 840 3173 vada.
888 3142 943 3173 Sic
978 3142 1083 3174 etiam

221 3195 371 3235 Graeci„
391 3193 518 3226 Herod.
543 3194 579 3232 2,
606 3193 685 3225 ⁴02:
723 3189 926 3224 θάλασσαν
957 3188 1084 3224 οὐκέτι

221 3242 371 3286 πλωτὴν
394 3241 469 3277 ὑπὸ
492 3243 678 3290 βραχέων,
705 3242 755 3275 Cf.
776 3244 864 3275 Ann.
891 3242 922 3280 6,
948 3242 1000 3274 33.
1028 3242 1080 3280 44,

1127 2044 1246 2077 brevia
1278 2054 1297 2077 a
1330 2043 1510 2086 profundis
1540 2042 1693 2075 discerni
1723 2050 1792 2074 non
1816 2042 1988 2083 poterant.

1125 2095 1292 2136 Iumenta,
1324 2094 1496 2133 sarcinae,
1529 2101 1672 2133 corpora
1701 2091 1861 2123 est-anima
1886 2091 1991 2123 inter-

1124 2146 1251 2187 fluunt,
1298 2145 1474 2176 occursant
1503 2150 1553 2174 sc.
1592 2141 1802 2174 hominibus.
1844 2140 1992 2174 Wolfius

1127 2195 1304 2227 revocavit
1320 2194 1478 2226 veterum
1492 2192 1684 2224 editionum
1699 2193 1893 2224 rationem:
1911 2193 1992 2223 ster-

1125 2248 1253 2278 nuntur
1280 2243 1450 2287 fluctibuS,
1489 2242 1693 2274 hauriuntur
1721 2241 1908 2283 ,qurqitibus
1935 2241 1992 2273 iu-

1125 2298 1254 2334 menta,
1279 2294 1452 2325 sarcinae:
1482 2301 1625 2332 corpora
1647 2293 1714 2324 cet.
1751 2291 1820 2324 Sed
1843 2300 1912 2323 non
1938 2290 1992 2322 vi-

1128 2345 1213 2384 deo,
1240 2352 1310 2385 quo
1333 2342 1439 2375 modo
1462 2342 1615 2374 sarcinae
1630 2341 1697 2373 dici
1720 2342 1856 2383 possint
1869 2341 1989 2377 sterni3

1127 2394 1162 2427 id
1186 2393 1334 2426 verbum
1358 2393 1392 2424 in
1416 2391 1473 2424 tali
1495 2390 1665 2423 relatione
1689 2391 1827 2423 nonnisi
1850 2390 1894 2422 de
1914 2390 1993 2422 ani-

1129 2443 1306 2477 mantibus
1340 2445 1375 2475 et
1404 2442 1447 2474 de
1475 2441 1584 2474 rebus
1607 2441 1779 2474 stantibus
1802 2441 1871 2473 dici
1892 2439 1992 2473 vide-

1127 2497 1196 2527 tur.
1232 2494 1320 2525 Tum
1343 2493 1449 2525 etiam
1473 2501 1563 2533 nego
1579 2492 1736 2524 Tacitum
1759 2491 1804 2524 de
1827 2491 1993 2523 iumentis

1128 2545 1344 2584 sarcinisque
1381 2551 1462 2575 cum
1500 2541 1559 2574 tali
1597 2542 1754 2583 emphasi
1793 2541 1994 2574 locuturum

1129 2595 1255 2632 fuisse,
1282 2592 1364 2624 dum
1389 2593 1523 2624 taceret
1546 2590 1590 2624 de
1613 2591 1815 2624 hominibus
1838 2591 1898 2623 aut
1921 2589 1995 2622 obi-

1130 2647 1183 2676 ter
1213 2644 1367 2681 tantum,
1404 2641 1488 2683 quid
1517 2640 1580 2674 illis
1604 2640 1788 2681 acciderit,
1822 2641 1992 2673 narraret.

1130 2694 1270 2726 WALTu.
1291 2709 1326 2714 -—
1352 2700 1422 2723 voa:
1437 2694 1468 2723 et
1481 2692 1588 2723 mutui
1603 2690 1764 2731 hortatus]
1793 2692 1847 2723 est
1869 2685 1909 2721 ἓν
1931 2686 1994 2722 διὰ

1130 2740 1255 2781 δυοῖν,
1288 2749 1394 2773 voces
1418 2739 1546 2781 quibus
1570 2749 1608 2772 se
1630 2740 1782 2772 invicem
1801 2738 1995 2772 hortaban-

1131 2795 1198 2825 tur.
1225 2790 1353 2832 Singul.
1371 2799 1440 2822 vooe
1463 2790 1507 2822 de
1537 2789 1695 2832 pluribus
1725 2791 1763 2829 2,
1788 2789 1842 2821 29.
1874 2789 1913 2828 4,
1937 2789 1991 2821 72.

1131 2841 1193 2874 Alii
1224 2842 1274 2873 sic
1305 2840 1536 2880 distinguunt:
1577 2848 1645 2871 vox
1674 2839 1792 2877 ducis,
1832 2838 1995 2871 tribuno-

1132 2901 1229 2930 rum,
1273 2891 1536 2927 centurionum;
1583 2890 1690 2921 mutui
1724 2890 1875 2920 hortatus
1904 2888 1995 2921 mili-

1132 2945 1206 2975 tum
1235 2943 1325 2974 inter
1356 2950 1405 2974 se.
1433 2957 1469 2963 -
1498 2940 1627 2980 sapiens
1649 2939 1691 2971 ab
1712 2939 1910 2980 inprudenti]
1941 2939 1991 2972 Cf.

1133 2995 1267 3026 Seneca
1294 2993 1380 3033 Epp.
1413 2990 1471 3030 ⁴4,
1504 2991 1543 3029 2,
1574 2990 1635 3022 33:
1667 2990 1736 3021 Ista
1763 2990 1893 3030 sapiens
1921 2990 1995 3022 licet

1131 3043 1304 3080 invenerit,
1328 3050 1394 3073 non
1410 3050 1478 3080 qua
1492 3039 1621 3080 sapiens
1635 3042 1709 3071 erat
1723 3038 1866 3071 invenit:
1889 3040 1994 3072 multa

1131 3094 1217 3125 enim
1230 3093 1330 3134 facit,
1348 3100 1433 3132 quae
1448 3089 1489 3123 ab
1507 3089 1803 3130 inprudentissimis
1817 3092 1877 3121 aut
1891 3098 1994 3130 aeque

1130 3143 1203 3184 fieri
1213 3143 1354 3174 vidimus
1369 3143 1429 3173 aut
1437 3140 1580 3181 peritius
1595 3142 1695 3179 atque
1709 3139 1935 3171 exercitatius.
1955 3156 1991 3161 —

1131 3190 1393 3231 involvebantur]
1428 3191 1462 3222 in
1500 3190 1643 3226 fluetus,
1680 3189 1726 3220 ita
1759 3188 1921 3229 quidem,
1957 3189 1996 3220 ut

1131 3240 1286 3275 nonnulli
1308 3249 1429 3272 rursus
1453 3239 1641 3272 emersisse
1663 3237 1860 3270 videantur.
1891 3239 1993 3279 Verg.

221 3295 274 3326 29.
301 3311 336 3317 -
367 3297 560 3326 sternuntur
580 3292 749 3335 fluetibus,
781 3292 984 3324 hauriuntur
1005 3300 1085 3332 yur-
1133 3295 1219 3324 Aen.
1238 3293 1269 3325 6.
1288 3290 1369 3322 336:
1396 3299 1477 3330 quos
1491 3307 1542 3314 --
1559 3288 1674 3320 Obruit
1695 3287 1815 3319 Auster
1836 3297 1928 3329 aqua
1943 3289 1996 3320 in-

220 3343 350 3386 qitibus]
375 3343 483 3376 Intell.
510 3344 670 3376 homines
696 3343 859 3383 (quorum
882 3342 976 3373 notio
1000 3340 1084 3373 latet
1132 3343 1266 3374 volvens
1286 3349 1469 3380 navemque
1490 3340 1653 3379 virosque.
1680 3337 1730 3370 Cf.
1756 3340 1844 3370 Anu.
1868 3337 1920 3377 ⁴4,
1940 3339 1994 3372 30.

223 3394 256 3426 in
290 3402 377 3425 voce
412 3395 559 3435 aqmen),
595 3393 675 3435 quia
708 3393 840 3425 incerta
874 3390 917 3423 ab
952 3390 1082 3431 solidis,
1135 3391 1188 3431 ⁴6,
1213 3390 1265 3423 32.
1286 3406 1320 3413 —
1348 3391 1417 3422 sine
1438 3386 1638 3434 utensilibus]
1666 3387 1822 3420 Utensilia
1844 3390 1927 3421 sunt
1947 3385 1995 3420 τὰ

2240 449 2250 456 ι
2239 326 2251 387 §eea-u„
2232 168 2250 321 *u-ytstr'w’wb*
2239 118 2243 159 Ἀῶ
2240 97 2242 102 -
