2254 3770
717 290 871 334 LIBER
899 289 1002 334 xlv.
1048 289 1148 347 Cap.
1179 291 1246 333 58.
1277 290 1346 333 59.

1849 286 1925 332 484

146 398 280 442 Plauti
311 397 525 442 celeritate
556 404 780 441 ventorum
818 396 1039 454 praevenit
1067 396 1358 439 centurionem
1389 402 1432 440 et
1466 394 1664 439 mandata
1694 395 1737 438 L.
1768 393 1932 437 Antistii

147 473 285 517 soceri
325 472 480 516 attulit:
526 472 734 530 effugeret
769 485 945 528 segnem
986 479 1185 530 mortem,
1230 471 1376 514 odium
1415 470 1663 528 suffugium,
1709 476 1751 513 et
1791 468 1930 526 magni

145 548 329 592 nominis
360 547 629 590 miseratione
661 554 930 605 reperturum
961 547 1114 597 bonos,
1156 547 1498 590 consociaturum
1528 545 1728 590 audaces.
1771 543 1933 586 nullum

147 624 313 667 interim
342 622 583 666 subsidium
614 622 941 680 aspernandum.
988 622 1021 664 si
1055 621 1273 678 sexaginta
1301 622 1457 665 milites
1489 623 1562 678 (tot
1590 621 1702 664 enim
1730 618 1934 663 advenie-

147 698 260 754 bant)
293 697 571 756 propulisset,
605 697 705 740 dum
732 697 911 740 refertur
933 697 1103 740 nuntius
1123 697 1299 746 Neroni,
1332 696 1435 740 dum
1455 710 1606 740 manus
1627 695 1709 739 alia
1727 702 1961 753 permeat,⁵

147 774 277 817 multa
306 780 524 823 secutura,
557 786 669 830 quae
699 772 894 830 adusque
927 771 1084 815 bellum
1109 771 1412 815 evalescerent.
1455 771 1642 830 denique
1663 779 1735 815 aut
1754 771 1934 815 salutem

147 849 220 893 tali
241 847 417 893 consilio
439 849 606 906 quaeri,
640 855 712 890 aut
732 847 831 890 nihil
853 847 1024 905 gravius
1045 846 1216 891 audenti
1238 861 1367 905 quam
1387 848 1538 904 ignavo
1560 846 1806 905 patiendum
1824 861 1937 891 esse.

151 925 234 981 (59)
267 924 344 967 sed
375 923 571 967 Plautum
601 936 653 967 ea
685 937 767 966 non
798 937 989 973 movere,
1022 924 1112 966 sive
1144 922 1299 966 nullam
1323 936 1450 979 opem
1481 922 1734 980 providebat
1764 923 1937 966 inermis

150 1008 280 1058 atque
315 999 432 1049 exul,
464 1013 543 1042 seu
573 998 714 1042 taedio
745 999 970 1056 ambiguae
1000 998 1114 1056 spei,
1147 1012 1199 1041 an
1231 1012 1377 1041 amore
1409 998 1601 1055 coniugis
1623 1005 1666 1041 et
1691 998 1936 1049 liberorum,

152 1076 310 1133 quibus
339 1074 657 1132 placabiliorem
688 1074 776 1117 sore
808 1073 1044 1131 principem
1074 1073 1247 1117 rebatur
1273 1073 1386 1116 nulla
1406 1073 1689 1117 sollicitudine
1710 1073 1938 1117 turbatum.
1952 1082 1989 1113 to

153 1158 251 1194 sunt
280 1151 353 1208 qui
384 1149 490 1193 alios
520 1163 544 1193 a
570 1163 722 1193 socero
742 1149 912 1192 nuntios
935 1150 1103 1192 venisse
1125 1148 1271 1199 ferant,
1303 1155 1520 1206 tamquam
1542 1148 1642 1191 nihil
1664 1156 1783 1192 atrox
1802 1149 1941 1192 immi-

153 1232 295 1277 neret;
327 1225 615 1282 doctoresque
636 1225 881 1282 sapientiae,
908 1224 1149 1268 Coeranum
1166 1224 1327 1275 Graeci,
1350 1224 1589 1267 Musonium
1613 1225 1735 1268 Tusci
1757 1224 1954 1282 generis,

154 1302 435 1345 constantiam
463 1300 753 1357 opperIendae
783 1302 932 1342 mortis
961 1313 1040 1357 pro
1072 1299 1232 1342 incerta
1262 1306 1304 1342 et
1333 1299 1500 1357 trepida
1519 1300 1605 1343 vita
1634 1299 1836 1344 suasisse.
1874 1313 1943 1343 re-

153 1384 301 1435 pertus
331 1383 396 1419 est
425 1383 540 1419 certe
572 1389 649 1432 per
676 1375 865 1418 medium
895 1374 979 1418 diei
1011 1375 1152 1418 nudus
1174 1374 1448 1418 exercitando
1469 1375 1653 1432 corpori.
1698 1375 1824 1419 talem
1844 1388 1942 1419 eum

155 1452 347 1497 centurio
384 1450 626 1499 trucidavit,
669 1464 813 1494 coram
842 1449 1054 1506 Pelagone
1085 1449 1294 1507 spadone,
1333 1465 1462 1508 quem
1492 1451 1604 1494 Nero
1634 1451 1869 1495 centurioni
1903 1458 1945 1494 et
1958 1461 1994 1490 ts

154 1526 382 1585 manipulo,
414 1526 538 1584 quasi
569 1525 820 1569 satellitibus
842 1525 1078 1568 ministrum
1100 1525 1281 1583 regium,
1313 1535 1636 1584 praeposuerat.
1667 1534 1795 1584 caput
1815 1527 1946 1570 inter-

156 1603 252 1647 fecti
283 1601 484 1654 relatum;
515 1602 638 1645 cuius
669 1608 845 1659 aspectu
877 1602 982 1658 (ipsa
1012 1600 1216 1658 principis
1236 1601 1368 1645 verba
1393 1601 1589 1658 referam)
1624 1615 1765 1653 «cur»,
1795 1601 1943 1660 inquit,

223 1737 253 1769 4.
279 1735 446 1782 celeritate
467 1735 500 1767 M
526 1751 560 1757 ·-—
587 1734 731 1766 antistiis
752 1734 785 1767 M
812 1752 846 1757 -
873 1734 904 1766 2.
931 1735 1075 1775 effuqere
1097 1734 1127 1766 M
1155 1751 1190 1756 —-
1217 1734 1328 1766 odium
1351 1735 1404 1766 Fr.
1430 1733 1578 1767 lacobus
1603 1736 1638 1767 et
1660 1734 1943 1776 Bezzenberger:

157 1793 261 1833 otium
282 1791 335 1829 M;
360 1790 495 1823 obvium
509 1789 674 1828 Orellius;
695 1794 889 1830 promptum
913 1789 959 1831 (et
975 1798 1057 1822 mox
1073 1798 1118 1822 ex
1132 1798 1196 1831 pro
1212 1792 1252 1830 et)
1271 1789 1446 1828 Halmius;
1469 1791 1628 1823 inertium
1645 1791 1757 1824 Haase
1782 1791 1815 1823 in
1839 1799 1947 1833 prae-

158 1847 306 1887 fatione;
341 1848 378 1880 in
408 1847 473 1879 otio
499 1847 628 1879 nultum
651 1846 843 1878 Wurmius.
872 1863 906 1868 —
946 1846 977 1879 3.
1003 1844 1218 1879 miseratione?
1240 1847 1274 1879 M
1306 1865 1341 1870 —
1379 1846 1411 1880 4.
1436 1849 1683 1889 aspernandum
1713 1846 1944 1881 Puteolanus:

157 1903 406 1946 aspernantium
428 1903 461 1936 M
486 1919 521 1926 -
559 1903 590 1935 7.
614 1902 716 1935 nichil
738 1903 772 1935 M
799 1920 834 1926 ——
871 1903 1018 1935 audienti
1040 1904 1073 1936 M
1099 1920 1134 1925 —
1172 1902 1204 1935 9.
1229 1904 1314 1936 tedio
1337 1904 1368 1937 M
1397 1922 1431 1928 ——
1463 1905 1516 1936 44.
1542 1907 1705 1946 tanquam
1726 1904 1827 1937 nichil
1850 1904 1882 1938 M
1907 1920 1943 1927 ·-

158 1961 211 1993 42.
237 1968 417 1992 coeranum
439 1960 491 1992 M:
527 1958 711 1991 Cornutum
744 1959 906 1992 Ritterus.
934 1976 970 1981 —
1002 1960 1094 2000 yreci
1116 1960 1148 1992 M
1183 1977 1219 1982 —
1257 1959 1310 1992 43.
1333 1969 1420 2000 prae
1441 1960 1570 1993 incerta
1591 1960 1766 1993 Heinsius.
1793 1977 1828 1983 —
1860 1961 1950 1993 uitas

155 2018 282 2049 ussisse
303 2016 337 2049 M
363 2034 399 2039 —-
425 2015 478 2048 46.
505 2016 614 2056 capud
636 2015 669 2048 M
697 2033 730 2037 —
758 2014 810 2047 47.
836 2015 971 2055 aspecta
994 2015 1027 2049 M
1055 2032 1088 2038 -
1113 2015 1259 2056 referam
1280 2014 1515 2048 Puteolanus:
1540 2016 1724 2057 referebam
1747 2016 1780 2050 Μ
1805 2033 1841 2039 -
1868 2016 1948 2056 Cur,

156 2073 275 2114 inquit,
305 2073 413 2105 «Nero
435 2071 548 2100 ***»
572 2074 602 2103 et
620 2071 726 2112 posito
750 2069 972 2104 Waltherus:
1007 2080 1069 2103 cur
1095 2071 1213 2111 inquid
1233 2081 1314 2104 nero
1336 2076 1367 2104 et
1387 2074 1493 2113 posito
1515 2073 1568 2112 M;
1606 2081 1707 2105 «cur»
1733 2072 1843 2114 inquit
1862 2071 1948 2094 *Η

156 2130 264 2171 Nero,
290 2132 320 2162 et
338 2130 447 2171 posito
471 2129 600 2167 Haase;
628 2129 764 2170 «quin»,
789 2128 913 2169 inquit,
940 2128 1066 2169 «Nero,
1091 2129 1235 2170 deposito
1257 2129 1457 2163 Rhenanus.

159 2275 271 2306 odium
292 2272 484 2315 suffugium]
514 2273 655 2305 «odium
681 2273 839 2305 omnium
862 2273 896 2305 in
921 2274 1030 2306 Nero·
1081 2272 1295 2305 firmantem.
1316 2272 1401 2305 Vide
1415 2281 1498 2305 eum
1516 2273 1550 2305 in
1562 2272 1710 2306 vocibus
1720 2269 1948 2314 Μουσώνιος

159 2332 242 2356 nem
266 2323 331 2366 ipsi
357 2323 430 2356 fore
447 2322 671 2364 suffugium.»
691 2339 725 2345 —
746 2322 905 2364 adusque]
928 2322 1029 2355 Hand

160 2374 259 2406 Turs.
286 2374 315 2413 Ι,
342 2382 375 2415 p.
403 2373 483 2406 ⁴89:
511 2374 597 2412 «Qui
621 2373 656 2405 et
679 2373 976 2414 praepositionem
993 2375 1029 2405 et

161 2422 389 2463 adverbium,
419 2422 614 2461 interdum,
647 2424 685 2454 ut
714 2421 870 2462 videtur,
903 2430 1029 2455 versus

162 2473 324 2516 explendi
348 2482 467 2512 causa,
491 2473 717 2514 usurparent,
743 2474 869 2514 poetae
888 2472 1030 2505 fuerunt

160 2524 327 2565 Augustei
351 2523 448 2562 aevi,
477 2523 619 2555 Horatio
643 2531 713 2555 non
736 2523 968 2563 antiquiores,
995 2522 1030 2554 et

160 2572 367 2607 recentioris
385 2581 513 2616 prosae
531 2573 696 2605 orationis
714 2573 923 2614 scriptores,
949 2570 1029 2604 Gel-

160 2622 246 2665 lius,
269 2623 480 2667 Appuleius,
506 2622 711 2655 Ammianus
735 2623 770 2654 et
792 2621 882 2654 alii.»

203 2725 256 2758 59.
282 2722 442 2765 οοηᾶαρίε]
466 2722 645 2755 Antistiae.
676 2721 727 2754 Cf.
754 2730 784 2754 c.
810 2722 865 2753 22.
892 2721 947 2760 46,
973 2721 1026 2753 40.

165 2793 199 2799 —-
216 2775 402 2808 Coeranum
413 2773 534 2806 Graeci
545 2790 564 2796 -
572 2789 591 2795 -
602 2771 742 2814 generis]
757 2771 938 2804 Coeranus
954 2771 1028 2812 phi·

162 2823 333 2866 losophus
356 2824 575 2856 memoratur
598 2822 704 2854 etiam
727 2822 762 2854 in
778 2821 894 2854 indice
911 2823 1030 2854 aucto·

161 2883 242 2907 rum
271 2875 517 2912 externorum,
551 2881 595 2905 ex
618 2870 746 2913 quibus
774 2870 903 2905 Plinius
927 2873 1029 2904 natu-

162 2924 244 2957 ralis
267 2924 432 2957 historiae
455 2921 584 2955 librum
600 2921 799 2955 secundum
817 2922 1026 2963 composuit.

163 2976 330 3007 Annaeus
352 2973 533 3011 Cornutus,
559 2979 668 3012 quem
684 2971 832 3003 coerano
851 2969 1031 3003 substituit

163 3025 336 3063 Ritterus,
368 3031 440 3054 non
463 3022 584 3054 Graeci
605 3021 734 3062 ueneris
756 3019 836 3059 fuit,
869 3020 1030 3060 quamvis

165 3075 299 3106 Graece
323 3072 519 3113 scripserit.
549 3070 613 3103 sed
636 3069 750 3102 Africi.
776 3086 819 3092 —
840 3068 1032 3102 Musonium

168 3123 260 3156 Tusci
281 3122 329 3164 9.]
346 3119 510 3153 Vulsiniis
525 3120 560 3152 in
579 3119 714 3152 Etruria
733 3121 836 3151 natus
854 3120 919 3157 est,
937 3126 1032 3158 eque-

166 3174 244 3206 stris
265 3172 410 3211 ordinis,
439 3171 585 3203 studium
602 3169 826 3210 philosophiae
848 3170 879 3199 et
900 3167 1032 3208 placita

166 3223 354 3257 Stoicorum
368 3221 567 3254 aemulatus.
593 3220 678 3252 Hist.
697 3219 728 3258 3,
743 3218 796 3251 84.
821 3218 968 3250 Nomina
985 3216 1031 3249 illi

168 3273 207 3306 C.
231 3272 411 3306 Musonius
443 3270 566 3309 Rufus,
600 3269 649 3301 uti
678 3278 720 3302 ex
744 3269 861 3300 Tacito
886 3267 970 3300 Hist.
997 3266 1029 3306 4,

170 3322 233 3364 (40)
258 3321 299 3355 40
323 3323 358 3354 et
379 3320 488 3355 Plinio
509 3318 650 3360 colliges
666 3319 752 3360 Epp.
771 3317 802 3355 3,
821 3317 873 3350 44.
900 3318 1031 3358 Super-

169 3371 254 3403 vixit
268 3371 313 3403 ad
328 3372 516 3414 imperium
530 3369 745 3411 Vespasiani,
763 3369 802 3399 ut
816 3367 892 3399 iure
910 3366 1032 3409 culpes

170 3419 325 3461 suidam,
349 3420 575 3454 interiectum
598 3427 680 3452 eum
700 3427 720 3451 a
741 3419 879 3451 Nerone
895 3415 951 3449 his
973 3415 1034 3449 ad-

238 3482 379 3516 ΤΑοιτυι
399 3482 427 3516 1.

1080 2326 1116 2355 et
1138 2321 1368 2369 Κορνοῦτος.
1402 2322 1526 2356 Melius
1548 2325 1738 2365 veriusque
1762 2323 1947 2357 Philostra-

1078 2375 1134 2406 tus
1158 2374 1190 2413 7,
1209 2374 1249 2407 46
1273 2375 1332 2415 qui
1354 2375 1551 2407 Musonium
1569 2374 1791 2415 Tyrrhenum
1808 2376 1840 2407 in
1859 2376 1948 2416 Gya·

1078 2433 1142 2456 ron
1172 2423 1323 2456 insulam
1354 2424 1555 2466 proiectum
1579 2433 1598 2456 a
1622 2426 1760 2458 Nerone
1784 2426 1942 2466 scripsit:

1078 2473 1173 2506 unde
1195 2473 1312 2513 rediit,
1340 2482 1422 2506 cum
1446 2472 1501 2505 ille
1522 2473 1679 2507 obiisset.
1706 2476 1793 2507 Lirs.
1820 2475 1871 2508 Ci.
1891 2475 1945 2515 45,

1078 2523 1131 2556 74.
1157 2541 1192 2547 -
1219 2522 1446 2564 opperiendae]
1471 2524 1646 2565 patienter
1670 2524 1944 2566 exspectandae.

1081 2589 1115 2595 —
1143 2573 1243 2605 talem
1269 2572 1350 2614 cet.]
1378 2572 1520 2605 Nudum
1547 2580 1629 2606 eum
1662 2574 1946 2608 contrucidatum

1079 2631 1158 2655 esse
1175 2623 1226 2655 rei
1243 2622 1485 2663 indignitatem
1503 2624 1620 2663 auget,
1644 2623 1735 2656 sicut
1749 2624 1946 2666 spadonem

1079 2672 1291 2706 Graeculum
1311 2673 1394 2704 viris
1418 2670 1625 2705 militaribus
1642 2674 1820 2713 Romanis,
1846 2674 1946 2716 quasi

1079 2723 1113 2755 hi
1146 2725 1266 2756 essent
1297 2723 1450 2755 satellites
1485 2723 1578 2763 regis
1611 2722 1757 2756 alicuius
1791 2724 1944 2763 Asiatici,

1077 2774 1330 2815 praepositum.
1359 2791 1395 2796 —
1420 2772 1608 2814 manipulo]
1640 2782 1764 2815 parum
1789 2774 1944 2817 proprie.

1078 2823 1186 2855 Erant
1207 2824 1386 2864 sexaginta
1410 2824 1545 2856 tantum
1571 2824 1613 2862 (v.
1639 2833 1670 2856 c.
1688 2825 1759 2865 58);
1792 2825 1851 2865 qui
1876 2833 1946 2857 non

1078 2873 1210 2906 faciunt
1232 2871 1463 2915 manipulum.
1500 2872 1634 2905 Dicitur
1655 2874 1760 2915 igitur
1782 2874 1816 2906 h.
1843 2872 1864 2906 l.
1890 2873 1945 2906 vel

1079 2931 1143 2964 pro
1167 2924 1343 2962 centuria,
1369 2931 1460 2964 quae
1484 2923 1669 2956 minimum
1685 2925 1862 2965 sexaginta
1881 2924 1946 2956 ha-

1078 2971 1199 3011 hebat,
1217 2971 1272 3005 vel
1290 2980 1353 3013 pro
1370 2980 1477 3004 manu
1494 2980 1717 3014 quacunque.
1736 2974 1814 3006 Ena.
1834 2973 1946 3006 Varro

1080 3023 1116 3055 L.
1142 3023 1179 3055 L.
1205 3023 1225 3055 5
1249 3022 1268 3063 S
1292 3022 1354 3055 88:
1386 3023 1575 3063 manipulos
1603 3024 1770 3055 exercitus
1790 3024 1947 3069 minimas

1078 3080 1216 3110 manus,
1238 3080 1323 3111 quae
1338 3080 1442 3104 unum
1457 3075 1640 3112 sequuntur
1654 3073 1795 3113 signum.
1817 3090 1853 3095 —
1871 3081 1944 3112 cur,

1078 3122 1187 3160 inquit
1209 3120 1291 3162 cet]
1315 3120 1368 3153 Ad
1390 3119 1580 3154 lectionem
1595 3123 1676 3153 ante
1698 3122 1812 3163 ipsum
1829 3120 1946 3163 vulga-

1079 3172 1153 3203 tam
1176 3171 1360 3204 verissime
1383 3170 1585 3205 Waltherus
1612 3170 1807 3203 adnotavit:
1842 3172 1947 3210 «Quis

1081 3219 1147 3252 sibi
1183 3219 1415 3262 persuadebit
1450 3220 1562 3252 verba
1597 3221 1683 3260 Quin
1706 3237 1759 3243 -—
1783 3220 1948 3262 gravem?

1080 3270 1156 3301 tum
1179 3277 1199 3301 e
1222 3270 1369 3303 Neronis
1393 3278 1454 3302 ore
1471 3277 1593 3301 coram
1616 3268 1839 3302 audientibus
1862 3278 1948 3312 pro—

1082 3317 1196 3350 fecta?
1220 3321 1299 3360 quis
1323 3328 1392 3351 non
1417 3319 1522 3351 sentit
1545 3317 1632 3350 haec
1650 3326 1669 3349 a
1686 3319 1824 3351 Nerone
1840 3321 1947 3362 atque

1081 3366 1140 3400 tali
1162 3369 1348 3401 occasione
1372 3367 1483 3400 aliena
1509 3374 1579 3399 non
1601 3365 1716 3399 solum
1733 3370 1879 3409 propter
1892 3370 1948 3402 to-

1081 3417 1149 3450 tius
1171 3417 1308 3460 periodi
1327 3418 1561 3457 structuram,
1586 3415 1652 3448 sed
1675 3417 1782 3450 etiam
1804 3420 1949 3460 propter

1608 3476 1656 3520 31
