2254 3770
307 269 390 314 460

788 277 834 321 Ρ.
865 275 1114 322 CORNELII
1141 276 1313 322 TACITI
1340 277 1608 324 ANNALIUM

424 380 505 438 (29)
543 381 780 426 Caesennio
820 383 950 426 Paeto
987 390 1029 427 et
1057 383 1255 427 Petronio
1289 383 1532 442 Turpiliano
1567 385 1652 429 co's.
1690 385 1829 443 gravis
1864 384 2010 430 clades
2047 386 2092 429 in

309 453 523 500 Britannia
562 464 760 515 accepta;
799 458 842 500 in
871 471 958 516 qua
987 471 1127 516 neque
1157 460 1202 502 A.
1233 458 1384 503 Didius
1413 459 1599 517 legatus,
1642 466 1688 504 ut
1717 461 1970 513 memoravi,
2010 461 2092 506 nisi

308 537 431 589 parta
459 532 704 584 retinuerat,
737 539 780 577 et
808 546 1036 578 successor
1053 534 1259 578 Veranius
1288 534 1468 579 modicis
1489 534 1741 579 excursibus
1763 534 1922 580 Siluras
1954 550 2090 594 popu-

310 605 437 659 latus,
480 608 583 666 quin
623 607 733 653 ultra
761 608 921 653 bellum
951 608 1178 667 proferret,

1220 617 1356 654 morte
1385 610 1623 669 prohibitus
1653 617 1736 663 est,
1777 624 1950 669 magna,
1989 611 2093 656 dum

278 682 428 734 svixit,
461 684 698 728 severitatis
728 684 855 737 fama,
889 685 1098 743 supremis
1128 686 1368 729 testamenti
1398 685 1540 729 verbis
1561 685 1801 730 ambitionis
1821 686 2090 731 manifestus:

309 758 470 816 quippe
499 759 629 803 multa
664 760 706 803 in
735 761 947 804 Neronem
976 759 1218 805 adulatione
1248 760 1412 805 addidit
1440 760 1731 805 subiecturum
1761 762 1800 806 ei
1830 762 2094 820 provinciam

309 833 459 885 fuisse,
491 834 526 877 si
557 834 728 878 biennio
758 836 952 893 proximo
972 836 1159 880 vixisset.
1196 836 1274 880 sed
1299 843 1385 880 tum
1406 836 1607 880 Paulinus
1629 837 1858 881 Suetonius
1879 837 2096 883 obtinebat

309 909 549 961 Britannos,
581 910 758 954 scientia
786 911 960 955 militiae
990 919 1033 955 et
1060 925 1232 956 rumore
1262 911 1431 970 populi,
1464 912 1538 970 qui
1571 913 1785 957 neminem
1813 913 1906 957 sine
1925 913 2095 958 aemulo

309 983 425 1035 sinit,
460 984 713 1029 Corbulonis
742 992 1025 1038 concertator,
1063 994 1348 1045 receptaeque
1378 988 1602 1032 Armeniae
1633 988 1768 1032 decus
1799 1002 1986 1047 aequare
2016 989 2095 1034 do-

262 1059 421 1102 lomitis
458 1060 751 1117 perduellibus
790 1062 980 1120 cupiens.
1034 1062 1161 1120 igitur
1202 1063 1368 1106 Monam
1406 1062 1604 1114 insulam,
1651 1063 1801 1107 incolis
1840 1063 2025 1108 validam
2053 1071 2096 1109 et

309 1135 626 1193 receptaculum
646 1136 939 1195 perfugarum,
972 1137 1149 1194 adgredi
1174 1144 1312 1195 parat,
1337 1151 1553 1196 navesque
1576 1138 1804 1183 fabricatur
1824 1138 1950 1196 plano
1971 1139 2093 1198 alveo

310 1209 517 1255 adversus
548 1210 679 1256 breve
709 1219 751 1256 et
780 1213 1000 1259 incertum.
1033 1213 1095 1257 sic
1123 1212 1280 1271 pedes:
1313 1213 1480 1272 equites
1510 1213 1620 1257 vado
1651 1214 1787 1258 secuti
1817 1221 1890 1258 aut
1919 1211 2092 1260 altiores

376 1358 407 1390 4.
433 1358 610 1392 Caesennio
631 1357 854 1401 Nipperdey:
882 1359 1010 1392 cesonio
1031 1359 1065 1392 M
1091 1376 1118 1381 —
1152 1362 1182 1391 et
1203 1359 1251 1391 M:
1284 1367 1354 1392 om.
1381 1360 1419 1391 G.
1445 1360 1489 1392 At
1510 1359 1553 1392 cf.
1572 1358 1604 1400 4,
1623 1360 1677 1393 68.
1703 1361 1756 1401 45,
1773 1360 1829 1393 23.
1857 1379 1893 1384 —
1917 1361 1951 1394 2.
1975 1361 2096 1395 britta-

308 1414 368 1446 nia
390 1415 424 1447 M
447 1431 483 1437 —
515 1414 553 1447 A.
582 1415 703 1448 Didius
724 1415 879 1458 Lipsius:
911 1417 1045 1449 hauitus
1066 1417 1116 1455 M,
1142 1415 1262 1449 Didius
1284 1417 1416 1449 omisso
1440 1417 1668 1458 praenomine
1691 1417 1907 1460 Nipperdey.
1935 1435 1971 1443 —
1996 1417 2028 1452 3'.
2053 1419 2092 1460 Q.

311 1470 472 1503 Veranius
499 1471 661 1504 Ritterus.
695 1489 730 1495 ——
764 1472 895 1505 Siluras
922 1473 1076 1515 Lipsius:
1110 1473 1213 1505 siluas
1248 1473 1282 1506 M
1311 1490 1354 1496 —
1384 1473 1417 1505 ὅ.
1443 1473 1570 1514 sul-imis
1591 1473 1625 1507 M
1657 1490 1692 1496 —
1726 1474 1758 1506 6.
1783 1472 1976 1507 adulatione
1999 1475 2032 1508 M
2055 1491 2092 1499 —-

303 1527 514 1568 provinciam
543 1528 695 1569 Lipsius:
723 1529 920 1569 prouincias
948 1529 982 1562 M
1011 1547 1054 1553 -
1085 1529 1120 1562 8.
1142 1526 1327 1561 brittannos
1349 1529 1382 1562 M
1408 1546 1442 1551 -
1468 1528 1584 1561 militie
1607 1529 1641 1562 M
1668 1547 1701 1552 -
1729 1530 1782 1563 ⁴2.
1807 1529 1905 1563 breue
1927 1531 1977 1564 M:
2001 1530 2097 1564 breve

307 1583 398 1616 littus
420 1585 448 1617 G
473 1601 507 1606 —
533 1585 620 1617 vado
644 1586 689 1617 G:
713 1586 820 1618 uados
842 1587 891 1624 M;
922 1587 1011 1619 vada
1033 1587 1056 1618 1.
1077 1587 1111 1619 F.
1131 1586 1343 1624 Gronovius;
1367 1586 1495 1618 vadosa
1516 1585 1730 1627 Nipperdey.

353 1715 407 1747 29.
434 1715 614 1748 Caesennio
636 1715 748 1758 Paeto]
781 1716 942 1749 Eundem
972 1717 1066 1750 hunc
1090 1725 1176 1750 con-

309 1764 424 1798 sulem
442 1765 548 1799 fuisse
567 1775 648 1799 cum
666 1767 862 1800 Caesennio
878 1768 984 1800 Paeto
1002 1767 1177 1801 consulari

310 1816 398 1849 infra
423 1818 475 1857 45,
501 1817 521 1850 6
545 1826 623 1859 sqq.
651 1819 948 1858 commemorato,
981 1827 1089 1860 quem
1112 1819 1176 1851 Dio

309 1874 451 1908 quoque
484 1867 543 1906 62,
568 1868 610 1900 20
634 1864 806 1900 Λούκιον
829 1867 1055 1901 Καισέννιον
1078 1867 1177 1900 Παῖ-

309 1925 376 1949 τον
404 1919 528 1958 vocat,
561 1918 631 1950 iam
666 1918 927 1951 Freinshemius
957 1918 1043 1951 vidit
1070 1920 1176 1960 atque

311 1966 496 1999 confirmat
524 1967 678 2009 Phlegon
705 1968 749 2000 de
773 1968 896 2001 Mirab.
923 1977 951 2000 c.
979 1969 1040 2001 20:
1079 1965 1178 2001 ὑπα-

275 2050 283 2053 „
309 2013 497 2049 τευόντων
530 2016 570 2050 ἐν
596 2013 725 2065 Ῥώμῃ
755 2016 928 2051 Ποπλίου
960 2017 1176 2066 Πετρωνίου

311 2065 588 2114 Τουρπιλιανοῦ
612 2069 677 2101 καὶ
693 2068 920 2101 Καισεννίου
936 2068 1095 2102 Παίτου.
1122 2070 1178 2102 Ti-

310 2116 465 2150 tulorum
494 2126 513 2150 a
545 2119 675 2159 Ryckio
707 2117 909 2158 allatorum,
946 2121 984 2151 ut
1018 2119 1178 2152 diversos

310 2168 405 2201 viros
429 2168 539 2201 fuisse
556 2169 780 2208 ostenderet,
807 2168 957 2202 alterum
975 2170 1079 2211 (apud
1096 2172 1180 2202 Gru-

311 2221 427 2252 terum
451 2219 504 2259 62,
524 2218 573 2260 7),
600 2221 633 2251 in
651 2228 721 2261 quo
737 2218 863 2261 legitur
877 2221 933 2252 III.
951 2221 1027 2253 Idus
1040 2221 1175 2262 August.

310 2269 461 2302 Petronio
493 2269 686 2310 Turpiliano
720 2273 751 2302 et
782 2270 940 2303 Caesonio
970 2272 1067 2303 Paeto
1098 2279 1178 2311 cos,

312 2319 470 2361 spurium
489 2328 567 2352 esse
585 2320 713 2353 evincit
730 2321 873 2361 praeter
887 2321 1020 2353 mensis
1035 2321 1180 2362 Augusti

312 2370 531 2402 mentionem
556 2369 673 2401 addita
697 2378 740 2401 ex
770 2370 846 2411 ipso
870 2370 987 2402 Tacito
1011 2369 1179 2412 particula

311 2422 342 2452 et
363 2420 455 2452 inter
476 2419 660 2452 consulum
676 2420 830 2452 nomina.
856 2419 952 2452 Alter
968 2429 1052 2453 vero
1069 2419 1178 2461 (Grut.

313 2469 374 2509 64,
399 2469 450 2510 9),
483 2471 518 2502 in
547 2478 617 2511 quo
649 2471 704 2502 est
735 2470 810 2502 Kal.
835 2471 957 2503 Martis
978 2471 1012 2502 P.
1040 2471 1181 2503 Calvisio

314 2520 441 2552 Rusone
464 2520 500 2551 L.
527 2519 704 2552 Caesennio
726 2521 824 2552 Paeto
848 2529 936 2559 cos.,
963 2521 1028 2553 etsi
1052 2529 1094 2552 ex
1118 2521 1181 2554 Ur-

314 2570 379 2602 sini
410 2569 551 2602 schedis
580 2568 755 2611 prolatus,
787 2578 825 2601 re
857 2570 932 2612 ipsa
956 2570 1189 2615 comprobari

314 2619 464 2652 videtur.
491 2619 687 2661 Turpiliano
709 2620 802 2652 enim
827 2621 908 2652 ante
925 2619 1064 2653 solitum
1089 2622 1182 2652 tem—

314 2679 381 2712 pus
405 2669 510 2702 alium
533 2669 715 2702 consulem
735 2669 923 2702 suffectum
940 2679 1019 2703 esse
1035 2672 1182 2712 apparet

316 2729 359 2752 ex
381 2719 502 2752 verbis
526 2728 556 2752 c.
583 2719 646 2752 39:
678 2720 851 2752 Suetonius
866 2737 912 2743 —-
930 2721 1061 2752 tradere
1084 2729 1182 2753 exer-

315 2771 416 2802 citum
438 2771 588 2802 Petronio
614 2769 822 2810 Turpiliano,
848 2770 906 2810 qui
926 2771 997 2802 iam
1012 2770 1184 2803 consulatu

317 2819 446 2852 abierat
467 2819 609 2851 iubetur.
642 2821 679 2851 P.
699 2819 868 2852 Calvisius
893 2822 1011 2852 autem
1035 2819 1182 2853 tortasse

316 2870 413 2902 idem
431 2871 485 2902 est
498 2870 556 2911 qui
574 2871 794 2902 memoratur
809 2870 842 2902 in
860 2869 958 2902 titulo
973 2871 1184 2912 Pompeiano

318 2922 427 2953 inser.
452 2920 488 2952 R.
509 2920 616 2961 Neap.
635 2928 669 2952 n.
689 2919 793 2952 2226:
823 2921 860 2960 Q.
880 2921 973 2952 Futio
988 2921 1022 2953 P.
1041 2920 1185 2953 Calvisio

317 2980 382 3004 cos
410 2971 622 3003 —Petronio
647 2970 852 3011 Turpiliano]
887 2973 1047 3003 curatore
1072 2979 1184 3012 aqua-

319 3030 397 3054 rum
415 3030 445 3053 a.
461 3029 493 3053 u.
510 3029 539 3053 c.
555 3020 630 3053 846.
649 3020 801 3052 Frontin.
821 3019 865 3052 de
882 3020 1040 3061 Aquaed.
1061 3029 1090 3052 c.
1107 3020 1181 3053 402.

321 3071 370 3104 Cf.
398 3071 451 3110 44,
477 3071 529 3103 39.
557 3070 610 3104 45,
636 3069 689 3101 72.
718 3070 801 3101 Hist.
828 3071 859 3108 4,
885 3070 915 3102 6.
942 3070 994 3103 37.
1022 3071 1101 3111 Agr.
1129 3070 1181 3102 46.

322 3139 358 3144 -
375 3121 413 3153 Α.
431 3119 560 3161 Didius]
586 3119 635 3152 Cf.
659 3120 711 3159 ⁴2,
732 3119 784 3151 45.
806 3136 840 3142 —-
864 3123 966 3159 parta
988 3119 1183 3161 retinuerat]

319 3172 399 3212 Agr.
426 3171 484 3204 44ε
522 3170 642 3204 Didius
670 3170 786 3202 Gallus
810 3173 941 3210 parta
964 3179 986 3202 a
1018 3171 1186 3210 prioribus

321 3221 532 3253 continuit
553 3220 671 3260 paucis
693 3220 870 3252 admodum
890 3220 1029 3251 castellis
1051 3221 1085 3251 in
1100 3221 1185 3252 ulte-

319 3271 416 3302 riora
443 3271 623 3312 promotis,
657 3278 718 3310 per
746 3278 831 3310 quae
853 3270 946 3310 fama
968 3271 1059 3301 aucti
1086 3270 1185 3311 officii

322 3325 548 3360 quaereretur.
569 3339 604 3344 —
635 3319 805 3362 Veranius]
830 3319 880 3352 Cf.
900 3319 952 3358 ⁴2,
972 3320 1003 3352 5.
1029 3321 1108 3360 Agr.
1130 3319 1183 3352 44.

325 3387 360 3393 -
386 3370 526 3411 Siluras]
553 3370 602 3403 Cf.
629 3371 683 3410 ⁴2,
701 3370 754 3403 32.
776 3387 812 3393 —
829 3368 989 3408 supremis
1004 3370 1186 3401 testamenti

321 3419 444 3460 verbis]
481 3420 561 3453 Mihi
591 3419 731 3452 videtur
759 3417 964 3462 simpliciter
989 3417 1184 3460 significare

1230 1725 1423 1759 «suprema
1447 1715 1587 1758 (ultima)
1612 1725 1676 1749 sua
1699 1715 1896 1757 voluntate,
1927 1725 2096 1760 supremo

1229 1775 1293 1799 suo
1323 1766 1452 1799 iudicio
1464 1778 1492 1806 n,
1524 1767 1565 1798 ut
1594 1765 1689 1799 haud
1711 1775 1791 1799 raro
1814 1766 1935 1800 dicunt
1958 1768 2027 1800 lCti
2050 1769 2094 1809 (v.

1229 1816 1377 1849 Dirksen
1406 1815 1566 1850 Manuale
1597 1817 1631 1849 in
1671 1817 1724 1849 his
1755 1816 1906 1857 verbis);
1939 1817 2029 1850 adeo
2059 1819 2098 1851 ut

1227 1866 1426 1908 indignetur
1449 1867 1587 1899 Tacitus
1613 1867 1803 1899 Veranium
1826 1876 1891 1909 per
1913 1867 2023 1900 totam
2042 1868 2096 1900 vi-

1229 1920 1301 1950 tam
1325 1926 1511 1958 severum,
1540 1918 1740 1950 testamenti
1763 1917 1908 1950 demum
1933 1918 2053 1951 verbis
2075 1927 2095 1951 a

1228 1968 1345 2010 priore
1381 1967 1546 2008 dignitate
1581 1967 1785 2000 descivisse.
1831 1966 1895 1999 Alii
1924 1967 2097 2010 explicant

1231 2018 1292 2049 «in
1315 2016 1437 2049 ultima
1461 2017 1660 2050 testamenti
1684 2018 1783 2058 parte
1794 2028 1824 2056 n,
1851 2015 1907 2049 vel
1931 2017 2096 2050 artificio-

1229 2067 1301 2100 sius
1325 2067 1431 2100 etiam
1463 2067 1525 2099 «in
1548 2076 1590 2099 ea
1613 2067 1814 2099 testamenti
1837 2069 1957 2109 parte,
1988 2076 2095 2109 quam

1230 2119 1389 2150 extremo
1412 2117 1504 2150 vitae
1527 2119 1688 2159 tempore
1713 2116 1938 2150 addiderat.»'
1952 2135 1987 2141 -
2010 2126 2096 2159 pro-

1227 2168 1386 2208 vinciam]
1410 2168 1460 2200 De
1485 2166 1558 2200 sola
1582 2168 1759 2200 Britannia
1783 2176 1901 2200 sermo
1924 2169 1979 2201 est
1995 2167 2098 2202 Cale·-

1229 2217 1334 2250 donia
1358 2216 1516 2249 nondum
1540 2216 1711 2250 subiecta.
1737 2217 1924 2259 Septimius
1948 2217 2095 2250 demum

1230 2269 1381 2300 Severus
1413 2268 1513 2308 (teste
1539 2266 1736 2299 Herodiano
1760 2266 1798 2307 3,
1824 2267 1856 2307 8,
1881 2267 1912 2308 2)
1947 2265 2096 2311 διοική-

1229 2327 1303 2358 σας
1331 2314 1379 2349 τὰ
1409 2314 1508 2349 κατὰ
1535 2313 1605 2359 τὴν
1628 2316 1856 2364 Βρετζανίαν
1878 2318 1943 2350 καὶ
1966 2315 2098 2351 διελών

1230 2368 1284 2408 εἰς
1312 2364 1382 2399 δύο
1414 2363 1622 2410 ἡγεμονίας
1643 2363 1714 2409 τὴν
1736 2365 1805 2400 τοῦ
1828 2362 1967 2410 ἔθνους
1989 2365 2100 2411 ἕξου-

1231 2419 1320 2451 σίαν
1351 2415 1428 2449 κτλ.
1466 2435 1496 2441 -«
1536 2418 1694 2450 Paulinus
1716 2418 1908 2461 Suetonius]
1939 2419 2028 2452 Vide
2051 2419 2098 2452 ad

1232 2468 1284 2508 46,
1305 2468 1337 2500 5.
1368 2486 1400 2490 -
1429 2467 1645 2510 concertator]
1675 2476 1739 2509 pro
1766 2468 1896 2500 aemulo
1922 2477 2016 2502 nunc
2044 2471 2100 2509 est

1230 2513 1334 2559 ἅπαξ
1350 2515 1567 2562 λεγόμενον,
1585 2535 1621 2541 -
1642 2518 1790 2559 Monam]
1809 2518 1923 2551 Credo
1939 2519 2034 2552 hunc
2049 2518 2100 2553 lo—

1232 2577 1312 2600 cum
1330 2576 1422 2607 esse,
1442 2576 1549 2609 quem
1566 2568 1721 2609 respexit
1734 2568 1924 2602 Iornandes
1933 2568 1977 2601 de
1990 2568 2099 2603 rebus

1232 2618 1360 2650 Geticis
1383 2618 1403 2649 2
1432 2619 1476 2659 (p.
1503 2617 1566 2649 ⁴92
1589 2618 1743 2657 Murat.):
1776 2618 1811 2649 in
1840 2622 1991 2651 eoetrema
2019 2619 2100 2652 Bri-

1231 2667 1368 2700 tanniae
1378 2671 1479 2708 parte
1492 2668 1591 2699 Mem
1601 2676 1634 2699 m
1643 2677 1681 2706 a,
1700 2675 1801 2707 quam
1817 2667 1987 2701 Cornelius
2000 2669 2100 2702 etiam

1230 2716 1410 2750 Annalium
1439 2718 1582 2757 scriptor
1611 2720 1752 2757 narrat,
1784 2718 1927 2750 metallis
1946 2719 2101 2759 plurimis

1231 2768 1410 2808 copiosam,
1425 2767 1532 2800 herbis
1545 2768 1747 2807 frequentem
1759 2769 1826 2799 cet.
1846 2768 1990 2810 Corrigo
2003 2769 2099 2801 enim

1232 2819 1345 2851 Mona.
1371 2818 1458 2850 Lms.
1492 2817 1602 2849 Hodie
1627 2819 1774 2849 vocatur
1795 2817 1964 2859 Anylesey.
1998 2817 2097 2852 Conf.

1232 2869 1347 2909 Agric.
1374 2867 1426 2900 48.
1453 2868 1517 2900 Dio
1541 2867 1601 2906 62,
1628 2867 1665 2899 8:
1692 2864 1816 2910 νῆσόν
1838 2877 1923 2900 τινα
1938 2866 2100 2901 Μώνναν

1233 2914 1355 2961 ἀγχοῦ
1372 2915 1441 2959 τῆς
1456 2917 1684 2963 Βρεττανίας
1698 2918 1888 2960 κειμένην.
1913 2917 2100 2952 Rowland's

1233 2970 1335 3001 Mona
1356 2967 1498 3007 antiqua
1513 2976 1553 2998 or
1567 2967 1671 3008 antiq.
1698 2968 1736 3008 of
1746 2967 1797 3000 the
1811 2967 1870 3001 isle
1885 2969 1923 3008 of
1931 2968 2099 3010 Anqlesey.

1234 3019 1367 3050 London
1392 3019 1487 3049 4766.
1522 3018 1689 3050 Ceterum
1714 3017 1853 3050 diversa
1878 3019 1932 3050 est
1954 3027 1973 3050 a
1998 3018 2102 3051 Mona

1235 3069 1396 3101 Caesaris
1422 3068 1468 3109 (Β.
1497 3069 1534 3099 G.
1561 3068 1593 3106 5,
1620 3067 1690 3108 43),
1724 3075 1815 3108 quae
1849 3068 1953 3101 hodie
1976 3068 2103 3101 dicitur

1234 3119 1293 3151 Isle
1316 3119 1355 3160 of
1371 3119 1463 3151 Man.
1493 3136 1528 3141 —
1549 3118 1653 3158 plano
1676 3117 1781 3159 alveo]
1807 3118 1857 3152 Cf.
1876 3119 1915 3159 2,
1934 3119 1972 3151 6:
1997 3127 2102 3160 quao—
2157 3153 2162 3157 ,

1234 3170 1314 3201 dam
1332 3169 1456 3210 planae
1477 3169 1622 3208 carinis,
1647 3172 1684 3200 ut
1705 3169 1774 3201 sine
1789 3178 1881 3201 noaea
1895 3169 2047 3202 siderent.
2060 3186 2098 3192 —

1234 3221 1391 3252 adversus
1414 3219 1510 3252 breve
1532 3222 1563 3251 et
1584 3219 1766 3261 incertmn]
1795 3219 1966 3251 adversus
1990 3219 2100 3252 vado-

1235 3277 1315 3301 sum
1339 3271 1373 3301 et
1396 3269 1502 3301 modo
1525 3269 1655 3310 magis,
1686 3268 1793 3301 modo
1818 3268 1932 3300 minus
1955 3268 2101 3309 profun-

1235 3319 1341 3359 dum,
1373 3319 1551 3352 interdum
1575 3320 1682 3351 etiam
1704 3318 1887 3358 limosum,
1913 3326 2011 3351 mare
2034 3317 2099 3352 illis

1235 3371 1269 3402 in
1293 3370 1463 3403 litoribus.
1498 3371 1565 3403 Pro
1589 3369 1685 3403 breve
1707 3369 1818 3409 magis
1841 3369 2007 3401 usitatum
2031 3377 2100 3401 nu—

1218 3428 1374 3463 *merum
1405 3418 1576 3462 pluralem
1604 3419 1720 3452 brevia
1748 3417 1896 3459 legimus
1920 3418 1952 3459 6,
1977 3418 2031 3452 33.
2058 3434 2095 3442 -
