2254 3770
332 309 416 355 526
782 314 827 358 P.
859 314 1111 358 CORNELII
1140 315 1312 360 TACITI
1340 317 1610 362 ANNALIUM

333 416 578 475 expleverit.
622 419 703 476 (53)
735 419 907 464 tandem
937 426 1124 466 statuere
1155 422 1411 467 circensium
1440 422 1641 467 ludorum
1671 423 1758 476 die,
1790 424 1862 483 qui
1885 424 2029 469 Cereri
2051 437 2120 468 ce-

331 491 531 546 lebratur,
563 495 719 553 exequi
749 495 978 548 destinata,
1011 497 1111 554 quia
1136 498 1295 542 Caesar
1315 511 1438 541 rarus
1460 511 1639 556 egressu
1662 498 1879 558 domoque
1898 507 1970 544 aut
1991 498 2124 544 bortis

331 567 503 613 clausus
533 569 586 613 ad
617 569 779 614 ludicra
811 571 911 615 circi
943 571 1191 624 ventitabat,
1234 573 1609 631 promptioresque
1648 573 1789 618 aditus
1819 580 1940 618 erant
1968 573 2125 618 laetitia

331 644 577 702 spectaculi.
623 645 817 690 ordinem
848 645 1013 690 insidiis
1033 654 1365 706 composuerant
1390 655 1437 691 ut
1456 649 1708 699 Lateranus,
1740 650 1863 707 quasi
1885 648 2125 693 subsidium

300 720 393 763 ⁵rei
431 720 623 763 familiari
662 727 819 773 oraret,
863 721 1224 780 deprecabundus
1265 729 1307 766 et
1342 723 1524 781 genibus
1559 724 1764 782 principis
1795 723 1997 768 accidens
2025 737 2124 782 pro-

330 801 542 839 sterneret
571 795 785 839 incautum
816 804 1143 856 premeretque,
1186 798 1313 841 animi
1344 798 1511 842 validus
1542 805 1585 842 et
1614 812 1797 857 corpore
1827 799 1997 857 ingens3
2035 805 2125 843 tum

330 870 540 914 iacentem
570 877 612 916 et
649 871 898 929 impeditum
929 873 1086 917 tribuni
1118 881 1160 918 et
1190 874 1460 917 centuriones
1492 880 1534 917 et
1564 881 1824 927 ceterorum,
1865 881 1912 918 ut
1940 874 2125 933 quisque

329 946 555 990 audentiae
587 945 826 999 habuisset,
859 947 1139 992 adcurrerent
1170 949 1537 1007 trucidarentque,
1576 949 1736 1006 primas
1766 949 1846 994 sibi
1877 956 2021 1008 partes
2051 963 2126 994 ex-

328 1020 569 1079 postulante
606 1022 836 1074 Scaevino,
881 1024 954 1081 qui
992 1025 1224 1082 pugionem
1254 1023 1412 1082 templo
1444 1023 1598 1068 Salutis
1631 1024 1688 1082 [in
1719 1024 1901 1082 Etruria]
1933 1025 2041 1077 sive,
2078 1031 2126 1068 ut

279 1110 316 1141 ⁴0
329 1096 397 1140 alii
429 1097 666 1150 tradidere,
700 1100 911 1142 Fortunae
943 1099 1170 1143 Ferentino
1201 1100 1243 1142 in
1265 1099 1426 1157 oppido
1447 1099 1691 1143 detraxerat
1710 1100 1989 1159 gestabatque
2009 1099 2126 1144 velut
2173 1089 2175 1091 ¹

327 1186 482 1231 magno
512 1173 633 1231 operi
665 1187 848 1218 sacrum.
894 1174 1063 1218 interim
1082 1174 1181 1218 Piso
1202 1174 1316 1233 apud
1340 1174 1492 1219 aedem
1514 1175 1684 1219 Cereris
1705 1175 1987 1233 opperiretur,
2009 1174 2124 1219 unde

328 1262 428 1292 eum
463 1248 706 1306 praefectus
746 1251 930 1292 Faenius
970 1256 1013 1292 et
1053 1250 1183 1294 ceteri
1220 1250 1403 1294 accitum
1441 1250 1599 1294 ferrent
1628 1251 1670 1293 in
1700 1257 1856 1302 castra,
1900 1251 2125 1295 comitante

327 1324 526 1375 Antonia,
558 1323 721 1368 Claudii
749 1324 945 1368 CaesariS
969 1324 1067 1377 filia,
1097 1324 1151 1369 ad
1182 1324 1441 1370 eliciendum
1461 1325 1572 1384 volgi
1599 1326 1808 1379 favorem;
1837 1325 1954 1384 quod
1976 1326 2021 1371 C.
2042 1325 2126 1369 Pli-

328 1400 424 1445 nius
454 1406 675 1444 memorat.
706 1400 829 1443 nobis
859 1414 1036 1459 quoquo
1066 1400 1197 1444 modo
1227 1401 1426 1445 traditum
1457 1415 1540 1445 non
1563 1400 1778 1446 occultare
1809 1401 1851 1444 in
1872 1401 2015 1445 animo
2034 1400 2123 1452 fuit,

392 1559 424 1592 ⁴.
448 1558 634 1592 celebratur
649 1559 700 1592 M:
725 1557 937 1592 celebrantur
953 1558 1020 1592 alii.
1043 1576 1080 1583 -
1105 1560 1138 1592 2.
1157 1568 1254 1592 cesar
1268 1560 1302 1593 M
1321 1577 1353 1585 —
1384 1559 1415 1593 3.
1430 1559 1653 1601 promptiores
1667 1559 1777 1607 11qu
1795 1576 1831 1582 -
1850 1562 1925 1592 erat
1943 1566 2123 1601 superscr.

324 1624 347 1648 n
370 1614 494 1648 litteris
518 1618 555 1647 at
576 1615 610 1649 M
636 1633 671 1639 -
698 1614 731 1648 4.
754 1618 985 1656 composuerat
1007 1624 1185 1658 superscr.
1210 1625 1233 1648 n
1256 1614 1380 1649 litteris
1402 1619 1438 1648 at
1461 1616 1494 1649 Μ
1518 1615 1645 1657 (Verba
1667 1616 1797 1649 laetitia
1812 1632 1860 1639 —-
1874 1618 2126 1656 composuerant

325 1671 381 1705 bis
397 1671 567 1714 deinceps
583 1671 730 1704 exhibet
746 1672 790 1712 M)
818 1689 853 1694 —
880 1672 912 1704 5.
931 1669 1166 1713 depcabundus
1188 1673 1222 1706 M
1244 1690 1279 1695 -
1305 1673 1457 1705 accidens
1472 1672 1677 1705 Rhenanus:
1705 1672 1862 1704 accedens
1876 1672 1911 1706 Μ
1928 1689 1964 1695 -
1982 1671 2013 1705 6.
2028 1669 2125 1712 iimc-

323 1732 438 1770 retque
460 1729 492 1762 M
517 1746 553 1752 —
587 1728 619 1761 8.
645 1727 822 1761 audentiae
850 1727 930 1760 cod.
955 1728 1144 1762 Vaticanus
1174 1729 1298 1770 Lipsii:
1332 1728 1523 1761 audientiae
1544 1729 1578 1761 M
1603 1746 1640 1751 —
1672 1728 1858 1761 habuissent
1879 1728 1932 1767 M;
1958 1727 2039 1769 plus
2059 1728 2124 1760 lia-

324 1785 445 1819 buisset
474 1783 542 1818 alii.
577 1802 612 1808 -
649 1785 881 1826 expostulante
910 1785 955 1817 G:
992 1785 1218 1826 expostulanti
1241 1786 1273 1818 M
1305 1803 1339 1809 -
1377 1785 1408 1818 9.
1434 1785 1470 1817 in
1492 1785 1634 1818 Etruria
1663 1783 1816 1826 glossam
1840 1793 1920 1818 esse
1943 1784 1989 1817 ad
2011 1783 2123 1817 verba

323 1843 499 1876 Ferentino
519 1842 556 1875 in
579 1842 697 1883 oppido
718 1841 806 1874 vidit
828 1841 1021 1875 Ernestius.
1048 1859 1083 1864 —
1109 1845 1148 1874 ut
1169 1841 1229 1874 alii
1252 1843 1298 1874 G:
1324 1842 1422 1874 utilia
1444 1842 1476 1875 M
1502 1858 1537 1864 -
1564 1841 1617 1874 ⁴0.
1636 1841 1810 1874 Ferentino
1826 1839 2010 1874 Cluverius
2034 1839 2120 1882 (Ital.

325 1900 433 1942 antiq.
457 1899 491 1939 2,
517 1898 567 1940 3):
592 1898 749 1940 frentano
771 1899 804 1933 M
832 1918 866 1923 -
893 1899 1120 1931 dextraxerat
1141 1899 1175 1932 M
1200 1916 1236 1922 -
1263 1898 1317 1930 44.
1341 1907 1464 1940 magno
1487 1898 1579 1939 operi
1601 1898 1771 1931 Pichena:
1796 1906 1919 1940 magno
1941 1897 2049 1939 operis
2069 1897 2121 1937 M;

323 1956 439 1999 mayni
461 1956 570 1998 operis
591 1954 659 1988 alii.
686 1972 722 1978 —
748 1955 934 1997 operiretur
955 1955 990 1989 M
1015 1973 1051 1979 ——
1077 1955 1132 1988 ⁴2.
1157 1955 1301 1988 Faenius
1322 1955 1375 1990 M:
1399 1954 1519 1987 Fenius
1537 1951 1653 1996 vulgo.
1675 1971 1709 1977 —
1737 1953 1789 1986 43.
1809 1954 1849 1987 G.
1867 1954 1913 1988 M.

323 2100 504 2134 iurationis
534 2100 784 2142 argumentum
813 2098 993 2142 praebuit,
1026 2099 1065 2131 ut
1093 2098 1196 2131 vetus

324 2150 445 2184 odium
468 2151 592 2193 postea
616 2150 817 2183 exsatiaret.

366 2201 420 2235 53.
445 2202 641 2234 circensium
663 2201 820 2233 ludorum
842 2201 911 2241 die,
937 2200 996 2242 qui
1012 2199 1124 2233 Cereri
1141 2208 1196 2232 ce-

322 2252 489 2294 lebratur]
523 2252 615 2285 Infra
650 2260 681 2284 c.
706 2251 748 2284 74
782 2251 978 2284 circensium
1016 2250 1197 2283 Cerialium

321 2303 488 2336 ludicrum
518 2305 672 2335 vocatur.
711 2303 750 2334 In
774 2300 985 2340 ‚Kalendario
1012 2300 1196 2333 Maffeiano

323 2354 452 2386 lnscrr.
478 2354 567 2386 Latt.
591 2352 640 2393 11,
665 2360 700 2394 p.
719 2351 782 2384 388
806 2351 850 2383 ad
874 2351 936 2383 PR.
956 2351 1043 2382 EID.
1062 2350 1196 2383 mensis

322 2403 449 2446 Aprilis
473 2403 541 2446 (die
567 2404 608 2436 ΑΞ
631 2411 680 2435 m.
698 2402 795 2444 Apr.)
820 2402 917 2433 LVD.
938 2400 1094 2433 CERERI
1108 2402 1144 2432 et
1160 2401 1195 2432 in

322 2455 507 2494 Vaticano,
521 2453 606 2486 ibid.
621 2462 655 2495 p.
666 2452 742 2485 389:
759 2452 865 2484 LVDI
874 2450 1052 2491 CERIAL„
1066 2450 1195 2483 deinde

322 2506 358 2538 in
380 2504 438 2538 illo
461 2504 507 2537 ad
528 2504 603 2537 Xlll
626 2502 700 2535 Kal.
727 2502 833 2535 Maias
866 2501 934 2543 (die
960 2501 1000 2533 49
1024 2510 1072 2534 m.
1098 2501 1195 2543 Apr.)

323 2556 416 2589 CER.
441 2555 539 2588 LVD.
564 2554 615 2586 IN
633 2552 736 2586 CIRC.
764 2552 815 2585 Cf.
843 2551 941 2584 Ovid.
965 2552 1055 2584 Fast.
1079 2551 1112 2590 4,
1131 2551 1195 2584 393

323 2614 426 2647 seqq.
438 2604 555 2639 «Unde
568 2604 677 2646 patet,
688 2611 779 2644 quae
789 2602 847 2635 hic
859 2602 1058 2641 narrantur,
1070 2609 1194 2634 mense

322 2654 429 2698 Aprili
452 2655 556 2687 huius
579 2653 661 2686 anni
684 2653 803 2694 gesta;
834 2651 930 2694 quod
959 2651 1076 2684 firmat
1098 2652 1196 2684 Ano-

323 2714 453 2747 nymus
467 2707 570 2738 vetus
586 2704 711 2736 auctor
725 2702 815 2734 vitae
830 2701 979 2734 Lucani:
997 2701 1069 2733 Sua
1083 2704 1197 2742 sponte

322 2755 470 2798 (coactus
500 2755 572 2787 vita
604 2751 775 2794 excedere)
807 2760 910 2784 venas
940 2750 1002 2783 sibi
1033 2751 1198 2791 praecidit

316 2807 483 2849 periitque
508 2804 620 2846 pridie
644 2803 721 2836 Kal.
751 2802 863 2835 Maias
883 2801 989 2834 Attico
1014 2801 1144 2833 Vestino
1166 2803 1198 2833 et

321 2858 436 2890 Nerva
465 2856 594 2889 Siliano
628 2853 847 2886 consulibus.»
881 2852 983 2884 vax.
1018 2868 1054 2873 —
1090 2851 1197 2883 animi

321 2908 456 2941 validus
484 2909 515 2939 et
546 2912 685 2945 corpore
714 2902 843 2945 ingens]
870 2901 1003 2934 Eadem
1031 2902 1195 2934 constru-

323 2958 449 2991 ctionis
463 2955 654 2990 variatione
670 2954 755 2986 Hist.
772 2953 802 2992 l,
817 2952 859 2986 53
875 2962 882 2984 ε
906 2951 1051 2984 Caecina
1062 2968 1081 2974 -
1091 2970 1111 2976 -
1123 2959 1197 2983 cor-

317 3017 403 3050 pore
422 3008 556 3050 ingens,
588 3004 693 3037 animi
715 3003 909 3036 inmodicus.
938 3019 973 3024 -
999 3003 1037 3033 ut
1059 3000 1197 3041 quisque

322 3058 501 3091 audentiae
514 3052 688 3094 habuisset]
707 3051 896 3085 Transtulit
911 3052 1084 3083 Graecam
1100 3051 1196 3083 stru-

323 3111 477 3148 cturam,
503 3115 572 3149 qua
595 3100 674 3144 ἔχω
698 3111 780 3136 cum
804 3101 974 3135 adverbio
991 3102 1026 3133 et
1042 3100 1194 3142 genitivo

321 3159 486 3200 iungitur.
512 3156 564 3190 Cf.
584 3153 712 3188 Herod.
730 3153 763 3193 8,
782 3152 867 3185 407:
894 3147 946 3191 ὥς
961 3148 1100 3191 τάχεος
1116 3146 1195 3189 εἶχε

322 3204 498 3249 ἕκαστος.
522 3204 682 3247 Thucyd.
702 3204 733 3244 ⁴,
750 3203 811 3236 22:
840 3195 892 3242 ὥς
914 3211 970 3242 τις
993 3197 1146 3241 εὐνοίας
1168 3196 1195 3243 ἢ

321 3256 478 3303 μνήμης
506 3252 604 3297 ἔχοι.
639 3273 675 3279 -
711 3252 839 3286 Salutis
867 3252 935 3284 sive
950 3268 1000 3275 -—
1015 3249 1192 3292 Fortunae]

323 3308 424 3341 Haud
458 3303 740 3349 improbabiliter
774 3300 919 3336 Mueller
950 3300 1112 3332 Etrusker
1145 3300 1191 3339 11,

321 3367 357 3401 p.
379 3357 422 3391 54
445 3356 636 3389 arbitratur
659 3362 731 3387 non
754 3353 844 3386 duas
859 3351 1018 3384 diversas
1034 3349 1120 3381 deas
1137 3349 1194 3381 hic

322 3407 487 3446 indicari,
524 3405 588 3439 sed
616 3411 726 3437 unam
753 3402 928 3440 Nortiam,
964 3399 1193 3432 Etruscorum

324 3457 448 3498 deam,
474 3463 582 3498 quam
603 3454 639 3488 in
662 3450 851 3488 referendo
873 3450 942 3483 hoc
957 3448 1116 3482 Scaeuini
1138 3448 1195 3480 in-

1248 2099 1351 2141 cepto
1376 2097 1431 2130 alii
1455 2098 1647 2140 scriptores
1670 2097 1834 2138 Salutem,
1859 2096 1915 2130 alii
1938 2097 2123 2130 Fortunam

1247 2147 1463 2190 appellarint.
1507 2148 1612 2181 Certe
1646 2149 1792 2190 propter
1820 2147 1933 2181 verba
1963 2148 2123 2190 reliyione

1243 2199 1362 2240 patria
1378 2198 1420 2240 (c.
1437 2198 1491 2238 55)
1509 2196 1650 2239 intelligi
1670 2198 1792 2239 nequit
1807 2196 1978 2240 templum
1995 2196 2120 2231 Salutis

1248 2250 1379 2281 Romae
1411 2249 1445 2280 in
1473 2250 1594 2280 monte
1627 2246 1791 2287 Quirinali
1821 2248 1946 2288 situm,
1978 2256 1996 2280 a
2022 2247 2121 2280 lunio

1246 2298 1406 2331 Bubulco
1429 2299 1551 2330 votum
1576 2298 1612 2330 et
1633 2298 1767 2339 pictum
1791 2305 1810 2329 a
1836 2298 1875 2336 Q.
1902 2296 2009 2330 Fabio
2032 2305 2063 2331 a.
2082 2305 2118 2331 u.

1247 2348 1312 2382 450
1337 2347 1440 2389 (Plin.
1466 2349 1505 2380 N.
1533 2348 1573 2380 H.
1599 2347 1641 2380 35
1670 2347 1690 2389 5
1715 2347 1779 2387 49).
1815 2365 1851 2370 -
1882 2348 2058 2380 Ferentino
2083 2347 2122 2380 in

1246 2398 1376 2440 oppido]
1401 2399 1544 2431 Sueton.
1573 2397 1650 2430 Oth.
1670 2399 1708 2430 l:
1733 2398 1880 2430 Maiores
1903 2397 2037 2430 Othonis
2056 2398 2122 2430 orti

1246 2452 1324 2481 sunt
1352 2449 1472 2490 oppido
1494 2448 1686 2488 Ferentino,
1718 2448 1852 2489 familia
1877 2451 1987 2481 vetere
2008 2451 2039 2480 et
2059 2448 2120 2480 ho—

1245 2502 1370 2531 norata
1391 2501 1491 2538 atque
1512 2506 1557 2530 ex
1580 2497 1788 2539 principibus
1810 2498 1980 2530 Etruriae.
2017 2495 2118 2531 Coni.

1247 2548 1372 2581 Strabo
1395 2549 1428 2588 5,
1453 2548 1486 2588 2,
1512 2547 1532 2579 9
1554 2556 1590 2589 p.
1608 2548 1686 2580 226.
1711 2546 1842 2581 Plinius
1864 2549 1905 2581 N.
1924 2547 1966 2580 H.
1985 2547 2005 2581 3
2027 2546 2118 2589 552.

1247 2599 1297 2631 De
1321 2597 1515 2631 verborum
1540 2597 1663 2630 ordine
1686 2596 1767 2630 vide
1791 2597 1837 2629 ad
1860 2597 1914 2637 Η,
1934 2596 1988 2630 ⁴4.
2008 2614 2044 2621 —
2068 2596 2122 2630 de-

1246 2647 1417 2690 traxerat]
1450 2648 1492 2682 Ut
1513 2646 1660 2680 donaria
1683 2647 1718 2679 in
1742 2646 1902 2689 templis,
1927 2655 2009 2680 cum
2033 2655 2123 2680 con-

1246 2699 1444 2738 secrantur,
1469 2697 1602 2738 reponi,
1629 2697 1698 2737 sic,
1724 2705 1806 2729 cum
1826 2696 2045 2737 auferuntur,
2068 2696 2122 2729 de-

1245 2748 1336 2780 trahi
1359 2747 1500 2790 proprie
1525 2747 1700 2780 dicuntur.
1733 2746 1790 2779 Sic
1815 2745 1936 2788 plane,
1965 2747 2004 2779 ut
2025 2745 2121 2788 apud

1247 2799 1427 2838 nostrum,
1458 2797 1591 2839 pladius
1620 2796 1754 2829 delubro
1780 2797 1947 2829 detractus
1975 2796 2119 2829 Sueton.

1247 2846 1360 2880 Vitell.
1379 2848 1399 2880 8
1411 2872 1419 2887 ,
1444 2848 1596 2880 detracta
1618 2847 1746 2887 templis
1768 2846 1857 2879 dona
1873 2847 2016 2879 sueton.
2035 2847 2118 2879 Ner.

1246 2897 1300 2929 32.
1326 2897 1470 2930 Detrahi
1487 2897 1594 2929 etiam
1611 2895 1745 2938 clypei,
1770 2896 1942 2938 imagines
1957 2895 2122 2929 dicuntur

1246 2955 1442 2989 suspensae
1467 2947 1501 2979 in
1525 2945 1666 2988 templis
1691 2947 1727 2979 et
1749 2947 1866 2979 curiis.
1892 2946 1974 2979 Em«.
1999 2963 2034 2970 —
2060 2954 2121 2988 90-

1244 2996 1430 3039 stabatque]
1456 2995 1654 3030 clanculum
1681 2998 1775 3037 (nam
1791 2997 1826 3029 in
1843 2995 1934 3029 urbe
1950 3004 2032 3029 cum
2048 2995 2119 3029 telo

1246 3056 1327 3080 esse
1343 3055 1413 3079 non
1429 3045 1588 3088 licebat),
1613 3045 1677 3078 sed
1693 3045 1872 3079 interdum
1888 3045 2018 3079 intimis
2033 3046 2119 3079 ami-

1246 3098 1296 3131 cis
1328 3096 1565 3137 monstrabat,
1602 3096 1738 3129 addens
1769 3105 1852 3129 eum
1884 3105 1966 3130 esse
1993 3105 2118 3138 maana

1244 3148 1337 3189 operi
1358 3155 1503 3180 sacrum.
1532 3163 1564 3170 -
1600 3146 1714 3179 aedem
1736 3145 1881 3188 Cereris]
1913 3145 1958 3178 ad
1981 3146 2116 3179 circum

1245 3197 1451 3230 maximum.
1471 3213 1507 3220 —
1533 3196 1689 3239 Antonia]
1714 3195 1765 3229 Cf.
1785 3196 1838 3237 ⁴2,
1856 3197 1889 3230 2.
1908 3197 1964 3230 68.
1989 3195 2042 3234 43,
2059 3195 2114 3229 23.

1245 3265 1288 3272 —
1302 3247 1336 3281 C.
1352 3247 1488 3287 Plinius]
1506 3246 1593 3279 Vide
1609 3246 1654 3278 ad
1671 3246 1724 3286 43,
1738 3246 1792 3279 20.
1811 3262 1846 3270 —
1863 3254 1994 3287 quoquo
2007 3244 2116 3288 modo]

1245 3306 1310 3331 seu
1333 3306 1417 3330 vere
1442 3305 1507 3330 seu
1530 3295 1629 3329 falso.
1655 3295 1707 3329 Cf.
1733 3296 1765 3336 3,
1784 3296 1842 3328 ⁴9:
1867 3303 1999 3337 quoquo
2019 3295 2117 3328 modo

1245 3348 1375 3380 audita.
1403 3364 1439 3369 —
1465 3350 1580 3379 notum
1602 3355 1717 3379 amore
1738 3345 1867 3386 uxoris]
1892 3345 1944 3378 ct.
1966 3353 1998 3378 c.
2015 3345 2070 3378 159.

1288 3396 1342 3431 54.
1367 3397 1489 3429 diversi
1509 3396 1640 3438 generis
1653 3413 1701 3420 -—
1714 3395 1826 3435 sexus]
1846 3394 1920 3428 scil.
1938 3394 2113 3430 homines.

1246 3464 1284 3471 —
1301 3447 1404 3480 donec
1419 3446 1567 3488 proditio
1588 3446 1694 3487 coepit
1714 3454 1733 3479 ο
1752 3446 1848 3479 domo
1862 3445 2028 3486 Scaevini]
2057 3445 2117 3479 Li-
