<?xml version="1.0" encoding="UTF-8"?>
<!DOCTYPE html PUBLIC "-//W3C//DTD XHTML 1.0 Transitional//EN"
    "http://www.w3.org/TR/xhtml1/DTD/xhtml1-transitional.dtd">
<html xmlns="http://www.w3.org/1999/xhtml" xml:lang="en" lang="en">
 <head>
  <title>
</title>
<meta http-equiv="Content-Type" content="text/html;charset=utf-8" />
  <meta name='ocr-system' content='tesseract 3.04.00' />
  <meta name='ocr-capabilities' content='ocr_page ocr_carea ocr_par ocr_line ocrx_word'/>
</head>
<body>
  <div class='ocr_page' id='page_1' title='image "./pcorneliitacitio01taciuoft_0593.png"; bbox 0 0 2254 3770; ppageno 0'>
   <div class='ocr_carea' id='block_1_1' title="bbox 710 260 1964 322">
    <p class='ocr_par' dir='ltr' id='par_1_1' title="bbox 710 260 1964 322">
     <span class='ocr_line' id='line_1_1' title="bbox 710 260 1964 322; baseline -0.006 -11"><span class='ocrx_word' id='word_1_1' title='bbox 710 265 864 311; x_wconf 87' lang='lat' dir='ltr'><strong>LIBER</strong></span> <span class='ocrx_word' id='word_1_2' title='bbox 891 264 993 309; x_wconf 89' lang='lat' dir='ltr'><strong>XVI.</strong></span> <span class='ocrx_word' id='word_1_3' title='bbox 1038 265 1139 322; x_wconf 91' lang='lat' dir='ltr'><strong>Cap.</strong></span> <span class='ocrx_word' id='word_1_4' title='bbox 1171 264 1237 311; x_wconf 74' lang='lat'><strong>⁴5.</strong></span> <span class='ocrx_word' id='word_1_5' title='bbox 1267 264 1334 309; x_wconf 70' lang='lat'><strong>⁴6.</strong></span> <span class='ocrx_word' id='word_1_6' title='bbox 1365 264 1432 308; x_wconf 74' lang='lat'><strong>⁴7.</strong></span> <span class='ocrx_word' id='word_1_7' title='bbox 1881 260 1964 304; x_wconf 78' lang='lat'><strong>555</strong></span> 
     </span>
    </p>
   </div>
   <div class='ocr_carea' id='block_1_2' title="bbox 177 367 2015 1929">
    <p class='ocr_par' dir='ltr' id='par_1_2' title="bbox 182 367 1964 506">
     <span class='ocr_line' id='line_1_2' title="bbox 182 367 1964 428; baseline -0.004 -10"><span class='ocrx_word' id='word_1_8' title='bbox 182 387 309 419; x_wconf 83' lang='lat' dir='ltr'><strong>manu</strong></span> <span class='ocrx_word' id='word_1_9' title='bbox 339 373 450 417; x_wconf 89' lang='lat' dir='ltr'><strong>servi</strong></span> <span class='ocrx_word' id='word_1_10' title='bbox 482 386 587 416; x_wconf 91' lang='lat' dir='ltr'><strong>usus</strong></span> <span class='ocrx_word' id='word_1_11' title='bbox 617 378 663 416; x_wconf 89' lang='lat' dir='ltr'><strong>ut</strong></span> <span class='ocrx_word' id='word_1_12' title='bbox 680 371 885 416; x_wconf 90' lang='lat' dir='ltr'><strong>inmotum</strong></span> <span class='ocrx_word' id='word_1_13' title='bbox 905 370 1135 428; x_wconf 85' lang='lat' dir='ltr'>pugionem</span> <span class='ocrx_word' id='word_1_14' title='bbox 1156 370 1395 422; x_wconf 87' lang='lat' dir='ltr'><strong>extolleret,</strong></span> <span class='ocrx_word' id='word_1_15' title='bbox 1427 369 1640 428; x_wconf 81' lang='lat' dir='ltr'><strong>adpressit</strong></span> <span class='ocrx_word' id='word_1_16' title='bbox 1659 368 1849 413; x_wconf 83' lang='lat' dir='ltr'><strong>dextram</strong></span> <span class='ocrx_word' id='word_1_17' title='bbox 1870 367 1964 411; x_wconf 89' lang='lat' dir='ltr'><strong>eius</strong></span> 
     </span>
     <span class='ocr_line' id='line_1_3' title="bbox 185 447 647 506; baseline -0.004 -14"><span class='ocrx_word' id='word_1_18' title='bbox 185 447 417 506; x_wconf 85' lang='lat' dir='ltr'><strong>iuguloque</strong></span> <span class='ocrx_word' id='word_1_19' title='bbox 449 447 647 492; x_wconf 88' lang='lat' dir='ltr'><strong>occurrit.</strong></span> 
     </span>
    </p>

    <p class='ocr_par' dir='ltr' id='par_1_3' title="bbox 177 519 2015 1929">
     <span class='ocr_line' id='line_1_4' title="bbox 294 519 1964 579; baseline -0.004 -13"><span class='ocrx_word' id='word_1_20' title='bbox 294 522 375 579; x_wconf 70' lang='lat'>(⁴6)</span> <span class='ocrx_word' id='word_1_21' title='bbox 408 523 542 566; x_wconf 88' lang='lat' dir='ltr'><strong>Etiam</strong></span> <span class='ocrx_word' id='word_1_22' title='bbox 572 522 607 565; x_wconf 92' lang='lat' dir='ltr'><strong>si</strong></span> <span class='ocrx_word' id='word_1_23' title='bbox 637 520 748 565; x_wconf 89' lang='lat' dir='ltr'><strong>bella</strong></span> <span class='ocrx_word' id='word_1_24' title='bbox 778 527 953 564; x_wconf 88' lang='lat' dir='ltr'><strong>externa</strong></span> <span class='ocrx_word' id='word_1_25' title='bbox 982 526 1026 564; x_wconf 91' lang='lat' dir='ltr'><strong>et</strong></span> <span class='ocrx_word' id='word_1_26' title='bbox 1053 519 1191 564; x_wconf 91' lang='lat' dir='ltr'><strong>obitas</strong></span> <span class='ocrx_word' id='word_1_27' title='bbox 1220 534 1299 578; x_wconf 91' lang='lat' dir='ltr'><strong>pro</strong></span> <span class='ocrx_word' id='word_1_28' title='bbox 1329 535 1376 565; x_wconf 89' lang='lat' dir='ltr'><strong>re</strong></span> <span class='ocrx_word' id='word_1_29' title='bbox 1407 535 1447 578; x_wconf 91' lang='lat' dir='ltr'><strong>p.</strong></span> <span class='ocrx_word' id='word_1_30' title='bbox 1469 526 1629 564; x_wconf 90' lang='lat' dir='ltr'><strong>mortes</strong></span> <span class='ocrx_word' id='word_1_31' title='bbox 1654 523 1766 562; x_wconf 89' lang='lat' dir='ltr'><strong>tanta</strong></span> <span class='ocrx_word' id='word_1_32' title='bbox 1787 530 1964 560; x_wconf 89' lang='lat' dir='ltr'><strong>casuum</strong></span> 
     </span>
     <span class='ocr_line' id='line_1_5' title="bbox 181 593 1965 654; baseline -0.003 -13"><span class='ocrx_word' id='word_1_33' title='bbox 181 596 456 641; x_wconf 87' lang='lat' dir='ltr'><strong>similitudine</strong></span> <span class='ocrx_word' id='word_1_34' title='bbox 494 610 800 647; x_wconf 84' lang='lat' dir='ltr'>memorarem,</span> <span class='ocrx_word' id='word_1_35' title='bbox 840 609 996 653; x_wconf 90' lang='lat' dir='ltr'><strong>meque</strong></span> <span class='ocrx_word' id='word_1_36' title='bbox 1036 595 1174 653; x_wconf 91' lang='lat' dir='ltr'><strong>ipsum</strong></span> <span class='ocrx_word' id='word_1_37' title='bbox 1206 596 1334 639; x_wconf 90' lang='lat' dir='ltr'><strong>satias</strong></span> <span class='ocrx_word' id='word_1_38' title='bbox 1365 596 1550 654; x_wconf 86' lang='lat' dir='ltr'><strong>cepisset</strong></span> <span class='ocrx_word' id='word_1_39' title='bbox 1578 593 1845 651; x_wconf 87' lang='lat' dir='ltr'><strong>aliorumque</strong></span> <span class='ocrx_word' id='word_1_40' title='bbox 1876 598 1965 635; x_wconf 88' lang='lat' dir='ltr'><strong>tae-</strong></span> 
     </span>
     <span class='ocr_line' id='line_1_6' title="bbox 180 670 1995 731; baseline -0.004 -15"><span class='ocrx_word' id='word_1_41' title='bbox 180 672 298 716; x_wconf 87' lang='lat' dir='ltr'><strong>dium</strong></span> <span class='ocrx_word' id='word_1_42' title='bbox 327 679 617 731; x_wconf 86' lang='lat' dir='ltr'><strong>expectarem,</strong></span> <span class='ocrx_word' id='word_1_43' title='bbox 650 671 846 730; x_wconf 90' lang='lat' dir='ltr'><strong>quamvis</strong></span> <span class='ocrx_word' id='word_1_44' title='bbox 875 670 1079 714; x_wconf 91' lang='lat' dir='ltr'><strong>honestos</strong></span> <span class='ocrx_word' id='word_1_45' title='bbox 1111 670 1265 714; x_wconf 90' lang='lat' dir='ltr'><strong>civium</strong></span> <span class='ocrx_word' id='word_1_46' title='bbox 1288 671 1446 721; x_wconf 87' lang='lat' dir='ltr'><strong>exitus,</strong></span> <span class='ocrx_word' id='word_1_47' title='bbox 1479 670 1620 713; x_wconf 80' lang='lat' dir='ltr'><strong>tristes</strong></span> <span class='ocrx_word' id='word_1_48' title='bbox 1641 675 1780 712; x_wconf 90' lang='lat' dir='ltr'><strong>tamen</strong></span> <span class='ocrx_word' id='word_1_49' title='bbox 1801 673 1844 711; x_wconf 88' lang='lat' dir='ltr'><strong>et</strong></span> <span class='ocrx_word' id='word_1_50' title='bbox 1863 679 1995 711; x_wconf 86' lang='lat' dir='ltr'><strong>con-5</strong></span> 
     </span>
     <span class='ocr_line' id='line_1_7' title="bbox 181 742 1963 804; baseline -0.003 -14"><span class='ocrx_word' id='word_1_51' title='bbox 181 746 320 792; x_wconf 90' lang='lat' dir='ltr'><strong>tinuos</strong></span> <span class='ocrx_word' id='word_1_52' title='bbox 351 747 679 804; x_wconf 85' lang='lat' dir='ltr'><strong>aspernantium.</strong></span> <span class='ocrx_word' id='word_1_53' title='bbox 711 752 753 789; x_wconf 90' lang='lat' dir='ltr'><strong>at</strong></span> <span class='ocrx_word' id='word_1_54' title='bbox 783 759 895 789; x_wconf 91' lang='lat' dir='ltr'><strong>nunc</strong></span> <span class='ocrx_word' id='word_1_55' title='bbox 923 745 1125 802; x_wconf 91' lang='lat' dir='ltr'><strong>patientia</strong></span> <span class='ocrx_word' id='word_1_56' title='bbox 1154 745 1320 788; x_wconf 91' lang='lat' dir='ltr'><strong>servilis</strong></span> <span class='ocrx_word' id='word_1_57' title='bbox 1341 751 1589 803; x_wconf 88' lang='lat' dir='ltr'><strong>tantumque</strong></span> <span class='ocrx_word' id='word_1_58' title='bbox 1610 743 1828 801; x_wconf 83' lang='lat' dir='ltr'><strong>sanguinis</strong></span> <span class='ocrx_word' id='word_1_59' title='bbox 1849 742 1963 786; x_wconf 91' lang='lat' dir='ltr'><strong>domi</strong></span> 
     </span>
     <span class='ocr_line' id='line_1_8' title="bbox 178 817 1965 879; baseline -0.002 -14"><span class='ocrx_word' id='word_1_60' title='bbox 178 821 393 879; x_wconf 89' lang='lat' dir='ltr'><strong>perditum</strong></span> <span class='ocrx_word' id='word_1_61' title='bbox 433 822 604 879; x_wconf 79' lang='lat' dir='ltr'><strong>fatigant</strong></span> <span class='ocrx_word' id='word_1_62' title='bbox 640 821 826 864; x_wconf 91' lang='lat' dir='ltr'><strong>animum</strong></span> <span class='ocrx_word' id='word_1_63' title='bbox 857 826 899 864; x_wconf 89' lang='lat' dir='ltr'><strong>et</strong></span> <span class='ocrx_word' id='word_1_64' title='bbox 933 819 1141 863; x_wconf 88' lang='lat' dir='ltr'><strong>maestitia</strong></span> <span class='ocrx_word' id='word_1_65' title='bbox 1172 820 1440 877; x_wconf 89' lang='lat' dir='ltr'><strong>restringunt.</strong></span> <span class='ocrx_word' id='word_1_66' title='bbox 1488 833 1630 877; x_wconf 90' lang='lat' dir='ltr'><strong>neque</strong></span> <span class='ocrx_word' id='word_1_67' title='bbox 1660 818 1785 863; x_wconf 89' lang='lat' dir='ltr'><strong>aliam</strong></span> <span class='ocrx_word' id='word_1_68' title='bbox 1817 817 1965 861; x_wconf 83' lang='lat' dir='ltr'><strong>defen-</strong></span> 
     </span>
     <span class='ocr_line' id='line_1_9' title="bbox 178 893 1965 953; baseline -0.003 -13"><span class='ocrx_word' id='word_1_69' title='bbox 178 897 343 941; x_wconf 87' lang='lat' dir='ltr'><strong>sionem</strong></span> <span class='ocrx_word' id='word_1_70' title='bbox 378 896 432 940; x_wconf 95' lang='lat' dir='ltr'><strong>ab</strong></span> <span class='ocrx_word' id='word_1_71' title='bbox 471 896 541 947; x_wconf 88' lang='lat' dir='ltr'><strong>iis,</strong></span> <span class='ocrx_word' id='word_1_72' title='bbox 586 896 742 953; x_wconf 92' lang='lat' dir='ltr'><strong>quibus</strong></span> <span class='ocrx_word' id='word_1_73' title='bbox 782 896 860 939; x_wconf 89' lang='lat' dir='ltr'><strong>ista</strong></span> <span class='ocrx_word' id='word_1_74' title='bbox 900 901 1147 947; x_wconf 86' lang='lat' dir='ltr'><strong>noscentur,</strong></span> <span class='ocrx_word' id='word_1_75' title='bbox 1195 895 1410 952; x_wconf 85' lang='lat' dir='ltr'><strong>exegerim</strong></span> <span class='ocrx_word' id='word_1_76' title='bbox 1441 909 1571 952; x_wconf 91' lang='lat' dir='ltr'><strong>quam</strong></span> <span class='ocrx_word' id='word_1_77' title='bbox 1600 909 1654 939; x_wconf 93' lang='lat' dir='ltr'><strong>ne</strong></span> <span class='ocrx_word' id='word_1_78' title='bbox 1684 893 1851 937; x_wconf 89' lang='lat' dir='ltr'><strong>oderim</strong></span> <span class='ocrx_word' id='word_1_79' title='bbox 1880 899 1965 949; x_wconf 85' lang='lat' dir='ltr'><strong>tam</strong></span> 
     </span>
     <span class='ocr_line' id='line_1_10' title="bbox 178 969 1962 1029; baseline -0.003 -14"><span class='ocrx_word' id='word_1_80' title='bbox 178 972 366 1029; x_wconf 86' lang='lat' dir='ltr'><strong>segniter</strong></span> <span class='ocrx_word' id='word_1_81' title='bbox 407 977 651 1029; x_wconf 88' lang='lat' dir='ltr'><strong>pereuntes.</strong></span> <span class='ocrx_word' id='word_1_82' title='bbox 695 971 756 1013; x_wconf 89' lang='lat' dir='ltr'><strong>ira</strong></span> <span class='ocrx_word' id='word_1_83' title='bbox 798 969 868 1013; x_wconf 91' lang='lat' dir='ltr'><strong>illa</strong></span> <span class='ocrx_word' id='word_1_84' title='bbox 902 973 1122 1013; x_wconf 91' lang='lat' dir='ltr'><strong>numinum</strong></span> <span class='ocrx_word' id='word_1_85' title='bbox 1152 970 1193 1012; x_wconf 91' lang='lat' dir='ltr'><strong>in</strong></span> <span class='ocrx_word' id='word_1_86' title='bbox 1224 984 1293 1013; x_wconf 90' lang='lat' dir='ltr'><strong>res</strong></span> <span class='ocrx_word' id='word_1_87' title='bbox 1323 971 1534 1014; x_wconf 89' lang='lat' dir='ltr'><strong>Romanas</strong></span> <span class='ocrx_word' id='word_1_88' title='bbox 1565 970 1660 1021; x_wconf 85' lang='lat' dir='ltr'><strong>fuit,</strong></span> <span class='ocrx_word' id='word_1_89' title='bbox 1705 983 1834 1027; x_wconf 87' lang='lat' dir='ltr'><strong>quam</strong></span> <span class='ocrx_word' id='word_1_90' title='bbox 1866 981 1962 1018; x_wconf 91' lang='lat' dir='ltr'><strong>non,</strong></span> 
     </span>
     <span class='ocr_line' id='line_1_11' title="bbox 178 1043 2015 1102; baseline -0.004 -11"><span class='ocrx_word' id='word_1_91' title='bbox 178 1054 223 1092; x_wconf 87' lang='lat' dir='ltr'><strong>ut</strong></span> <span class='ocrx_word' id='word_1_92' title='bbox 263 1047 303 1090; x_wconf 92' lang='lat' dir='ltr'><strong>in</strong></span> <span class='ocrx_word' id='word_1_93' title='bbox 341 1046 534 1091; x_wconf 88' lang='lat' dir='ltr'><strong>cladibus</strong></span> <span class='ocrx_word' id='word_1_94' title='bbox 574 1046 837 1089; x_wconf 87' lang='lat' dir='ltr'><strong>exercituum</strong></span> <span class='ocrx_word' id='word_1_95' title='bbox 866 1051 939 1089; x_wconf 88' lang='lat' dir='ltr'><strong>aut</strong></span> <span class='ocrx_word' id='word_1_96' title='bbox 967 1044 1207 1102; x_wconf 88' lang='lat' dir='ltr'><strong>captivitate</strong></span> <span class='ocrx_word' id='word_1_97' title='bbox 1237 1044 1427 1093; x_wconf 87' lang='lat' dir='ltr'><strong>urbium,</strong></span> <span class='ocrx_word' id='word_1_98' title='bbox 1476 1044 1608 1088; x_wconf 89' lang='lat' dir='ltr'><strong>semel</strong></span> <span class='ocrx_word' id='word_1_99' title='bbox 1640 1044 1754 1087; x_wconf 90' lang='lat' dir='ltr'><strong>edito</strong></span> <span class='ocrx_word' id='word_1_100' title='bbox 1784 1043 2015 1087; x_wconf 74' lang='lat' dir='ltr'><strong>transirem</strong></span> 
     </span>
     <span class='ocr_line' id='line_1_12' title="bbox 178 1118 1964 1178; baseline -0.002 -14"><span class='ocrx_word' id='word_1_101' title='bbox 178 1121 287 1166; x_wconf 90' lang='lat' dir='ltr'><strong>licet.</strong></span> <span class='ocrx_word' id='word_1_102' title='bbox 328 1121 452 1165; x_wconf 91' lang='lat' dir='ltr'><strong>detur</strong></span> <span class='ocrx_word' id='word_1_103' title='bbox 482 1121 564 1166; x_wconf 92' lang='lat' dir='ltr'><strong>hoc</strong></span> <span class='ocrx_word' id='word_1_104' title='bbox 592 1121 816 1165; x_wconf 86' lang='lat' dir='ltr'><strong>illustrium</strong></span> <span class='ocrx_word' id='word_1_105' title='bbox 847 1121 1032 1163; x_wconf 91' lang='lat' dir='ltr'><strong>virorum</strong></span> <span class='ocrx_word' id='word_1_106' title='bbox 1061 1120 1318 1177; x_wconf 87' lang='lat' dir='ltr'><strong>posteritati,</strong></span> <span class='ocrx_word' id='word_1_107' title='bbox 1349 1126 1411 1171; x_wconf 93' lang='lat' dir='ltr'><strong>ut,</strong></span> <span class='ocrx_word' id='word_1_108' title='bbox 1445 1133 1531 1178; x_wconf 94' lang='lat' dir='ltr'><strong>quo</strong></span> <span class='ocrx_word' id='word_1_109' title='bbox 1560 1119 1688 1162; x_wconf 92' lang='lat' dir='ltr'><strong>modo</strong></span> <span class='ocrx_word' id='word_1_110' title='bbox 1717 1118 1911 1176; x_wconf 91' lang='lat' dir='ltr'><strong>exequiis</strong></span> <span class='ocrx_word' id='word_1_111' title='bbox 1940 1131 1964 1160; x_wconf 86' lang='lat' dir='ltr'><strong>a</strong></span> 
     </span>
     <span class='ocr_line' id='line_1_13' title="bbox 178 1193 1966 1255; baseline -0.002 -15"><span class='ocrx_word' id='word_1_112' title='bbox 178 1197 422 1255; x_wconf 89' lang='lat' dir='ltr'><strong>promiscua</strong></span> <span class='ocrx_word' id='word_1_113' title='bbox 450 1196 670 1254; x_wconf 84' lang='lat' dir='ltr'><strong>sepultura</strong></span> <span class='ocrx_word' id='word_1_114' title='bbox 699 1202 967 1253; x_wconf 87' lang='lat' dir='ltr'><strong>separantur,</strong></span> <span class='ocrx_word' id='word_1_115' title='bbox 1008 1195 1064 1238; x_wconf 93' lang='lat' dir='ltr'><strong>ita</strong></span> <span class='ocrx_word' id='word_1_116' title='bbox 1101 1196 1142 1237; x_wconf 92' lang='lat' dir='ltr'><strong>in</strong></span> <span class='ocrx_word' id='word_1_117' title='bbox 1172 1194 1396 1238; x_wconf 89' lang='lat' dir='ltr'><strong>traditione</strong></span> <span class='ocrx_word' id='word_1_118' title='bbox 1427 1208 1726 1252; x_wconf 88' lang='lat' dir='ltr'><strong>supremorum</strong></span> <span class='ocrx_word' id='word_1_119' title='bbox 1756 1193 1966 1251; x_wconf 88' lang='lat' dir='ltr'><strong>accipiant</strong></span> 
     </span>
     <span class='ocr_line' id='line_1_14' title="bbox 179 1267 1965 1330; baseline -0.003 -14"><span class='ocrx_word' id='word_1_120' title='bbox 179 1272 449 1330; x_wconf 85' lang='lat' dir='ltr'><strong>habeantque</strong></span> <span class='ocrx_word' id='word_1_121' title='bbox 488 1272 705 1329; x_wconf 89' lang='lat' dir='ltr'><strong>propriam</strong></span> <span class='ocrx_word' id='word_1_122' title='bbox 745 1271 1006 1315; x_wconf 84' lang='lat' dir='ltr'><strong>memoriam.</strong></span> <span class='ocrx_word' id='word_1_123' title='bbox 1052 1269 1132 1326; x_wconf 73' lang='lat'><strong>(⁴7)</strong></span> <span class='ocrx_word' id='word_1_124' title='bbox 1165 1283 1327 1327; x_wconf 91' lang='lat' dir='ltr'><strong>paucos</strong></span> <span class='ocrx_word' id='word_1_125' title='bbox 1358 1270 1519 1327; x_wconf 86' lang='lat' dir='ltr'><strong>quippe</strong></span> <span class='ocrx_word' id='word_1_126' title='bbox 1550 1270 1657 1312; x_wconf 88' lang='lat' dir='ltr'><strong>intra</strong></span> <span class='ocrx_word' id='word_1_127' title='bbox 1688 1269 1781 1312; x_wconf 90' lang='lat' dir='ltr'><strong>dies</strong></span> <span class='ocrx_word' id='word_1_128' title='bbox 1810 1267 1965 1312; x_wconf 90' lang='lat' dir='ltr'><strong>eodem</strong></span> 
     </span>
     <span class='ocr_line' id='line_1_15' title="bbox 179 1343 1964 1405; baseline -0.002 -15"><span class='ocrx_word' id='word_1_129' title='bbox 179 1347 347 1405; x_wconf 83' lang='lat' dir='ltr'><strong>agmine</strong></span> <span class='ocrx_word' id='word_1_130' title='bbox 378 1350 576 1390; x_wconf 90' lang='lat' dir='ltr'><strong>Annaeus</strong></span> <span class='ocrx_word' id='word_1_131' title='bbox 607 1346 734 1396; x_wconf 89' lang='lat' dir='ltr'><strong>Mela,</strong></span> <span class='ocrx_word' id='word_1_132' title='bbox 769 1344 944 1390; x_wconf 90' lang='lat' dir='ltr'><strong>Cerialis</strong></span> <span class='ocrx_word' id='word_1_133' title='bbox 974 1345 1158 1396; x_wconf 89' lang='lat' dir='ltr'><strong>Anicius,</strong></span> <span class='ocrx_word' id='word_1_134' title='bbox 1191 1344 1358 1389; x_wconf 85' lang='lat' dir='ltr'><strong>Rufrius</strong></span> <span class='ocrx_word' id='word_1_135' title='bbox 1389 1344 1630 1401; x_wconf 90' lang='lat' dir='ltr'><strong>Crispinus,</strong></span> <span class='ocrx_word' id='word_1_136' title='bbox 1666 1345 1709 1388; x_wconf 87' lang='lat' dir='ltr'><strong>C.</strong></span> <span class='ocrx_word' id='word_1_137' title='bbox 1740 1343 1964 1388; x_wconf 87' lang='lat' dir='ltr'><strong>Petronius</strong></span> 
     </span>
     <span class='ocr_line' id='line_1_16' title="bbox 178 1418 2015 1478; baseline -0.003 -12"><span class='ocrx_word' id='word_1_138' title='bbox 178 1421 397 1472; x_wconf 88' lang='lat' dir='ltr'><strong>cecidere,</strong></span> <span class='ocrx_word' id='word_1_139' title='bbox 430 1420 537 1465; x_wconf 86' lang='lat' dir='ltr'><strong>Mela</strong></span> <span class='ocrx_word' id='word_1_140' title='bbox 566 1427 608 1464; x_wconf 91' lang='lat' dir='ltr'><strong>et</strong></span> <span class='ocrx_word' id='word_1_141' title='bbox 638 1421 858 1478; x_wconf 90' lang='lat' dir='ltr'><strong>Crispinus</strong></span> <span class='ocrx_word' id='word_1_142' title='bbox 889 1420 1056 1478; x_wconf 90' lang='lat' dir='ltr'><strong>equites</strong></span> <span class='ocrx_word' id='word_1_143' title='bbox 1086 1420 1262 1463; x_wconf 90' lang='lat' dir='ltr'><strong>Romani</strong></span> <span class='ocrx_word' id='word_1_144' title='bbox 1291 1419 1493 1477; x_wconf 90' lang='lat' dir='ltr'><strong>dignitate</strong></span> <span class='ocrx_word' id='word_1_145' title='bbox 1524 1420 1748 1463; x_wconf 86' lang='lat' dir='ltr'><strong>senatoria.</strong></span> <span class='ocrx_word' id='word_1_146' title='bbox 1780 1433 1877 1462; x_wconf 92' lang='lat' dir='ltr'><strong>nam</strong></span> <span class='ocrx_word' id='word_1_147' title='bbox 1898 1418 2015 1462; x_wconf 66' lang='lat' dir='ltr'><strong>inicis</strong></span> 
     </span>
     <span class='ocr_line' id='line_1_17' title="bbox 178 1494 1964 1555; baseline -0.002 -16"><span class='ocrx_word' id='word_1_148' title='bbox 178 1496 394 1555; x_wconf 90' lang='lat' dir='ltr'><strong>quondam</strong></span> <span class='ocrx_word' id='word_1_149' title='bbox 427 1496 666 1554; x_wconf 81' lang='lat' dir='ltr'><strong>praefectus</strong></span> <span class='ocrx_word' id='word_1_150' title='bbox 697 1496 897 1553; x_wconf 89' lang='lat' dir='ltr'><strong>praetorii</strong></span> <span class='ocrx_word' id='word_1_151' title='bbox 929 1501 971 1539; x_wconf 91' lang='lat' dir='ltr'><strong>et</strong></span> <span class='ocrx_word' id='word_1_152' title='bbox 1000 1494 1296 1539; x_wconf 91' lang='lat' dir='ltr'><strong>consularibus</strong></span> <span class='ocrx_word' id='word_1_153' title='bbox 1326 1495 1563 1552; x_wconf 85' lang='lat' dir='ltr'><strong>insignibus</strong></span> <span class='ocrx_word' id='word_1_154' title='bbox 1594 1494 1775 1538; x_wconf 88' lang='lat' dir='ltr'><strong>donatus</strong></span> <span class='ocrx_word' id='word_1_155' title='bbox 1805 1508 1856 1538; x_wconf 91' lang='lat' dir='ltr'><strong>ac</strong></span> <span class='ocrx_word' id='word_1_156' title='bbox 1885 1508 1964 1537; x_wconf 93' lang='lat' dir='ltr'><strong>nu-</strong></span> 
     </span>
     <span class='ocr_line' id='line_1_18' title="bbox 178 1568 1964 1629; baseline -0.002 -14"><span class='ocrx_word' id='word_1_157' title='bbox 178 1586 257 1629; x_wconf 87' lang='lat' dir='ltr'><strong>per</strong></span> <span class='ocrx_word' id='word_1_158' title='bbox 299 1571 477 1614; x_wconf 90' lang='lat' dir='ltr'><strong>crimine</strong></span> <span class='ocrx_word' id='word_1_159' title='bbox 521 1571 823 1614; x_wconf 89' lang='lat' dir='ltr'><strong>coniurationis</strong></span> <span class='ocrx_word' id='word_1_160' title='bbox 861 1570 904 1613; x_wconf 90' lang='lat' dir='ltr'><strong>in</strong></span> <span class='ocrx_word' id='word_1_161' title='bbox 944 1570 1183 1614; x_wconf 89' lang='lat' dir='ltr'><strong>Sardiniam</strong></span> <span class='ocrx_word' id='word_1_162' title='bbox 1222 1576 1396 1614; x_wconf 87' lang='lat' dir='ltr'><strong>exactus</strong></span> <span class='ocrx_word' id='word_1_163' title='bbox 1435 1576 1613 1627; x_wconf 88' lang='lat' dir='ltr'><strong>accepto</strong></span> <span class='ocrx_word' id='word_1_164' title='bbox 1644 1570 1787 1613; x_wconf 89' lang='lat' dir='ltr'><strong>iussae</strong></span> <span class='ocrx_word' id='word_1_165' title='bbox 1816 1568 1964 1612; x_wconf 89' lang='lat' dir='ltr'><strong>mortis</strong></span> 
     </span>
     <span class='ocr_line' id='line_1_19' title="bbox 179 1644 1964 1703; baseline -0.002 -14"><span class='ocrx_word' id='word_1_166' title='bbox 179 1646 326 1690; x_wconf 89' lang='lat' dir='ltr'><strong>nuntio</strong></span> <span class='ocrx_word' id='word_1_167' title='bbox 362 1651 500 1690; x_wconf 91' lang='lat' dir='ltr'><strong>semet</strong></span> <span class='ocrx_word' id='word_1_168' title='bbox 538 1645 757 1689; x_wconf 84' lang='lat' dir='ltr'><strong>interfecit.</strong></span> <span class='ocrx_word' id='word_1_169' title='bbox 801 1645 908 1688; x_wconf 92' lang='lat' dir='ltr'><strong>Mela</strong></span> <span class='ocrx_word' id='word_1_170' title='bbox 938 1645 1094 1703; x_wconf 92' lang='lat' dir='ltr'><strong>quibus</strong></span> <span class='ocrx_word' id='word_1_171' title='bbox 1125 1644 1258 1688; x_wconf 91' lang='lat' dir='ltr'><strong>Gallio</strong></span> <span class='ocrx_word' id='word_1_172' title='bbox 1289 1651 1332 1689; x_wconf 92' lang='lat' dir='ltr'><strong>et</strong></span> <span class='ocrx_word' id='word_1_173' title='bbox 1362 1646 1527 1689; x_wconf 89' lang='lat' dir='ltr'><strong>Seneca</strong></span> <span class='ocrx_word' id='word_1_174' title='bbox 1564 1644 1811 1702; x_wconf 91' lang='lat' dir='ltr'><strong>parentibus</strong></span> <span class='ocrx_word' id='word_1_175' title='bbox 1841 1650 1964 1687; x_wconf 91' lang='lat' dir='ltr'><strong>natus</strong></span> 
     </span>
     <span class='ocr_line' id='line_1_20' title="bbox 177 1720 1964 1779; baseline -0.002 -14"><span class='ocrx_word' id='word_1_176' title='bbox 177 1721 380 1779; x_wconf 89' lang='lat' dir='ltr'><strong>petitione</strong></span> <span class='ocrx_word' id='word_1_177' title='bbox 420 1721 631 1764; x_wconf 91' lang='lat' dir='ltr'><strong>honorum</strong></span> <span class='ocrx_word' id='word_1_178' title='bbox 668 1720 930 1764; x_wconf 91' lang='lat' dir='ltr'><strong>abstinuerat</strong></span> <span class='ocrx_word' id='word_1_179' title='bbox 963 1734 1041 1778; x_wconf 89' lang='lat' dir='ltr'><strong>per</strong></span> <span class='ocrx_word' id='word_1_180' title='bbox 1070 1720 1344 1764; x_wconf 92' lang='lat' dir='ltr'><strong>ambitionem</strong></span> <span class='ocrx_word' id='word_1_181' title='bbox 1372 1726 1711 1778; x_wconf 87' lang='lat' dir='ltr'><strong>praeposteram,</strong></span> <span class='ocrx_word' id='word_1_182' title='bbox 1753 1725 1799 1763; x_wconf 92' lang='lat' dir='ltr'><strong>ut</strong></span> <span class='ocrx_word' id='word_1_183' title='bbox 1828 1733 1964 1777; x_wconf 89' lang='lat' dir='ltr'><strong>eques</strong></span> 
     </span>
     <span class='ocr_line' id='line_1_21' title="bbox 177 1795 2013 1854; baseline -0.001 -14"><span class='ocrx_word' id='word_1_184' title='bbox 177 1798 391 1840; x_wconf 88' lang='lat' dir='ltr'><strong>Romanus</strong></span> <span class='ocrx_word' id='word_1_185' title='bbox 421 1795 718 1839; x_wconf 87' lang='lat' dir='ltr'><strong>consularibus</strong></span> <span class='ocrx_word' id='word_1_186' title='bbox 748 1796 935 1853; x_wconf 89' lang='lat' dir='ltr'><strong>potentia</strong></span> <span class='ocrx_word' id='word_1_187' title='bbox 964 1802 1245 1854; x_wconf 89' lang='lat' dir='ltr'><strong>aequaretur;</strong></span> <span class='ocrx_word' id='word_1_188' title='bbox 1277 1795 1403 1839; x_wconf 91' lang='lat' dir='ltr'><strong>simul</strong></span> <span class='ocrx_word' id='word_1_189' title='bbox 1432 1795 1723 1854; x_wconf 90' lang='lat' dir='ltr'><strong>adquirendae</strong></span> <span class='ocrx_word' id='word_1_190' title='bbox 1754 1795 1963 1853; x_wconf 89' lang='lat' dir='ltr'><strong>pecuniae</strong></span> <span class='ocrx_word' id='word_1_191' title='bbox 1974 1807 2013 1838; x_wconf 77' lang='lat'><strong>20</strong></span> 
     </span>
     <span class='ocr_line' id='line_1_22' title="bbox 178 1870 1962 1929; baseline -0.002 -14"><span class='ocrx_word' id='word_1_192' title='bbox 178 1871 351 1916; x_wconf 89' lang='lat' dir='ltr'><strong>brevius</strong></span> <span class='ocrx_word' id='word_1_193' title='bbox 383 1871 461 1915; x_wconf 90' lang='lat' dir='ltr'><strong>iter</strong></span> <span class='ocrx_word' id='word_1_194' title='bbox 481 1870 686 1915; x_wconf 91' lang='lat' dir='ltr'><strong>credebat</strong></span> <span class='ocrx_word' id='word_1_195' title='bbox 709 1884 787 1928; x_wconf 92' lang='lat' dir='ltr'><strong>per</strong></span> <span class='ocrx_word' id='word_1_196' title='bbox 807 1871 1144 1928; x_wconf 89' lang='lat' dir='ltr'><strong>procurationes,</strong></span> <span class='ocrx_word' id='word_1_197' title='bbox 1177 1870 1521 1915; x_wconf 89' lang='lat' dir='ltr'><strong>administrandis</strong></span> <span class='ocrx_word' id='word_1_198' title='bbox 1547 1870 1749 1929; x_wconf 89' lang='lat' dir='ltr'><strong>principis</strong></span> <span class='ocrx_word' id='word_1_199' title='bbox 1770 1870 1962 1928; x_wconf 88' lang='lat' dir='ltr'><strong>negotiis.</strong></span> 
     </span>
    </p>
   </div>
   <div class='ocr_carea' id='block_1_3' title="bbox 176 1995 1962 2266">
    <p class='ocr_par' dir='ltr' id='par_1_4' title="bbox 176 1995 1962 2266">
     <span class='ocr_line' id='line_1_23' title="bbox 221 1995 1959 2038; baseline -0.002 -6"><span class='ocrx_word' id='word_1_200' title='bbox 221 1997 254 2032; x_wconf 77' lang='lat'><strong>4.</strong></span> <span class='ocrx_word' id='word_1_201' title='bbox 278 1998 401 2031; x_wconf 79' lang='lat' dir='ltr'><strong>tedium</strong></span> <span class='ocrx_word' id='word_1_202' title='bbox 423 1999 456 2032; x_wconf 94' lang='lat' dir='ltr'>M</span> <span class='ocrx_word' id='word_1_203' title='bbox 482 2015 516 2021; x_wconf 94' lang='lat'>—</span> <span class='ocrx_word' id='word_1_204' title='bbox 542 1998 575 2030; x_wconf 85' lang='lat'><strong>5.</strong></span> <span class='ocrx_word' id='word_1_205' title='bbox 601 2001 632 2030; x_wconf 85' lang='lat' dir='ltr'><strong>et</strong></span> <span class='ocrx_word' id='word_1_206' title='bbox 652 1998 806 2031; x_wconf 76' lang='lat' dir='ltr'><strong>continuo</strong></span> <span class='ocrx_word' id='word_1_207' title='bbox 829 1999 881 2038; x_wconf 88' lang='lat' dir='ltr'><strong>M;</strong></span> <span class='ocrx_word' id='word_1_208' title='bbox 907 2007 950 2031; x_wconf 78' lang='lat' dir='ltr'><strong>ex</strong></span> <span class='ocrx_word' id='word_1_209' title='bbox 971 1998 1125 2031; x_wconf 79' lang='lat' dir='ltr'><strong>continuo</strong></span> <span class='ocrx_word' id='word_1_210' title='bbox 1141 1998 1323 2032; x_wconf 91' lang='lat' dir='ltr'><strong>Wurmius</strong></span> <span class='ocrx_word' id='word_1_211' title='bbox 1348 1997 1426 2031; x_wconf 90' lang='lat' dir='ltr'><strong>coll.</strong></span> <span class='ocrx_word' id='word_1_212' title='bbox 1444 1997 1569 2031; x_wconf 91' lang='lat' dir='ltr'><strong>Handii</strong></span> <span class='ocrx_word' id='word_1_213' title='bbox 1592 1996 1737 2031; x_wconf 91' lang='lat' dir='ltr'><strong>Tursell.</strong></span> <span class='ocrx_word' id='word_1_214' title='bbox 1756 1998 1803 2037; x_wconf 93' lang='lat' dir='ltr'><strong>II,</strong></span> <span class='ocrx_word' id='word_1_215' title='bbox 1829 1995 1904 2029; x_wconf 77' lang='lat'><strong>654.</strong></span> <span class='ocrx_word' id='word_1_216' title='bbox 1922 2014 1959 2020; x_wconf 92' lang='lat'><em>-</em></span> 
     </span>
     <span class='ocr_line' id='line_1_24' title="bbox 177 2053 1959 2097; baseline -0.002 -10"><span class='ocrx_word' id='word_1_217' title='bbox 177 2056 208 2088; x_wconf 91' lang='lat'><strong>7.</strong></span> <span class='ocrx_word' id='word_1_218' title='bbox 233 2055 379 2088; x_wconf 82' lang='lat' dir='ltr'><strong>mestitia</strong></span> <span class='ocrx_word' id='word_1_219' title='bbox 400 2056 433 2088; x_wconf 88' lang='lat' dir='ltr'>M</span> <span class='ocrx_word' id='word_1_220' title='bbox 458 2072 493 2078; x_wconf 90' lang='lat'><em>-</em></span> <span class='ocrx_word' id='word_1_221' title='bbox 525 2055 556 2087; x_wconf 89' lang='lat'><strong>8.</strong></span> <span class='ocrx_word' id='word_1_222' title='bbox 582 2054 624 2086; x_wconf 87' lang='lat' dir='ltr'><strong>ab</strong></span> <span class='ocrx_word' id='word_1_223' title='bbox 645 2055 696 2087; x_wconf 81' lang='lat' dir='ltr'><strong>his</strong></span> <span class='ocrx_word' id='word_1_224' title='bbox 718 2055 751 2088; x_wconf 87' lang='lat' dir='ltr'>M</span> <span class='ocrx_word' id='word_1_225' title='bbox 777 2073 812 2079; x_wconf 89' lang='lat'>—</span> <span class='ocrx_word' id='word_1_226' title='bbox 846 2055 973 2087; x_wconf 82' lang='lat' dir='ltr'><strong>oderint</strong></span> <span class='ocrx_word' id='word_1_227' title='bbox 996 2055 1074 2089; x_wconf 93' lang='lat' dir='ltr'><strong>cod.</strong></span> <span class='ocrx_word' id='word_1_228' title='bbox 1101 2054 1296 2097; x_wconf 86' lang='lat' dir='ltr'><strong>Agricolae.</strong></span> <span class='ocrx_word' id='word_1_229' title='bbox 1321 2073 1356 2079; x_wconf 87' lang='lat'><strong>--</strong></span> <span class='ocrx_word' id='word_1_230' title='bbox 1384 2056 1437 2088; x_wconf 79' lang='grc'><strong>40.</strong></span> <span class='ocrx_word' id='word_1_231' title='bbox 1463 2053 1656 2095; x_wconf 69' lang='lat' dir='ltr'><strong>captivitate</strong></span> <span class='ocrx_word' id='word_1_232' title='bbox 1679 2055 1713 2087; x_wconf 90' lang='lat' dir='ltr'>M</span> <span class='ocrx_word' id='word_1_233' title='bbox 1738 2071 1771 2077; x_wconf 85' lang='lat'>-</span> <span class='ocrx_word' id='word_1_234' title='bbox 1800 2053 1884 2085; x_wconf 84' lang='lat' dir='ltr'><strong>edito</strong></span> <span class='ocrx_word' id='word_1_235' title='bbox 1909 2053 1959 2085; x_wconf 88' lang='lat' dir='ltr'><strong>M:</strong></span> 
     </span>
     <span class='ocr_line' id='line_1_25' title="bbox 176 2108 1961 2153; baseline -0.001 -10"><span class='ocrx_word' id='word_1_236' title='bbox 176 2111 299 2143; x_wconf 79' lang='lat' dir='ltr'><strong>editam</strong></span> <span class='ocrx_word' id='word_1_237' title='bbox 320 2110 387 2144; x_wconf 89' lang='lat' dir='ltr'><strong>alii.</strong></span> <span class='ocrx_word' id='word_1_238' title='bbox 413 2127 449 2134; x_wconf 89' lang='lat'>-</span> <span class='ocrx_word' id='word_1_239' title='bbox 483 2112 536 2144; x_wconf 76' lang='grc'><strong>42.</strong></span> <span class='ocrx_word' id='word_1_240' title='bbox 561 2108 753 2151; x_wconf 62' lang='lat' dir='ltr'><strong>submerum</strong></span> <span class='ocrx_word' id='word_1_241' title='bbox 776 2111 809 2144; x_wconf 87' lang='lat' dir='ltr'>M</span> <span class='ocrx_word' id='word_1_242' title='bbox 836 2129 871 2135; x_wconf 93' lang='lat'><em>-</em></span> <span class='ocrx_word' id='word_1_243' title='bbox 897 2111 952 2144; x_wconf 71' lang='lat'><strong>44.</strong></span> <span class='ocrx_word' id='word_1_244' title='bbox 977 2120 1103 2144; x_wconf 80' lang='lat' dir='ltr'><strong>anneus</strong></span> <span class='ocrx_word' id='word_1_245' title='bbox 1124 2113 1158 2145; x_wconf 90' lang='lat' dir='ltr'>M</span> <span class='ocrx_word' id='word_1_246' title='bbox 1185 2129 1221 2135; x_wconf 95' lang='lat'>—</span> <span class='ocrx_word' id='word_1_247' title='bbox 1247 2112 1382 2153; x_wconf 80' lang='lat' dir='ltr'><strong>Rufrius</strong></span> <span class='ocrx_word' id='word_1_248' title='bbox 1404 2110 1580 2144; x_wconf 87' lang='lat' dir='ltr'><strong>Halmius:</strong></span> <span class='ocrx_word' id='word_1_249' title='bbox 1611 2111 1708 2152; x_wconf 87' lang='lat' dir='ltr'><strong>rufus</strong></span> <span class='ocrx_word' id='word_1_250' title='bbox 1730 2111 1773 2143; x_wconf 93' lang='lat' dir='ltr'><strong>M.</strong></span> <span class='ocrx_word' id='word_1_251' title='bbox 1806 2109 1892 2141; x_wconf 89' lang='lat' dir='ltr'><strong>Vide</strong></span> <span class='ocrx_word' id='word_1_252' title='bbox 1917 2108 1961 2141; x_wconf 88' lang='lat' dir='ltr'><strong>ad</strong></span> 
     </span>
     <span class='ocr_line' id='line_1_26' title="bbox 177 2165 1962 2210; baseline -0.001 -11"><span class='ocrx_word' id='word_1_253' title='bbox 177 2176 212 2209; x_wconf 90' lang='lat' dir='ltr'><strong>p.</strong></span> <span class='ocrx_word' id='word_1_254' title='bbox 230 2167 305 2207; x_wconf 86' lang='lat'><strong>370,</strong></span> <span class='ocrx_word' id='word_1_255' title='bbox 322 2167 377 2199; x_wconf 72' lang='grc' dir='ltr'><strong>ΞΟ.</strong></span> <span class='ocrx_word' id='word_1_256' title='bbox 398 2185 433 2189; x_wconf 95' lang='grc'><strong>-</strong></span> <span class='ocrx_word' id='word_1_257' title='bbox 460 2167 495 2200; x_wconf 86' lang='lat' dir='ltr'><strong>C.</strong></span> <span class='ocrx_word' id='word_1_258' title='bbox 514 2166 737 2208; x_wconf 85' lang='lat' dir='ltr'><strong>Wesenberg</strong></span> <span class='ocrx_word' id='word_1_259' title='bbox 761 2167 969 2209; x_wconf 87' lang='lat' dir='ltr'><strong>(Emendatt.</strong></span> <span class='ocrx_word' id='word_1_260' title='bbox 990 2168 1060 2201; x_wconf 91' lang='lat' dir='ltr'><strong>Cic.</strong></span> <span class='ocrx_word' id='word_1_261' title='bbox 1078 2169 1180 2201; x_wconf 89' lang='lat' dir='ltr'><strong>Tusc.</strong></span> <span class='ocrx_word' id='word_1_262' title='bbox 1200 2168 1294 2210; x_wconf 92' lang='lat' dir='ltr'><strong>Disp.</strong></span> <span class='ocrx_word' id='word_1_263' title='bbox 1312 2169 1373 2208; x_wconf 89' lang='lat'><strong>111,</strong></span> <span class='ocrx_word' id='word_1_264' title='bbox 1400 2176 1433 2210; x_wconf 89' lang='lat' dir='ltr'><strong>p.</strong></span> <span class='ocrx_word' id='word_1_265' title='bbox 1454 2168 1494 2200; x_wconf 71' lang='lat'><strong>⁴9</strong></span> <span class='ocrx_word' id='word_1_266' title='bbox 1510 2169 1578 2208; x_wconf 91' lang='lat' dir='ltr'><strong>n.):</strong></span> <span class='ocrx_word' id='word_1_267' title='bbox 1604 2176 1645 2199; x_wconf 87' lang='lat' dir='ltr'><strong>ac</strong></span> <span class='ocrx_word' id='word_1_268' title='bbox 1668 2168 1719 2206; x_wconf 88' lang='lat' dir='ltr'><strong>M;</strong></span> <span class='ocrx_word' id='word_1_269' title='bbox 1744 2175 1786 2198; x_wconf 90' lang='lat' dir='ltr'><strong>ac</strong></span> <span class='ocrx_word' id='word_1_270' title='bbox 1808 2166 1843 2198; x_wconf 88' lang='lat' dir='ltr'><strong>C.</strong></span> <span class='ocrx_word' id='word_1_271' title='bbox 1869 2165 1962 2198; x_wconf 85' lang='lat' dir='ltr'><strong>Rhe-</strong></span> 
     </span>
     <span class='ocr_line' id='line_1_27' title="bbox 177 2220 1427 2266; baseline 0.002 -11"><span class='ocrx_word' id='word_1_272' title='bbox 177 2231 307 2262; x_wconf 85' lang='lat' dir='ltr'><strong>nanus;</strong></span> <span class='ocrx_word' id='word_1_273' title='bbox 332 2232 373 2255; x_wconf 84' lang='lat' dir='ltr'><strong>ac</strong></span> <span class='ocrx_word' id='word_1_274' title='bbox 398 2223 430 2255; x_wconf 89' lang='lat' dir='ltr'><strong>T.</strong></span> <span class='ocrx_word' id='word_1_275' title='bbox 455 2223 671 2266; x_wconf 84' lang='lat' dir='ltr'><strong>Nipperdey.</strong></span> <span class='ocrx_word' id='word_1_276' title='bbox 698 2241 734 2247; x_wconf 92' lang='lat'>—</span> <span class='ocrx_word' id='word_1_277' title='bbox 761 2223 813 2256; x_wconf 73' lang='lat'><strong>⁴9.</strong></span> <span class='ocrx_word' id='word_1_278' title='bbox 832 2220 994 2265; x_wconf 67' lang='lat' dir='ltr'><strong>petitione</strong></span> <span class='ocrx_word' id='word_1_279' title='bbox 1016 2226 1050 2258; x_wconf 91' lang='lat' dir='ltr'>M</span> <span class='ocrx_word' id='word_1_280' title='bbox 1075 2243 1111 2248; x_wconf 92' lang='lat'><strong>—-</strong></span> <span class='ocrx_word' id='word_1_281' title='bbox 1135 2228 1360 2266; x_wconf 84' lang='lat' dir='ltr'><strong>preposteram</strong></span> <span class='ocrx_word' id='word_1_282' title='bbox 1382 2225 1427 2259; x_wconf 87' lang='lat' dir='ltr'><strong>M.</strong></span> 
     </span>
    </p>
   </div>
   <div class='ocr_carea' id='block_1_4' title="bbox 174 2320 1960 2435">
    <p class='ocr_par' dir='ltr' id='par_1_5' title="bbox 174 2320 1960 2435">
     <span class='ocr_line' id='line_1_28' title="bbox 176 2320 1960 2386; baseline 0 -13"><span class='ocrx_word' id='word_1_283' title='bbox 176 2341 242 2374; x_wconf 87' lang='lat' dir='ltr'><strong>tale</strong></span> <span class='ocrx_word' id='word_1_284' title='bbox 268 2341 413 2374; x_wconf 80' lang='lat' dir='ltr'><strong>taedium</strong></span> <span class='ocrx_word' id='word_1_285' title='bbox 442 2345 611 2382; x_wconf 79' lang='lat' dir='ltr'><strong>exspecto;</strong></span> <span class='ocrx_word' id='word_1_286' title='bbox 641 2351 722 2374; x_wconf 79' lang='lat' dir='ltr'><strong>nam</strong></span> <span class='ocrx_word' id='word_1_287' title='bbox 748 2342 1045 2383; x_wconf 78' lang='lat' dir='ltr'><strong>patientia--re-</strong></span> <span class='ocrx_word' id='word_1_288' title='bbox 1093 2342 1282 2386; x_wconf 80' lang='lat' dir='ltr'><strong>sepultura]</strong></span> <span class='ocrx_word' id='word_1_289' title='bbox 1317 2342 1429 2385; x_wconf 85' lang='lat' dir='ltr'><strong>qualis</strong></span> <span class='ocrx_word' id='word_1_290' title='bbox 1463 2320 1560 2376; x_wconf 62' lang='lat' dir='ltr'><strong>esse&gt;</strong></span> <span class='ocrx_word' id='word_1_291' title='bbox 1578 2341 1668 2376; x_wconf 86' lang='lat' dir='ltr'><strong>solet</strong></span> <span class='ocrx_word' id='word_1_292' title='bbox 1702 2342 1884 2375; x_wconf 89' lang='lat' dir='ltr'><strong>hominum</strong></span> <span class='ocrx_word' id='word_1_293' title='bbox 1915 2340 1960 2374; x_wconf 87' lang='lat' dir='ltr'><strong>de</strong></span> 
     </span>
     <span class='ocr_line' id='line_1_29' title="bbox 174 2392 1212 2435; baseline 0.002 -11"><span class='ocrx_word' id='word_1_294' title='bbox 174 2392 375 2433; x_wconf 63' lang='lat' dir='ltr'><strong>stringunt».</strong></span> <span class='ocrx_word' id='word_1_295' title='bbox 399 2392 507 2424; x_wconf 71' lang='lat' dir='ltr'><strong>Donn.</strong></span> <span class='ocrx_word' id='word_1_296' title='bbox 534 2393 678 2434; x_wconf 85' lang='lat' dir='ltr'><strong>Proprie</strong></span> <span class='ocrx_word' id='word_1_297' title='bbox 694 2394 814 2425; x_wconf 88' lang='lat' dir='ltr'><strong>tamen</strong></span> <span class='ocrx_word' id='word_1_298' title='bbox 829 2393 919 2426; x_wconf 90' lang='lat' dir='ltr'><strong>haec</strong></span> <span class='ocrx_word' id='word_1_299' title='bbox 937 2392 1045 2426; x_wconf 88' lang='lat' dir='ltr'><strong>verba</strong></span> <span class='ocrx_word' id='word_1_300' title='bbox 1094 2392 1212 2435; x_wconf 89' lang='lat' dir='ltr'><strong>plebe.</strong></span> 
     </span>
    </p>
   </div>
   <div class='ocr_carea' id='block_1_5' title="bbox 174 2440 1046 3428">
    <p class='ocr_par' dir='ltr' id='par_1_6' title="bbox 174 2440 1046 3428">
     <span class='ocr_line' id='line_1_30' title="bbox 176 2440 1046 2482; baseline 0.002 -9"><span class='ocrx_word' id='word_1_301' title='bbox 176 2441 220 2474; x_wconf 91' lang='lat' dir='ltr'><strong>ad</strong></span> <span class='ocrx_word' id='word_1_302' title='bbox 250 2440 358 2474; x_wconf 89' lang='lat' dir='ltr'><strong>solius</strong></span> <span class='ocrx_word' id='word_1_303' title='bbox 381 2442 487 2473; x_wconf 86' lang='lat' dir='ltr'><strong>Taciti</strong></span> <span class='ocrx_word' id='word_1_304' title='bbox 511 2443 724 2475; x_wconf 89' lang='lat' dir='ltr'><strong>maestitiam</strong></span> <span class='ocrx_word' id='word_1_305' title='bbox 746 2442 957 2482; x_wconf 83' lang='lat' dir='ltr'><strong>referuntur,</strong></span> <span class='ocrx_word' id='word_1_306' title='bbox 983 2451 1046 2475; x_wconf 86' lang='lat' dir='ltr'><strong>ex-</strong></span> 
     </span>
     <span class='ocr_line' id='line_1_31' title="bbox 176 2491 1046 2534; baseline 0.002 -11"><span class='ocrx_word' id='word_1_307' title='bbox 176 2492 380 2533; x_wconf 88' lang='lat' dir='ltr'><strong>spectantis,</strong></span> <span class='ocrx_word' id='word_1_308' title='bbox 400 2491 703 2532; x_wconf 89' lang='lat' dir='ltr'><strong>quemadmodum</strong></span> <span class='ocrx_word' id='word_1_309' title='bbox 720 2501 785 2534; x_wconf 88' lang='lat' dir='ltr'><strong>par</strong></span> <span class='ocrx_word' id='word_1_310' title='bbox 801 2494 888 2531; x_wconf 88' lang='lat' dir='ltr'><strong>erat,</strong></span> <span class='ocrx_word' id='word_1_311' title='bbox 909 2494 945 2524; x_wconf 91' lang='lat' dir='ltr'><strong>ut</strong></span> <span class='ocrx_word' id='word_1_312' title='bbox 957 2501 1046 2525; x_wconf 93' lang='lat' dir='ltr'><strong>eun-</strong></span> 
     </span>
     <span class='ocr_line' id='line_1_32' title="bbox 177 2541 1041 2575; baseline 0 0"><span class='ocrx_word' id='word_1_313' title='bbox 177 2541 260 2575; x_wconf 90' lang='lat' dir='ltr'><strong>dem</strong></span> <span class='ocrx_word' id='word_1_314' title='bbox 295 2541 460 2574; x_wconf 81' lang='lat' dir='ltr'><strong>affectum</strong></span> <span class='ocrx_word' id='word_1_315' title='bbox 495 2543 635 2574; x_wconf 88' lang='lat' dir='ltr'><strong>sensuri</strong></span> <span class='ocrx_word' id='word_1_316' title='bbox 666 2542 781 2575; x_wconf 86' lang='lat' dir='ltr'><strong>forent</strong></span> <span class='ocrx_word' id='word_1_317' title='bbox 809 2542 970 2575; x_wconf 89' lang='lat' dir='ltr'><strong>lectores.</strong></span> <span class='ocrx_word' id='word_1_318' title='bbox 1006 2560 1041 2566; x_wconf 95' lang='lat'>—</span> 
     </span>
     <span class='ocr_line' id='line_1_33' title="bbox 176 2591 1046 2633; baseline 0 -8"><span class='ocrx_word' id='word_1_319' title='bbox 176 2591 402 2633; x_wconf 82' lang='lat' dir='ltr'><strong>defensionem]</strong></span> <span class='ocrx_word' id='word_1_320' title='bbox 435 2604 450 2619; x_wconf 79' lang='grc' dir='ltr'><strong>ιι</strong></span> <span class='ocrx_word' id='word_1_321' title='bbox 461 2592 743 2632; x_wconf 87' lang='lat' dir='ltr'><strong>excusationem,</strong></span> <span class='ocrx_word' id='word_1_322' title='bbox 777 2601 840 2624; x_wconf 92' lang='lat' dir='ltr'><strong>cur</strong></span> <span class='ocrx_word' id='word_1_323' title='bbox 863 2593 1046 2633; x_wconf 81' lang='lat' dir='ltr'><strong>patientiae</strong></span> 
     </span>
     <span class='ocr_line' id='line_1_34' title="bbox 175 2640 1045 2675; baseline 0.001 -1"><span class='ocrx_word' id='word_1_324' title='bbox 175 2641 265 2674; x_wconf 89' lang='lat' dir='ltr'><strong>illius</strong></span> <span class='ocrx_word' id='word_1_325' title='bbox 298 2641 426 2673; x_wconf 79' lang='lat' dir='ltr'><strong>servilis</strong></span> <span class='ocrx_word' id='word_1_326' title='bbox 458 2640 591 2673; x_wconf 90' lang='lat' dir='ltr'><strong>similes</strong></span> <span class='ocrx_word' id='word_1_327' title='bbox 623 2641 697 2674; x_wconf 81' lang='lat' dir='ltr'><strong>sere</strong></span> <span class='ocrx_word' id='word_1_328' title='bbox 730 2643 843 2675; x_wconf 84' lang='lat' dir='ltr'><strong>exitus</strong></span> <span class='ocrx_word' id='word_1_329' title='bbox 874 2644 946 2674; x_wconf 90' lang='lat' dir='ltr'><strong>tam</strong></span> <span class='ocrx_word' id='word_1_330' title='bbox 970 2642 1045 2675; x_wconf 80' lang='lat' dir='ltr'><strong>fuse</strong></span> 
     </span>
     <span class='ocr_line' id='line_1_35' title="bbox 175 2690 1044 2734; baseline 0.001 -11"><span class='ocrx_word' id='word_1_331' title='bbox 175 2690 315 2732; x_wconf 89' lang='lat' dir='ltr'><strong>lateque</strong></span> <span class='ocrx_word' id='word_1_332' title='bbox 340 2691 568 2723; x_wconf 82' lang='lat' dir='ltr'><strong>enarrarim».</strong></span> <span class='ocrx_word' id='word_1_333' title='bbox 591 2708 624 2713; x_wconf 83' lang='lat'><em>—</em></span> <span class='ocrx_word' id='word_1_334' title='bbox 648 2699 748 2731; x_wconf 83' lang='lat' dir='ltr'><strong>quam</strong></span> <span class='ocrx_word' id='word_1_335' title='bbox 765 2700 806 2724; x_wconf 83' lang='lat' dir='ltr'><strong>ne</strong></span> <span class='ocrx_word' id='word_1_336' title='bbox 821 2692 946 2724; x_wconf 79' lang='lat' dir='ltr'><strong>oderim</strong></span> <span class='ocrx_word' id='word_1_337' title='bbox 962 2692 1044 2734; x_wconf 91' lang='lat' dir='ltr'><strong>cet.]</strong></span> 
     </span>
     <span class='ocr_line' id='line_1_36' title="bbox 178 2739 1044 2782; baseline 0.003 -11"><span class='ocrx_word' id='word_1_338' title='bbox 178 2749 306 2782; x_wconf 79' lang='lat' dir='ltr'><strong>«quam</strong></span> <span class='ocrx_word' id='word_1_339' title='bbox 336 2742 375 2772; x_wconf 93' lang='lat' dir='ltr'><strong>ut</strong></span> <span class='ocrx_word' id='word_1_340' title='bbox 405 2739 602 2772; x_wconf 86' lang='lat' dir='ltr'><strong>concedant</strong></span> <span class='ocrx_word' id='word_1_341' title='bbox 631 2741 716 2773; x_wconf 90' lang='lat' dir='ltr'><strong>mihi</strong></span> <span class='ocrx_word' id='word_1_342' title='bbox 746 2742 785 2773; x_wconf 94' lang='lat' dir='ltr'><strong>ut</strong></span> <span class='ocrx_word' id='word_1_343' title='bbox 814 2750 884 2774; x_wconf 90' lang='lat' dir='ltr'><strong>non</strong></span> <span class='ocrx_word' id='word_1_344' title='bbox 908 2741 1044 2774; x_wconf 88' lang='lat' dir='ltr'><strong>oderim</strong></span> 
     </span>
     <span class='ocr_line' id='line_1_37' title="bbox 175 2790 1045 2832; baseline 0.002 -10"><span class='ocrx_word' id='word_1_345' title='bbox 175 2792 246 2823; x_wconf 89' lang='lat' dir='ltr'><strong>tam</strong></span> <span class='ocrx_word' id='word_1_346' title='bbox 264 2790 418 2831; x_wconf 85' lang='lat' dir='ltr'><strong>segniter</strong></span> <span class='ocrx_word' id='word_1_347' title='bbox 430 2791 654 2832; x_wconf 70' lang='lat' dir='ltr'><strong>pereuntes».</strong></span> <span class='ocrx_word' id='word_1_348' title='bbox 680 2790 819 2824; x_wconf 91' lang='lat' dir='ltr'><strong>Odisset</strong></span> <span class='ocrx_word' id='word_1_349' title='bbox 833 2792 952 2824; x_wconf 86' lang='lat' dir='ltr'><strong>autem</strong></span> <span class='ocrx_word' id='word_1_350' title='bbox 969 2790 1045 2824; x_wconf 91' lang='lat' dir='ltr'><strong>illos</strong></span> 
     </span>
     <span class='ocr_line' id='line_1_38' title="bbox 174 2839 1044 2879; baseline 0.003 -8"><span class='ocrx_word' id='word_1_351' title='bbox 174 2840 281 2879; x_wconf 87' lang='lat' dir='ltr'><strong>viros,</strong></span> <span class='ocrx_word' id='word_1_352' title='bbox 293 2839 322 2872; x_wconf 91' lang='lat' dir='ltr'><strong>si</strong></span> <span class='ocrx_word' id='word_1_353' title='bbox 336 2841 513 2872; x_wconf 89' lang='lat' dir='ltr'><strong>extremas</strong></span> <span class='ocrx_word' id='word_1_354' title='bbox 526 2848 649 2872; x_wconf 89' lang='lat' dir='ltr'><strong>eorum</strong></span> <span class='ocrx_word' id='word_1_355' title='bbox 664 2841 893 2873; x_wconf 87' lang='lat' dir='ltr'><strong>necessitates</strong></span> <span class='ocrx_word' id='word_1_356' title='bbox 907 2840 1044 2874; x_wconf 90' lang='lat' dir='ltr'><strong>silentio</strong></span> 
     </span>
     <span class='ocr_line' id='line_1_39' title="bbox 174 2890 1040 2932; baseline 0.002 -10"><span class='ocrx_word' id='word_1_357' title='bbox 174 2890 394 2932; x_wconf 88' lang='lat' dir='ltr'><strong>praeteriret.</strong></span> <span class='ocrx_word' id='word_1_358' title='bbox 426 2890 552 2922; x_wconf 87' lang='lat' dir='ltr'><strong>Nestor</strong></span> <span class='ocrx_word' id='word_1_359' title='bbox 582 2890 678 2931; x_wconf 88' lang='lat' dir='ltr'><strong>apud</strong></span> <span class='ocrx_word' id='word_1_360' title='bbox 709 2890 869 2923; x_wconf 90' lang='lat' dir='ltr'><strong>Ovidium</strong></span> <span class='ocrx_word' id='word_1_361' title='bbox 901 2892 1040 2925; x_wconf 88' lang='lat' dir='ltr'><strong>Metam.</strong></span> 
     </span>
     <span class='ocr_line' id='line_1_40' title="bbox 176 2939 1046 2982; baseline 0.001 -10"><span class='ocrx_word' id='word_1_362' title='bbox 176 2940 229 2978; x_wconf 76' lang='lat'><strong>⁴2,</strong></span> <span class='ocrx_word' id='word_1_363' title='bbox 248 2939 330 2971; x_wconf 75' lang='lat'><strong>575:</strong></span> <span class='ocrx_word' id='word_1_364' title='bbox 355 2939 405 2971; x_wconf 89' lang='lat' dir='ltr'><strong>Ne</strong></span> <span class='ocrx_word' id='word_1_365' title='bbox 427 2942 537 2971; x_wconf 80' lang='lat' dir='ltr'><strong>tamen</strong></span> <span class='ocrx_word' id='word_1_366' title='bbox 558 2939 697 2973; x_wconf 79' lang='lat' dir='ltr'><strong>ulterius</strong></span> <span class='ocrx_word' id='word_1_367' title='bbox 712 2948 814 2982; x_wconf 85' lang='lat' dir='ltr'><strong>quam</strong></span> <span class='ocrx_word' id='word_1_368' title='bbox 832 2940 937 2982; x_wconf 84' lang='lat' dir='ltr'><strong>fortia</strong></span> <span class='ocrx_word' id='word_1_369' title='bbox 952 2941 1046 2982; x_wconf 85' lang='lat' dir='ltr'><strong>facta</strong></span> 
     </span>
     <span class='ocr_line' id='line_1_41' title="bbox 175 2988 1043 3032; baseline 0.002 -11"><span class='ocrx_word' id='word_1_370' title='bbox 175 2989 297 3021; x_wconf 78' lang='lat' dir='ltr'><strong>silendo</strong></span> <span class='ocrx_word' id='word_1_371' title='bbox 317 2988 463 3020; x_wconf 86' lang='lat' dir='ltr'><strong>Ulciscar</strong></span> <span class='ocrx_word' id='word_1_372' title='bbox 482 2988 617 3028; x_wconf 81' lang='lat' dir='ltr'><strong>fratres.</strong></span> <span class='ocrx_word' id='word_1_373' title='bbox 639 3005 673 3012; x_wconf 93' lang='lat'><strong>——</strong></span> <span class='ocrx_word' id='word_1_374' title='bbox 693 2990 886 3030; x_wconf 78' lang='lat' dir='ltr'><strong>captivitate</strong></span> <span class='ocrx_word' id='word_1_375' title='bbox 900 2990 1043 3032; x_wconf 83' lang='lat' dir='ltr'><strong>urbium]</strong></span> 
     </span>
     <span class='ocr_line' id='line_1_42' title="bbox 175 3037 1042 3079; baseline 0 -7"><span class='ocrx_word' id='word_1_376' title='bbox 175 3037 340 3073; x_wconf 84' lang='lat' dir='ltr'><strong>Similiter</strong></span> <span class='ocrx_word' id='word_1_377' title='bbox 363 3038 449 3070; x_wconf 86' lang='lat' dir='ltr'><strong>Hist.</strong></span> <span class='ocrx_word' id='word_1_378' title='bbox 477 3038 507 3077; x_wconf 88' lang='lat'><strong>3,</strong></span> <span class='ocrx_word' id='word_1_379' title='bbox 533 3039 575 3070; x_wconf 88' lang='lat'><strong>70</strong></span> <span class='ocrx_word' id='word_1_380' title='bbox 598 3039 844 3079; x_wconf 77' lang='lat' dir='ltr'><strong>captivitatibus</strong></span> <span class='ocrx_word' id='word_1_381' title='bbox 864 3040 997 3072; x_wconf 79' lang='lat' dir='ltr'><strong>urbium</strong></span> <span class='ocrx_word' id='word_1_382' title='bbox 1020 3041 1042 3072; x_wconf 93' lang='lat' dir='ltr'><strong>i.</strong></span> 
     </span>
     <span class='ocr_line' id='line_1_43' title="bbox 177 3087 1045 3131; baseline 0.002 -11"><span class='ocrx_word' id='word_1_383' title='bbox 177 3098 211 3130; x_wconf 89' lang='lat' dir='ltr'><strong>q.</strong></span> <span class='ocrx_word' id='word_1_384' title='bbox 239 3087 566 3129; x_wconf 86' lang='lat' dir='ltr'><strong>expugnationibus.</strong></span> <span class='ocrx_word' id='word_1_385' title='bbox 594 3105 629 3110; x_wconf 88' lang='lat'><strong>-—</strong></span> <span class='ocrx_word' id='word_1_386' title='bbox 655 3089 753 3121; x_wconf 82' lang='lat' dir='ltr'><strong>semet</strong></span> <span class='ocrx_word' id='word_1_387' title='bbox 780 3088 883 3130; x_wconf 77' lang='lat' dir='ltr'><strong>edito]</strong></span> <span class='ocrx_word' id='word_1_388' title='bbox 921 3091 1045 3131; x_wconf 80' lang='lat' dir='ltr'><strong>«post-</strong></span> 
     </span>
     <span class='ocr_line' id='line_1_44' title="bbox 176 3136 1045 3180; baseline 0.002 -10"><span class='ocrx_word' id='word_1_389' title='bbox 176 3147 283 3180; x_wconf 90' lang='lat' dir='ltr'><strong>quam</strong></span> <span class='ocrx_word' id='word_1_390' title='bbox 306 3136 418 3170; x_wconf 87' lang='lat' dir='ltr'><strong>semel</strong></span> <span class='ocrx_word' id='word_1_391' title='bbox 442 3137 486 3170; x_wconf 94' lang='lat' dir='ltr'><strong>de</strong></span> <span class='ocrx_word' id='word_1_392' title='bbox 511 3146 552 3170; x_wconf 89' lang='lat' dir='ltr'><strong>ea</strong></span> <span class='ocrx_word' id='word_1_393' title='bbox 576 3147 615 3170; x_wconf 91' lang='lat' dir='ltr'><strong>re</strong></span> <span class='ocrx_word' id='word_1_394' title='bbox 638 3138 834 3180; x_wconf 89' lang='lat' dir='ltr'><strong>proditum,</strong></span> <span class='ocrx_word' id='word_1_395' title='bbox 864 3141 1045 3172; x_wconf 89' lang='lat' dir='ltr'><strong>narratum</strong></span> 
     </span>
     <span class='ocr_line' id='line_1_45' title="bbox 177 3187 1046 3230; baseline 0.001 -10"><span class='ocrx_word' id='word_1_396' title='bbox 177 3189 264 3221; x_wconf 73' lang='lat' dir='ltr'><strong>est».</strong></span> <span class='ocrx_word' id='word_1_397' title='bbox 290 3187 351 3219; x_wconf 90' lang='lat' dir='ltr'><strong>Est</strong></span> <span class='ocrx_word' id='word_1_398' title='bbox 367 3195 450 3228; x_wconf 87' lang='lat' dir='ltr'><strong>ergo</strong></span> <span class='ocrx_word' id='word_1_399' title='bbox 470 3187 691 3229; x_wconf 86' lang='lat' dir='ltr'><strong>participium</strong></span> <span class='ocrx_word' id='word_1_400' title='bbox 708 3187 792 3220; x_wconf 92' lang='lat' dir='ltr'><strong>illud</strong></span> <span class='ocrx_word' id='word_1_401' title='bbox 808 3187 967 3221; x_wconf 89' lang='lat' dir='ltr'><strong>absolute</strong></span> <span class='ocrx_word' id='word_1_402' title='bbox 985 3198 1046 3230; x_wconf 92' lang='lat' dir='ltr'><strong>po-</strong></span> 
     </span>
     <span class='ocr_line' id='line_1_46' title="bbox 176 3236 1045 3279; baseline 0.002 -9"><span class='ocrx_word' id='word_1_403' title='bbox 176 3238 282 3271; x_wconf 91' lang='lat' dir='ltr'><strong>situm</strong></span> <span class='ocrx_word' id='word_1_404' title='bbox 303 3237 434 3269; x_wconf 93' lang='lat' dir='ltr'><strong>omisso</strong></span> <span class='ocrx_word' id='word_1_405' title='bbox 452 3236 672 3270; x_wconf 88' lang='lat' dir='ltr'><strong>substantivo</strong></span> <span class='ocrx_word' id='word_1_406' title='bbox 689 3238 861 3279; x_wconf 89' lang='lat' dir='ltr'><strong>imprimis</strong></span> <span class='ocrx_word' id='word_1_407' title='bbox 878 3238 1045 3279; x_wconf 86' lang='lat' dir='ltr'><strong>frequens</strong></span> 
     </span>
     <span class='ocr_line' id='line_1_47' title="bbox 177 3286 1046 3329; baseline 0.002 -10"><span class='ocrx_word' id='word_1_408' title='bbox 177 3287 272 3329; x_wconf 89' lang='lat' dir='ltr'><strong>apud</strong></span> <span class='ocrx_word' id='word_1_409' title='bbox 292 3287 460 3319; x_wconf 90' lang='lat' dir='ltr'><strong>Tacitum.</strong></span> <span class='ocrx_word' id='word_1_410' title='bbox 487 3286 538 3319; x_wconf 85' lang='lat' dir='ltr'><strong>Cf.</strong></span> <span class='ocrx_word' id='word_1_411' title='bbox 559 3288 589 3326; x_wconf 76' lang='lat' dir='ltr'><strong>t,</strong></span> <span class='ocrx_word' id='word_1_412' title='bbox 607 3287 667 3319; x_wconf 84' lang='lat'><strong>46:</strong></span> <span class='ocrx_word' id='word_1_413' title='bbox 693 3288 834 3329; x_wconf 82' lang='lat' dir='ltr'><strong>co9nito.</strong></span> <span class='ocrx_word' id='word_1_414' title='bbox 862 3289 893 3327; x_wconf 75' lang='lat' dir='ltr'><strong>i,</strong></span> <span class='ocrx_word' id='word_1_415' title='bbox 910 3287 971 3320; x_wconf 71' lang='lat'><strong>49:</strong></span> <span class='ocrx_word' id='word_1_416' title='bbox 996 3289 1046 3321; x_wconf 78' lang='lat' dir='ltr'><strong>in-</strong></span> 
     </span>
     <span class='ocr_line' id='line_1_48' title="bbox 177 3336 1043 3381; baseline 0.002 -12"><span class='ocrx_word' id='word_1_417' title='bbox 177 3337 311 3370; x_wconf 81' lang='lat' dir='ltr'><strong>tellecto.</strong></span> <span class='ocrx_word' id='word_1_418' title='bbox 343 3337 385 3370; x_wconf 84' lang='lat' dir='ltr'><strong>H.</strong></span> <span class='ocrx_word' id='word_1_419' title='bbox 410 3337 443 3369; x_wconf 76' lang='lat'><strong>2.</strong></span> <span class='ocrx_word' id='word_1_420' title='bbox 470 3336 530 3369; x_wconf 75' lang='lat'><strong>64:</strong></span> <span class='ocrx_word' id='word_1_421' title='bbox 555 3337 709 3369; x_wconf 80' lang='lat' dir='ltr'><strong>nuntiato</strong></span> <span class='ocrx_word' id='word_1_422' title='bbox 732 3338 799 3370; x_wconf 90' lang='lat' dir='ltr'><strong>cet.</strong></span> <span class='ocrx_word' id='word_1_423' title='bbox 826 3354 861 3360; x_wconf 94' lang='lat'>—</span> <span class='ocrx_word' id='word_1_424' title='bbox 888 3338 1043 3381; x_wconf 81' lang='lat' dir='ltr'><strong>transire]</strong></span> 
     </span>
     <span class='ocr_line' id='line_1_49' title="bbox 178 3385 1046 3428; baseline 0.002 -9"><span class='ocrx_word' id='word_1_425' title='bbox 178 3395 359 3428; x_wconf 87' lang='lat' dir='ltr'><strong>nunquam</strong></span> <span class='ocrx_word' id='word_1_426' title='bbox 382 3385 427 3419; x_wconf 88' lang='lat' dir='ltr'><strong>ad</strong></span> <span class='ocrx_word' id='word_1_427' title='bbox 444 3394 524 3419; x_wconf 88' lang='lat' dir='ltr'><strong>eam</strong></span> <span class='ocrx_word' id='word_1_428' title='bbox 539 3395 617 3420; x_wconf 86' lang='lat' dir='ltr'><strong>rem</strong></span> <span class='ocrx_word' id='word_1_429' title='bbox 631 3387 774 3420; x_wconf 88' lang='lat' dir='ltr'><strong>reverti.</strong></span> <span class='ocrx_word' id='word_1_430' title='bbox 794 3404 830 3410; x_wconf 99' lang='lat'><strong>—</strong></span> <span class='ocrx_word' id='word_1_431' title='bbox 852 3388 1046 3428; x_wconf 81' lang='lat' dir='ltr'><strong>promiscua</strong></span> 
     </span>
    </p>
   </div>
   <div class='ocr_carea' id='block_1_6' title="bbox 1093 2440 1962 3432">
    <p class='ocr_par' dir='ltr' id='par_1_7' title="bbox 1093 2440 1962 3432">
     <span class='ocr_line' id='line_1_50' title="bbox 1139 2440 1959 2484; baseline -0.002 -9"><span class='ocrx_word' id='word_1_432' title='bbox 1139 2444 1191 2475; x_wconf 77' lang='grc'><strong>47.</strong></span> <span class='ocrx_word' id='word_1_433' title='bbox 1217 2443 1327 2475; x_wconf 84' lang='lat' dir='ltr'><strong>eodem</strong></span> <span class='ocrx_word' id='word_1_434' title='bbox 1349 2442 1497 2484; x_wconf 65' lang='lat' dir='ltr'><strong>agmine]</strong></span> <span class='ocrx_word' id='word_1_435' title='bbox 1529 2441 1640 2475; x_wconf 89' lang='lat' dir='ltr'><strong>Nolim</strong></span> <span class='ocrx_word' id='word_1_436' title='bbox 1665 2440 1840 2484; x_wconf 85' lang='lat' dir='ltr'><strong>explicare</strong></span> <span class='ocrx_word' id='word_1_437' title='bbox 1865 2450 1959 2473; x_wconf 88' lang='lat' dir='ltr'><strong>«una</strong></span> 
     </span>
     <span class='ocr_line' id='line_1_51' title="bbox 1095 2492 1962 2534; baseline -0.003 -8"><span class='ocrx_word' id='word_1_438' title='bbox 1095 2493 1227 2526; x_wconf 90' lang='lat' dir='ltr'><strong>inducti</strong></span> <span class='ocrx_word' id='word_1_439' title='bbox 1257 2494 1294 2526; x_wconf 90' lang='lat' dir='ltr'><strong>in</strong></span> <span class='ocrx_word' id='word_1_440' title='bbox 1324 2495 1528 2532; x_wconf 81' lang='lat' dir='ltr'><strong>senatum»,</strong></span> <span class='ocrx_word' id='word_1_441' title='bbox 1559 2493 1595 2525; x_wconf 90' lang='lat' dir='ltr'><strong>id</strong></span> <span class='ocrx_word' id='word_1_442' title='bbox 1618 2492 1714 2534; x_wconf 90' lang='lat' dir='ltr'><strong>quod</strong></span> <span class='ocrx_word' id='word_1_443' title='bbox 1737 2493 1772 2524; x_wconf 92' lang='lat' dir='ltr'><strong>in</strong></span> <span class='ocrx_word' id='word_1_444' title='bbox 1796 2493 1962 2533; x_wconf 87' lang='lat' dir='ltr'><strong>quattuor</strong></span> 
     </span>
     <span class='ocr_line' id='line_1_52' title="bbox 1095 2541 1961 2584; baseline -0.002 -8"><span class='ocrx_word' id='word_1_445' title='bbox 1095 2544 1230 2576; x_wconf 88' lang='lat' dir='ltr'><strong>caussis</strong></span> <span class='ocrx_word' id='word_1_446' title='bbox 1259 2545 1332 2576; x_wconf 86' lang='lat' dir='ltr'><strong>tam</strong></span> <span class='ocrx_word' id='word_1_447' title='bbox 1357 2544 1505 2576; x_wconf 89' lang='lat' dir='ltr'><strong>diversis</strong></span> <span class='ocrx_word' id='word_1_448' title='bbox 1528 2543 1604 2575; x_wconf 85' lang='lat' dir='ltr'><strong>fieri</strong></span> <span class='ocrx_word' id='word_1_449' title='bbox 1626 2543 1681 2575; x_wconf 88' lang='lat' dir='ltr'><strong>vix</strong></span> <span class='ocrx_word' id='word_1_450' title='bbox 1710 2543 1864 2584; x_wconf 88' lang='lat' dir='ltr'><strong>poterat:</strong></span> <span class='ocrx_word' id='word_1_451' title='bbox 1897 2541 1961 2575; x_wconf 91' lang='lat' dir='ltr'><strong>sed</strong></span> 
     </span>
     <span class='ocr_line' id='line_1_53' title="bbox 1097 2592 1962 2635; baseline -0.003 -9"><span class='ocrx_word' id='word_1_452' title='bbox 1097 2594 1234 2626; x_wconf 67' lang='lat' dir='ltr'><strong>«statim</strong></span> <span class='ocrx_word' id='word_1_453' title='bbox 1259 2602 1348 2626; x_wconf 91' lang='lat' dir='ltr'><strong>unus</strong></span> <span class='ocrx_word' id='word_1_454' title='bbox 1372 2595 1452 2635; x_wconf 92' lang='lat' dir='ltr'><strong>post</strong></span> <span class='ocrx_word' id='word_1_455' title='bbox 1473 2592 1656 2632; x_wconf 79' lang='lat' dir='ltr'><strong>alterum»,</strong></span> <span class='ocrx_word' id='word_1_456' title='bbox 1686 2601 1769 2633; x_wconf 85' lang='lat' dir='ltr'><strong>coup</strong></span> <span class='ocrx_word' id='word_1_457' title='bbox 1800 2601 1858 2623; x_wconf 89' lang='lat' dir='ltr'><strong>sur</strong></span> <span class='ocrx_word' id='word_1_458' title='bbox 1879 2601 1962 2632; x_wconf 87' lang='lat' dir='ltr'><strong>coup</strong></span> 
     </span>
     <span class='ocr_line' id='line_1_54' title="bbox 1095 2641 1960 2684; baseline -0.002 -9"><span class='ocrx_word' id='word_1_459' title='bbox 1095 2642 1266 2683; x_wconf 89' lang='lat' dir='ltr'><strong>Burnouf,</strong></span> <span class='ocrx_word' id='word_1_460' title='bbox 1292 2642 1315 2675; x_wconf 83' lang='grc' dir='ltr'><strong>ὰ</strong></span> <span class='ocrx_word' id='word_1_461' title='bbox 1336 2643 1370 2675; x_wconf 87' lang='lat' dir='ltr'><strong>ta</strong></span> <span class='ocrx_word' id='word_1_462' title='bbox 1387 2643 1440 2684; x_wconf 77' lang='lat' dir='ltr'><strong>fite</strong></span> <span class='ocrx_word' id='word_1_463' title='bbox 1456 2642 1651 2675; x_wconf 89' lang='lat' dir='ltr'><strong>Louandre.</strong></span> <span class='ocrx_word' id='word_1_464' title='bbox 1673 2660 1707 2666; x_wconf 80' lang='lat'>-</span> <span class='ocrx_word' id='word_1_465' title='bbox 1729 2642 1763 2675; x_wconf 83' lang='lat' dir='ltr'><strong>G.</strong></span> <span class='ocrx_word' id='word_1_466' title='bbox 1781 2641 1960 2682; x_wconf 78' lang='lat' dir='ltr'><strong>Petronius]</strong></span> 
     </span>
     <span class='ocr_line' id='line_1_55' title="bbox 1095 2691 1959 2735; baseline -0.001 -11"><span class='ocrx_word' id='word_1_467' title='bbox 1095 2693 1180 2726; x_wconf 91' lang='lat' dir='ltr'><strong>Vide</strong></span> <span class='ocrx_word' id='word_1_468' title='bbox 1212 2693 1258 2727; x_wconf 86' lang='lat' dir='ltr'><strong>ad</strong></span> <span class='ocrx_word' id='word_1_469' title='bbox 1288 2702 1318 2726; x_wconf 89' lang='lat' dir='ltr'><strong>c.</strong></span> <span class='ocrx_word' id='word_1_470' title='bbox 1345 2693 1398 2726; x_wconf 73' lang='lat'><strong>48.</strong></span> <span class='ocrx_word' id='word_1_471' title='bbox 1428 2711 1462 2716; x_wconf 91' lang='lat'>—</span> <span class='ocrx_word' id='word_1_472' title='bbox 1489 2693 1648 2735; x_wconf 61' lang='lat' dir='ltr'><strong>dignitate</strong></span> <span class='ocrx_word' id='word_1_473' title='bbox 1670 2691 1855 2733; x_wconf 81' lang='lat' dir='ltr'><strong>senatoria]</strong></span> <span class='ocrx_word' id='word_1_474' title='bbox 1887 2692 1959 2724; x_wconf 90' lang='lat' dir='ltr'><strong>sive</strong></span> 
     </span>
     <span class='ocr_line' id='line_1_56' title="bbox 1093 2742 1962 2785; baseline -0.001 -10"><span class='ocrx_word' id='word_1_475' title='bbox 1093 2744 1254 2784; x_wconf 81' lang='lat' dir='ltr'><strong>illustres,</strong></span> <span class='ocrx_word' id='word_1_476' title='bbox 1280 2752 1428 2777; x_wconf 84' lang='lat' dir='ltr'><strong>censum</strong></span> <span class='ocrx_word' id='word_1_477' title='bbox 1451 2744 1666 2776; x_wconf 88' lang='lat' dir='ltr'><strong>senatorium</strong></span> <span class='ocrx_word' id='word_1_478' title='bbox 1688 2742 1910 2785; x_wconf 89' lang='lat' dir='ltr'><strong>possidentes</strong></span> <span class='ocrx_word' id='word_1_479' title='bbox 1927 2742 1962 2774; x_wconf 93' lang='lat' dir='ltr'><strong>et</strong></span> 
     </span>
     <span class='ocr_line' id='line_1_57' title="bbox 1094 2791 1958 2836; baseline -0.003 -10"><span class='ocrx_word' id='word_1_480' title='bbox 1094 2793 1163 2826; x_wconf 84' lang='lat' dir='ltr'><strong>lato</strong></span> <span class='ocrx_word' id='word_1_481' title='bbox 1181 2793 1281 2826; x_wconf 88' lang='lat' dir='ltr'><strong>clavo</strong></span> <span class='ocrx_word' id='word_1_482' title='bbox 1298 2795 1474 2836; x_wconf 90' lang='lat' dir='ltr'><strong>permissu</strong></span> <span class='ocrx_word' id='word_1_483' title='bbox 1492 2794 1714 2836; x_wconf 89' lang='lat' dir='ltr'><strong>imperatoris</strong></span> <span class='ocrx_word' id='word_1_484' title='bbox 1730 2793 1880 2825; x_wconf 90' lang='lat' dir='ltr'><strong>utentes.</strong></span> <span class='ocrx_word' id='word_1_485' title='bbox 1908 2791 1958 2824; x_wconf 86' lang='lat' dir='ltr'><strong>Cf.</strong></span> 
     </span>
     <span class='ocr_line' id='line_1_58' title="bbox 1093 2841 1958 2885; baseline -0.002 -10"><span class='ocrx_word' id='word_1_486' title='bbox 1093 2844 1125 2883; x_wconf 76' lang='lat'><strong>2,</strong></span> <span class='ocrx_word' id='word_1_487' title='bbox 1141 2843 1194 2876; x_wconf 87' lang='lat'><strong>59.</strong></span> <span class='ocrx_word' id='word_1_488' title='bbox 1214 2844 1266 2880; x_wconf 74' lang='lat' dir='ltr'><strong>tt,</strong></span> <span class='ocrx_word' id='word_1_489' title='bbox 1282 2843 1313 2876; x_wconf 74' lang='lat'><strong>4.</strong></span> <span class='ocrx_word' id='word_1_490' title='bbox 1333 2843 1536 2885; x_wconf 90' lang='lat' dir='ltr'><strong>Marquardt</strong></span> <span class='ocrx_word' id='word_1_491' title='bbox 1551 2843 1638 2876; x_wconf 80' lang='lat' dir='ltr'><strong>H1st.</strong></span> <span class='ocrx_word' id='word_1_492' title='bbox 1657 2843 1719 2884; x_wconf 88' lang='lat' dir='ltr'><strong>Eq.</strong></span> <span class='ocrx_word' id='word_1_493' title='bbox 1738 2843 1836 2875; x_wconf 90' lang='lat' dir='ltr'><strong>Rom.</strong></span> <span class='ocrx_word' id='word_1_494' title='bbox 1857 2851 1889 2883; x_wconf 89' lang='lat' dir='ltr'><strong>p.</strong></span> <span class='ocrx_word' id='word_1_495' title='bbox 1905 2841 1958 2873; x_wconf 83' lang='lat'><strong>57.</strong></span> 
     </span>
     <span class='ocr_line' id='line_1_59' title="bbox 1095 2891 1958 2934; baseline -0.002 -10"><span class='ocrx_word' id='word_1_496' title='bbox 1095 2910 1131 2915; x_wconf 89' lang='lat'><em>-</em></span> <span class='ocrx_word' id='word_1_497' title='bbox 1148 2893 1314 2933; x_wconf 79' lang='lat' dir='ltr'><strong>quondam</strong></span> <span class='ocrx_word' id='word_1_498' title='bbox 1325 2893 1515 2934; x_wconf 83' lang='lat' dir='ltr'><strong>praefectus</strong></span> <span class='ocrx_word' id='word_1_499' title='bbox 1526 2893 1700 2934; x_wconf 82' lang='lat' dir='ltr'><strong>praetorii]</strong></span> <span class='ocrx_word' id='word_1_500' title='bbox 1717 2892 1783 2925; x_wconf 89' lang='lat' dir='ltr'><strong>sub</strong></span> <span class='ocrx_word' id='word_1_501' title='bbox 1803 2891 1958 2924; x_wconf 89' lang='lat' dir='ltr'><strong>Claudio.</strong></span> 
     </span>
     <span class='ocr_line' id='line_1_60' title="bbox 1095 2941 1962 2981; baseline -0.002 -7"><span class='ocrx_word' id='word_1_502' title='bbox 1095 2942 1146 2974; x_wconf 84' lang='lat' dir='ltr'><strong>Cf.</strong></span> <span class='ocrx_word' id='word_1_503' title='bbox 1173 2943 1227 2981; x_wconf 82' lang='grc' dir='ltr'><strong>Μ,</strong></span> <span class='ocrx_word' id='word_1_504' title='bbox 1253 2943 1282 2974; x_wconf 75' lang='lat' dir='ltr'><strong>t.</strong></span> <span class='ocrx_word' id='word_1_505' title='bbox 1306 2960 1341 2966; x_wconf 89' lang='lat'><strong>—-</strong></span> <span class='ocrx_word' id='word_1_506' title='bbox 1368 2943 1505 2975; x_wconf 80' lang='lat' dir='ltr'><strong>crimine</strong></span> <span class='ocrx_word' id='word_1_507' title='bbox 1526 2942 1765 2975; x_wconf 78' lang='lat' dir='ltr'><strong>coniurationis</strong></span> <span class='ocrx_word' id='word_1_508' title='bbox 1787 2942 1822 2973; x_wconf 81' lang='lat' dir='ltr'><strong>in</strong></span> <span class='ocrx_word' id='word_1_509' title='bbox 1844 2941 1878 2973; x_wconf 91' lang='lat' dir='ltr'><strong>S.</strong></span> <span class='ocrx_word' id='word_1_510' title='bbox 1896 2949 1962 2973; x_wconf 77' lang='lat' dir='ltr'><strong>ex-</strong></span> 
     </span>
     <span class='ocr_line' id='line_1_61' title="bbox 1093 2990 1961 3033; baseline 0 -11"><span class='ocrx_word' id='word_1_511' title='bbox 1093 2991 1199 3033; x_wconf 87' lang='lat' dir='ltr'><strong>actus]</strong></span> <span class='ocrx_word' id='word_1_512' title='bbox 1225 2990 1274 3023; x_wconf 82' lang='lat' dir='ltr'><strong>Cf.</strong></span> <span class='ocrx_word' id='word_1_513' title='bbox 1295 2992 1348 3031; x_wconf 71' lang='lat'><strong>⁴5,</strong></span> <span class='ocrx_word' id='word_1_514' title='bbox 1366 2992 1419 3024; x_wconf 72' lang='lat'><strong>74.</strong></span> <span class='ocrx_word' id='word_1_515' title='bbox 1440 3009 1475 3015; x_wconf 84' lang='lat'><strong>—</strong></span> <span class='ocrx_word' id='word_1_516' title='bbox 1503 2992 1620 3032; x_wconf 85' lang='lat' dir='ltr'><strong>quibus</strong></span> <span class='ocrx_word' id='word_1_517' title='bbox 1643 2992 1751 3024; x_wconf 86' lang='lat' dir='ltr'><strong>Gattio</strong></span> <span class='ocrx_word' id='word_1_518' title='bbox 1774 2994 1804 3024; x_wconf 91' lang='lat' dir='ltr'><strong>et</strong></span> <span class='ocrx_word' id='word_1_519' title='bbox 1826 2991 1961 3031; x_wconf 77' lang='lat' dir='ltr'><strong>Seneca]</strong></span> 
     </span>
     <span class='ocr_line' id='line_1_62' title="bbox 1094 3040 1961 3083; baseline -0.001 -10"><span class='ocrx_word' id='word_1_520' title='bbox 1094 3041 1182 3073; x_wconf 91' lang='lat' dir='ltr'><strong>Vide</strong></span> <span class='ocrx_word' id='word_1_521' title='bbox 1206 3040 1251 3073; x_wconf 92' lang='lat' dir='ltr'><strong>ad</strong></span> <span class='ocrx_word' id='word_1_522' title='bbox 1275 3042 1327 3081; x_wconf 74' lang='lat'><strong>45,</strong></span> <span class='ocrx_word' id='word_1_523' title='bbox 1345 3041 1398 3074; x_wconf 85' lang='lat'><strong>73.</strong></span> <span class='ocrx_word' id='word_1_524' title='bbox 1419 3060 1454 3065; x_wconf 94' lang='lat'>—</span> <span class='ocrx_word' id='word_1_525' title='bbox 1477 3051 1540 3083; x_wconf 83' lang='lat' dir='ltr'><strong>per</strong></span> <span class='ocrx_word' id='word_1_526' title='bbox 1561 3041 1782 3083; x_wconf 81' lang='lat' dir='ltr'><strong>ambitionem]</strong></span> <span class='ocrx_word' id='word_1_527' title='bbox 1807 3049 1876 3082; x_wconf 91' lang='lat' dir='ltr'><strong>quo</strong></span> <span class='ocrx_word' id='word_1_528' title='bbox 1894 3040 1961 3072; x_wconf 88' lang='lat' dir='ltr'><strong>ho-</strong></span> 
     </span>
     <span class='ocr_line' id='line_1_63' title="bbox 1095 3091 1962 3133; baseline 0 -11"><span class='ocrx_word' id='word_1_529' title='bbox 1095 3091 1208 3123; x_wconf 91' lang='lat' dir='ltr'><strong>mines</strong></span> <span class='ocrx_word' id='word_1_530' title='bbox 1240 3091 1471 3132; x_wconf 87' lang='lat' dir='ltr'><strong>mirarentur,</strong></span> <span class='ocrx_word' id='word_1_531' title='bbox 1507 3091 1705 3133; x_wconf 89' lang='lat' dir='ltr'><strong>crebroque</strong></span> <span class='ocrx_word' id='word_1_532' title='bbox 1730 3091 1773 3123; x_wconf 94' lang='lat' dir='ltr'><strong>de</strong></span> <span class='ocrx_word' id='word_1_533' title='bbox 1798 3100 1841 3123; x_wconf 92' lang='lat' dir='ltr'><strong>eo</strong></span> <span class='ocrx_word' id='word_1_534' title='bbox 1871 3091 1962 3123; x_wconf 86' lang='lat' dir='ltr'><strong>inter</strong></span> 
     </span>
     <span class='ocr_line' id='line_1_64' title="bbox 1095 3141 1959 3181; baseline 0 -9"><span class='ocrx_word' id='word_1_535' title='bbox 1095 3149 1133 3172; x_wconf 92' lang='lat' dir='ltr'><strong>se</strong></span> <span class='ocrx_word' id='word_1_536' title='bbox 1158 3141 1492 3181; x_wconf 88' lang='lat' dir='ltr'><strong>sermocinarentur,</strong></span> <span class='ocrx_word' id='word_1_537' title='bbox 1521 3151 1585 3175; x_wconf 84' lang='lat' dir='ltr'><strong>cur</strong></span> <span class='ocrx_word' id='word_1_538' title='bbox 1607 3141 1767 3174; x_wconf 90' lang='lat' dir='ltr'><strong>diversus</strong></span> <span class='ocrx_word' id='word_1_539' title='bbox 1790 3142 1824 3173; x_wconf 91' lang='lat' dir='ltr'><strong>in</strong></span> <span class='ocrx_word' id='word_1_540' title='bbox 1847 3141 1916 3173; x_wconf 88' lang='lat' dir='ltr'><strong>hoc</strong></span> <span class='ocrx_word' id='word_1_541' title='bbox 1940 3149 1959 3172; x_wconf 91' lang='lat' dir='ltr'><strong>a</strong></span> 
     </span>
     <span class='ocr_line' id='line_1_65' title="bbox 1094 3189 1960 3229; baseline 0.001 -8"><span class='ocrx_word' id='word_1_542' title='bbox 1094 3189 1280 3229; x_wconf 86' lang='lat' dir='ltr'><strong>fratribus,</strong></span> <span class='ocrx_word' id='word_1_543' title='bbox 1312 3190 1506 3223; x_wconf 87' lang='lat' dir='ltr'><strong>honoribus</strong></span> <span class='ocrx_word' id='word_1_544' title='bbox 1536 3190 1746 3229; x_wconf 79' lang='lat' dir='ltr'><strong>abstineret3</strong></span> <span class='ocrx_word' id='word_1_545' title='bbox 1779 3190 1849 3222; x_wconf 90' lang='lat' dir='ltr'><strong>sed.</strong></span> <span class='ocrx_word' id='word_1_546' title='bbox 1871 3190 1960 3223; x_wconf 89' lang='lat' dir='ltr'><strong>haec</strong></span> 
     </span>
     <span class='ocr_line' id='line_1_66' title="bbox 1095 3239 1961 3282; baseline 0.002 -11"><span class='ocrx_word' id='word_1_547' title='bbox 1095 3239 1239 3272; x_wconf 89' lang='lat' dir='ltr'><strong>ambitio</strong></span> <span class='ocrx_word' id='word_1_548' title='bbox 1263 3241 1339 3273; x_wconf 91' lang='lat' dir='ltr'><strong>erat</strong></span> <span class='ocrx_word' id='word_1_549' title='bbox 1357 3243 1592 3281; x_wconf 84' lang='lat' dir='ltr'><strong>praepostera,</strong></span> <span class='ocrx_word' id='word_1_550' title='bbox 1622 3249 1729 3282; x_wconf 89' lang='lat' dir='ltr'><strong>prava</strong></span> <span class='ocrx_word' id='word_1_551' title='bbox 1753 3242 1857 3282; x_wconf 90' lang='lat' dir='ltr'><strong>atque</strong></span> <span class='ocrx_word' id='word_1_552' title='bbox 1882 3249 1961 3282; x_wconf 89' lang='lat' dir='ltr'><strong>per—</strong></span> 
     </span>
     <span class='ocr_line' id='line_1_67' title="bbox 1094 3288 1961 3332; baseline 0.002 -12"><span class='ocrx_word' id='word_1_553' title='bbox 1094 3297 1209 3328; x_wconf 89' lang='lat' dir='ltr'><strong>versa,</strong></span> <span class='ocrx_word' id='word_1_554' title='bbox 1236 3290 1316 3331; x_wconf 88' lang='lat' dir='ltr'><strong>quia</strong></span> <span class='ocrx_word' id='word_1_555' title='bbox 1340 3289 1461 3322; x_wconf 89' lang='lat' dir='ltr'><strong>solitae</strong></span> <span class='ocrx_word' id='word_1_556' title='bbox 1485 3288 1633 3322; x_wconf 81' lang='lat' dir='ltr'><strong>aliorum</strong></span> <span class='ocrx_word' id='word_1_557' title='bbox 1656 3289 1836 3323; x_wconf 88' lang='lat' dir='ltr'><strong>ambitioni</strong></span> <span class='ocrx_word' id='word_1_558' title='bbox 1863 3299 1961 3332; x_wconf 88' lang='lat' dir='ltr'><strong>pror-</strong></span> 
     </span>
     <span class='ocr_line' id='line_1_68' title="bbox 1094 3339 1960 3382; baseline 0.001 -10"><span class='ocrx_word' id='word_1_559' title='bbox 1094 3347 1154 3372; x_wconf 88' lang='lat' dir='ltr'><strong>sus</strong></span> <span class='ocrx_word' id='word_1_560' title='bbox 1171 3341 1358 3372; x_wconf 84' lang='lat' dir='ltr'><strong>contraria.</strong></span> <span class='ocrx_word' id='word_1_561' title='bbox 1378 3358 1414 3363; x_wconf 84' lang='lat'><strong>—-</strong></span> <span class='ocrx_word' id='word_1_562' title='bbox 1437 3349 1499 3380; x_wconf 86' lang='lat' dir='ltr'><strong>per</strong></span> <span class='ocrx_word' id='word_1_563' title='bbox 1515 3339 1780 3382; x_wconf 76' lang='lat' dir='ltr'><strong>procurationes]</strong></span> <span class='ocrx_word' id='word_1_564' title='bbox 1802 3339 1855 3373; x_wconf 89' lang='lat' dir='ltr'><strong>Ad</strong></span> <span class='ocrx_word' id='word_1_565' title='bbox 1871 3348 1960 3382; x_wconf 86' lang='lat' dir='ltr'><strong>quas</strong></span> 
     </span>
     <span class='ocr_line' id='line_1_69' title="bbox 1094 3387 1957 3432; baseline 0.002 -10"><span class='ocrx_word' id='word_1_566' title='bbox 1094 3387 1158 3422; x_wconf 90' lang='lat' dir='ltr'><strong>soli</strong></span> <span class='ocrx_word' id='word_1_567' title='bbox 1181 3391 1319 3432; x_wconf 87' lang='lat' dir='ltr'><strong>equites</strong></span> <span class='ocrx_word' id='word_1_568' title='bbox 1343 3391 1403 3423; x_wconf 87' lang='lat' dir='ltr'><strong>aut</strong></span> <span class='ocrx_word' id='word_1_569' title='bbox 1424 3389 1540 3423; x_wconf 85' lang='lat' dir='ltr'><strong>liberti</strong></span> <span class='ocrx_word' id='word_1_570' title='bbox 1562 3389 1718 3424; x_wconf 90' lang='lat' dir='ltr'><strong>admissi.</strong></span> <span class='ocrx_word' id='word_1_571' title='bbox 1742 3391 1828 3424; x_wconf 77' lang='lat' dir='ltr'><strong>Lirs.</strong></span> <span class='ocrx_word' id='word_1_572' title='bbox 1855 3390 1906 3424; x_wconf 87' lang='lat' dir='ltr'><strong>Cf.</strong></span> <span class='ocrx_word' id='word_1_573' title='bbox 1924 3390 1957 3431; x_wconf 75' lang='lat'><strong>2,</strong></span> 
     </span>
    </p>
   </div>
  </div>
 </body>
</html>
