2254 3770
282 274 364 318 496
771 276 817 318 Ρ.
850 274 1101 319 CORNELII
1131 276 1303 320 TAClTI
1331 276 1601 322 ANNALIUM

283 380 595 439 antiquitatem,
628 365 1025 439 quotiens¹f0rtuna
1055 387 1203 425 contra
1233 382 1371 434 daret,
1404 382 1529 426 saluti
1561 383 1843 428 consuluisse.
1889 397 1975 442 qua
2005 388 2081 428 de-

282 456 525 514 speratione
566 457 778 501 exercitus
817 456 904 500 dux
943 456 1147 501 subactus
1185 458 1344 515 primas
1378 465 1520 503 tamen
1556 458 1718 503 litteras
1757 459 1812 503 ad
1843 458 2082 517 Vologesen

282 545 367 576 non
397 532 637 590 supplices,
679 531 758 576 sed
788 532 829 575 in
862 532 1036 576 modum
1073 533 1293 596 quer-entis
1323 534 1580 592 composuit,
1614 535 1731 592 quod
1761 549 1840 593 pro
1872 535 2082 598 Armeniis

283 621 457 666 semper
488 609 703 652 Romanae
734 607 916 651 dicionis
947 614 1019 651 aut
1048 608 1254 652 subiectis
1285 609 1396 667 regi,
1430 623 1559 668 quern
1585 610 1818 668 imperator
1837 609 2080 668 delegisset,

249 683 450 728 shostilia
479 683 661 728 faceret:
693 697 846 742 pacem
877 697 930 727 ex
959 697 1101 741 aequo
1131 682 1299 735 utilem;
1332 698 1386 727 ne
1407 685 1652 742 praesentia
1672 692 1834 729 tantum
1854 692 2082 743 spectaret.

280 759 424 818 ipsum
453 759 663 804 adversus
694 760 802 803 duas
833 758 1026 816 legiones
1057 760 1154 802 totis
1184 759 1303 817 regni
1335 759 1498 804 viribus
1527 759 1776 804 advenisse:
1812 769 1855 804 at
1883 761 2084 805 Romanis

281 834 433 878 orbem
468 841 680 879 terrarum
718 834 950 892 reliquum,
991 848 1079 892 quo
1120 834 1279 878 bellum
1319 834 1525 879 iuvarent.
1571 835 1653 893 (44)
1683 836 1737 880 ad
1769 850 1822 880 ea
1849 835 2084 893 Vologeses

280 909 383 953 nihil
413 924 492 968 pro
523 924 672 962 causa,
715 910 792 954 sed
835 903 1126 968 opperiendos
1158 910 1238 954 sibi
1270 910 1421 954 fratres
1452 913 1662 956 Pacorum
1691 925 1742 955 ac
1772 911 1985 956 Tiridaten
2014 926 2085 956 re-

280 986 471 1044 scripsit3
510 985 629 1029 illum
666 985 810 1030 locum
849 993 1108 1044 tempusque
1140 985 1318 1030 consilio
1350 985 1626 1039 destinatum,
1664 987 1768 1045 quid
1799 987 1854 1031 de
1885 987 2085 1031 Armenia

230 1072 267 1103 ιο
280 1069 529 1114 cernerent3
569 1061 784 1105 adiecisse
824 1060 930 1105 deos
961 1062 1137 1118 dignum
1167 1062 1485 1114 Arsacidarum,
1525 1062 1650 1106 simul
1680 1070 1726 1106 ut
1755 1062 1811 1106 de
1841 1062 2083 1119 legionibus

279 1137 480 1182 Romanis
511 1144 758 1181 statuerent.
805 1137 923 1180 missi
954 1137 1134 1194 posthac
1170 1138 1301 1181 Paeto
1333 1138 1465 1180 nuntii
1497 1145 1539 1181 et
1568 1139 1682 1196 regis
1713 1137 1976 1196 colloquium
2005 1151 2083 1197 pe·-

279 1214 420 1265 titum,
453 1213 527 1271 qui
558 1214 770 1264 Vasacen,
804 1212 1068 1270 praefectum
1099 1213 1333 1271 equitatus.
1367 1213 1430 1257 ire
1461 1214 1595 1257 iussit.
1628 1222 1715 1257 tum
1746 1215 1902 1258 Paetus
1929 1213 2084 1258 Lucul-

278 1289 362 1341 los,
396 1289 625 1346 Pompeios
656 1296 698 1332 et
729 1289 765 1332 si
797 1302 883 1346 qua
907 1289 1117 1332 Caesares
1148 1288 1406 1346 optinendae
1428 1288 1709 1333 donandaeve
1731 1291 1955 1333 Armeniae
1982 1302 2084 1348 ege-

279 1372 392 1416 rant,
424 1366 610 1410 Vasaces
642 1364 870 1421 imaginem
902 1363 1114 1408 retinendi
1144 1363 1409 1422 largiendive
1431 1378 1567 1422 penes
1590 1379 1688 1416 nos,
1721 1365 1807 1409 vim
1827 1379 1963 1423 penes
1982 1365 2090 1418 Par-A

229 1450 266 1481 ⁴⁵
282 1441 378 1484 thos
408 1447 630 1484 memorat.
663 1448 706 1484 et
734 1439 914 1483 multum
945 1440 987 1482 in
1017 1440 1156 1484 vicem
1186 1439 1444 1499 disceptato,
1477 1440 1738 1484 Monobazus
1763 1440 2009 1484 Adiabenus
2040 1440 2083 1484 iu

279 1517 395 1561 diem
423 1523 647 1575 posterum
677 1516 797 1560 testiS
820 1515 888 1567 iis,
921 1528 1034 1574 quae
1055 1515 1339 1573 pepigissent,
1371 1515 1610 1560 adhibetur.
1642 1515 1888 1575 placuitque
1903 1516 2082 1560 'liberari

344 1639 378 1671 2.
401 1638 583 1680 uoloyesesi
609 1638 681 1679 (sic)
706 1638 739 1671 M
766 1655 800 1661 —
827 1636 859 1670 4.
884 1638 957 1679 regi
982 1638 1027 1669 G:
1052 1637 1103 1669 rei
1126 1638 1158 1671 M
1185 1655 1221 1661 —
1247 1639 1280 1670 5.
1305 1646 1389 1678 equo
1411 1638 1492 1670 utile
1515 1639 1547 1671 M
1573 1655 1610 1660 —
1635 1646 1677 1670 ne
1699 1638 1749 1670 M:
1774 1646 1835 1670 nec
1857 1636 2079 1671 Puteolanus.

280 1712 317 1719 —
344 1695 376 1728 6.
400 1695 514 1737 reynis
537 1695 571 1728 M
592 1712 636 1719 —
659 1693 706 1736 ac]
732 1695 777 1726 ad
799 1694 833 1726 M
859 1710 896 1717 —
922 1693 955 1726 8.
977 1702 1168 1734 paucorum
1190 1695 1223 1727 M
1249 1711 1286 1717 —
1310 1692 1458 1734 tyridate
1475 1695 1509 1727 M
1533 1712 1569 1718 —
1594 1693 1762 1726 rescribsit
1777 1695 1810 1728 M
1829 1712 1864 1718 -
1883 1694 1915 1727 9.
1934 1694 2015 1735 quid
2029 1694 2078 1728 M:

278 1752 368 1794 quod
391 1753 427 1784 et
449 1760 515 1792 quo
538 1750 606 1784 alii.
632 1768 676 1774 -
700 1751 752 1784 40.
777 1736 873 1783 ἇῖΜ
900 1767 935 1772 -
961 1754 999 1782 ut
1022 1750 1165 1784 Ursinus
1191 1752 1226 1783 et
1240 1751 1464 1783 Vertranius:
1490 1754 1520 1783 et
1536 1751 1568 1784 M
1585 1769 1629 1775 -—
1653 1752 1705 1783 44.
1725 1751 1882 1791 posthac
1897 1751 1948 1784 M:
1970 1754 2082 1792 posta

279 1810 336 1842 ed.
363 1809 559 1851 Spirensis;
580 1808 718 1849 posthac
741 1817 764 1840 a
787 1808 912 1840 Haase.
934 1824 970 1830 -—
993 1808 1101 1848 petitu
1122 1807 1156 1840 M
1183 1825 1218 1831 -—
1246 1806 1300 1840 43.
1329 1816 1397 1848 qua
1416 1807 1574 1840 Caesares
1589 1805 1819 1840 Puteolanus:
1845 1815 1965 1848 quac-es
1987 1808 2081 1848 (ante
2115 1848 2130 1854 s

277 1864 442 1898 lacunam
465 1866 572 1898 trium
595 1864 652 1898 vel
676 1866 843 1907 quattuor
865 1863 1073 1905 litterarum)
1099 1865 1133 1897 M
1161 1883 1196 1888 —
1221 1865 1415 1897 donandeue
1437 1865 1470 1898 M
1497 1882 1532 1887 —
1558 1863 1611 1897 ⁴4.
1633 1872 1734 1909 penes
1755 1873 1816 1896 nos
1832 1864 1866 1898 M
1882 1882 1926 1888 -
1942 1865 1995 1897 ⁴5.
2011 1872 2083 1898 me-

276 1925 389 1955 morat
410 1923 460 1956 M:
486 1922 685 1955 memoravit
707 1920 775 1954 alii.
804 1939 840 1945 —
866 1922 1044 1962 disseptato
1068 1921 1101 1954 M
1127 1938 1163 1944 —
1191 1921 1245 1954 46.
1270 1921 1318 1953 his
1341 1929 1404 1961 que
1426 1921 1459 1955 M
1486 1938 1522 1943 —
1549 1920 1738 1953 adchibocur
1760 1921 1805 1954 M.

1204 2027 1288 2061 dem
1305 2027 1500 2060 Caudinam
1516 2036 1558 2060 ac
1574 2027 1844 2067 Numantinam,
1870 2027 1935 2061 sed
1950 2026 1997 2060 nil
2014 2027 2081 2060 nisi

277 2079 358 2112 dina
388 2087 431 2111 ac
452 2079 676 2111 Numantina.
712 2078 813 2111 Nunc
837 2087 922 2120 ergo
946 2081 1152 2121 comparant
1205 2087 1309 2111 casus
1333 2077 1426 2116 tulit,
1459 2079 1498 2110 ut
1522 2077 1576 2110 bis
1600 2076 1772 2120 deinceps
1797 2078 2004 2110 Samnitium
2029 2077 2082 2110 fa-

277 2138 338 2163 eas
361 2138 443 2162 cum
466 2130 677 2171 ignominia,
711 2138 803 2171 quae
834 2129 901 2162 sibi
929 2130 1110 2162 immineat
1133 2138 1153 2161 a
1205 2127 1329 2161 cienda
1353 2129 1450 2160 esset
1472 2128 1616 2160 mentio.
1654 2128 1731 2160 Duo
1756 2136 1799 2160 ac
1823 2127 1963 2160 diversa
1987 2127 2082 2169 igna-

275 2180 430 2220 Parthis,
464 2182 500 2213 et
530 2180 622 2212 hanc
655 2178 795 2212 elevant
818 2180 873 2212 usi
897 2178 1107 2221 argumento
1132 2188 1151 2211 a
1177 2187 1330 2376 ,vorum
1358 2178 1481 2212 solatia
1513 2178 1708 2219 distingue:
1744 2178 1918 2220 primum,
1951 2179 1981 2211 si
2012 2176 2080 2211 sub

277 2037 406 2062 norum
430 2029 561 2070 partes.
593 2029 790 2066 Praecessit
813 2028 857 2061 de
882 2027 1041 2061 cladibus
1060 2028 1153 2061 Cau—

276 2231 433 2274 potentia
456 2230 680 2263 Parthorum.
715 2231 805 2263 Cum
830 2230 925 2263 enim
951 2230 1152 2263 excusatius
1203 2229 1324 2270 iugum
1359 2229 1559 2268 mittemur,
1598 2228 1668 2260 hoc
1699 2228 1875 2270 patiemur
1902 2236 1971 2260 non
2002 2227 2080 2260 sine

275 2282 320 2315 sit
348 2281 443 2314 hosti
473 2279 588 2313 valido
624 2280 880 2320 succumbere,
918 2281 1152 2322 patrocinium
1204 2277 1387 2320 exemplo;
1414 2278 1559 2311 deinde:
1587 2278 1617 2310 si
1633 2279 1835 2318 vincemur,
1859 2276 1904 2310 ab
1919 2277 2081 2311 hostisvi

275 2332 345 2365 hoo
360 2331 634 2374 amplectuntur,
654 2332 687 2364 et
706 2331 849 2373 quando
866 2330 1152 2373 progenitoribus
1204 2338 1246 2361 ac
1262 2330 1388 2361 virtute
1402 2329 1669 2361 excusationem
1684 2327 1910 2367 habebimus,
1925 2329 1985 2369 qui
2000 2326 2080 2370 plus

275 2383 349 2416 suis
372 2381 511 2415 licuerit
527 2381 743 2414 Samnitibus
761 2382 796 2415 et
814 2382 1047 2422 Numantinis,
1073 2390 1154 2414 mo-
1203 2378 1319 2412 valeat
1335 2378 1412 2412 ullis
1426 2380 1667 2412 Romanorum
1683 2378 1858 2419 hostibus,
1876 2378 1983 2411 etiam
2001 2377 2077 2419 illis,

276 2433 364 2467 dicis
395 2432 555 2476 populis,
592 2432 742 2473 cedere,
780 2441 889 2474 quem
917 2432 984 2465 sihi
1013 2432 1152 2465 crimini
1204 2430 1264 2470 qui
1295 2437 1378 2462 cum
1408 2429 1575 2462 Romanis
1604 2437 1674 2461 non
1705 2428 1750 2461 de
1777 2427 1941 2461 libertate
1964 2427 2080 2461 solum

275 2482 460 2522 daturum,
486 2483 582 2524 quod
603 2491 675 2515 non
692 2482 890 2515 sustineant
906 2482 1065 2522 Parthos,
1093 2483 1153 2514 Ro-
1203 2479 1269 2513 sed
1293 2480 1399 2513 etiam
1424 2480 1469 2512 de
1494 2479 1643 2521 imperio
1667 2480 1906 2512 certaverunt.
1938 2478 2028 2512 Vide
2045 2487 2078 2512 c.

273 2534 367 2566 mant·
388 2533 520 2574 imperii
543 2532 717 2565 aemulos?
751 2533 826 2565 Hoc
850 2534 946 2565 enim
971 2533 1152 2575 epitheton
1204 2532 1281 2563 44.»
1310 2549 1345 2554 -
1373 2531 1522 2571 quotiens
1548 2530 1688 2571 fortuna
1715 2534 1834 2563 contra
1857 2529 1967 2571 daret]
1995 2530 2018 2562 i.
2044 2538 2076 2563 e.

275 2583 372 2616 haud
395 2582 503 2616 dubie
528 2582 574 2615 ad
590 2582 739 2615 Parthos
756 2583 928 2625 pertinet,
955 2581 1051 2624 quod
1069 2591 1151 2615 cum
1203 2581 1354 2614 adversa
1384 2581 1480 2613 esset
1514 2581 1701 2620 Romanis,
1739 2579 1900 2613 hostibus
1929 2580 2077 2613 faveret.

275 2634 311 2666 et
333 2633 460 2666 Poenis
484 2631 566 2665 olim
591 2631 763 2665 tributum
791 2632 915 2672 fuerit,
949 2632 1053 2665 huius
1083 2631 1151 2664 loci
1202 2631 1337 2664 Eadem
1367 2630 1499 2664 locutio
1530 2632 1584 2663 est
1612 2631 1699 2663 Hist.
1727 2631 1758 2669 4,
1785 2631 1846 2663 65:
1882 2631 1911 2663 si
1939 2629 2079 2671 fortuna

274 2681 528 2725 corrumpendi
541 2683 767 2715 occasionem
780 2681 980 2724 praebuit.»
994 2683 1148 2715 Faninsn.
1201 2685 1320 2715 contra
1343 2683 1449 2714 daret.
1471 2698 1505 2704 —
1530 2690 1594 2722 pro
1609 2681 1785 2722 Armeniis]
1801 2682 1823 2713 i.
1843 2690 1875 2714 e.
1894 2679 1939 2713 ad
1955 2682 2080 2714 Arme-

273 2733 344 2775 Ipsi
371 2733 489 2766 Parthi
521 2733 588 2773 (42,
614 2732 667 2773 40)
703 2733 942 2766 Romanorum
971 2741 1010 2765 se
1035 2734 1150 2766 socios
1202 2734 1279 2765 nios
1308 2731 1375 2765 sibi
1405 2731 1676 2772 devinciendos,
1714 2731 1759 2764 ab
1792 2731 1959 2764 Romanis
1989 2729 2079 2763 aba·

271 2782 399 2815 virium
427 2782 577 2815 aemulos
606 2781 850 2824 cedentesque
884 2791 950 2824 per
978 2791 1150 2815 reveren·
1201 2781 1397 2815 lienandos.
1420 2800 1456 2806 —
1474 2791 1520 2814 ea>
1540 2782 1659 2824 aequo]
1683 2782 1825 2823 utrique
1843 2781 1933 2823 parti
1949 2788 2076 2822 aeque.

274 2833 360 2866 tiam
391 2833 524 2866 dicunt.
562 2832 701 2866 Codicis
734 2831 926 2866 lectionem
960 2832 1149 2865 artificiose
1204 2850 1240 2856 -
1259 2832 1379 2865 bellum
1395 2831 1561 2874 iuvarent]
1579 2831 1815 2870 sustinerent,
1840 2831 1956 2864 donec
1969 2831 2079 2863 victo-

273 2882 433 2916 defendit
454 2882 666 2916 Doederlein
695 2883 750 2916 his
774 2883 912 2916 verbis:
950 2884 1149 2916 «Samnites
1200 2883 1252 2915 ria
1276 2882 1421 2915 tandem
1445 2882 1655 2924 potirentur.

274 2943 316 2967 ac
345 2934 454 2968 Poeni
484 2932 549 2967 soli
573 2933 642 2966 dici
666 2935 818 2975 possunt
841 2934 979 2976 imperii
1003 2933 1149 2966 Romani
1246 2932 1299 2966 44.
1325 2933 1421 2965 illum
1449 2931 1573 2973 locum]
1606 2940 1689 2964 eum
1719 2930 1873 2972 scilicet,
1908 2930 1969 2963 ubi
1992 2932 2076 2963 tunc

273 2983 422 3023 aemuli;
449 2992 602 3026 quorum
624 2982 671 3015 illi
695 2983 739 3016 de
764 2982 901 3024 ltaliae,
928 2984 963 3016 hi
987 2983 1032 3016 de
1053 2983 1149 3017 orbis
1200 2982 1319 3024 ipsum
1349 2984 1446 3015 esset
1480 2983 1587 3023 atque
1619 2982 1745 3014 tratres
1773 2981 2008 3024 opperiretur.
2035 2995 2072 3004 —

273 3035 450 3067 terrarum
465 3033 614 3076 imperio
628 3041 712 3066 cum
723 3034 889 3066 Romanis
906 3035 1147 3073 certaverunt,
1200 3032 1385 3075 cernerent]
1410 3041 1475 3074 pro
1500 3033 1612 3074 magis
1636 3031 1737 3064 solito
1754 3032 1974 3074 decernerent.
1999 3030 2073 3064 cie.

273 3082 431 3125 reliquae
448 3085 585 3125 gentes,
600 3083 639 3115 ut
650 3082 807 3124 Hispani.
823 3083 1002 3124 Germani,
1018 3083 1146 3123 Parthi,
1200 3083 1245 3116 de
1269 3084 1374 3124 Legg.
1400 3082 1433 3122 3,
1458 3082 1490 3122 3,
1517 3083 1557 3115 6:
1591 3082 1821 3123 quodcumque
1849 3085 1983 3114 senatus
2003 3089 2074 3113 ore-

273 3133 358 3167 satis
382 3132 584 3166 habuerunt
600 3140 703 3166 suam
720 3132 786 3174 ipsi
802 3131 1003 3166 libertatem
1019 3131 1149 3165 adver·
1197 3132 1294 3173 verit,
1312 3135 1448 3174 agunto.
1476 3131 1528 3165 Cf.
1547 3133 1682 3165 Seneca
1703 3132 1812 3174 Epist.
1831 3131 1885 3172 ⁵8,
1903 3131 1940 3164 3:
1967 3131 2074 3172 Quae-

273 3192 334 3217 sus
358 3185 534 3217 Romanos
558 3182 765 3217 defendere.
792 3183 1056 3216 Freinshemius
1073 3182 1148 3215 alii—
1198 3183 1277 3215 dam
1305 3182 1470 3223 simplicia
1500 3183 1536 3214 in
1558 3191 1622 3214 usu
1643 3184 1760 3222 erant,
1791 3180 1875 3214 sicut
1903 3188 2074 3213 cornero

273 3242 344 3275 que
368 3234 525 3275 Hispanis
546 3237 584 3267 ut
607 3233 747 3267 Romam·
763 3232 1039 3274 substituerunt,
1065 3234 1148 3275 quia
1196 3233 1318 3274 ferro
1352 3233 1468 3264 inter
1501 3240 1542 3264 se
1571 3231 1776 3264 dicebantur.
1818 3229 1980 3272 Vergilius
2011 3229 2073 3262 hoc

273 3284 512 3326 respiceretur
534 3284 745 3318 Numantina
770 3282 909 3322 clades,
936 3284 971 3316 in
988 3293 1056 3325 qua
1075 3283 1149 3316 nul·
1194 3282 1349 3323 probabit
1371 3281 1430 3314 tibi
1452 3283 1553 3323 (Aen.
1581 3282 1634 3320 42,
1661 3282 1755 3321 708);
1780 3280 1926 3322 Ingentis
1945 3281 2073 3322 genitos

273 3331 327 3365 lae
362 3335 564 3367 Poenorum
595 3336 715 3377 partes
745 3333 903 3366 fuissent.
939 3335 1144 3374 perperam.
1197 3333 1336 3365 diversis
1356 3332 1511 3373 partibus
1532 3331 1620 3364 orbis
1643 3332 1733 3364 Inter
1753 3339 1786 3363 se
1808 3330 1922 3362 coiisse
1935 3331 2026 3362 viros
2039 3333 2071 3363 οι

273 3383 349 3415 Non
382 3384 477 3417 enim
507 3385 598 3417 haec
627 3386 700 3417 tam
723 3385 799 3416 arte
823 3391 905 3416 cum
929 3383 1148 3424 praeceden-
1196 3391 1329 3416 cernere
1341 3383 1444 3423 ferro.
1466 3383 1560 3423 Quod
1573 3391 1662 3414 nunc
1674 3382 1898 3414 decernere
1910 3381 2068 3413 dicimus:

275 3431 369 3466 tibus
398 3433 608 3476 cohaerent,
641 3441 758 3475 neque
787 3432 981 3476 respiciunt
1003 3431 1049 3465 ad
1073 3432 1148 3465 cla-
1195 3434 1353 3474 simplicis
1381 3433 1471 3466 illius
1497 3432 1589 3466 verbi
1611 3440 1689 3465 usus
1711 3431 1852 3464 amissus
1874 3433 1932 3464 est.
1955 3448 1988 3454 —
2014 3430 2062 3463 ai·
