2254 3770
278 286 359 332 442

786 289 831 349 P.
865 287 1113 334 CORNELII
1145 288 1315 335 TACITI
1345 289 1611 338 ANNALIUM

278 394 333 439 de
354 395 542 453 Augusto
573 394 816 453 inreligiose
847 395 1045 441 dixisset:
1075 396 1118 441 in
1149 410 1197 441 se
1228 397 1336 442 iacta
1365 397 1477 443 nolle
1506 398 1561 443 ad
1591 398 1874 458 cognitionem
1903 399 2059 443 vocari.

278 471 560 529 interrogatus
590 485 615 515 a
645 470 833 524 consule,
866 471 970 530 quid
1001 472 1055 517 de
1086 473 1137 517 iis
1167 480 1381 527 censeret,
1412 488 1524 534 quae
1554 474 1609 519 de
1637 480 1772 520 matre
1796 475 1890 520 eius
1918 473 2060 520 locuta

278 559 404 591 secus
426 552 693 606 argueretur,
722 547 908 602 reticuit-3
940 547 1040 592 dein
1058 548 1253 607 proximo
1274 556 1448 594 senatus
1468 550 1539 595 die
1558 549 1671 595 illius
1692 565 1866 610 quoque
1886 550 2059 595 nomine

278 623 412 667 oravit
441 637 495 667 ne
526 623 594 667 cui
625 622 758 668 verba
787 622 829 666 in
860 636 957 667 eam
986 638 1164 683 quoquo
1193 625 1323 670 modo
1353 625 1496 670 habita
1525 626 1689 671 crimini
1709 626 1858 671 sorent.
1901 626 2059 671 libera-

246 698 422 757 svitque
441 698 693 757 Appuleiam
711 698 807 757 lege
828 699 1078 745 maiestatis:
1110 700 1305 746 adulterii
1326 702 1566 760 graviorem
1584 716 1769 761 poenam
1789 702 2057 761 deprecatuS,

277 781 322 818 ut
352 774 548 832 exemplo
578 775 789 819 maiorum
818 776 1070 835 propinquis
1100 777 1189 821 suis
1220 777 1328 822 ultra
1353 778 1692 823 ducentesimum
1710 778 1899 836 lapidem
1918 791 2060 823 remo-

275 857 448 896 veretur
476 851 621 895 suasit.
672 851 866 896 adultero
898 851 1050 896 Manlio
1081 852 1199 897 Italia
1229 859 1358 912 atque
1387 853 1526 899 Africa
1555 854 1826 899 interdictum
1855 860 1932 898 est.

389 926 470 984 (54)
500 928 564 971 De
603 926 812 985 praetore
842 927 885 971 in
922 927 1063 972 locum
1099 929 1286 987 Vipstani
1319 929 1445 981 Galli,
1491 944 1620 988 quem
1659 943 1776 973 mors
1812 928 2058 983 abstulerat,

275 1002 550 1061 subrogando
571 1010 788 1048 certamen
817 1003 1002 1048 incessit.
1053 1004 1332 1050 Germanicus
1354 1012 1482 1064 atque
1502 1006 1668 1049 Drusus
1691 1006 1801 1063 (nam
1822 1005 1951 1049 etiam
1970 1011 2060 1049 tum

225 1089 261 1120 10
274 1081 433 1123 Romae
454 1083 586 1136 erant)
607 1079 827 1124 Haterium
846 1080 1086 1138 Agrippam,
1118 1081 1410 1139 propinquum
1430 1081 1682 1133 Germanici,
1709 1081 1927 1126 fovebant:
1959 1094 2060 1126 con-

274 1161 337 1199 tra
365 1155 562 1214 plerique
591 1156 833 1200 nitebantur
861 1163 908 1200 ut
935 1170 1140 1200 numerus
1170 1155 1404 1202 liberorum
1434 1157 1476 1200 in
1497 1156 1733 1202 candidatis
1753 1155 2052 1216 praepolleret,

273 1231 389 1289 quod
429 1230 499 1276 lex
534 1231 721 1276 iubebat.
781 1231 1018 1276 laetabatur
1048 1231 1263 1284 Tiberius,
1305 1246 1404 1277 cum
1442 1232 1551 1277 inter
1585 1232 1695 1278 filios
1737 1233 1830 1277 eius
1867 1239 1910 1277 et
1938 1232 2056 1291 leges

273 1314 446 1353 senatus
476 1307 747 1366 disceptaret.
796 1308 907 1352 victa
936 1314 1002 1352 est
1031 1308 1123 1352 sine
1144 1307 1276 1352 dubio
1305 1307 1391 1360 lex,
1423 1308 1500 1353 sed
1521 1322 1664 1367 neque
1686 1308 1825 1353 statim
1846 1315 1888 1353 et
1907 1308 2056 1367 paucis

273 1382 504 1442 suffragiis,
536 1398 623 1442 quo
652 1383 782 1428 modo
813 1384 941 1428 etiam
972 1398 1070 1428 cum
1099 1383 1289 1428 valerent
1317 1384 1435 1442 leges
1465 1384 1758 1429 vincebantur.
2057 1388 2061 1394 '

386 1459 467 1516 (52)
493 1459 655 1503 Eodem
676 1473 786 1504 anno
808 1466 1007 1518 coeptum
1027 1459 1069 1502 in
1090 1459 1226 1504 Africa
1245 1459 1422 1512 bellum,
1445 1459 1557 1505 duce
1577 1460 1763 1505 hostium
1783 1460 2056 1506 Tacfarinate.

272 1536 308 1579 is
337 1536 507 1581 natione
533 1536 731 1587 Numida,
763 1536 807 1579 in
837 1535 987 1580 castris
1007 1536 1207 1580 Romanis
1237 1535 1458 1580 auxiliaria
1488 1536 1699 1595 stipendia
1730 1537 1926 1589 meritus,
1957 1550 2057 1580 mox

335 1665 368 1698 5.
389 1664 537 1706 puleium
558 1665 593 1698 M
625 1681 661 1688 --
701 1661 856 1705 deificatus
878 1665 911 1698 M
946 1681 981 1688 -·
1019 1663 1039 1696 7
1063 1664 1099 1697 et
1121 1664 1175 1696 45.
1199 1663 1323 1706 affrica
1348 1664 1382 1698 M
1419 1681 1455 1688 -
1491 1663 1546 1697 46.
1572 1664 1762 1697 aua-illaria
1788 1664 1839 1699 M:
1875 1663 2060 1697 auxiliaris

271 1721 424 1764 Lipsius,
451 1721 647 1754 auxiliariis
668 1721 941 1755 Freinshemius.

272 1835 316 1868 de
340 1832 520 1868 adulteriis
544 1835 579 1867 et
603 1834 752 1876 stupris,
776 1832 847 1866 lata
871 1842 903 1866 a.
926 1832 1001 1866 737.
1029 1833 1079 1867 Cf.
1105 1833 1138 1874 4,

270 1885 326 1919 42.
354 1902 389 1908 -
415 1886 451 1918 in
481 1894 514 1917 se
541 1885 637 1917 iacta
665 1883 748 1926 cet]
784 1884 848 1916 Dio
872 1884 926 1925 57,
952 1884 990 1916 9:
1030 1880 1076 1916 τό
1098 1893 1141 1927 γε

271 1931 455 1983 ὑβρίσθαι
483 1932 578 1982 πρός
606 1944 709 1975 τινος
742 1934 809 1966 καὶ
841 1931 886 1966 τὸ
918 1929 1141 1976 ἦσεβῆσθαι

271 1984 367 2034 πρός
394 1996 498 2027 τινος
529 1981 726 2028 (ἀσέβειάν
748 1994 789 2017 τε
811 1982 884 2031 γὰρ
908 1980 981 2028 ἤδη
1005 1986 1069 2018 καὶ
1093 1981 1139 2017 τὸ

270 2039 448 2071 τοιοῦτον
483 2032 684 2079 ὠνόμαζον
717 2036 783 2069 καὶ
817 2033 924 2077 δίκας
954 2034 1008 2069 ἐπ’
1035 2032 1138 2080 αὗτῷ

271 2085 415 2130 πολλὰς
459 2085 614 2131 ἐσῆγον)
665 2081 806 2130 ἥκιστα
858 2088 1137 2133 προσεποιεῖτο.

271 2137 360 2174 οὐδὲ
395 2134 501 2172 οἐστιν
538 2132 672 2182 ἥντινα
704 2135 887 2181 τοιαύτην
921 2136 981 2178 ἐφ’
1017 2133 1138 2180 ἑαυτῷ

269 2201 423 2237 γραφην
446 2186 721 2237 προσεδέξατο,
746 2188 883 2235 καίπερ
902 2185 970 2221 τὸν
992 2183 1141 2232 Αὔγου-

271 2251 364 2275 στον
392 2241 459 2274 καὶ
487 2240 529 2274 ἐν
553 2238 675 2284 τούτῳ
705 2238 915 2283 σεμνύνων.
962 2240 1006 2273 At
1035 2238 1139 2281 plane

270 2293 445 2325 mutatum
468 2290 647 2324 Tiberium
677 2290 835 2324 invenies
864 2289 959 2332 apud
988 2290 1139 2322 Dionem

270 2343 331 2383 58,
363 2341 417 2375 24.
449 2342 592 2376 WALTH.
627 2358 662 2364 —
699 2340 805 2383 secus]
841 2339 1014 2382 maligne,
1049 2340 1140 2373 irre-

270 2394 454 2433 verenter,
489 2392 528 2424 ut
558 2391 629 2424 Liv.
663 2391 700 2431 8,
734 2390 794 2423 33:
831 2391 910 2431 quid
944 2390 983 2423 de
1015 2390 1140 2432 colleya

269 2451 360 2475 secus
381 2442 511 2475 senatui
532 2441 695 2474 scriberet.
731 2440 782 2474 Cf.
807 2439 882 2473 Val.
908 2441 998 2474 Max.
1024 2440 1055 2481 9,
1082 2441 1136 2480 44,

270 2494 302 2526 2.
332 2511 366 2517 -
397 2492 589 2535 graviorem
619 2491 782 2532 poenam]
817 2499 908 2532 quae
941 2489 1019 2531 lege
1053 2489 1138 2522 Iulia

269 2542 501 2584 irrogabatur.
536 2540 700 2575 Similiter
723 2541 867 2573 Sueton.
894 2540 1014 2573 Octav.
1039 2540 1077 2573 ὅτ
1102 2540 1138 2572 in

270 2593 481 2634 deprecanda
517 2591 675 2634 praviore
711 2590 868 2623 adulterii
899 2598 1029 2631 poena,
1076 2589 1138 2623 ubi

269 2641 417 2676 Wolfius
452 2641 597 2684 quidem
631 2641 902 2683 interpretatur:
952 2652 967 2669 ‹-
976 2640 1136 2681 graviore

270 2701 378 2735 quam
394 2694 522 2726 statuta
539 2693 615 2725 erat
637 2690 715 2732 lege
738 2689 823 2724 Iulia
846 2689 890 2722 de
914 2689 1093 2723 adulteriis
1105 2699 1134 2730 »;

269 2743 335 2776 sed
357 2743 414 2776 hic
437 2741 563 2776 saltem
587 2740 757 2784 Appuleia
786 2738 897 2773 multo
928 2738 1136 2773 clementius

268 2794 389 2836 punita
424 2801 503 2826 esse
537 2793 715 2832 narratur,
756 2799 864 2832 quam
902 2788 1048 2822 iubebat
1080 2787 1137 2822 lex

269 2842 338 2876 illa.
372 2843 422 2877 Cf.
447 2841 522 2875 Iulii
544 2841 640 2876 Pauli
662 2842 808 2883 Recept.
840 2841 996 2873 sentent.
1021 2840 1054 2880 2,
1078 2840 1132 2880 26,

270 2893 323 2927 44.
349 2894 409 2935 qui
433 2891 528 2926 solus
553 2893 607 2925 est
629 2901 673 2924 ex
695 2892 769 2924 tota
799 2890 1004 2932 antiquitate
1033 2888 1134 2922 locus

269 2943 314 2976 de
348 2943 451 2976 huius
485 2941 571 2984 legis
604 2950 737 2984 poena:
776 2940 938 2974 Adulterii
970 2940 1135 2973 convictas

268 2994 422 3027 mulieres
450 2992 589 3026 dimidia
616 2994 717 3032 parte
746 2991 830 3023 dotis
859 2994 889 3024 et
914 2990 1013 3023 tertia
1037 2992 1135 3031 parte

269 3043 429 3076 bonorum
462 3051 503 3076 ac
534 3042 734 3084 relegatione
766 3041 802 3073 in
835 3040 979 3074 insulam
1009 3040 1136 3082 placuit

268 3094 415 3127 coerceri
422 3102 434 3133 ,·
458 3092 617 3126 adulteris
637 3100 714 3124 vero
737 3090 820 3123 viris
837 3091 919 3131 pari
941 3091 976 3123 in
991 3090 1135 3123 insulam

266 3144 468 3186 relegatione
482 3142 654 3175 dimidiam
668 3140 828 3173 bonorum
847 3143 978 3182 partem
993 3140 1134 3182 auferri,

269 3195 444 3227 dummodo
477 3193 512 3226 in
535 3193 683 3225 diversas
715 3190 840 3223 insulas
871 3190 1067 3232 relegentur.
1095 3209 1132 3214 —

268 3244 416 3285 eaeemplo
445 3243 613 3277 maiorum
635 3240 717 3282 cet.]
752 3241 896 3281 Dionys.
922 3239 997 3273 Hal.
1022 3240 1059 3281 2,
1092 3240 1134 3273 25

269 3303 311 3327 ex
326 3292 479 3334 Romuli,
504 3294 543 3326 ut
559 3292 694 3332 narrat,
719 3290 817 3332 lege:
841 3286 938 3333 γυνὴ
958 3286 1134 3337 ἁμαρτά-

267 3341 391 3377 νουσά
413 3353 449 3377 τι
471 3338 656 3385 δικαστὴν
679 3337 746 3374 τὸν
768 3336 1021 3382 ἀδικούμενον
1045 3341 1133 3381 (ma-

267 3394 386 3434 ritum)
418 3390 610 3435 ἐλάμβανε
643 3391 708 3424 καὶ
741 3386 808 3423 τοῦ
843 3388 1031 3433 μεγέθους
1064 3386 1133 3431 τῆς

267 3443 450 3491 τιμωρίας
476 3440 622 3491 κύριον.
657 3438 777 3476 ταῦτα
803 3437 844 3474 δὲ
874 3439 915 3473 οἱ
939 3441 1132 3484 συγγενεῖς

1188 1832 1287 1878 μετὰ
1320 1832 1388 1869 τοῦ
1422 1829 1563 1881 ἀνδρὸς
1599 1832 1789 1877 ἐδίκαζον·
1836 1832 1878 1867 ἐν
1911 1828 1972 1875 οἷς
2006 1827 2057 1877 ἧν

1190 1883 1322 1933 φθορὰ
1346 1882 1527 1928 σώματος
1548 1883 1627 1918 κτλ.
1674 1886 1792 1918 Livius
1815 1884 1869 1925 39,
1897 1884 1954 1918 ⁴8:
1978 1884 2059 1918 Mu-

1189 1936 1283 1969 lieres
1298 1937 1475 1969 damnatas
1496 1936 1645 1979 coynatis
1666 1939 1726 1969 aut
1746 1936 1782 1968 in
1798 1943 1941 1976 quorum
1953 1943 2060 1969 manu

1189 1990 1291 2020 essent
1313 1986 1504 2028 tradebant,
1535 1990 1573 2019 ut
1593 1986 1656 2028 ipsi
1678 1987 1714 2019 in
1739 1986 1876 2028 privato
1899 1985 2058 2018 animad-

1188 2041 1351 2070 verterent
1373 2038 1408 2070 in
1429 2046 1505 2071 eas:
1536 2037 1565 2070 si
1594 2046 1688 2070 nemo
1720 2040 1794 2070 erat
1814 2037 1950 2070 idoneus
1975 2045 2056 2078 sup-

1185 2089 1278 2129 plicii
1299 2092 1456 2130 exactor,
1492 2088 1528 2120 in
1556 2088 1688 2129 publico
1716 2087 2054 2121 animadvertebatur.

1189 2140 1333 2172 sueton.
1358 2139 1434 2172 Tib.
1460 2139 1519 2172 35:
1550 2140 1726 2172 Matronas
1744 2141 1936 2180 prostratae
1954 2138 2057 2180 pudi—

1188 2190 1305 2231 citiae,
1341 2190 1458 2231 quibus
1480 2193 1658 2223 accusator
1675 2189 1826 2231 publicus
1848 2189 1984 2230 deesset,
2018 2191 2057 2221 ut

1185 2240 1368 2281 propinqui
1396 2249 1489 2273 more
1522 2240 1690 2273 maiorum
1718 2240 1758 2273 de
1786 2239 1952 2272 communi
1979 2246 2056 2272 sen-

1189 2291 1291 2323 tentia
1312 2292 1517 2331 coercerent,
1543 2293 1661 2323 auctor
1673 2290 1748 2332 fuit.
1778 2288 1915 2322 Illustre
1932 2297 2056 2322 exem-

1188 2339 1286 2383 plum
1298 2340 1448 2374 feminae
1461 2340 1578 2374 mariti
1593 2340 1722 2373 iudicio
1735 2339 1930 2382 permissae
1942 2337 2056 2371 habes

1188 2393 1277 2424 Ann.
1303 2391 1363 2431 43,
1400 2391 1455 2424 32.
1489 2408 1526 2413 —-
1560 2391 1758 2432 propinquis
1789 2389 1873 2433 sais]
1908 2389 1931 2421 i.
1965 2397 1998 2422 e.
2032 2395 2055 2421 a

1188 2441 1394 2483 propinquis
1410 2441 1495 2474 suis.
1517 2441 1682 2473 Dativum
1695 2439 1822 2473 eodem
1834 2438 1942 2473 modo
1954 2446 2057 2472 usur-

1187 2492 1309 2534 patum
1331 2490 1444 2524 habes
1467 2490 1555 2524 inira
1579 2499 1611 2524 c.
1636 2490 1690 2524 57.
1716 2491 1754 2531 6,
1780 2489 1836 2524 44.
1861 2489 1915 2529 42,
1941 2489 1972 2522 4.
1996 2487 2052 2522 54.

1189 2541 1327 2583 43,.20.
1353 2540 1412 2583 44,
1437 2541 1492 2575 58.
1518 2542 1577 2581 46,
1602 2539 1656 2575 44.
1689 2541 1776 2574 Hist.
1802 2541 1834 2581 4,
1859 2539 1915 2573 44.
1938 2538 1992 2572 53.
2018 2537 2052 2580 3,

1189 2592 1241 2624 42.
1268 2592 1386 2624 Germ.
1406 2591 1459 2624 46.
1483 2591 1564 2633 Agr.
1581 2591 1614 2624 2.
1641 2590 1692 2624 Cf.
1718 2589 1765 2623 ad
1779 2589 1812 2631 3,
1828 2590 1882 2623 20.
1899 2604 1937 2613 -
1961 2588 2054 2622 ultra

1187 2641 1441 2674 ducentesimum
1463 2640 1624 2684 lapidem]
1649 2639 1694 2673 ab
1717 2639 1807 2673 urbe
1830 2640 1951 2673 Roma.
1989 2638 2054 2671 Ar-

1186 2690 1328 2724 bitraria
1350 2690 1536 2725 manifesto
1559 2691 1648 2724 haec
1670 2691 1746 2723 erat
1775 2697 1910 2732 poena,
1941 2686 2052 2721 multo

1186 2742 1306 2773 tamen
1330 2741 1463 2782 mitior,
1496 2749 1603 2783 quam
1626 2738 1794 2781 relegatio
1823 2739 1858 2772 in
1879 2736 2048 2777 insulam3

1187 2790 1230 2823 de
1254 2790 1398 2823 dimidia
1422 2791 1541 2823 autem
1563 2791 1664 2832 parte
1689 2789 1779 2822 dotis
1803 2790 1839 2822 et
1860 2788 1962 2821 tertia
1983 2786 2052 2820 bo-

1185 2849 1312 2873 norum
1336 2849 1380 2873 an
1397 2839 1590 2882 quidquam
1607 2840 1644 2872 in
1658 2837 1866 2882 Appuleiam
1881 2838 2051 2871 statutum

1184 2891 1245 2931 sit,
1270 2891 1376 2923 tacet.

1226 2941 1281 2973 64.
1305 2939 1480 2973 Haterium
1494 2938 1688 2981 Agrippam]
1713 2939 1774 2972 Est
1795 2937 1842 2978 is,
1867 2937 1927 2979 qui
1942 2945 2051 2979 supra

1187 2991 1215 3032 4,
1240 2990 1294 3023 77.
1320 2999 1351 3023 a.
1376 2989 1452 3023 768.
1481 2989 1644 3023 tribunus
1673 2987 1788 3031 plebis
1811 2987 1890 3028 fuit,
1927 2982 2050 3021 consul

1184 3049 1216 3074 a.
1241 3040 1317 3073 775.
1354 3039 1405 3074 Cf.
1431 3039 1472 3082 3,
1496 3038 1539 3073 49
1563 3040 1598 3072 et
1619 3039 1673 3073 62.
1712 3038 1800 3072 Huic
1829 3046 2049 3081 praenomen
2081 3075 2087 3079 ,

1184 3090 1247 3124 suit
1268 3090 1426 3124 Decimo.
1466 3090 1634 3123 Diversus
1664 3089 1716 3122 est
1738 3097 1759 3121 a
1783 3088 1823 3128 Q.
1849 3087 1990 3121 Haterio
2014 3089 2046 3129 4,

1186 3140 1238 3173 43.
1274 3141 1313 3181 2,
1338 3139 1391 3173 33.
1429 3138 1468 3181 4,
1495 3139 1548 3172 64.
1596 3139 1646 3172 De
1675 3137 1933 3181 propinquitate
1963 3136 2048 3170 nihil

1185 3190 1427 3232 compertum:
1467 3189 1597 3231 Ryckio
1625 3188 1766 3221 videtur
1798 3188 1950 3220 matrem
1982 3186 2048 3219 ha—

1184 3239 1305 3273 buisse
1328 3239 1531 3282 Vipsanium
1563 3239 1609 3273 M.
1635 3237 1800 3281 Vipsanio
1829 3236 1981 3279 Agrippa
2011 3237 2048 3270 et

1185 3288 1348 3324 Marcella
1371 3290 1536 3331 genitam.
1563 3287 1614 3322 Cf.
1632 3289 1773 3321 sueton.
1797 3286 1917 3320 Octav.
1935 3286 1989 3319 63.
2008 3303 2043 3311 —

1184 3341 1272 3380 quod
1300 3339 1356 3372 lex
1384 3338 1532 3380 iubebat]
1565 3336 1639 3372 scil.
1664 3338 1768 3380 Papia
1801 3337 1964 3379 Poppaea
1999 3335 2044 3369 de

1183 3389 1388 3422 maritandis
1426 3387 1606 3422 ordinibus
1643 3386 1711 3420 lata
1749 3394 1781 3420 a.
1813 3386 1896 3427 762,
1943 3386 2044 3419 cuius

1183 3440 1288 3483 caput
1310 3440 1403 3474 erat:
1438 3439 1501 3481 Qui
1522 3437 1777 3472 candidatorum
1793 3435 1908 3479 plum
1928 3435 2046 3471 liberos
