2254 3770
296 251 350 297 38
772 253 817 297 P.
850 250 1099 296 CORNELII
1129 250 1299 295 TACITI
1329 248 1597 294 ANNALIUM

297 365 468 403 teranos
498 373 582 403 non
614 359 834 407 missione,
871 372 955 401 non
983 357 1166 416 pecunia
1198 357 1392 407 satiatos;
1432 355 1499 398 hic
1529 360 1690 398 tantum
1726 353 1903 398 interfici
1935 359 2084 398 centu·-
2132 343 2134 346 ’

297 434 461 485 riones,
503 435 582 478 eici
614 435 825 483 tribunos,
869 432 1025 476 includi
1059 433 1237 488 legatos,
1278 430 1430 473 infecta
1461 429 1666 486 sanguine
1697 436 1853 479 castra,
1895 428 2080 480 flumina,

295 524 452 569 meque
482 510 722 568 precariam
761 509 943 552 animam
983 508 1091 550 inter
1122 506 1308 549 infensos
1339 505 1520 548 trahere.
1583 505 1663 561 (43)
1695 518 1772 548 cur
1801 507 1915 548 enim
1943 504 2082 563 primo

298 586 504 629 contionis
535 585 603 628 die
635 585 792 628 ferrum
823 582 944 632 illud,
978 582 1094 641 quod
1125 582 1288 640 pectori
1319 594 1418 625 meo
1444 578 1621 636 infigere
1642 579 1864 637 parabam,
1899 579 2086 623 detraxi-

265 661 389 711 iistis,
435 674 460 704 o
493 658 702 718 inprovidi
733 659 876 702 amici!
922 658 1074 701 melius
1114 663 1155 700 et
1194 657 1402 700 amantius
1443 654 1511 698 ille
1542 655 1616 713 qui
1646 654 1831 712 gladium
1862 653 2082 698 offerebat.

297 734 550 779 cecidissem
571 742 686 779 certe
706 733 893 778 nondum
917 739 974 776 tot
995 731 1250 789 flagitiorum
1273 730 1478 774 exercitui
1505 742 1603 773 meo
1625 729 1843 780 conscius;
1874 728 2086 787 legissetis

296 811 472 860 ducem,
505 811 577 869 qui
601 824 740 853 meam
761 808 937 868 quidem
956 816 1138 851 mortem
1160 808 1394 865 inpunitam
1414 806 1592 855 sineret,
1614 805 1711 849 Vari
1733 811 1874 848 tamen
1898 811 1941 847 et
1961 804 2086 847 trium

296 885 511 944 legionum
543 885 830 929 ulcisceretur.
882 897 1023 942 neque
1055 884 1168 926 enim
1208 883 1250 925 di
1288 882 1428 925 sinant
1470 888 1515 924 ut
1543 879 1786 937 Belgarum.
1826 893 2087 938 quamquam

296 961 579 1009 offerentium.
627 960 760 1004 decus
807 960 906 1003 istut
946 965 987 1002 et
1028 957 1233 1002 claritudo
1282 957 1350 1007 sit,
1397 956 1651 1000 subvenisse
1686 957 1878 1000 Romano
1914 954 2084 1005 nomini,

247 1047 282 1078 ιο
297 1037 606 1094 compressisse
628 1035 879 1079 Germaniae
910 1033 1105 1092 populos.
1139 1041 1228 1083 tua,
1256 1033 1353 1076 dive
1375 1034 1582 1090 Auguste,
1617 1030 1736 1075 caelo
1759 1036 1931 1088 recepta
1951 1043 2084 1078 mens,

296 1119 386 1161 tua,
426 1119 548 1170 pater
580 1113 735 1160 Druse,
770 1111 924 1166 imago,
964 1109 1023 1152 tui
1054 1109 1258 1152 memoria
1290 1107 1429 1151 isdem
1459 1107 1548 1150 istis
1579 1120 1675 1150 cum
1707 1105 1928 1154 militibus,
1973 1118 2084 1164 quos

297 1188 380 1230 iam
400 1187 540 1244 pudor
561 1194 601 1229 et
623 1186 754 1244 gloria
780 1186 918 1234 intrat,
956 1184 1098 1228 eluant
1120 1184 1227 1227 hanc
1246 1182 1458 1227 maculam
1486 1185 1657 1240 irasque
1681 1181 1827 1225 civiles
1850 1181 1889 1223 in
1912 1181 2088 1224 exitium

295 1262 490 1305 hostibus
511 1268 688 1305 vertant.
735 1274 810 1305 vos
841 1274 1033 1319 quoque,
1067 1273 1250 1318 quorum
1284 1258 1365 1301 alia
1395 1271 1508 1301 nunc
1539 1271 1632 1307 ora,
1667 1256 1747 1300 alia
1779 1263 1954 1315 pectora
1985 1269 2089 1300 con-

298 1345 437 1388 tueor,
480 1337 513 1380 si
546 1337 707 1394 legatos
747 1338 932 1386 senatui,
975 1334 1230 1394 obsequium
1269 1333 1534 1391 imperatori,
1577 1333 1612 1376 si
1650 1331 1749 1374 mihi
1789 1331 2015 1389 coniugem
2048 1337 2091 1375 et
2136 1330 2138 1332 ’

248 1412 429 1456 15filium
459 1411 658 1460 redditis,
702 1411 909 1455 discedite
941 1425 965 1454 a
996 1417 1190 1454 contactu
1234 1423 1284 1454 ac
1313 1408 1489 1452 dividite
1521 1407 1726 1452 turbidos.
1779 1406 1821 1450 id
1853 1405 2004 1451 stabile
2035 1406 2089 1450 ad

295 1487 619 1547 paenitentiam,
659 1486 701 1530 id
739 1486 838 1530 fidei
870 1485 1086 1529 vinculum
1116 1485 1232 1528 erit.»
1296 1485 1376 1542 (44)
1410 1483 1625 1542 supplices
1671 1482 1724 1526 ad
1763 1482 1870 1526 haec
1909 1488 1951 1526 et
1987 1494 2089 1525 vera

297 1563 544 1622 exprobrari
577 1562 755 1606 fatentes
786 1561 964 1605 orabant
1000 1561 1167 1619 puniret
1203 1561 1372 1610 noxios,
1406 1561 1648 1618 ignosceret
1677 1558 1807 1616 lapsis
1838 1564 1880 1602 et
1909 1557 2087 1602 duceret

296 1639 338 1682 in
379 1639 564 1689 hostem;
611 1644 886 1681 revocaretur
917 1637 1088 1687 coniux,
1131 1636 1290 1680 rediret
1330 1635 1543 1693 legionum
1583 1634 1778 1677 alumnus
1819 1647 1926 1678 neve
1957 1646 2086 1691 opses

297 1713 425 1758 Gallis
447 1713 697 1757 traderetur.
734 1712 917 1755 reditum
940 1712 1194 1770 Agrippinae
1216 1714 1435 1755 excusavit
1461 1705 1519 1754 ob
1549 1710 1837 1768 imminentem
1858 1715 2027 1766 partum
2045 1714 2088 1752 et

247 1799 283 1830 20
296 1788 504 1841 hiemem;
536 1795 760 1832 venturum
791 1788 943 1830 filium:
977 1795 1119 1831 cetera
1151 1788 1230 1845 ipsi
1262 1793 1613 1844 exsequerentur.
1660 1784 1905 1829 discurrunt
1939 1784 2086 1827 mutati

298 1870 340 1908 et
370 1863 740 1908 seditiosissimum
773 1877 990 1922 quemque
1022 1863 1183 1906 vinctos
1215 1862 1382 1905 trahunt
1413 1861 1467 1904 ad
1495 1860 1681 1918 legatum
1710 1859 1890 1917 legionis
1920 1858 2085 1918 primae

298 1940 341 1984 C.
367 1938 653 1990 Caetronium,
687 1939 760 1996 qui
792 1938 996 1982 iudicium
1026 1944 1067 1981 et
1097 1951 1259 1995 poenas
1291 1937 1345 1981 de
1369 1936 1546 1994 singulis
1567 1937 1609 1979 in
1630 1935 1744 1980 hunc
1767 1935 1940 1979 modum
1961 1948 2087 1979 exer-

341 2085 372 2117 t.
397 2085 540 2116 saciatos
562 2085 595 2117 Μ
627 2102 660 2107 -
693 2083 724 2115 3.
747 2083 964 2124 praecariam
987 2083 1020 2115 M
1053 2101 1087 2106 —
1119 2084 1150 2115 7.
1177 2084 1292 2116 siniret
1315 2092 1368 2125 pr.
1394 2083 1427 2115 M
1452 2100 1486 2106 -—
1520 2083 1553 2115 8.
1579 2084 1612 2115 di
1637 2091 1690 2125 pr.
1716 2083 1770 2115 M:
1804 2082 1850 2114 dii
1873 2089 1964 2113 corr.
1989 2081 2023 2114 M
2050 2099 2084 2105 —-

296 2139 433 2183 quaqua
454 2142 486 2174 M
519 2158 554 2163 —
590 2140 642 2172 it.
667 2142 759 2172 istem
782 2140 815 2171 M
850 2158 882 2162 —
919 2140 971 2172 42.
998 2139 1120 2171 Fluant
1145 2140 1175 2171 M
1202 2138 1341 2181 (Elaant
1364 2139 1501 2180 margo)
1539 2157 1572 2162 —-
1607 2139 1658 2171 43.
1690 2139 1813 2179 Vosque
1835 2146 1978 2179 quorum
2002 2138 2087 2179 Nip-

296 2197 447 2240 perdey.
475 2214 511 2220 -
539 2197 589 2228 ⁴5.
616 2196 765 2236 turpidos
787 2204 840 2238 pr.
866 2196 898 2229 M
923 2212 958 2218 —
987 2195 1037 2228 46.
1063 2195 1202 2236 suplices
1225 2204 1277 2237 pr.
1300 2196 1344 2228 M.

296 2334 398 2377 marn]
423 2335 461 2366 ut
484 2334 569 2367 Hist.
592 2334 630 2374 k,
656 2334 698 2367 76
719 2334 910 2374 precariam
931 2334 1046 2374 vitam,
1073 2342 1164 2375 quae

297 2389 368 2420 tota
392 2385 524 2427 pendet
546 2394 566 2417 a
591 2386 795 2427 potentioris
819 2384 998 2417 voluntate
1023 2386 1058 2417 et
1084 2394 1166 2427 pre-

299 2436 399 2469 cibus
422 2435 602 2467 dumtaxat
625 2435 843 2467 conceditur.

342 2486 395 2520 43.
429 2488 474 2517 tot
499 2485 706 2527 flagitiorum
733 2485 892 2517 emercitui
914 2494 985 2517 meo
1008 2484 1165 2526 conscius]

299 2537 430 2571 Eadem
456 2535 715 2568 constructione
735 2534 849 2568 Salust
880 2534 976 2567 Catil.
995 2535 1056 2566 22:
1083 2534 1168 2566 alius

299 2588 359 2621 alii
386 2585 470 2619 tanti
494 2585 654 2626 facinoris
676 2585 806 2616 conscii.
841 2585 936 2617 Curt.
961 2585 997 2623 6,
1025 2585 1077 2623 to,
1103 2584 1163 2616 ¹20:

299 2638 327 2671 si
356 2636 502 2669 conscius
529 2634 650 2666 Dimno
680 2635 765 2666 tanti
793 2635 922 2666 sceleris
949 2635 1092 2675 fuissem.
1129 2651 1163 2656 —

300 2691 377 2727 tua,
405 2690 504 2728 pater
527 2686 652 2725 Druse,
685 2684 806 2726 imayo]
841 2694 909 2717 non
935 2686 990 2717 est
1013 2684 1165 2724 effigies,

301 2746 392 2780 quae
427 2737 507 2778 post
541 2735 641 2767 XXlI.
668 2735 737 2767 iam
769 2743 879 2767 annos
908 2738 965 2766 vix
988 2734 1167 2776 proposita

301 2790 376 2822 erat
399 2788 433 2819 in
457 2788 653 2818 castrorum
678 2786 868 2827 principiis.
904 2786 1010 2818 Recte
1035 2785 1169 2816 Freins-

300 2840 458 2872 hemius:
478 2837 652 2869 «Revocat
667 2836 832 2869 militibus
848 2836 882 2868 in
896 2836 1052 2868 animum
1066 2835 1169 2867 Drusi

300 2888 488 2929 imaginem
513 2886 691 2919 mentibus
716 2895 840 2919 eorum
863 2887 969 2918 etiam
993 2886 1077 2917 tunc
1101 2886 1169 2917 im-

301 2945 477 2980 pressam,
503 2943 611 2977 quem
631 2935 731 2968 multi
747 2938 848 2968 antea
865 2936 994 2969 ducem
1009 2935 1170 2967 viderant

302 2991 407 3030 atque
439 2987 599 3020 admirati
630 2988 764 3019 erant.»
800 2986 917 3019 Verba
940 2987 988 3019 tui
1009 2986 1171 3019 memoria

302 3039 497 3073 inserviunt
525 3034 767 3081 ἐπεξηγήσει,
801 3039 835 3069 et
863 3037 906 3070 ad
937 3046 998 3070 eos
1027 3037 1170 3079 potissi-

303 3099 401 3123 mum
425 3089 643 3128 referuntur,
680 3088 738 3130 qui
761 3089 1008 3121 veteranorum
1034 3090 1168 3120 tantum

304 3141 521 3172 narrationes
545 3138 588 3171 de
613 3147 655 3171 eo
672 3138 866 3171 audierant.
890 3157 925 3162 —-
949 3138 1068 3180 gloria]
1094 3136 1170 3178 glo-

303 3191 375 3223 riae
393 3199 520 3224 sensus
536 3190 572 3222 et
587 3188 754 3222 studium.
781 3188 829 3221 Cf.
845 3189 949 3230 Verg.
962 3190 1022 3221 Ge.
1038 3188 1069 3227 4,
1084 3188 1167 3220 205:

307 3240 427 3271 Tantus
449 3249 546 3272 amor
565 3241 688 3281 florum
702 3242 733 3272 et
747 3239 928 3280 yenerandi
943 3238 1052 3279 yloria
1066 3238 1169 3269 mellis

307 3289 352 3329 (iu
375 3288 522 3331 apibus).
548 3289 619 3323 Cic.
637 3288 683 3321 ad
706 3287 823 3321 Famil.
845 3289 877 3329 7,
895 3287 946 3326 ⁴3,
967 3289 997 3319 ⁴:
1024 3288 1166 3328 Moriar,

304 3339 357 3379 ni,
383 3349 467 3380 quae
489 3344 547 3372 tua
569 3340 679 3382 yloria
699 3343 762 3380 est,
784 3342 866 3380 puto
888 3342 918 3371 te
933 3338 1030 3370 malle
1046 3347 1068 3370 a
1085 3338 1169 3370 Cae-

305 3398 381 3422 sare
394 3390 518 3422 consuli
534 3399 636 3431 quam
650 3389 819 3423 inaurari.
836 3405 872 3413 —
890 3388 975 3421 hanc
988 3387 1166 3430 maculam]

1217 2342 1287 2367 non
1312 2332 1507 2376 publicam,
1539 2342 1580 2365 ex
1605 2332 1705 2365 clade
1729 2333 1879 2365 Variana
1903 2341 2086 2374 aspersam

1218 2386 1373 2417 Romano
1404 2384 1554 2423 nomini,
1585 2384 1650 2415 sed
1680 2384 1771 2415 hanc
1801 2384 1914 2425 ipsam
1941 2383 2086 2416 seditio-

1218 2443 1319 2473 nem,
1347 2434 1380 2466 id
1401 2434 1496 2475 quod
1513 2433 1644 2466 docent
1659 2433 1768 2466 verba
1786 2435 1952 2466 continuo
1968 2434 2085 2466 iuncta

1217 2487 1351 2524 irasque
1370 2485 1490 2517 civiles.
1524 2484 1573 2516 Cf.
1593 2484 1699 2516 etiam
1723 2494 1754 2517 c.
1773 2483 1833 2517 49:
1859 2488 1967 2516 truces
1985 2485 2087 2517 etiam

1217 2540 1287 2568 tum
1317 2536 1445 2567 animos
1472 2536 1590 2575 cupido
1620 2535 1747 2567 involat
1774 2535 1872 2567 eundi
1895 2535 1929 2566 in
1951 2535 2085 2575 hesim,

1215 2587 1434 2627 piaculum
1461 2585 1635 2627 furoris.
1677 2594 1707 2617 c.
1733 2586 1793 2618 5⁴:
1826 2585 2088 2618 Caesar--hoc

1216 2638 1299 2669 illud
1327 2640 1453 2677 tempus
1482 2635 1719 2668 oblitterandae
1744 2636 1911 2668 seditionis
1931 2636 2087 2668 clamita-

1218 2688 1294 2719 bat:
1321 2690 1512 2728 peryerent,
1538 2690 1759 2726 properarent
1781 2687 1912 2726 culpam
1936 2687 1970 2718 in
1992 2687 2090 2719 decus

1216 2740 1354 2769 vertere.
1386 2754 1421 2759 —
1458 2745 1515 2768 vos
1550 2735 1687 2777 quoque]
1723 2736 1854 2768 Eximia
1889 2737 2084 2778 peroratio:

1218 2789 1348 2819 mutata
1371 2794 1434 2818 ora
1457 2789 1487 2817 et
1507 2789 1644 2826 pectora
1667 2794 1749 2817 cum
1773 2785 1872 2824 dicit,
1903 2794 2009 2818 nemo
2033 2787 2089 2818 est

1219 2837 1278 2878 qui
1302 2836 1355 2876 id,
1381 2838 1410 2868 si
1433 2834 1530 2874 velit,
1558 2845 1627 2868 non
1651 2835 1695 2867 ad
1712 2844 1751 2867 se
1769 2837 1929 2876 privatim
1945 2834 2086 2868 trahere

1220 2887 1344 2928 queat;
1370 2886 1548 2927 postrema
1573 2887 1691 2917 autem
1716 2886 1887 2917 sententia
1913 2884 2086 2918 eiusmodi

1220 2939 1290 2976 est,
1316 2937 1371 2975 ut,
1398 2936 1425 2968 si
1444 2936 1503 2977 qui
1519 2936 1635 2968 adhuc
1651 2935 1738 2967 iram
1756 2936 1947 2975 retineant,
1972 2936 2006 2967 in
2024 2943 2085 2967 eos

1220 2989 1374 3019 ceteram
1398 2984 1539 3017 turbam
1556 2986 1685 3023 armet,
1711 2993 1775 3017 seu
1795 2985 2005 3026 paenitentia
2021 2993 2085 3017 seu

1219 3038 1316 3069 metu
1340 3045 1475 3078 poenae
1500 3037 1535 3068 et
1557 3037 1765 3077 coeptorum
1790 3034 1980 3067 diffidentia
2003 3043 2085 3068 cor-

1219 3089 1365 3119 rectam.
1383 3086 1502 3119 Wotr.
1520 3103 1554 3109 -
1579 3085 1722 3126 dividite]
1742 3094 1806 3127 pro
1820 3085 2007 3124 secernite,
2025 3092 2085 3116 se-

1219 3138 1349 3179 iungite
1366 3145 1384 3169 a
1400 3136 1512 3176 vobis,
1535 3135 1630 3178 quod
1647 3137 1702 3168 est
1717 3143 1802 3168 sane
1820 3134 1982 3168 insolens.
2000 3134 2082 3166 Ean.

1262 3186 1316 3220 44.
1341 3187 1460 3228 cetera]
1478 3187 1660 3219 noxiorum
1678 3185 1907 3227 punitionem.
1927 3201 1963 3207 -
1990 3183 2083 3225 lequ—

1218 3241 1287 3270 tum
1310 3237 1446 3279 leyionis
1465 3237 1605 3279 primae]
1630 3237 1746 3277 Legati
1770 3235 1946 3276 legionum
1963 3243 1981 3266 a
1999 3232 2083 3266 Iulio

1220 3288 1370 3321 Caesare
1410 3288 1566 3320 instituti.
1613 3285 1764 3319 Retinuit
1797 3293 1858 3317 eos
1892 3285 2082 3324 Augustus,

1219 3339 1384 3371 universo
1417 3337 1583 3369 exercitui
1615 3335 1824 3378 praeficiens
1847 3333 1980 3375 legatos
2004 3341 2086 3366 con-

1219 3387 1370 3428 sulares,
1402 3386 1543 3429 singulis
1574 3385 1769 3428 legionibus
1791 3383 1925 3425 legatos
1948 3384 2085 3426 praeto-
