2254 3770
746 257 902 302 LIBER
929 256 994 300 VI.
1038 255 1139 314 Cap.
1171 254 1238 298 Η.
1269 254 1335 298 ⁴2.
1366 253 1434 299 ⁴3.
1902 247 1986 294 279

200 366 424 424 magistros
466 365 776 423 aestimatoque
815 362 1021 413 carmine,
1061 359 1176 419 apud
1218 360 1532 419 infrequentem
1569 364 1766 404 senatum
1810 357 1982 414 egisset.

197 440 323 486 simul
352 439 694 489 commonefecit,
732 437 833 496 quia
868 436 999 480 multa
1033 449 1144 479 vana
1178 435 1260 479 sub
1290 435 1462 479 nomine
1493 433 1653 479 celebri
1687 431 1981 491 vulgabantur,

196 516 389 561 sanxisse
407 517 654 573 Augustum,
685 527 815 572 quem
844 513 954 556 intra
972 511 1087 556 diem
1114 509 1168 554 ad
1198 516 1443 568 praetorem
1470 510 1682 554 urbanum
1701 507 1981 558 deferrentur,

195 605 337 650 neque
365 590 526 635 habere
555 589 753 648 privatim
781 588 941 632 liceret.
972 585 1090 645 quod
1119 599 1145 630 a
1173 585 1408 629 maioribus
1437 597 1614 643 quoque
1644 584 1863 628 decretum
1891 588 1983 625 erat

194 673 293 725 post
323 672 520 710 exustum
549 663 697 708 sociali
726 662 840 707 bello
870 661 1137 720 Capitolium,
1166 660 1374 718 quaesitis
1404 661 1531 703 Samo
1561 658 1637 702 Ilio
1667 657 1872 717 Erythris,
1902 667 2012 714 per5

194 741 374 786 Africam
405 741 532 784 etiam
562 754 613 783 ac
642 738 829 783 Siciliam
847 743 900 794 ‘et
928 736 1094 781 Italicas
1125 735 1335 785 colonias,
1368 733 1626 778 carminibus
1657 731 1865 783 Sibullae,
1897 745 1982 775 una

193 830 271 860 seu
308 815 455 873 plures
491 815 631 865 suere,
673 814 859 871 datoque
889 811 1185 856 sacerdotibus
1214 809 1403 868 negotio,
1442 811 1647 867 quantum
1681 807 1867 851 humana
1897 820 1980 865 ope

195 891 443 949 potuissent,
480 903 581 932 vera
611 888 870 932 discernere.
915 886 1041 944 igitur
1069 892 1170 930 tunc
1198 899 1374 944 quoque
1404 885 1562 929 notioni
1594 882 1981 942 quindecimvirum

193 965 230 1010 is
256 965 367 1010 liber
394 965 614 1009 subicitur.

306 1040 388 1097 (⁴3)
418 1039 561 1083 Isdem
591 1037 839 1083 consulibus
879 1037 1083 1095 gravitate
1120 1049 1315 1080 annonae
1351 1035 1467 1078 iuxta
1500 1033 1755 1078 seditionem
1784 1039 2031 1086 ventum;⁴o

192 1114 421 1174 multaque,
454 1122 496 1159 et
524 1114 671 1173 plures
700 1128 780 1172 per
800 1113 905 1163 dies,
938 1113 981 1156 in
1010 1112 1174 1156 theatro
1198 1111 1396 1156 licentius
1414 1108 1639 1167 efflagitata
1659 1123 1788 1167 quam
1810 1108 1981 1152 solitum

191 1190 421 1234 adversum
456 1190 770 1248 imperatorem.
817 1189 915 1246 quis
945 1194 1182 1232 commotus
1212 1187 1422 1230 incusavit
1449 1185 1720 1242 magistratus
1746 1189 1980 1242 patresque

190 1266 307 1324 quod
344 1279 428 1309 non
464 1264 634 1323 publica
671 1265 919 1308 auctoritate
949 1262 1156 1321 populum
1186 1261 1501 1314 coercuissent;
1539 1259 1791 1317 addiditque
1821 1258 1980 1316 quibus

192 1355 246 1386 ex
273 1340 504 1399 provinciis
534 1347 576 1384 et
604 1345 764 1398 quanto
794 1339 1000 1382 maiorem
1017 1352 1145 1397 quam
1166 1339 1380 1395 Augustus
1400 1336 1464 1380 rei
1483 1334 1784 1379 frumentariae
1812 1333 1980 1392 copiam

255 1469 287 1501 ⁴.
311 1467 526 1507 estimatoque
552 1466 587 1499 M
618 1482 656 1489 -
685 1465 718 1498 2.
744 1473 820 1497 cum
846 1473 945 1497 mune
965 1464 1043 1505 fecit
1064 1465 1097 1497 M
1121 1463 1375 1505 (commonefecit
1396 1461 1531 1504 margo)
1558 1480 1595 1486 -
1625 1461 1657 1495 4.
1682 1470 1763 1495 neve
1783 1461 1978 1497 Ernestius.

193 1542 230 1547 —
255 1524 288 1556 ὅ.
312 1524 428 1556 sociali
449 1523 530 1555 belle
552 1523 653 1554 uncis
675 1520 815 1555 inclusit
837 1521 1059 1563 Nipperdey;
1083 1521 1174 1553 civili
1196 1520 1279 1553 bello
1301 1518 1456 1552 malebat
1477 1519 1628 1560 Lipsius.
1654 1518 1706 1551 Cf.
1730 1519 1840 1551 Kiene
1863 1518 1977 1552 Gesch.

190 1580 246 1613 des
266 1579 662 1621 Bundesqenossenkrieqs
684 1588 719 1621 p.
744 1579 821 1612 34⁴.
845 1597 890 1603 —-
911 1579 1117 1619 erytrythrys
1140 1576 1286 1620 (syllaba
1309 1581 1363 1618 try
1384 1576 1525 1620 punctis
1548 1575 1677 1617 notata)
1699 1576 1732 1610 M
1757 1593 1793 1599 —
1820 1575 1852 1608 ὃ.
1878 1575 1980 1617 affii-

190 1646 265 1670 cam
288 1638 321 1670 M
339 1655 375 1660 —
399 1636 526 1669 sibillae
547 1637 581 1670 M
598 1654 633 1660 -
654 1636 706 1669 ⁴4.
732 1645 776 1669 ex
798 1637 965 1669 Ritterus:
993 1639 1023 1668 et
1046 1636 1097 1675 M;
1123 1644 1140 1667 e
1163 1634 1279 1676 vulgo.
1307 1653 1342 1658 —
1367 1632 1549 1675 pro-uintiis
1570 1633 1614 1666 M.

234 1743 287 1776 ⁴2.
314 1742 475 1775 Caninius
504 1742 636 1784 Gallus]
671 1743 708 1775 L.
736 1742 900 1775 Caninius
929 1741 1057 1782 Gallus,

194 1793 360 1834 magister
383 1791 530 1825 fratrum
552 1791 730 1832 Arvalium
755 1801 787 1824 a.
810 1801 846 1824 u.
871 1791 947 1825 789.
973 1792 1059 1825 Vide

191 1844 375 1877 Marinium
407 1844 475 1876 Atti
507 1844 556 1876 de’
578 1843 703 1884 fratelli
730 1843 847 1876 Arvali
879 1851 913 1884 p.
938 1842 992 1876 44.
1021 1861 1056 1866 —

190 1894 440 1935 quindecimvir]
466 1894 516 1926 Cf.
535 1893 567 1933 3,
586 1893 639 1927 64.
661 1912 697 1916 —
722 1897 855 1926 senatus
876 1893 1060 1925 consultum

186 1944 424 1986 postulaverat]
455 1939 508 1977 Οῧ
543 1941 616 1990 γὰρ
646 1940 736 1986 ἐξῆν
764 1941 876 1977 οὐδὲν
897 1941 972 1976 τῶν
994 1943 1060 1976 Σι-

189 1993 392 2034 βυλλείων,
417 1994 452 2026 εἰ
470 1990 527 2036 μὴ
551 1990 576 2036 ἡ
598 1991 723 2036 βουλὴ
750 1995 995 2037 ψηφίσαιτο,
1019 1993 1058 2035 ἐς

189 2041 235 2077 τὸ
263 2042 412 2087 πλῆθος
434 2041 736 2087 ἐξαγγέλλεσθαι.
768 2044 833 2076 Dio
857 2044 911 2083 39,
937 2045 990 2077 ⁴5.
1019 2061 1053 2066 —

186 2103 248 2135 per
280 2095 523 2136 discessionem]
560 2093 688 2126 Gellius
716 2094 757 2126 N.
787 2095 827 2126 Α.
861 2093 923 2134 ⁴4,
957 2094 990 2132 7,
1016 2093 1055 2125 9:

187 2148 321 2177 senalus
352 2144 537 2176 consultum
563 2143 638 2185 fieri
668 2142 794 2175 duobus
814 2144 919 2175 modis
942 2143 1059 2185 (docet

188 2195 233 2228 M.
258 2193 400 2234 Varro),
430 2197 490 2226 aut
507 2202 570 2233 per
591 2194 817 2226 discessionem
841 2192 996 2235 (solam),
1031 2195 1059 2227 si

187 2245 443 2283 consentiretur,
468 2246 540 2282 aut,
564 2243 592 2274 si
605 2251 659 2274 res
673 2242 775 2275 dubia
789 2246 886 2284 esset,
905 2252 970 2284 per
990 2243 1058 2275 sin-

186 2294 342 2336 qulorum
360 2293 538 2326 sentencias
551 2293 745 2335 exquisitas.
761 2310 797 2315 —
815 2293 970 2326 scientiae
984 2302 1058 2326 cae-

187 2345 476 2383 rimoniarumque
496 2342 606 2384 vetus]
638 2342 725 2375 Vide
749 2342 795 2375 ad
819 2343 850 2380 ⁴,
875 2343 935 2375 20:
964 2346 1057 2375 vetus

188 2394 295 2434 operis
309 2402 351 2425 ac
365 2392 500 2425 laboris.
522 2410 554 2415 —
578 2393 703 2424 incerto
725 2391 871 2434 auctore]
895 2392 985 2425 Eum
1001 2393 1056 2425 in-

189 2443 323 2485 telligo,
349 2444 409 2485 qui
430 2442 561 2475 librum
584 2443 691 2476 istum
714 2451 797 2475 cum
815 2443 959 2476 Caninio
983 2444 1056 2485 pri-

189 2502 290 2527 mum
318 2493 607 2526 communicarat.
640 2510 677 2516 —-
708 2493 902 2534 magistros]
933 2491 1055 2534 quales

188 2544 306 2576 omnia
334 2542 560 2576 sacerdotum
591 2541 736 2584 collegia
766 2541 971 2581 habebant,
996 2543 1055 2583 qui

188 2595 225 2625 et
247 2591 411 2634 collegio,
444 2601 526 2625 cum
551 2592 677 2631 coiret,
707 2593 916 2633 praeessent
939 2593 974 2624 et
996 2600 1055 2623 re-

189 2651 275 2675 cens
291 2643 474 2683 cooptatos
491 2642 714 2674 caerimoniis
730 2642 961 2674 instituerent.
986 2640 1056 2673 Pli-

189 2693 267 2725 nius
288 2692 329 2724 N.
356 2692 396 2724 H.
420 2692 461 2724 28
484 2691 506 2732 5
524 2692 583 2723 42ε
609 2691 905 2731 quindecimvirum
927 2690 1056 2731 collegii

186 2742 356 2784 magister.
387 2742 495 2774 Mirus
517 2749 603 2773 sane
628 2742 683 2773 est
704 2749 875 2773 numerus
899 2739 1054 2782 pluralis,

169 2828 172 2831 ‚
188 2792 357 2833 quoniam
379 2799 471 2823 unus
494 2790 677 2823 dumtaxat
692 2790 819 2823 eodem
837 2792 996 2832 tempore
1013 2799 1054 2822 ea

188 2842 354 2883 dignitate
370 2840 465 2883 fungi
482 2842 633 2883 poterat.
659 2840 905 2873 Difficultatem
921 2842 967 2872 ita
984 2839 1056 2873 sol-

188 2900 272 2924 vere
295 2893 444 2924 conatur
465 2890 643 2924 Walther:
674 2892 865 2924 «Nimirum
889 2891 1056 2932 magiste-

187 2942 281 2974 rium
310 2941 442 2974 ordinis
472 2950 537 2983 per
566 2941 665 2974 vices
693 2940 781 2973 obiri
814 2939 963 2973 solebat.
1002 2939 1054 2972 Cf.

139 3027 142 3029 ‚
187 2992 330 3024 sueton.
357 2989 463 3032 Calig.
489 2990 551 3023 22:
581 2991 778 3032 magisteria
806 2990 982 3022 sacerdotii
1004 2991 1057 3022 di-

188 3041 330 3074 tissimus
361 3042 501 3081 quisque
541 3044 572 3072 et
604 3040 795 3072 ambitione.
813 3043 844 3072 et
875 3039 1057 3072 licitatione

187 3091 342 3124 maxima
371 3089 495 3122 vicibus
527 3089 778 3130 comparabant.
813 3088 897 3122 Inde
932 3087 1055 3130 colligo

188 3140 437 3181 magistrorum
461 3139 602 3171 nomine
625 3139 778 3179 insignes
795 3138 902 3171 fuisse
918 3139 953 3170 in
970 3147 1056 3180 quo-

188 3189 241 3222 vis
284 3188 510 3222 sacerdotum
549 3186 712 3228 collegio,
753 3189 812 3229 qui
854 3188 1054 3228 magisterio

188 3238 298 3271 functi
331 3239 486 3277 inerant,
520 3237 565 3270 ad
596 3238 729 3279 eosque
762 3237 972 3278 pertinuisse
995 3246 1054 3270 res

189 3287 363 3321 interioris
395 3287 680 3325 deliberationis,
715 3285 828 3327 qualis
858 3295 942 3318 sane
965 3285 1054 3319 haee

190 3338 266 3369 erat
287 3337 332 3370 de
356 3346 448 3370 novo
471 3336 560 3370 libro
584 3335 822 3377 recipiendo.»
846 3333 968 3368 Melius
984 3336 1056 3368 Rit-

191 3387 304 3419 torus:
331 3386 524 3426 «Quoniam
547 3384 680 3427 singula
701 3384 928 3418 sacerdotum
952 3383 1056 3418 colle-

1109 1742 1163 1783 gia
1192 1741 1227 1773 in
1258 1739 1367 1773 rebus
1395 1738 1616 1782 gravioribus
1643 1738 1762 1771 cetera
1786 1736 1977 1779 adiungere

1109 1791 1173 1825 sibi
1199 1793 1235 1824 et
1257 1790 1421 1833 poterant
1440 1791 1476 1822 et
1490 1788 1671 1828 solebant,
1697 1787 1779 1820 nihil
1795 1787 1979 1828 impedivit

1108 1842 1305 1881 Tiberium,
1338 1849 1408 1882 quo
1441 1839 1560 1872 minus
1587 1839 1767 1880 maqistros
1789 1837 1975 1879 scriberet,

1109 1901 1179 1925 non
1202 1891 1434 1933 magristrum.»
1459 1907 1490 1911 —
1515 1889 1667 1922 sanxisse
1687 1889 1871 1931 Augustum
1894 1888 1976 1930 cet.]

1108 1942 1294 1974 Suetonius
1327 1942 1416 1982 Aug.
1441 1940 1502 1972 3⁴:
1539 1940 1717 1980 Postquam
1744 1939 1976 1980 pontificatum

1107 1993 1295 2024 maximum
1316 1991 1456 2031 suscepit
1472 1990 1692 2031 (Augustus),
1718 1989 1879 2031 quidquid
1898 1988 1978 2030 fati-

1107 2043 1258 2075 dicorum
1289 2041 1452 2073 librorum
1485 2040 1605 2073 Graeci
1639 2039 1817 2079 Latinique
1847 2038 1977 2080 generis

1106 2093 1207 2125 nullis
1227 2092 1280 2125 vel
1299 2101 1425 2132 parum
1447 2091 1573 2123 idoneis
1594 2089 1786 2122 auctoribus
1805 2089 1903 2131 vulqo
1925 2088 1976 2130 fe-

1105 2142 1262 2182 rebatur,
1292 2150 1399 2183 supra
1427 2141 1492 2173 duo
1520 2140 1615 2172 milia
1636 2142 1810 2172 contracta
1830 2139 1977 2180 undique

1106 2192 1266 2224 cremavit
1288 2201 1330 2224 ac
1351 2191 1436 2224 solos
1456 2190 1595 2223 retinuit
1609 2189 1796 2229 Sibyllinos,
1818 2189 1876 2220 hos
1891 2197 1976 2228 quo-

1106 2250 1170 2284 que
1192 2242 1310 2274 dilectu
1332 2241 1460 2281 habito,
1485 2240 1695 2281 condiditque
1712 2239 1838 2272 duobus
1857 2239 1978 2281 forulis

1105 2293 1238 2334 auratis
1251 2292 1310 2324 sub
1326 2291 1469 2325 Palatini
1481 2290 1643 2331 Apollinis
1657 2290 1742 2323 basi.
1769 2289 1820 2322 Cf.
1838 2290 1902 2322 Dio
1918 2287 1973 2329 54,

1106 2343 1159 2375 47.
1175 2358 1210 2365 -
1229 2342 1345 2374 sociali
1367 2341 1459 2381 bello]
1485 2338 1694 2382 Capitolium
1710 2339 1920 2381 flagraverat
1935 2339 1973 2371 L.

1105 2393 1266 2434 Scipione
1291 2392 1328 2425 C.
1347 2390 1513 2425 Norbano
1537 2398 1630 2423 coss.
1655 2398 1687 2422 a.
1706 2398 1739 2422 u.
1758 2389 1834 2428 67⁴3
1858 2388 1977 2421 bellum

1105 2444 1225 2474 autem
1255 2441 1376 2474 sociale
1408 2440 1551 2483 proprie
1578 2439 1714 2472 dictum
1739 2438 1976 2481 compositum

1105 2493 1180 2524 erat
1192 2492 1261 2524 iam
1272 2500 1304 2523 a.
1315 2490 1431 2524 u.666.
1448 2491 1570 2531 Itaque
1583 2489 1781 2522 accuratius
1793 2488 1973 2521 dixitHist.

1104 2541 1136 2580 3,
1162 2541 1223 2573 72:
1249 2543 1381 2573 arserat
1403 2543 1434 2572 et
1457 2542 1534 2572 ante
1556 2539 1755 2580 Capitolium
1778 2538 1869 2570 civili
1894 2537 1975 2570 bello

1105 2591 1125 2622 i.
1142 2599 1174 2623 e.
1191 2590 1346 2623 Mariano
1361 2585 1436 2622 sive
1457 2587 1610 2621 Sullano.
1624 2606 1659 2611 —
1673 2586 1837 2628 Erythris]
1857 2587 1973 2619 Ioniae

1104 2639 1193 2673 urbe
1217 2649 1236 2671 e
1260 2640 1404 2680 regione
1422 2638 1509 2671 Chii.
1538 2639 1590 2671 De
1607 2638 1802 2678 Erythraea
1825 2637 1974 2669 ceteris-

1105 2698 1174 2731 que
1198 2698 1327 2722 novem
1350 2687 1490 2729 Sibyllis
1513 2687 1593 2720 vide
1616 2687 1793 2729 inprimis,
1819 2695 1909 2728 quae
1919 2686 1970 2718 Μ.

1104 2740 1260 2771 Varrone
1290 2739 1436 2771 auctore
1465 2737 1663 2770 docuerunt
1686 2737 1885 2769 Lactantius
1913 2736 1973 2767 In-

1104 2790 1173 2822 stit.
1200 2789 1269 2821 div.
1298 2790 1327 2828 l,
1355 2789 1374 2820 6
1397 2790 1433 2821 et
1456 2788 1644 2829 Dionysius
1668 2786 1776 2820 Halic.
1802 2787 1918 2826 Antiq.
1936 2784 1970 2825 4,

1105 2839 1158 2872 62.
1188 2857 1220 2862 —
1253 2837 1397 2880 notioni]
1423 2838 1474 2871 Cf.
1500 2837 1533 2878 3,
1557 2837 1621 2870 59:
1651 2837 1758 2870 dilata
1782 2836 1912 2869 notione
1933 2835 1972 2868 de

1103 2889 1176 2921 iure
1197 2888 1355 2931 staminis.

1149 2987 1202 3020 ⁴3.
1226 2987 1393 3029 gravitate
1415 2987 1581 3028 annonae]
1602 2995 1749 3029 prorsus
1771 2985 1810 3017 ut
1828 2985 1881 3025 Η,
1899 2983 1920 3018 4
1935 2986 1972 3018 et

1103 3037 1137 3076 2,
1155 3037 1216 3069 87:
1241 3037 1562 3069 saevitia-annonae.
1585 3054 1619 3060 -
1640 3037 1677 3069 in
1692 3034 1830 3076 theatro]
1845 3034 1972 3067 Mansit

1105 3087 1280 3119 theatrum
1305 3087 1411 3120 sedes
1426 3086 1714 3120 lamentationum
1730 3083 1971 3126 querelarum-

1105 3145 1174 3178 que
1198 3136 1316 3179 populi
1338 3146 1452 3179 usque
1475 3137 1522 3170 ad
1544 3138 1704 3178 tempora
1724 3135 1854 3167 Sidonii
1869 3133 1971 3177 Apol-

1104 3185 1234 3219 linaris.
1259 3187 1323 3229 Ep.
1340 3188 1373 3227 l,
1399 3188 1459 3220 ⁴0:
1496 3188 1630 3227 Vereor,
1654 3195 1694 3218 ne
1713 3185 1838 3227 famem
1854 3185 1971 3226 populi

1104 3236 1244 3268 Romani
1276 3236 1449 3269 theatralis
1482 3245 1602 3269 caveae
1632 3235 1753 3277 sraqor
1784 3235 1912 3268 insonet
1940 3238 1971 3268 et

1102 3286 1285 3327 infortunio
1312 3295 1384 3319 meo
1411 3286 1546 3328 publica
1575 3286 1748 3325 deputetur
1769 3285 1903 3318 esuries,
1931 3303 1967 3309 —

1104 3345 1204 3376 quam
1226 3336 1408 3379 Auyustus]
1444 3337 1538 3369 cuius
1571 3338 1715 3376 tempore
1747 3344 1792 3368 ea>
1822 3335 1969 3377 Aeqypto

1103 3385 1178 3418 urbi
1199 3395 1316 3419 annua
1337 3386 1499 3419 ducenties
1520 3387 1656 3418 centena
1675 3384 1772 3418 milia
1786 3385 1968 3428 (modium)
