2254 3770
301 250 384 293 550
787 250 831 293 P.
863 248 1114 293 CORNELII
1143 249 1313 294 TACITI
1342 249 1611 295 ANNALIUM

302 355 468 400 scelera
497 356 728 400 distentum
746 354 870 413 quasi
891 355 1078 399 minores
1098 369 1291 399 evasere.
1335 356 1388 413 (9)
1410 362 1510 401 tunc
1529 357 1723 402 consulto
1743 362 1916 402 senatus
1937 357 2085 402 Cassio

302 438 345 475 et
374 431 516 475 Silano
547 430 673 475 exilia
703 430 1011 474 decernuntur:
1043 430 1098 474 de
1127 430 1290 488 Lepida
1321 431 1479 476 Caesar
1508 438 1723 477 statueret.
1750 432 2087 491 deportatusque

303 506 344 550 in
382 506 564 550 insulam
600 505 839 549 Sardiniam
870 505 1061 558 Cassius,
1105 512 1147 550 et
1185 512 1383 550 senectus
1413 506 1506 550 eius
1536 506 1874 565 exspectabatur.
1904 506 2085 559 Silanus,

301 588 519 640 tamquam
547 585 712 625 Naxum
741 579 1041 632 deveheretur,
1086 581 1250 625 Ostiam
1281 587 1471 634 amotus3
1511 588 1610 639 post
1639 582 1867 640 municipio
1897 581 2086 640 Apuliae,

269 657 370 701 scui
411 670 566 700 nomen
603 656 774 699 Barium
813 662 895 706 est,
940 655 1163 700 clauditur.
1211 655 1295 700 illic
1326 656 1666 714 indignissimum
1695 671 1843 701 casum
1873 657 2089 715 sapienter

301 732 503 783 tolerans,
545 745 570 776 a
606 730 855 776 centurione
893 730 948 775 ad
979 731 1157 776 caedem
1187 732 1317 775 misso
1347 732 1597 790 corripitur;
1644 732 1927 790 suadentique
1957 746 2088 782 venas

301 808 576 865 abrumpere,
622 807 810 850 animum
849 806 1027 864 quidem
1062 807 1186 850 morti
1223 806 1479 851 destinatum
1517 807 1590 859 ait,
1632 808 1710 851 sed
1751 822 1835 852 non
1874 808 2089 853 remittere

301 883 546 941 percussori
567 882 746 940 gloriam
765 881 1000 926 ministerii.
1031 890 1072 925 at
1092 882 1295 934 centurio,
1327 883 1523 940 quamvis
1547 883 1765 934 inermem,
1798 883 2090 941 praevalidum

303 964 443 1002 tamen
480 965 523 1002 et
560 958 649 1001 irae
679 971 810 1016 quam
838 957 977 1001 timori
1016 958 1260 1015 propiorem
1293 971 1474 1002 cernens
1504 959 1640 1016 premi
1672 973 1697 1002 a
1727 958 1930 1002 militibus
1959 958 2090 1003 iubet.

252 1045 383 1079 ionec
421 1033 562 1078 omisit
600 1032 769 1077 Silanus
807 1031 938 1077 obniti
978 1038 1020 1075 et
1064 1032 1285 1076 intendere
1326 1033 1451 1084 ictus,
1494 1040 1698 1091 quantum
1738 1034 1935 1078 manibus
1965 1033 2091 1078 nudis

302 1109 488 1161 valebat,
535 1109 673 1152 donec
718 1122 743 1152 a
787 1107 1036 1152 centurione
1081 1107 1328 1152 volneribus
1374 1108 1567 1153 adversis
1612 1115 1828 1167 tamquam
1865 1109 1908 1153 in
1948 1122 2091 1168 pugna

301 1185 486 1230 caderet.

415 1259 496 1317 (40)
528 1259 652 1304 Haud
682 1259 822 1302 minus
852 1264 1049 1316 prompte
1078 1259 1123 1302 L.
1145 1260 1274 1303 Vetus
1304 1273 1542 1318 socrusque
1573 1260 1667 1304 eius
1695 1260 1838 1304 Sextia
1857 1265 1899 1303 et
1926 1258 2091 1304 Pollitta

301 1336 387 1380 filia
417 1349 567 1380 necem
587 1334 780 1386 subiere,
813 1333 935 1377 invisi
956 1333 1160 1392 principi,
1193 1340 1410 1392 tamquam
1430 1335 1612 1379 vivendo
1634 1334 1941 1393 exprobrarent
1959 1335 2091 1379 inter-

253 1422 288 1451 45
303 1412 458 1456 fectum
489 1423 586 1454 esse
617 1408 856 1454 Rubellium
882 1408 1097 1461 Plautum,
1130 1423 1336 1467 generum
1356 1410 1458 1454 Luci
1481 1411 1656 1455 Veteris.
1687 1410 1766 1455 sed
1787 1410 1949 1454 initium
1969 1410 2090 1454 dete-

302 1487 468 1545 gendae
499 1485 702 1529 saevitiae
732 1484 931 1542 praebuit
960 1485 1205 1528 interversis
1229 1486 1393 1543 patroni
1416 1485 1546 1529 rebus
1567 1485 1621 1529 ad
1643 1486 1934 1530 accusandum
1953 1492 2091 1529 trans-

302 1561 501 1620 grediens
531 1562 787 1604 Fortunatus
817 1559 1016 1611 libertus,
1050 1559 1213 1604 adscito
1239 1560 1416 1605 Claudio
1437 1562 1660 1613 Demiano,
1692 1575 1822 1620 quem
1850 1561 1907 1606 ob
1936 1560 2093 1619 flagitia

301 1638 488 1682 vinctum
519 1650 543 1680 a
573 1637 725 1681 Vetere
761 1635 886 1680 Asiae
924 1635 1182 1693 proconsule
1221 1635 1400 1680 exsolvit
1426 1638 1539 1681 Nero
1570 1637 1611 1680 in
1646 1637 1885 1695 praemium
1914 1649 2092 1681 accusa-

302 1714 441 1758 tionis.
486 1711 601 1770 quod
640 1711 714 1755 ubi
753 1711 966 1770 cognitum
1005 1725 1098 1763 reo,
1145 1725 1280 1770 seque
1310 1717 1352 1755 et
1379 1711 1578 1756 libertum
1609 1713 1699 1770 pari
1730 1718 1845 1756 sorte
1875 1711 2086 1770 componi,

252 1799 289 1830 20
303 1789 551 1834 Formianos
582 1787 625 1830 in
655 1800 780 1845 agros
810 1786 1060 1844 digreditur.
1099 1786 1184 1831 illic
1214 1801 1313 1832 eum
1332 1787 1487 1832 milites
1507 1787 1675 1832 occulta
1695 1787 1889 1832 custodia
1908 1787 2090 1832 circum-

368 1930 399 1962 4.
432 1926 579 1961 consulto
607 1930 740 1960 senatus
768 1928 813 1959 G:
844 1926 991 1959 consulto
1018 1929 1135 1959 senatu
1165 1927 1218 1966 M;
1249 1929 1382 1959 senalus
1406 1927 1553 1960 consulto
1577 1925 1643 1961 alii.
1671 1945 1706 1950 -
1739 1926 1772 1960 3.
1797 1930 1942 1960 senectus
1964 1927 2088 1960 Frauc.

301 1985 450 2020 Medici:
475 1987 610 2018 senatus
631 1984 665 2018 M
692 2001 727 2007 —-
753 1983 786 2017 4.
812 1986 976 2024 tanquam
997 1983 1031 2017 M
1057 2000 1092 2006 —
1120 1982 1246 2015 Ostiam
1268 1983 1423 2025 Lipsius:
1452 1983 1538 2016 ostia
1559 1984 1592 2018 Μ
1618 2002 1652 2007 -
1680 1984 1712 2016 6.
1736 1984 1835 2016 caede
1855 1984 1890 2017 M
1915 2002 1950 2007 —
1975 1983 2008 2016 7.
2032 1991 2090 2017 re-

300 2044 430 2076 mittere
453 2039 668 2084 («erlassen»)
691 2040 912 2088 Nipperdey:¹
941 2039 1150 2080 per-emittere
1174 2039 1250 2081 (per
1272 2039 1494 2082 compendio)
1519 2041 1571 2078 M;
1594 2041 1786 2081 permittere
1808 2039 1876 2072 alii.
1905 2058 1939 2064 -
1966 2039 1998 2072 9.
2019 2036 2091 2081 fimi

301 2100 334 2133 M
354 2116 388 2122 —
416 2099 450 2131 44
474 2099 510 2130 et
526 2096 577 2130 44.
597 2100 759 2137 tanquam
778 2097 811 2130 M
829 2113 863 2119 -
893 2096 944 2128 43.
962 2096 1094 2128 Pollitta
1109 2095 1330 2137 Nipperdey:
1353 2095 1485 2136 polutia
1500 2096 1551 2134 M;
1577 2096 1724 2128 Pollucia
1746 2095 1813 2129 alii.
1835 2114 1868 2120 —
1896 2095 1950 2129 ⁴4.
1974 2096 2092 2129 inuieit

301 2156 334 2189 M
355 2172 390 2179 —
408 2154 548 2187 vivendo
565 2152 796 2186 Puteolanus:
819 2152 981 2185 uincendo
997 2153 1031 2185 M
1044 2169 1088 2175 —-
1110 2151 1317 2193 interfectum
1339 2161 1362 2184 a
1384 2160 1417 2184 se
1439 2151 1573 2184 mavult
1587 2152 1779 2193 Ernestius‚
1805 2160 1891 2185 sane
1915 2152 2089 2194 speciose.

302 2228 339 2235 —
367 2212 420 2244 45.
446 2210 618 2253 deteyende
640 2210 778 2242 seuitiae
800 2209 834 2242 M
858 2226 895 2234 -
922 2208 974 2242 48.
1000 2211 1130 2241 uertere
1151 2216 1254 2248 asyae
1275 2208 1321 2241 M.

301 2345 338 2377 L.
355 2343 380 2385 f.
400 2343 473 2384 Ouf.
492 2342 655 2383 Fabatus,
684 2341 790 2382 VIvir,
814 2341 929 2374 IIIIvir
946 2341 970 2374 i.
989 2341 1038 2382 d.,
1059 2340 1169 2382 praef.
1225 2358 1261 2363 —
1278 2349 1346 2372 non
1367 2340 1532 2373 remittere
1547 2340 1630 2383 cet]
1655 2341 1677 2372 i.
1696 2349 1728 2374 e.
1746 2349 1819 2373 non
1835 2340 2035 2374 concedere
2051 2348 2091 2374 se

296 2396 424 2435 praet„
449 2392 524 2425 trib.
541 2392 611 2425 mil.
629 2392 690 2434 leq.
708 2392 792 2424 XXI.
810 2393 951 2432 Rapac„
970 2392 1078 2433 praef.
1096 2391 1167 2423 coh.
1222 2391 1423 2432 percussori
1448 2390 1695 2430 (centurioni),
1728 2399 1772 2423 ne
1800 2391 1875 2432 ipse
1899 2389 2092 2432 gloriosum

305 2444 370 2477 VII.
395 2444 544 2476 Lusitan.
571 2445 603 2475 et
623 2442 749 2475 nation.
769 2442 928 2475 Gaetulic.
952 2443 1068 2474 Arsen.
1086 2450 1172 2482 quae
1221 2441 1377 2482 (ironice)
1403 2441 1637 2474 ministerium
1661 2442 1886 2482 exsequatur.
1914 2458 1948 2463 ——
1968 2439 2091 2482 premi]

300 2497 377 2527 sunt
398 2494 434 2525 in
455 2492 634 2532 Numidia,
663 2494 756 2535 stam.
788 2492 856 2525 divi
881 2492 965 2534 Aug.
991 2501 1034 2524 ex
1057 2492 1172 2533 patri-

301 2544 412 2576 monio
433 2543 665 2585 t(estamento)
688 2542 792 2585 nieri)
815 2542 950 2584 i(ussit).

346 2593 378 2626 9.
396 2593 541 2625 consulto
555 2591 697 2634 senatus]
720 2592 915 2634 Opponitur
931 2593 1074 2624 senatus
1090 2600 1171 2623 con·

303 2643 435 2678 sultum
458 2643 502 2676 de
520 2643 640 2676 Cassio
665 2644 700 2675 et
722 2642 837 2675 Silano
855 2643 1016 2676 Caesaris
1031 2644 1173 2676 senten-

302 2696 371 2728 tiae
395 2694 440 2726 de
462 2693 606 2735 Lepida.
641 2694 691 2726 Ex
722 2693 854 2726 codicis
884 2692 1034 2726 lectione
1066 2694 1172 2725 etiam

304 2744 414 2778 Cassii
445 2745 480 2776 et
507 2742 610 2776 Silani
640 2742 740 2776 exilia
764 2743 809 2776 ad
839 2744 1034 2785 principem
1058 2743 1174 2776 refer-

303 2796 437 2828 rentur.
464 2811 500 2816 —
534 2796 678 2826 senectus
706 2794 776 2826 eius
804 2792 1073 2835 exspectabatur]
1105 2793 1173 2826 hoc

304 2846 376 2884 est,
419 2842 692 2885 exspectabatur
726 2844 764 2875 ut
798 2844 980 2876 senectute
1016 2842 1171 2883 caderet,

257 2906 261 2912 ·
305 2895 425 2928 contra
450 2901 559 2935 quam
581 2893 708 2925 accidit
730 2892 863 2932 Silene,
889 2894 989 2926 cuius
1009 2894 1174 2926 senectus

305 2946 341 2978 et
370 2951 467 2976 mors
497 2942 662 2976 naturalis
691 2951 760 2976 non
793 2944 997 2985 exspectata
1022 2945 1085 2976 est.
1121 2943 1171 2976 Cf.

305 2995 358 3034 44,
376 2994 437 3026 26:
463 3002 531 3025 non
552 3002 589 3026 eo
611 2996 757 3033 ventum,
781 2997 818 3025 ul
838 2996 1004 3026 senectam
1014 2995 1176 3035 principis

304 3044 548 3085 opperirentur.
589 3043 642 3083 43,
668 3043 728 3075 33:
765 3044 798 3075 P.
825 3044 966 3076 Celerem
1001 3047 1176 3077 accusante

306 3094 398 3134 Asia,
424 3095 506 3134 quia
529 3093 695 3126 absolvere
717 3093 873 3134 nequibat
892 3094 1028 3135 Caesar,
1053 3095 1174 3135 traxit,

305 3147 435 3178 senecta
450 3145 550 3177 donec
566 3147 705 3177 mortem
720 3143 834 3176 obiret.
859 3145 909 3176 De
927 3143 1047 3177 exsilio
1065 3145 1176 3178 Cassii

306 3203 389 3228 cum
405 3195 522 3227 Tacito
539 3194 700 3235 congruit
715 3194 927 3235 Pomponius
944 3194 989 3226 de
1002 3195 1094 3236 Orig.
1107 3195 1173 3227 iur.

308 3245 327 3287 5
351 3244 411 3278 47:
437 3244 472 3278 C.
498 3244 629 3277 Cassius
650 3244 817 3285 Longinus
833 3244 1019 3284 plurimum
1041 3245 1076 3276 in
1098 3245 1177 3276 civi-

307 3298 374 3327 tate
406 3295 616 3327 auctoritatis
647 3294 779 3335 habuit,
816 3295 916 3327 donec
948 3303 1022 3327 eum
1051 3295 1176 3328 Caesar

309 3345 422 3386 (Nero)
441 3345 593 3386 pelleret,
629 3345 852 3386 expulsusque
873 3344 915 3376 ab
936 3353 974 3378 eo
996 3346 1031 3377 in
1053 3346 1175 3378 Sardi-

307 3395 413 3436 niam,
431 3398 605 3432 reeocatus
619 3404 643 3428 α
661 3395 961 3438 Vespasianodiem
972 3403 1070 3428 suum
1083 3395 1174 3430 obiit.

1222 2491 1243 2523 i.
1263 2499 1298 2532 q.
1317 2490 1479 2532 deprimi.
1495 2508 1530 2513 —
1551 2500 1574 2522 a
1588 2490 1837 2523 centurione„
1849 2490 1990 2532 caderet]
2007 2491 2092 2523 Sue·

1222 2541 1337 2573 tonius
1354 2541 1432 2573 Oth.
1449 2541 1486 2573 5:
1511 2541 1593 2572 nihil
1609 2541 1735 2582 referre
1748 2540 1790 2573 ab
1806 2540 1946 2573 hostete
1957 2541 2032 2573 acie
2045 2548 2093 2573 an

1221 2591 1256 2623 in
1278 2591 1352 2633 soro
1375 2591 1433 2623 sub
1455 2591 1672 2625 creditoribus
1693 2592 1827 2624 caderet
1849 2591 1870 2624 i.
1890 2600 1923 2624 e.
1944 2591 2091 2632 per-ime-

1221 2645 1326 2674 retur.
1356 2660 1390 2665 -
1416 2641 1572 2684 adversis]
1596 2643 1631 2675 in
1654 2643 1779 2684 pectus
1802 2641 1947 2675 adactis.

1268 2692 1320 2724 40.
1342 2693 1379 2725 L.
1401 2693 1505 2735 Vetus]
1532 2694 1567 2725 L.
1584 2693 1753 2726 Antistius
1769 2693 1891 2732 Vetus,
1917 2690 2040 2726 consul
2055 2700 2089 2725 e.

1223 2751 1256 2774 u.
1276 2742 1339 2775 808
1357 2742 1421 2782 (43,
1440 2744 1505 2783 44),
1525 2750 1629 2776 socer
1653 2741 1797 2775 Rubellii
1813 2741 1923 2775 Plauti
1940 2741 2005 2783 (⁴4,
2022 2741 2090 2783 58).

1225 2810 1260 2816 -
1287 2793 1418 2825 Pollitta
1438 2793 1530 2835 filia]
1555 2794 1667 2835 Supra
1692 2792 1757 2834 (44,
1782 2793 1835 2833 22)
1858 2792 2002 2825 Antistia
2025 2800 2093 2825 no-

1224 2841 1434 2876 minabatur.
1466 2843 1516 2875 De
1541 2843 1750 2884 cognomine
1767 2842 1900 2875 Pollitta
1915 2841 1958 2875 ct'.
1979 2842 2017 2876 C.
2036 2842 2090 2875 Fr.

1224 2893 1403 2926 Hermann
1432 2893 1585 2925 Zeitschr.
1609 2892 1635 2934 f.
1659 2892 1828 2925 Alterthw.
1855 2895 1952 2931 1844,
1976 2900 2011 2934 p.
2036 2891 2090 2924 69.

1228 2961 1263 2967 -
1289 2943 1472 2976 Rubellium
1500 2942 1670 2985 Plautum]
1708 2942 1758 2976 Ct'.
1785 2941 1838 2983 ⁴4,
1863 2942 1905 2975 57
1921 2960 1956 2966 -·
1971 2941 2026 2975 59.
2053 2958 2090 2966 —
2150 2959 2151 2962 =

1223 2993 1322 3026 Asiae
1341 2993 1548 3035 proconsule]
1565 3002 1597 3026 a.
1617 3002 1650 3025 u.
1668 2993 1745 3032 847,
1770 2994 1809 3024 ut
1823 2991 1973 3024 videtur.
1998 2992 2095 3026 Men-

1224 3044 1273 3076 tio
1297 3044 1372 3076 eius
1395 3043 1485 3075 facta
1509 3044 1564 3076 est
1586 3052 1606 3075 a
1629 3050 1840 3076 successore
1871 3043 1906 3075 in
1929 3040 2028 3074 titulo
2051 3041 2091 3074 C.

1224 3095 1333 3126 Inscr.
1361 3094 1418 3126 Gr.
1444 3103 1478 3125 n.
1504 3094 1609 3126 2222:
1651 3089 1857 3135 ἐπιστολὴν
1886 3087 2092 3124 Ἀντιστίου

1227 3139 1420 3190 Οὐέτερος,
1446 3141 1513 3176 τοῦ
1537 3140 1611 3190 πρὸ
1627 3142 1724 3187 ἐμοῦ
1739 3139 2004 3184 ἀνθυπάτων),
2021 3138 2093 3174 α’ν-

1225 3191 1315 3240 δρὸς
1337 3191 1654 3235 ἐπιφανεστάτου.
1675 3211 1709 3217 -
1730 3203 1813 3235 ρανι
1829 3196 1917 3226 sorte
1930 3192 2091 3236 componi]

1226 3245 1355 3278 eodem
1380 3245 1456 3278 loco
1481 3245 1617 3278 haberi.
1644 3262 1679 3268 -
1705 3245 1902 3278 Formianos
1921 3243 1958 3275 in
1978 3243 2091 3285 aoros]

1226 3294 1276 3328 Cf.
1302 3296 1354 3334 45,
1379 3295 1433 3328 46.
1459 3312 1495 3318 —
1521 3295 1659 3337 inplexu
1681 3295 1773 3328 luctu
1793 3291 1963 3333 continuo]
1996 3292 2092 3326 Haec

1225 3346 1315 3380 adeo
1345 3344 1437 3379 male
1473 3345 1632 3379 habuere
1666 3345 1825 3384 criticos,
1861 3343 1899 3376 ut
1927 3341 2092 3377 Trillerus

1225 3396 1327 3431 Obss.
1353 3397 1432 3430 crit.
1449 3396 1482 3438 3,
1499 3396 1520 3429 2
1546 3394 1649 3429 vellet
1669 3394 1821 3436 inoptata,
1844 3393 2018 3437 Bipontini
2034 3392 2092 3427 in-
