2254 3770
778 254 933 299 LIBER
959 255 991 297 I.
1035 253 1136 310 Cap.
1165 252 1233 295 73.
1262 251 1330 295 74.
1359 251 1427 294 75.
1937 250 1991 294 63

223 368 351 413 tabile
380 366 556 413 crimen,
599 377 696 407 cum
725 375 779 406 ex
816 360 1008 404 moribus
1036 358 1238 417 principis
1276 357 1524 402 foedissima
1559 370 1760 415 quaeque
1789 355 1994 414 deligeret

222 449 443 488 accusator
470 440 787 496 obiectaretque
816 450 904 480 reo.
949 449 1046 478 nam
1066 434 1168 492 quia
1187 447 1290 477 vera
1310 440 1445 483 erant,
1478 432 1606 477 etiam
1625 431 1739 476 dicta
1760 430 1995 476 credeban-

222 526 298 563 tur.
343 515 505 561 addidit
535 515 666 572 Hispo
696 519 876 557 statuam
904 509 1087 554 Marcelli
1117 509 1242 553 altius
1263 521 1394 566 quam
1416 509 1645 552 Caesarum
1675 507 1819 558 sitam,
1851 514 1895 551 et
1913 506 1996 550 alia

221 594 262 636 in
300 598 437 636 statua
484 596 699 648 amputato
740 587 877 645 capite
912 585 1086 642 Augusti
1125 583 1309 642 effigiem
1344 583 1498 627 Tiberii
1536 582 1723 626 inditam.
1782 581 1838 625 ad
1878 581 1994 640 quod

221 667 380 712 exarsit
407 666 517 710 adeo
546 671 593 708 ut
619 670 744 721 rupta
773 661 1055 712 taciturnitate
1092 658 1375 717 proclamaret
1412 673 1459 702 se
1501 672 1676 716 quoque
1712 658 1756 700 in
1785 671 1838 702 ea
1866 670 2027 702 causas

221 741 406 786 laturum
425 739 679 785 sententiam
696 736 838 796 palam
859 744 901 780 et
919 736 1115 784 iuratum,
1148 748 1235 792 quo
1256 734 1408 778 ceteris
1429 733 1582 777 eadem
1604 733 1838 778 necessitas
1861 732 1997 777 fieret.

221 816 449 861 manebant
481 815 609 859 etiam
637 821 727 856 tum
757 811 936 869 vestigia
964 810 1186 853 morientis
1214 809 1432 853 libertatis.
1477 809 1603 866 igitur
1633 809 1706 853 Cn.
1726 808 1826 852 Piso
1860 822 1993 866 «quo»

221 892 357 950 inquit
389 890 507 934 «loco
536 888 752 938 censebis,
786 885 974 931 Caesar?
1003 885 1038 928 si
1068 885 1248 942 primus,
1279 884 1450 928 habebo
1479 883 1597 941 quod
1627 897 1803 941 sequar:
1836 883 1871 926 si
1901 890 2000 941 post

221 967 380 1016 omnis,
413 978 565 1009 vereor
593 978 648 1007 ne
678 955 927 1020 imprudens
955 959 1241 1004 dissentiam.»
1292 966 1511 1017 permotus
1541 959 1626 1009 his,
1659 965 1905 1016 quantoque
1934 959 1999 1001 in-

221 1043 387 1086 cautius
417 1040 661 1090 efferverat,
692 1036 950 1096 paenitentia
979 1036 1144 1093 patiens
1164 1034 1258 1078 tulit
1276 1033 1440 1078 absolvi
1459 1047 1581 1078 reum
1601 1033 1847 1078 criminibus
1866 1034 1999 1078 maie-
2011 1046 2048 1075 ao

222 1118 353 1161 statis.
395 1116 449 1159 de
478 1114 673 1173 pecuniis
696 1112 945 1171 repetundis
965 1111 1019 1154 ad
1038 1111 1348 1168 reciperatores
1369 1109 1475 1152 itum
1495 1116 1572 1152 est.
1623 1110 1704 1165 (75)
1734 1123 1815 1153 nec
1833 1115 2001 1167 patrum

222 1190 535 1250 cognitionibus
557 1189 732 1233 satiatus
752 1187 921 1231 iudiciis
942 1185 1167 1230 adsidebat
1185 1185 1229 1228 in
1249 1199 1384 1229 cornu
1406 1183 1645 1235 tribunalis,
1677 1198 1732 1228 ne
1759 1190 2001 1242 praetorem

222 1266 357 1311 curuli
394 1264 649 1323 depelleret;
688 1262 906 1320 multaque
941 1275 994 1306 eo
1033 1274 1177 1305 coram
1213 1260 1421 1304 adversus
1456 1259 1660 1303 ambitum
1696 1266 1739 1303 et
1766 1260 2001 1318 potentium

222 1355 373 1400 preces
415 1340 651 1385 constituta.
709 1345 775 1382 set
804 1337 907 1381 dum
935 1336 1099 1380 veritati
1139 1335 1392 1387 consulitur,
1432 1333 1606 1379 libertas
1637 1335 1999 1394 corrumpebatur.

265 1476 297 1507 2.
321 1476 511 1506 accussator
533 1473 566 1506 Μ
591 1490 628 1495 -
652 1471 685 1504 4.
708 1471 889 1503 Inlnditam
906 1471 1014 1512 (prius
1029 1470 1068 1502 In
1083 1470 1221 1511 punctis
1236 1468 1406 1510 notatum>
1423 1469 1456 1502 M
1473 1484 1510 1492 —
1533 1471 1570 1501 at
1592 1472 1670 1509 quot
1691 1469 1725 1502 Μ
1741 1487 1775 1493 -
1795 1469 1828 1502 7.
1847 1469 2001 1512 G·N(sic)

172 1535 179 1541 ·
223 1524 256 1557 Μ
273 1541 310 1546 -
328 1524 359 1556 9.
377 1521 446 1556 oviis
459 1524 491 1556 M
512 1541 545 1546 —
566 1522 618 1554 ⁴0.
644 1522 819 1562 efferuerat
840 1529 894 1563 pr.
920 1522 971 1552 M:
997 1521 1197 1561 efferauerat
1218 1528 1309 1552 corr.
1326 1520 1360 1552 M
1382 1537 1418 1541 —
1441 1519 1665 1560 paenitentiae
1686 1519 1821 1559 patiens
1842 1520 2003 1553 Heinsius

224 1575 260 1606 et
273 1573 453 1606 Wurmius
470 1571 599 1612 (Philol.
618 1570 834 1604 Schneidew.
859 1570 919 1610 IX,
943 1578 979 1611 p.
998 1570 1065 1610 99).
1083 1587 1119 1592 —
1140 1569 1224 1611 tulit]
1245 1569 1359 1602 retulit
1379 1568 1593 1611 Nipperdey.
1613 1587 1649 1593 —
1671 1569 1721 1601 Η.
1732 1570 1899 1610 peccuniis
1912 1571 1946 1604 Μ
1964 1589 2001 1594 -

219 1624 443 1665 reciperatore
470 1623 569 1655 situm
597 1630 650 1663 pr.
676 1622 728 1660 Μ;
762 1624 1013 1661 recuperatores
1043 1620 1127 1653 itum
1156 1628 1248 1653 corr.
1279 1620 1313 1653 Μ
1344 1637 1381 1643 -
1412 1619 1466 1653 44.
1492 1628 1632 1661 praeces
1659 1618 1788 1661 (littera
1822 1629 1845 1653 a
1871 1623 2004 1663 puncto

220 1674 356 1715 notata)
379 1674 413 1707 M
436 1690 473 1696 -
497 1673 690 1705 constitutas
712 1674 743 1704 et
765 1672 798 1705 M
822 1688 858 1694 —
884 1671 963 1703 dum
984 1670 1151 1704 severitati
1173 1670 1442 1703 Freinshemius.

222 1788 351 1827 temptas
363 1784 537 1826 metuendi]
551 1784 741 1841 Comparat
755 1783 890 1825 Lipsius
903 1783 1084 1815 Demosth.
1135 1782 1277 1824 ratores]
1308 1784 1335 1815 Α
1362 1781 1538 1824 patribus,
1570 1783 1665 1825 apud
1688 1791 1778 1825 quos
1800 1783 1867 1816 hac
1889 1785 2004 1817 aetate

223 1835 362 1877 Olynth.
387 1835 420 1875 3,
449 1834 468 1876 ἓ
495 1834 555 1866 29:
590 1844 644 1865 ων
677 1833 717 1865 οἱ
747 1832 819 1875 μὲν
850 1832 893 1865 ἐκ
927 1830 1088 1871 πτωχῶν

223 1882 403 1918 πλούσιοι
423 1881 643 1928 γεγόνασιν,
676 1882 717 1915 οἱ
738 1881 769 1914 δ’
793 1879 835 1924 ἐξ
857 1878 1037 1924 ἀδόξων
1027 1878 1088 1914 έν-

221 1945 337 1978 τιμοι.
365 1951 401 1958 -
431 1936 603 1975 amputato
633 1934 738 1974 capite
763 1932 913 1974 Auqusti]
943 1933 1085 1965 sueton.

222 1986 296 2019 Tib.
313 1985 375 2018 58:
399 1984 541 2017 Statuae
563 1984 701 2024 quidam
714 1984 855 2024 Auqusti
877 1986 977 2023 caput
998 1983 1090 2014 dent—

219 2039 350 2077 psov-at,
381 2037 422 2067 ut
448 2035 588 2066 alterius
615 2034 807 2074 imponeret.
841 2032 963 2072 «Quod
994 2041 1089 2065 nunc

223 2086 360 2120 crimini
382 2084 502 2124 datur,
526 2084 563 2116 id
584 2085 771 2125 receptum
793 2083 901 2116 fuisse
917 2091 982 2115 suo
999 2091 1088 2115 aevo

222 2136 351 2170 Plinius
361 2134 493 2168 indieat
503 2135 544 2167 Ν.
555 2134 596 2167 Η.
610 2133 664 2174 35,
679 2133 698 2175 5
715 2133 754 2167 4:
779 2134 880 2165 surdo
899 2134 1090 2175 figurarum

222 2187 410 2220 discrimine
441 2185 554 2225 capita
577 2185 827 2224 permutantur.
863 2183 906 2215 Et
936 2181 1089 2224 Caligula

223 2235 411 2270 simulacra
433 2234 618 2266 numinum
641 2242 660 2266 e
684 2234 757 2265 tota
779 2233 925 2266 Graecia
947 2234 1091 2274 conqui-

223 2287 320 2327 sivit,
346 2284 474 2327 quihus
497 2284 612 2326 capite
635 2283 779 2326 dempto
802 2292 908 2316 suum
932 2284 1091 2325 impone-

222 2338 289 2369 ret.
314 2335 456 2367 Sueton.
483 2332 589 2374 Calig.
615 2342 646 2366 c.
671 2333 749 2365 22.»
772 2333 859 2365 Lxrs.
894 2332 945 2365 Cf.
969 2332 1089 2365 Dionis

225 2384 468 2427 chrysostomi
489 2384 684 2416 orationem
706 2383 933 2415 Rhodiacam.
959 2400 996 2406 —
1026 2391 1090 2415 ex-

212 2435 319 2478 arsit]
338 2436 377 2467 ut
389 2434 558 2476 pietatem
573 2441 656 2474 erga
671 2434 867 2474 Augustum
882 2434 1086 2466 ostentaret.

227 2503 262 2510 -
280 2483 440 2525 laturum]
463 2483 516 2516 De
532 2482 681 2515 diversis
703 2481 836 2522 modis,
863 2481 991 2524 quibus
1010 2491 1090 2515 sen-

223 2536 350 2568 tentias
381 2534 473 2567 ferre
497 2533 674 2566 consuerit
695 2531 855 2565 Tiberius
878 2532 922 2564 cf.
947 2533 1011 2565 Dio
1033 2533 1088 2572 57,

223 2586 255 2618 7.
287 2584 338 2618 Cf.
364 2583 402 2623 4,
428 2584 465 2615 2⁴
484 2593 490 2615 :
524 2585 563 2614 ut
583 2582 706 2614 iudicio
726 2583 832 2614 iurati
854 2584 989 2614 senatus
1010 2581 1090 2615 Cre-

224 2639 295 2668 tam
316 2636 558 2666 amoverentur.
583 2633 731 2665 senatus
754 2632 848 2664 enim
869 2633 974 2674 atque
998 2633 1092 2674 prin-

224 2687 321 2728 cipes
344 2685 380 2717 in
402 2682 622 2725 gravioribus
643 2682 780 2715 iudiciis
803 2683 993 2715 sententias
1008 2690 1090 2715 suas

225 2737 300 2768 iure
328 2733 476 2766 iurando
505 2732 714 2766 confirmare
744 2731 916 2765 solebant.
954 2733 1006 2765 De
1034 2732 1091 2764 Ti-

225 2784 325 2817 berio
351 2783 497 2816 iurando
525 2791 565 2814 se
595 2783 819 2824 adstringente
846 2791 880 2814 v.
905 2781 944 2821 4,
970 2781 1087 2814 3⁴.-

224 2832 406 2874 necessitas]
438 2831 570 2874 pariter
599 2831 748 2864 iurandi.
781 2848 817 2854 -
849 2831 1028 2863 manebant
1041 2847 1091 2854 —-

226 2882 398 2924 libertatis]
433 2881 484 2915 Cf.
510 2890 541 2914 c.
566 2882 626 2914 77:
659 2882 772 2914 silente
795 2881 938 2921 Tiberio,
972 2882 1030 2921 qui
1051 2889 1092 2913 ea

226 2933 408 2966 sinndacra
420 2932 584 2965 libertatis
598 2932 728 2964 senatui
740 2931 931 2972 praebebat.
957 2931 1010 2971 ⁴3,
1027 2931 1089 2964 28:

225 2981 380 3015 manebat
399 2981 501 3014 nihilo
522 2982 632 3013 minus
651 2981 817 3021 quaedam
830 2981 943 3022 imayo
955 2981 1007 3012 rei
1023 2988 1093 3021 pu-

227 3031 341 3064 blicae.
369 3047 405 3053 —-
430 3030 489 3064 Gn.
512 3029 596 3071 Piso]
621 3029 673 3062 Cf.
698 3038 730 3062 c.
755 3030 808 3063 43.
837 3046 873 3053 -
905 3033 1094 3070 quantoque

227 3079 309 3121 cet.]
344 3081 406 3112 «et
434 3082 558 3119 quanto
585 3079 759 3111 incautius
791 3079 933 3111 incendi
966 3087 1007 3111 se
1040 3079 1092 3110 ira

226 3137 353 3171 passus
383 3129 477 3164 erat.
507 3130 600 3160 tanto
630 3127 818 3169 patientius
839 3129 986 3169 propter
1006 3135 1094 3168 pae-

227 3179 411 3211 nitentiam
439 3179 515 3210 tam
541 3176 728 3218 improvidi
754 3178 872 3209 motus
903 3177 939 3208 et
960 3174 1092 3208 leniore

228 3228 345 3261 animo
378 3226 455 3260 tulit
487 3226 745 3260 absolutionem
777 3226 864 3258 rei.»
898 3226 1023 3258 Danau.
1052 3242 1089 3248 -

229 3277 354 3310 absolvi
375 3278 478 3320 reum]
505 3278 717 3310 Damnatum
738 3275 822 3308 dicit
837 3276 1022 3308 Suetonius
1036 3275 1090 3316 58,

232 3328 292 3368 qui
312 3328 481 3361 iudicium
501 3326 781 3369 repetundarum
799 3334 883 3359 cum
896 3326 1093 3367 cognitione

231 3377 421 3412 maiestatis
442 3377 582 3411 videtur
603 3375 816 3410 contudisse.
843 3393 880 3401 -
904 3376 950 3408 ad
969 3376 1095 3417 recipe-

1133 1832 1269 1873 publica
1289 1833 1423 1874 negotia
1436 1835 1468 1864 et
1482 1833 1699 1873 privatorum
1711 1834 1866 1866 maxima
1880 1836 2006 1866 tracta-

1138 1883 1260 1915 bantur
1281 1882 1331 1924 (4,
1356 1882 1404 1924 6),
1431 1882 1475 1915 de
1498 1883 1656 1925 pecuniis
1679 1883 1884 1926 repetundis
1899 1893 2007 1926 quae-

1120 1930 1205 1966 'stio
1228 1932 1274 1965 ad
1296 1932 1465 1965 iudicium
1486 1934 1789 1975 recuperatorium
1805 1943 1825 1966 a
1842 1936 2008 1976 praetore

1139 1983 1337 2024 cogendum
1359 1982 1567 2017 translatum
1589 1985 1662 2024 est,
1687 1986 1727 2016 ut
1748 1987 1920 2027 quantum
1941 1995 2008 2028 pe-

1139 2035 1263 2067 cuniae
1286 2034 1521 2076 stipendiariis
1543 2034 1767 2068 reddendum
1790 2037 1888 2069 esset
1905 2037 2009 2070 aesti-

1138 2086 1307 2117 maretur.
1343 2086 1432 2117 Nam
1453 2084 1477 2116 ii
1498 2085 1635 2118 tantum
1656 2085 1934 2126 repetundarum
1954 2087 2008 2119 rei

1139 2134 1185 2168 ad
1207 2136 1327 2177 patres
1350 2133 1639 2175 adducebantur,
1669 2136 1730 2177 qui
1754 2136 1920 2177 gravibus
1943 2138 2009 2170 cri-

1138 2184 1291 2218 minibus
1303 2184 1463 2218 obstricti
1476 2185 1701 2219 tenebantur.
1715 2185 1792 2219 vid.
1801 2185 1886 2220 Plin.
1898 2188 2006 2230 Epist.

1138 2234 1178 2275 Ξ,
1204 2235 1258 2267 Η.
1283 2234 1323 2274 4,
1347 2235 1380 2267 9.
1405 2234 1439 2274 6,
1462 2234 1517 2267 29.
1542 2235 1574 2275 7,
1599 2235 1653 2268 33.
1677 2236 1810 2268 Rrrrnn.
1842 2235 1892 2269 Cf.
1918 2237 2005 2270 Hist.

1139 2283 1179 2324 4,
1204 2283 1259 2317 45.
1286 2300 1322 2306 —
1354 2285 1440 2316 itum
1460 2284 1518 2325 est]
1540 2284 1692 2317 verbum
1714 2284 1782 2318 hac
1802 2285 1838 2318 in
1861 2294 1901 2318 re
1923 2295 2008 2328 pro-

1138 2335 1267 2376 prium.
1303 2334 1408 2366 Gaius
1430 2333 1470 2375 4,
1494 2333 1577 2368 444ι
1602 2335 1647 2367 ad
1667 2335 1810 2368 iudicem
1829 2344 2010 2377 recupera-

1139 2388 1266 2418 toresve
1285 2386 1367 2417 itur.

1183 2432 1244 2468 75.'
1262 2434 1433 2467 adsidebat
1458 2435 1496 2467 in
1517 2443 1622 2467 cornu
1646 2435 1835 2477 tribunalis]
1863 2437 2006 2470 Sueton.

1140 2485 1213 2519 Tib.
1240 2485 1301 2518 33:
1333 2484 1585 2527 maqistratibus
1607 2493 1674 2526 pro
1702 2485 1863 2519 tribunali
1885 2496 2009 2529 coqne-

1139 2534 1303 2567 scentibus
1323 2535 1521 2575 plerumque
1547 2543 1581 2566 se
1602 2534 1759 2576 offerebat
1779 2536 2009 2570 consiliarium

1140 2583 1368 2624 assidebatque
1395 2584 1521 2617 iuoetim
1549 2584 1602 2616 vel
1630 2592 1675 2616 ea>
1696 2585 1836 2618 adverso
1856 2586 1893 2618 in
1907 2589 2009 2626 parte

1135 2635 1291 2675 primori.
1328 2634 1392 2666 Dio
1414 2634 1468 2673 57,
1493 2634 1534 2666 7:
1568 2633 1754 2674 ἐπεφοίτα
1781 2634 1823 2668 δὲ
1850 2636 1915 2668 καὶ
1946 2635 2008 2669 ἐπὶ

1140 2680 1188 2716 τὰ
1210 2682 1285 2715 τῶν
1307 2679 1505 2740 ἀρχόντων
1526 2681 1774 2741 δικαστήρια,
1798 2686 1863 2718 καὶ
1884 2695 2008 2732 παρα-

1140 2730 1379 2775 καλούμενος
1401 2728 1462 2766 ὑπ’
1490 2728 1616 2766 αὐτων
1637 2735 1703 2766 καὶ
1725 2730 2006 2782 ἀπαράκλητος.

1140 2783 1215 2816 Καὶ
1237 2783 1406 2824 ἐκείνους
1426 2782 1499 2826 μὲν
1520 2782 1561 2816 ἐν
1582 2782 1629 2830 τῇ
1652 2783 1798 2818 ἑαυτῶν
1815 2796 1924 2842 χωρα
1938 2796 2008 2818 κα-

1139 2832 1289 2876 θῆσθαι
1311 2831 1390 2873 εια,
1414 2828 1532 2874 αὐτὸς
1553 2831 1594 2866 δὲ
1608 2832 1670 2866 ἐπὶ
1684 2833 1752 2868 τοῦ
1771 2833 1946 2892 βάθρου
1939 2833 2007 2867 τοῦ

1140 2880 1390 2940 κατάντικρυς
1412 2881 1525 2923 σφῶν
1547 2883 1723 2925 κειμένου
1746 2885 1912 2927 καθίζων
1926 2880 2008 2917 ελε-

1140 2942 1205 2976 γεν
1228 2927 1305 2964 ὅσα
1326 2928 1450 2964 ἐδόκει
1471 2927 1574 2976 αὐτῷ
1597 2928 1650 2973 ὦς
1671 2931 1865 2981 πρόεδρος.
1895 2934 1949 2967 Ad
1971 2943 2006 2967 v.

1141 2990 1247 3014 cornu
1268 2980 1312 3013 cf.
1336 2981 1443 3014 etiam
1465 2981 1582 3015 Sidon.
1605 2982 1718 3024 Apoll.
1743 2984 1775 3023 4,
1799 2985 1857 3016 ⁴⁴:
1876 2985 2011 3024 primus

1140 3030 1269 3064 iacebat
1292 3029 1394 3072 (lecti)
1428 3040 1534 3064 cornu
1563 3033 1701 3065 sinistro
1730 3034 1844 3066 consul
1873 3035 1940 3066 cet.
1964 3050 2009 3058 —·

1142 3080 1263 3121 curuli]
1285 3080 1466 3122 absolute,
1490 3083 1530 3114 ut
1543 3082 1629 3115 Hist.
1646 3083 1679 3122 2,
1697 3083 1751 3115 59.
1776 3082 1860 3116 Plin.
1877 3084 2007 3125 Paneg.

1142 3130 1203 3162 59:
1234 3131 1408 3163 ascevidere
1429 3132 1588 3164 curulem.
1616 3149 1652 3155 -
1678 3134 1865 3173 potentium
1883 3133 2008 3175 preces]

1142 3179 1204 3211 Rei
1233 3187 1357 3212 secum
1385 3179 1565 3213 adducere
1595 3181 1631 3213 in
1657 3181 1824 3213 iudicium
1846 3180 2010 3215 solebant

1142 3228 1304 3262 homines
1337 3237 1428 3270 quos
1461 3231 1626 3271 poterant
1652 3230 1915 3272 potentissimos
1938 3232 2009 3273 (qui

1142 3278 1286 3319 proprie
1308 3277 1517 3311 dicebantur
1538 3279 1720 3320 advocati),
1746 3280 1784 3311 ut
1801 3280 2007 3315 auctoritate

1143 3327 1301 3369 ipsorum
1322 3330 1384 3361 aut
1403 3327 1572 3370 precibus
1587 3328 1919 3364 condemnationem
1938 3333 2009 3364 evi-

1143 3376 1269 3410 tarent.
1299 3377 1427 3410 Dmn.
1462 3393 1499 3401 —
1533 3375 1684 3419 veritati]
1716 3377 1866 3412 iustitiae
1901 3381 2007 3421 atque
2035 3409 2037 3411 .
