<?xml version="1.0" encoding="UTF-8"?>
<!DOCTYPE html PUBLIC "-//W3C//DTD XHTML 1.0 Transitional//EN"
    "http://www.w3.org/TR/xhtml1/DTD/xhtml1-transitional.dtd">
<html xmlns="http://www.w3.org/1999/xhtml" xml:lang="en" lang="en">
 <head>
  <title>
</title>
<meta http-equiv="Content-Type" content="text/html;charset=utf-8" />
  <meta name='ocr-system' content='tesseract 3.04.00' />
  <meta name='ocr-capabilities' content='ocr_page ocr_carea ocr_par ocr_line ocrx_word'/>
</head>
<body>
  <div class='ocr_page' id='page_1' title='image "./pcorneliitacitio01taciuoft_0023.png"; bbox 0 0 2254 3770; ppageno 0'>
   <div class='ocr_carea' id='block_1_1' title="bbox 0 2740 12 3067">
    <p class='ocr_par' dir='ltr' id='par_1_1' title="bbox 0 2740 12 3067">
     <span class='ocr_line' id='line_1_1' title="bbox 0 2740 12 3067; textangle 90"><span class='ocrx_word' id='word_1_1' title='bbox 0 3051 5 3067; x_wconf 64' lang='lat'><strong>‹-</strong></span> <span class='ocrx_word' id='word_1_2' title='bbox 0 3020 5 3039; x_wconf 82' lang='lat'><strong>--</strong></span> <span class='ocrx_word' id='word_1_3' title='bbox 0 3003 12 3011; x_wconf 52' lang='grc' dir='ltr'><strong>ν,</strong></span> <span class='ocrx_word' id='word_1_4' title='bbox 0 2740 12 2994; x_wconf 47' lang='lat' dir='ltr'><strong>„mvn—w</strong></span> 
     </span>
    </p>
   </div>
   <div class='ocr_carea' id='block_1_2' title="bbox 1881 277 1978 309">
    <p class='ocr_par' dir='ltr' id='par_1_2' title="bbox 1881 277 1978 309">
     <span class='ocr_line' id='line_1_2' title="bbox 1881 277 1978 309; baseline -0.031 0"><span class='ocrx_word' id='word_1_5' title='bbox 1881 277 1978 309; x_wconf 81' lang='lat' dir='ltr'><strong>xvn</strong></span> 
     </span>
    </p>
   </div>
   <div class='ocr_carea' id='block_1_3' title="bbox 535 372 1644 509">
    <p class='ocr_par' dir='ltr' id='par_1_3' title="bbox 535 372 1644 509">
     <span class='ocr_line' id='line_1_3' title="bbox 684 372 1498 435; baseline -0.004 -9"><span class='ocrx_word' id='word_1_6' title='bbox 684 372 894 426; x_wconf 50' lang='lat' dir='ltr'><strong>ptumus</strong></span> <span class='ocrx_word' id='word_1_7' title='bbox 924 382 1094 426; x_wconf 74' lang='lat' dir='ltr'><strong>Lx111.</strong></span> <span class='ocrx_word' id='word_1_8' title='bbox 1139 382 1247 426; x_wconf 78' lang='lat' dir='ltr'><strong>eon.</strong></span> <span class='ocrx_word' id='word_1_9' title='bbox 1280 381 1453 425; x_wconf 83' lang='lat' dir='ltr'><strong>xxlv.</strong></span> <span class='ocrx_word' id='word_1_10' title='bbox 1467 379 1498 435; x_wconf 79' lang='grc'><strong>1)</strong></span> 
     </span>
     <span class='ocr_line' id='line_1_4' title="bbox 535 464 1644 509; baseline -0.003 -1"><span class='ocrx_word' id='word_1_11' title='bbox 535 466 774 509; x_wconf 73' lang='lat' dir='ltr'><strong>VALnnms</strong></span> <span class='ocrx_word' id='word_1_12' title='bbox 804 466 1031 508; x_wconf 74' lang='lat' dir='ltr'><strong>MAxnuth</strong></span> <span class='ocrx_word' id='word_1_13' title='bbox 1063 479 1117 507; x_wconf 70' lang='lat' dir='ltr'><strong>m*</strong></span> <span class='ocrx_word' id='word_1_14' title='bbox 1148 465 1403 508; x_wconf 63' lang='lat' dir='ltr'><strong>Communes</strong></span> <span class='ocrx_word' id='word_1_15' title='bbox 1434 464 1644 507; x_wconf 78' lang='lat' dir='ltr'><strong>TAclrus.</strong></span> 
     </span>
    </p>
   </div>
   <div class='ocr_carea' id='block_1_4' title="bbox 198 559 1984 923">
    <p class='ocr_par' dir='ltr' id='par_1_4' title="bbox 198 559 1984 923">
     <span class='ocr_line' id='line_1_5' title="bbox 312 559 1980 620; baseline -0.002 -16"><span class='ocrx_word' id='word_1_16' title='bbox 312 562 347 604; x_wconf 90' lang='lat'><strong>1.</strong></span> <span class='ocrx_word' id='word_1_17' title='bbox 377 573 480 620; x_wconf 91' lang='lat' dir='ltr'><strong>pag.</strong></span> <span class='ocrx_word' id='word_1_18' title='bbox 511 560 557 603; x_wconf 89' lang='grc'><strong>1.</strong></span> <span class='ocrx_word' id='word_1_19' title='bbox 611 561 777 603; x_wconf 81' lang='lat' dir='ltr'><strong>Valerii</strong></span> <span class='ocrx_word' id='word_1_20' title='bbox 814 560 1000 602; x_wconf 78' lang='lat' dir='ltr'>Maximi</span> <span class='ocrx_word' id='word_1_21' title='bbox 1042 559 1267 603; x_wconf 73' lang='lat' dir='ltr'><strong>Dictorum</strong></span> <span class='ocrx_word' id='word_1_22' title='bbox 1304 559 1608 615; x_wconf 83' lang='lat' dir='ltr'><strong>factorumque</strong></span> <span class='ocrx_word' id='word_1_23' title='bbox 1645 559 1980 602; x_wconf 79' lang='lat' dir='ltr'><strong>memorabilium</strong></span> 
     </span>
     <span class='ocr_line' id='line_1_6' title="bbox 199 634 1981 691; baseline -0.003 -11"><span class='ocrx_word' id='word_1_24' title='bbox 199 637 256 680; x_wconf 87' lang='lat' dir='ltr'><strong>ad</strong></span> <span class='ocrx_word' id='word_1_25' title='bbox 283 637 502 680; x_wconf 82' lang='lat' dir='ltr'><strong>Tiberium</strong></span> <span class='ocrx_word' id='word_1_26' title='bbox 532 634 767 679; x_wconf 85' lang='lat' dir='ltr'><strong>Caesarem</strong></span> <span class='ocrx_word' id='word_1_27' title='bbox 800 637 897 677; x_wconf 86' lang='lat' dir='ltr'><strong>libri</strong></span> <span class='ocrx_word' id='word_1_28' title='bbox 928 634 1009 677; x_wconf 89' lang='lat' dir='ltr'><strong>lX.</strong></span> <span class='ocrx_word' id='word_1_29' title='bbox 1053 634 1289 677; x_wconf 79' lang='lat' dir='ltr'><strong>Praecedit</strong></span> <span class='ocrx_word' id='word_1_30' title='bbox 1319 636 1509 689; x_wconf 87' lang='lat' dir='ltr'><strong>capitum</strong></span> <span class='ocrx_word' id='word_1_31' title='bbox 1539 635 1690 677; x_wconf 90' lang='lat' dir='ltr'><strong>tabula</strong></span> <span class='ocrx_word' id='word_1_32' title='bbox 1711 635 1981 691; x_wconf 88' lang='lat' dir='ltr'><strong>singulorum</strong></span> 
     </span>
     <span class='ocr_line' id='line_1_7' title="bbox 199 708 1984 770; baseline -0.002 -16"><span class='ocrx_word' id='word_1_33' title='bbox 199 713 405 755; x_wconf 88' lang='lat' dir='ltr'><strong>librorum</strong></span> <span class='ocrx_word' id='word_1_34' title='bbox 437 724 490 755; x_wconf 89' lang='lat' dir='ltr'><strong>ac</strong></span> <span class='ocrx_word' id='word_1_35' title='bbox 522 712 754 770; x_wconf 79' lang='lat' dir='ltr'><strong>prologuS,</strong></span> <span class='ocrx_word' id='word_1_36' title='bbox 786 713 910 754; x_wconf 91' lang='lat' dir='ltr'><strong>cuius</strong></span> <span class='ocrx_word' id='word_1_37' title='bbox 940 712 1107 755; x_wconf 82' lang='lat' dir='ltr'><strong>initium</strong></span> <span class='ocrx_word' id='word_1_38' title='bbox 1139 715 1229 752; x_wconf 85' lang='lat' dir='ltr'><strong>est:</strong></span> <span class='ocrx_word' id='word_1_39' title='bbox 1249 768 1252 770; x_wconf 73' lang='lat'><strong>.</strong></span> <span class='ocrx_word' id='word_1_40' title='bbox 1272 709 1403 752; x_wconf 69' lang='lat' dir='ltr'><strong>Vrbis</strong></span> <span class='ocrx_word' id='word_1_41' title='bbox 1434 709 1637 766; x_wconf 77' lang='lat' dir='ltr'><strong>Romae3</strong></span> <span class='ocrx_word' id='word_1_42' title='bbox 1667 709 1787 751; x_wconf 84' lang='lat' dir='ltr'><strong>finis:</strong></span> <span class='ocrx_word' id='word_1_43' title='bbox 1825 708 1984 751; x_wconf 78' lang='lat' dir='ltr'><strong>Maio-</strong></span> 
     </span>
     <span class='ocr_line' id='line_1_8' title="bbox 198 783 1984 844; baseline -0.003 -13"><span class='ocrx_word' id='word_1_44' title='bbox 198 800 272 831; x_wconf 75' lang='lat' dir='ltr'><strong>res</strong></span> <span class='ocrx_word' id='word_1_45' title='bbox 289 783 319 838; x_wconf 86' lang='lat'><strong>²)</strong></span> <span class='ocrx_word' id='word_1_46' title='bbox 362 791 517 831; x_wconf 76' lang='lat' dir='ltr'><strong>statas</strong></span> <span class='ocrx_word' id='word_1_47' title='bbox 556 787 884 844; x_wconf 77' lang='lat' dir='ltr'><strong>sollemnesque</strong></span> <span class='ocrx_word' id='word_1_48' title='bbox 930 789 1258 829; x_wconf 74' lang='lat' dir='ltr'><strong>caeremonias.</strong></span> <span class='ocrx_word' id='word_1_49' title='bbox 1314 783 1506 828; x_wconf 86' lang='lat' dir='ltr'><strong>Ultimus</strong></span> <span class='ocrx_word' id='word_1_50' title='bbox 1534 785 1717 828; x_wconf 86' lang='lat' dir='ltr'><strong>desinit:</strong></span> <span class='ocrx_word' id='word_1_51' title='bbox 1761 784 1984 841; x_wconf 73' lang='lat' dir='ltr'><strong>supplicio</strong></span> 
     </span>
     <span class='ocr_line' id='line_1_9' title="bbox 199 862 837 923; baseline -0.003 -18"><span class='ocrx_word' id='word_1_52' title='bbox 199 866 368 923; x_wconf 76' lang='lat' dir='ltr'><strong>coe’qit,</strong></span> <span class='ocrx_word' id='word_1_53' title='bbox 404 866 452 905; x_wconf 91' lang='lat' dir='ltr'><strong>ut</strong></span> <span class='ocrx_word' id='word_1_54' title='bbox 483 864 526 904; x_wconf 90' lang='lat' dir='ltr'><strong>in</strong></span> <span class='ocrx_word' id='word_1_55' title='bbox 557 862 837 905; x_wconf 86' lang='lat' dir='ltr'><strong>editionibus.</strong></span> 
     </span>
    </p>
   </div>
   <div class='ocr_carea' id='block_1_5' title="bbox 198 946 1993 3127">
    <p class='ocr_par' dir='ltr' id='par_1_5' title="bbox 198 946 1993 1759">
     <span class='ocr_line' id='line_1_10' title="bbox 311 946 1987 1009; baseline -0.002 -16"><span class='ocrx_word' id='word_1_56' title='bbox 311 951 372 993; x_wconf 89' lang='grc' dir='ltr'><strong>ΙΙ.</strong></span> <span class='ocrx_word' id='word_1_57' title='bbox 406 963 506 1009; x_wconf 88' lang='lat' dir='ltr'><strong>pag.</strong></span> <span class='ocrx_word' id='word_1_58' title='bbox 540 946 656 992; x_wconf 73' lang='lat'><strong>157.</strong></span> <span class='ocrx_word' id='word_1_59' title='bbox 703 949 1018 1008; x_wconf 81' lang='lat' dir='ltr'><strong>Fragmentum</strong></span> <span class='ocrx_word' id='word_1_60' title='bbox 1050 949 1133 996; x_wconf 91' lang='lat' dir='ltr'><strong>(sic</strong></span> <span class='ocrx_word' id='word_1_61' title='bbox 1164 949 1419 991; x_wconf 82' lang='lat' dir='ltr'><strong>inscribitur</strong></span> <span class='ocrx_word' id='word_1_62' title='bbox 1448 950 1492 990; x_wconf 91' lang='lat' dir='ltr'><strong>in</strong></span> <span class='ocrx_word' id='word_1_63' title='bbox 1523 948 1731 1000; x_wconf 78' lang='lat' dir='ltr'><strong>Codice),</strong></span> <span class='ocrx_word' id='word_1_64' title='bbox 1765 947 1881 1004; x_wconf 89' lang='lat' dir='ltr'><strong>quod</strong></span> <span class='ocrx_word' id='word_1_65' title='bbox 1910 961 1987 991; x_wconf 78' lang='lat' dir='ltr'><strong>rc-</strong></span> 
     </span>
     <span class='ocr_line' id='line_1_11' title="bbox 199 1018 1989 1081; baseline -0.002 -12"><span class='ocrx_word' id='word_1_66' title='bbox 199 1027 368 1081; x_wconf 88' lang='lat' dir='ltr'><strong>peritur</strong></span> <span class='ocrx_word' id='word_1_67' title='bbox 397 1038 453 1068; x_wconf 82' lang='lat' dir='ltr'><strong>ex</strong></span> <span class='ocrx_word' id='word_1_68' title='bbox 483 1025 696 1068; x_wconf 90' lang='lat' dir='ltr'><strong>Historiis</strong></span> <span class='ocrx_word' id='word_1_69' title='bbox 726 1018 1092 1068; x_wconf 80' lang='lat' dir='ltr'><strong>Cornelii&#39;Taciti</strong></span> <span class='ocrx_word' id='word_1_70' title='bbox 1123 1037 1150 1066; x_wconf 90' lang='lat' dir='ltr'><strong>a</strong></span> <span class='ocrx_word' id='word_1_71' title='bbox 1179 1025 1290 1067; x_wconf 89' lang='lat' dir='ltr'><strong>libro</strong></span> <span class='ocrx_word' id='word_1_72' title='bbox 1322 1023 1389 1066; x_wconf 85' lang='lat' dir='ltr'><strong>Xl</strong></span> <span class='ocrx_word' id='word_1_73' title='bbox 1422 1024 1479 1066; x_wconf 90' lang='lat' dir='ltr'><strong>ad</strong></span> <span class='ocrx_word' id='word_1_74' title='bbox 1509 1022 1649 1066; x_wconf 81' lang='lat' dir='ltr'><strong>totum</strong></span> <span class='ocrx_word' id='word_1_75' title='bbox 1673 1025 1829 1067; x_wconf 91' lang='lat' dir='ltr'><strong>librum</strong></span> <span class='ocrx_word' id='word_1_76' title='bbox 1859 1023 1989 1075; x_wconf 86' lang='lat' dir='ltr'><strong>XXI,</strong></span> 
     </span>
     <span class='ocr_line' id='line_1_12' title="bbox 198 1099 1989 1157; baseline -0.002 -14"><span class='ocrx_word' id='word_1_77' title='bbox 198 1114 278 1143; x_wconf 90' lang='lat' dir='ltr'><strong>seu</strong></span> <span class='ocrx_word' id='word_1_78' title='bbox 308 1103 456 1157; x_wconf 89' lang='lat' dir='ltr'><strong>potius</strong></span> <span class='ocrx_word' id='word_1_79' title='bbox 488 1113 515 1143; x_wconf 89' lang='lat' dir='ltr'><strong>a</strong></span> <span class='ocrx_word' id='word_1_80' title='bbox 544 1101 656 1143; x_wconf 89' lang='lat' dir='ltr'><strong>libro</strong></span> <span class='ocrx_word' id='word_1_81' title='bbox 689 1100 756 1142; x_wconf 91' lang='lat' dir='ltr'><strong>XI</strong></span> <span class='ocrx_word' id='word_1_82' title='bbox 793 1100 1027 1142; x_wconf 86' lang='lat' dir='ltr'><strong>Annalium</strong></span> <span class='ocrx_word' id='word_1_83' title='bbox 1058 1111 1199 1154; x_wconf 83' lang='lat' dir='ltr'><strong>nsque</strong></span> <span class='ocrx_word' id='word_1_84' title='bbox 1230 1099 1285 1141; x_wconf 87' lang='lat' dir='ltr'><strong>ad</strong></span> <span class='ocrx_word' id='word_1_85' title='bbox 1318 1100 1471 1142; x_wconf 87' lang='lat' dir='ltr'><strong>librum</strong></span> <span class='ocrx_word' id='word_1_86' title='bbox 1492 1099 1606 1142; x_wconf 90' lang='lat' dir='ltr'><strong>XVI</strong></span> <span class='ocrx_word' id='word_1_87' title='bbox 1629 1103 1674 1142; x_wconf 91' lang='lat' dir='ltr'><strong>et</strong></span> <span class='ocrx_word' id='word_1_88' title='bbox 1696 1100 1989 1142; x_wconf 84' lang='lat' dir='ltr'><strong>Historiarum</strong></span> 
     </span>
     <span class='ocr_line' id='line_1_13' title="bbox 201 1164 1991 1231; baseline -0.001 -13"><span class='ocrx_word' id='word_1_89' title='bbox 201 1177 405 1220; x_wconf 90' lang='lat' dir='ltr'><strong>librorum</strong></span> <span class='ocrx_word' id='word_1_90' title='bbox 438 1175 573 1231; x_wconf 89' lang='lat' dir='ltr'><strong>I—V,</strong></span> <span class='ocrx_word' id='word_1_91' title='bbox 605 1177 676 1231; x_wconf 83' lang='lat' dir='ltr'><strong>qui</strong></span> <span class='ocrx_word' id='word_1_92' title='bbox 698 1178 954 1230; x_wconf 88' lang='lat' dir='ltr'><strong>supersunt.</strong></span> <span class='ocrx_word' id='word_1_93' title='bbox 1000 1176 1187 1229; x_wconf 87' lang='lat' dir='ltr'><strong>Incipit:</strong></span> <span class='ocrx_word' id='word_1_94' title='bbox 1219 1173 1346 1218; x_wconf 86' lang='lat' dir='ltr'><strong>Nam</strong></span> <span class='ocrx_word' id='word_1_95' title='bbox 1378 1164 1612 1218; x_wconf 55' lang='lat' dir='ltr'><strong>Valerium</strong></span> <span class='ocrx_word' id='word_1_96' title='bbox 1638 1173 1902 1218; x_wconf 73' lang='lat' dir='ltr'><strong>Asiaticum</strong></span> <span class='ocrx_word' id='word_1_97' title='bbox 1923 1175 1991 1217; x_wconf 74' lang='lat' dir='ltr'><strong>bis</strong></span> 
     </span>
     <span class='ocr_line' id='line_1_14' title="bbox 200 1248 1990 1309; baseline -0.002 -16"><span class='ocrx_word' id='word_1_98' title='bbox 200 1252 432 1295; x_wconf 77' lang='lat' dir='ltr'><strong>consulem</strong></span> <span class='ocrx_word' id='word_1_99' title='bbox 458 1250 606 1307; x_wconf 71' lang='lat' dir='ltr'><strong>fecisse</strong></span> <span class='ocrx_word' id='word_1_100' title='bbox 616 1265 630 1307; x_wconf 78' lang='lat'><strong>‚-</strong></span> <span class='ocrx_word' id='word_1_101' title='bbox 663 1250 848 1293; x_wconf 80' lang='lat' dir='ltr'><strong>desinit:</strong></span> <span class='ocrx_word' id='word_1_102' title='bbox 883 1249 1143 1293; x_wconf 71' lang='lat' dir='ltr'><strong>Flavianus</strong></span> <span class='ocrx_word' id='word_1_103' title='bbox 1161 1253 1222 1293; x_wconf 73' lang='lat' dir='ltr'><strong>‘in</strong></span> <span class='ocrx_word' id='word_1_104' title='bbox 1253 1248 1526 1309; x_wconf 74' lang='lat' dir='ltr'><strong>Pannonia,</strong></span> <span class='ocrx_word' id='word_1_105' title='bbox 1556 1253 1606 1292; x_wconf 91' lang='lat' dir='ltr'><strong>ut</strong></span> <span class='ocrx_word' id='word_1_106' title='bbox 1637 1252 1680 1292; x_wconf 91' lang='lat' dir='ltr'><strong>in</strong></span> <span class='ocrx_word' id='word_1_107' title='bbox 1713 1250 1990 1293; x_wconf 88' lang='lat' dir='ltr'><strong>editionibus.</strong></span> 
     </span>
     <span class='ocr_line' id='line_1_15' title="bbox 201 1324 1993 1385; baseline -0.001 -17"><span class='ocrx_word' id='word_1_108' title='bbox 201 1326 311 1370; x_wconf 88' lang='lat' dir='ltr'><strong>Inde</strong></span> <span class='ocrx_word' id='word_1_109' title='bbox 349 1340 452 1385; x_wconf 88' lang='lat' dir='ltr'><strong>pag.</strong></span> <span class='ocrx_word' id='word_1_110' title='bbox 482 1325 579 1368; x_wconf 76' lang='lat'><strong>281</strong></span> <span class='ocrx_word' id='word_1_111' title='bbox 627 1327 774 1382; x_wconf 89' lang='lat' dir='ltr'><strong>spatio</strong></span> <span class='ocrx_word' id='word_1_112' title='bbox 806 1338 948 1369; x_wconf 88' lang='lat' dir='ltr'><strong>vacuo</strong></span> <span class='ocrx_word' id='word_1_113' title='bbox 987 1326 1144 1368; x_wconf 90' lang='lat' dir='ltr'><strong>relicto</strong></span> <span class='ocrx_word' id='word_1_114' title='bbox 1175 1325 1488 1381; x_wconf 84' lang='lat' dir='ltr'><strong>adscriptoque</strong></span> <span class='ocrx_word' id='word_1_115' title='bbox 1519 1327 1565 1368; x_wconf 91' lang='lat' dir='ltr'><strong>in</strong></span> <span class='ocrx_word' id='word_1_116' title='bbox 1593 1327 1794 1384; x_wconf 85' lang='lat' dir='ltr'><strong>margine</strong></span> <span class='ocrx_word' id='word_1_117' title='bbox 1824 1324 1993 1382; x_wconf 75' lang='lat' dir='ltr'><strong>deficit,</strong></span> 
     </span>
     <span class='ocr_line' id='line_1_16' title="bbox 199 1398 1989 1458; baseline -0.002 -13"><span class='ocrx_word' id='word_1_118' title='bbox 199 1404 286 1445; x_wconf 90' lang='lat' dir='ltr'><strong>alia</strong></span> <span class='ocrx_word' id='word_1_119' title='bbox 317 1398 660 1458; x_wconf 81' lang='lat' dir='ltr'><strong>subsequuntur,</strong></span> <span class='ocrx_word' id='word_1_120' title='bbox 691 1414 870 1457; x_wconf 86' lang='lat' dir='ltr'><strong>quorum</strong></span> <span class='ocrx_word' id='word_1_121' title='bbox 903 1401 1069 1442; x_wconf 91' lang='lat' dir='ltr'><strong>initium</strong></span> <span class='ocrx_word' id='word_1_122' title='bbox 1100 1404 1191 1443; x_wconf 88' lang='lat' dir='ltr'><strong>est:</strong></span> <span class='ocrx_word' id='word_1_123' title='bbox 1222 1400 1299 1444; x_wconf 77' lang='lat' dir='ltr'><strong>Illi</strong></span> <span class='ocrx_word' id='word_1_124' title='bbox 1328 1405 1506 1444; x_wconf 62' lang='lat' dir='ltr'><strong>veteres</strong></span> <span class='ocrx_word' id='word_1_125' title='bbox 1535 1401 1733 1445; x_wconf 73' lang='lat' dir='ltr'><strong>militiae</strong></span> <span class='ocrx_word' id='word_1_126' title='bbox 1752 1404 1803 1444; x_wconf 76' lang='lat' dir='ltr'><strong>in</strong></span> <span class='ocrx_word' id='word_1_127' title='bbox 1823 1412 1989 1444; x_wconf 83' lang='lat' dir='ltr'><strong>cuneos</strong></span> 
     </span>
     <span class='ocr_line' id='line_1_17' title="bbox 201 1475 1991 1535; baseline -0.003 -15"><span class='ocrx_word' id='word_1_128' title='bbox 201 1481 557 1535; x_wconf 78' lang='lat' dir='ltr'><strong>conyreyantur,</strong></span> <span class='ocrx_word' id='word_1_129' title='bbox 597 1477 730 1519; x_wconf 78' lang='lat' dir='ltr'><strong>densi</strong></span> <span class='ocrx_word' id='word_1_130' title='bbox 758 1477 958 1533; x_wconf 80' lang='lat' dir='ltr'><strong>undique</strong></span> <span class='ocrx_word' id='word_1_131' title='bbox 988 1480 1035 1518; x_wconf 88' lang='lat' dir='ltr'><strong>et</strong></span> <span class='ocrx_word' id='word_1_132' title='bbox 1061 1475 1266 1531; x_wconf 78' lang='lat' dir='ltr'><strong>frontem</strong></span> <span class='ocrx_word' id='word_1_133' title='bbox 1296 1480 1514 1535; x_wconf 75' lang='lat' dir='ltr'><strong>teryaque&#39;</strong></span> <span class='ocrx_word' id='word_1_134' title='bbox 1544 1490 1600 1519; x_wconf 86' lang='lat' dir='ltr'><strong>ac</strong></span> <span class='ocrx_word' id='word_1_135' title='bbox 1630 1476 1755 1519; x_wconf 81' lang='lat' dir='ltr'><strong>latus</strong></span> <span class='ocrx_word' id='word_1_136' title='bbox 1785 1479 1877 1519; x_wconf 75' lang='lat' dir='ltr'><strong>tuti</strong></span> <span class='ocrx_word' id='word_1_137' title='bbox 1905 1477 1991 1518; x_wconf 92' lang='lat' dir='ltr'><strong>cet.</strong></span> 
     </span>
     <span class='ocr_line' id='line_1_18' title="bbox 199 1550 1990 1608; baseline -0.002 -12"><span class='ocrx_word' id='word_1_138' title='bbox 199 1553 347 1596; x_wconf 86' lang='lat' dir='ltr'><strong>Finis:</strong></span> <span class='ocrx_word' id='word_1_139' title='bbox 387 1552 655 1596; x_wconf 76' lang='lat' dir='ltr'><strong>conscendit</strong></span> <span class='ocrx_word' id='word_1_140' title='bbox 693 1551 902 1594; x_wconf 78' lang='lat' dir='ltr'><strong>tribunal</strong></span> <span class='ocrx_word' id='word_1_141' title='bbox 940 1550 1116 1594; x_wconf 82' lang='lat' dir='ltr'><strong>Vocula</strong></span> <span class='ocrx_word' id='word_1_142' title='bbox 1126 1565 1141 1607; x_wconf 83' lang='lat'><em>3</em></span> <span class='ocrx_word' id='word_1_143' title='bbox 1182 1564 1295 1608; x_wconf 89' lang='lat' dir='ltr'><strong>quae</strong></span> <span class='ocrx_word' id='word_1_144' title='bbox 1326 1552 1496 1606; x_wconf 87' lang='lat' dir='ltr'><strong>quidem</strong></span> <span class='ocrx_word' id='word_1_145' title='bbox 1526 1553 1667 1595; x_wconf 87' lang='lat' dir='ltr'><strong>verba</strong></span> <span class='ocrx_word' id='word_1_146' title='bbox 1697 1553 1845 1594; x_wconf 90' lang='lat' dir='ltr'><strong>nescio</strong></span> <span class='ocrx_word' id='word_1_147' title='bbox 1876 1563 1990 1606; x_wconf 83' lang='lat' dir='ltr'><strong>quo-</strong></span> 
     </span>
     <span class='ocr_line' id='line_1_19' title="bbox 203 1626 1991 1686; baseline -0.001 -15"><span class='ocrx_word' id='word_1_148' title='bbox 203 1628 332 1671; x_wconf 90' lang='lat' dir='ltr'><strong>modo</strong></span> <span class='ocrx_word' id='word_1_149' title='bbox 363 1628 434 1672; x_wconf 89' lang='lat' dir='ltr'><strong>hic</strong></span> <span class='ocrx_word' id='word_1_150' title='bbox 464 1630 619 1670; x_wconf 89' lang='lat' dir='ltr'><strong>iterum</strong></span> <span class='ocrx_word' id='word_1_151' title='bbox 650 1629 932 1683; x_wconf 83' lang='lat' dir='ltr'><strong>repetantur,</strong></span> <span class='ocrx_word' id='word_1_152' title='bbox 963 1639 1057 1670; x_wconf 89' lang='lat' dir='ltr'><strong>cnm</strong></span> <span class='ocrx_word' id='word_1_153' title='bbox 1088 1640 1169 1669; x_wconf 91' lang='lat' dir='ltr'><strong>suo</strong></span> <span class='ocrx_word' id='word_1_154' title='bbox 1201 1629 1330 1669; x_wconf 89' lang='lat' dir='ltr'><strong>etiam</strong></span> <span class='ocrx_word' id='word_1_155' title='bbox 1363 1629 1460 1671; x_wconf 91' lang='lat' dir='ltr'><strong>loco</strong></span> <span class='ocrx_word' id='word_1_156' title='bbox 1490 1628 1700 1686; x_wconf 83' lang='lat' dir='ltr'><strong>legantur</strong></span> <span class='ocrx_word' id='word_1_157' title='bbox 1729 1628 1774 1669; x_wconf 87' lang='lat' dir='ltr'><strong>in</strong></span> <span class='ocrx_word' id='word_1_158' title='bbox 1804 1626 1991 1682; x_wconf 72' lang='lat' dir='ltr'><strong>Codice,</strong></span> 
     </span>
     <span class='ocr_line' id='line_1_20' title="bbox 202 1701 1475 1759; baseline -0.001 -13"><span class='ocrx_word' id='word_1_159' title='bbox 202 1706 428 1759; x_wconf 90' lang='lat' dir='ltr'><strong>pertinent</strong></span> <span class='ocrx_word' id='word_1_160' title='bbox 459 1705 571 1746; x_wconf 87' lang='lat' dir='ltr'><strong>enim</strong></span> <span class='ocrx_word' id='word_1_161' title='bbox 602 1702 659 1745; x_wconf 90' lang='lat' dir='ltr'><strong>ad</strong></span> <span class='ocrx_word' id='word_1_162' title='bbox 690 1703 843 1745; x_wconf 88' lang='lat' dir='ltr'><strong>librum</strong></span> <span class='ocrx_word' id='word_1_163' title='bbox 874 1703 954 1745; x_wconf 88' lang='lat' dir='ltr'><strong>IV.</strong></span> <span class='ocrx_word' id='word_1_164' title='bbox 985 1703 1153 1745; x_wconf 88' lang='lat' dir='ltr'><strong>Histor.</strong></span> <span class='ocrx_word' id='word_1_165' title='bbox 1182 1703 1231 1746; x_wconf 87' lang='lat' dir='ltr'><strong>C.</strong></span> <span class='ocrx_word' id='word_1_166' title='bbox 1262 1701 1475 1746; x_wconf 76' lang='lat'><strong>20—25.</strong></span> 
     </span>
    </p>

    <p class='ocr_par' dir='ltr' id='par_1_6' title="bbox 202 1776 1992 2212">
     <span class='ocr_line' id='line_1_21' title="bbox 316 1776 1991 1835; baseline -0.002 -12"><span class='ocrx_word' id='word_1_167' title='bbox 316 1778 471 1823; x_wconf 84' lang='lat' dir='ltr'><strong>Codex</strong></span> <span class='ocrx_word' id='word_1_168' title='bbox 502 1779 860 1822; x_wconf 89' lang='lat' dir='ltr'><strong>membranaceus</strong></span> <span class='ocrx_word' id='word_1_169' title='bbox 888 1778 979 1821; x_wconf 88' lang='lat' dir='ltr'><strong>Ms.</strong></span> <span class='ocrx_word' id='word_1_170' title='bbox 1002 1780 1046 1820; x_wconf 90' lang='lat' dir='ltr'><strong>in</strong></span> <span class='ocrx_word' id='word_1_171' title='bbox 1076 1779 1151 1820; x_wconf 86' lang='lat' dir='ltr'><strong>fol.</strong></span> <span class='ocrx_word' id='word_1_172' title='bbox 1173 1776 1275 1822; x_wconf 88' lang='lat' dir='ltr'><strong>Sec.</strong></span> <span class='ocrx_word' id='word_1_173' title='bbox 1296 1778 1396 1821; x_wconf 90' lang='lat' dir='ltr'><strong>XV.</strong></span> <span class='ocrx_word' id='word_1_174' title='bbox 1416 1791 1551 1835; x_wconf 86' lang='lat' dir='ltr'><strong>supra</strong></span> <span class='ocrx_word' id='word_1_175' title='bbox 1581 1791 1707 1835; x_wconf 84' lang='lat' dir='ltr'><strong>quam</strong></span> <span class='ocrx_word' id='word_1_176' title='bbox 1734 1780 1819 1822; x_wconf 89' lang='lat' dir='ltr'><strong>dici</strong></span> <span class='ocrx_word' id='word_1_177' title='bbox 1850 1779 1991 1835; x_wconf 88' lang='lat' dir='ltr'><strong>possit</strong></span> 
     </span>
     <span class='ocr_line' id='line_1_22' title="bbox 205 1853 1991 1914; baseline -0.001 -16"><span class='ocrx_word' id='word_1_178' title='bbox 205 1855 560 1914; x_wconf 85' lang='lat' dir='ltr'><strong>elegantissimus</strong></span> <span class='ocrx_word' id='word_1_179' title='bbox 599 1856 644 1896; x_wconf 90' lang='lat' dir='ltr'><strong>et</strong></span> <span class='ocrx_word' id='word_1_180' title='bbox 674 1855 718 1895; x_wconf 91' lang='lat' dir='ltr'><strong>in</strong></span> <span class='ocrx_word' id='word_1_181' title='bbox 749 1855 964 1909; x_wconf 91' lang='lat' dir='ltr'><strong>principio</strong></span> <span class='ocrx_word' id='word_1_182' title='bbox 994 1855 1222 1910; x_wconf 88' lang='lat' dir='ltr'><strong>utriusque</strong></span> <span class='ocrx_word' id='word_1_183' title='bbox 1254 1855 1401 1909; x_wconf 85' lang='lat' dir='ltr'><strong>operis</strong></span> <span class='ocrx_word' id='word_1_184' title='bbox 1431 1855 1560 1897; x_wconf 89' lang='lat' dir='ltr'><strong>titulo</strong></span> <span class='ocrx_word' id='word_1_185' title='bbox 1591 1867 1744 1905; x_wconf 89' lang='lat' dir='ltr'><strong>aureo,</strong></span> <span class='ocrx_word' id='word_1_186' title='bbox 1780 1853 1991 1910; x_wconf 90' lang='lat' dir='ltr'><strong>pulcher-</strong></span> 
     </span>
     <span class='ocr_line' id='line_1_23' title="bbox 205 1928 1992 1986; baseline -0.001 -14"><span class='ocrx_word' id='word_1_187' title='bbox 205 1931 313 1972; x_wconf 88' lang='lat' dir='ltr'><strong>rima</strong></span> <span class='ocrx_word' id='word_1_188' title='bbox 354 1931 546 1985; x_wconf 84' lang='lat' dir='ltr'><strong>pictura,</strong></span> <span class='ocrx_word' id='word_1_189' title='bbox 582 1928 791 1972; x_wconf 90' lang='lat' dir='ltr'><strong>Mediceo</strong></span> <span class='ocrx_word' id='word_1_190' title='bbox 829 1931 1058 1972; x_wconf 82' lang='lat' dir='ltr'><strong>stemmate</strong></span> <span class='ocrx_word' id='word_1_191' title='bbox 1098 1933 1143 1971; x_wconf 82' lang='lat' dir='ltr'><strong>et</strong></span> <span class='ocrx_word' id='word_1_192' title='bbox 1181 1932 1378 1973; x_wconf 90' lang='lat' dir='ltr'><strong>auctoris</strong></span> <span class='ocrx_word' id='word_1_193' title='bbox 1416 1931 1544 1974; x_wconf 89' lang='lat' dir='ltr'><strong>icone</strong></span> <span class='ocrx_word' id='word_1_194' title='bbox 1570 1931 1627 1972; x_wconf 67' lang='lat' dir='ltr'><strong>‘in</strong></span> <span class='ocrx_word' id='word_1_195' title='bbox 1667 1932 1805 1986; x_wconf 88' lang='lat' dir='ltr'><strong>prima</strong></span> <span class='ocrx_word' id='word_1_196' title='bbox 1841 1931 1992 1972; x_wconf 85' lang='lat' dir='ltr'><strong>littera</strong></span> 
     </span>
     <span class='ocr_line' id='line_1_24' title="bbox 202 2005 1991 2062; baseline -0.001 -14"><span class='ocrx_word' id='word_1_197' title='bbox 202 2007 467 2058; x_wconf 88' lang='lat' dir='ltr'><strong>exornatus,</strong></span> <span class='ocrx_word' id='word_1_198' title='bbox 500 2007 544 2047; x_wconf 89' lang='lat' dir='ltr'><strong>et</strong></span> <span class='ocrx_word' id='word_1_199' title='bbox 574 2016 670 2048; x_wconf 88' lang='lat' dir='ltr'><strong>cum</strong></span> <span class='ocrx_word' id='word_1_200' title='bbox 700 2005 881 2060; x_wconf 89' lang='lat' dir='ltr'><strong>reliquis</strong></span> <span class='ocrx_word' id='word_1_201' title='bbox 906 2005 1112 2046; x_wconf 90' lang='lat' dir='ltr'><strong>librorum</strong></span> <span class='ocrx_word' id='word_1_202' title='bbox 1134 2005 1374 2047; x_wconf 84' lang='lat' dir='ltr'><strong>initialibus</strong></span> <span class='ocrx_word' id='word_1_203' title='bbox 1395 2017 1503 2048; x_wconf 89' lang='lat' dir='ltr'><strong>auro</strong></span> <span class='ocrx_word' id='word_1_204' title='bbox 1523 2006 1747 2062; x_wconf 87' lang='lat' dir='ltr'><strong>variisque</strong></span> <span class='ocrx_word' id='word_1_205' title='bbox 1768 2006 1991 2048; x_wconf 89' lang='lat' dir='ltr'><strong>coloribus</strong></span> 
     </span>
     <span class='ocr_line' id='line_1_25' title="bbox 203 2078 1990 2138; baseline 0.001 -15"><span class='ocrx_word' id='word_1_206' title='bbox 203 2081 435 2138; x_wconf 86' lang='lat' dir='ltr'><strong>eleganter</strong></span> <span class='ocrx_word' id='word_1_207' title='bbox 481 2079 689 2136; x_wconf 81' lang='lat' dir='ltr'><strong>depictis,</strong></span> <span class='ocrx_word' id='word_1_208' title='bbox 729 2081 773 2121; x_wconf 90' lang='lat' dir='ltr'><strong>in</strong></span> <span class='ocrx_word' id='word_1_209' title='bbox 818 2081 943 2123; x_wconf 91' lang='lat' dir='ltr'><strong>cuius</strong></span> <span class='ocrx_word' id='word_1_210' title='bbox 973 2080 1096 2123; x_wconf 91' lang='lat' dir='ltr'><strong>calce</strong></span> <span class='ocrx_word' id='word_1_211' title='bbox 1133 2081 1321 2137; x_wconf 80' lang='lat' dir='ltr'><strong>legitur:</strong></span> <span class='ocrx_word' id='word_1_212' title='bbox 1366 2079 1504 2123; x_wconf 71' lang='lat' dir='ltr'><strong>Liber</strong></span> <span class='ocrx_word' id='word_1_213' title='bbox 1533 2078 1668 2124; x_wconf 62' lang='lat' dir='ltr'><strong>Petri</strong></span> <span class='ocrx_word' id='word_1_214' title='bbox 1698 2082 1754 2123; x_wconf 88' lang='lat' dir='ltr'><strong>de</strong></span> <span class='ocrx_word' id='word_1_215' title='bbox 1784 2080 1990 2124; x_wconf 71' lang='lat' dir='ltr'><strong>Medices</strong></span> 
     </span>
     <span class='ocr_line' id='line_1_26' title="bbox 206 2152 1428 2212; baseline 0 -13"><span class='ocrx_word' id='word_1_216' title='bbox 206 2154 396 2204; x_wconf 68' lang='lat' dir='ltr'><strong>Cosmi)</strong></span> <span class='ocrx_word' id='word_1_217' title='bbox 422 2155 489 2212; x_wconf 86' lang='lat' dir='ltr'><strong>fil.</strong></span> <span class='ocrx_word' id='word_1_218' title='bbox 534 2152 724 2199; x_wconf 82' lang='lat' dir='ltr'><strong>Constat</strong></span> <span class='ocrx_word' id='word_1_219' title='bbox 754 2155 874 2197; x_wconf 84' lang='lat' dir='ltr'><strong>foliis</strong></span> <span class='ocrx_word' id='word_1_220' title='bbox 903 2156 1084 2211; x_wconf 89' lang='lat' dir='ltr'><strong>scriptis</strong></span> <span class='ocrx_word' id='word_1_221' title='bbox 1113 2155 1428 2200; x_wconf 86' lang='lat' dir='ltr'><strong>CCLXXXII.</strong></span> 
     </span>
    </p>

    <p class='ocr_par' dir='ltr' id='par_1_7' title="bbox 926 2240 1269 2295">
     <span class='ocr_line' id='line_1_27' title="bbox 926 2240 1269 2295; baseline 0 -17"><span class='ocrx_word' id='word_1_222' title='bbox 926 2240 963 2278; x_wconf 50' lang='grc' dir='ltr'><strong>ηε</strong></span> <span class='ocrx_word' id='word_1_223' title='bbox 1077 2259 1116 2295; x_wconf 38' lang='grc' dir='ltr'><strong>,μ</strong></span> <span class='ocrx_word' id='word_1_224' title='bbox 1230 2241 1269 2278; x_wconf 72' lang='lat'><em>*</em></span> 
     </span>
    </p>

    <p class='ocr_par' dir='ltr' id='par_1_8' title="bbox 202 2330 1989 2526">
     <span class='ocr_line' id='line_1_28' title="bbox 317 2330 1989 2388; baseline 0.001 -14"><span class='ocrx_word' id='word_1_225' title='bbox 317 2332 389 2374; x_wconf 79' lang='lat' dir='ltr'><strong>Ex</strong></span> <span class='ocrx_word' id='word_1_226' title='bbox 428 2333 591 2374; x_wconf 82' lang='lat' dir='ltr'><strong>ceteris</strong></span> <span class='ocrx_word' id='word_1_227' title='bbox 629 2331 770 2374; x_wconf 85' lang='lat' dir='ltr'><strong>Taciti</strong></span> <span class='ocrx_word' id='word_1_228' title='bbox 811 2330 1058 2385; x_wconf 87' lang='lat' dir='ltr'><strong>codicibus,</strong></span> <span class='ocrx_word' id='word_1_229' title='bbox 1101 2344 1211 2387; x_wconf 88' lang='lat' dir='ltr'><strong>quos</strong></span> <span class='ocrx_word' id='word_1_230' title='bbox 1245 2343 1381 2387; x_wconf 88' lang='lat' dir='ltr'><strong>supra</strong></span> <span class='ocrx_word' id='word_1_231' title='bbox 1411 2344 1468 2374; x_wconf 89' lang='lat' dir='ltr'><strong>ex</strong></span> <span class='ocrx_word' id='word_1_232' title='bbox 1497 2332 1640 2375; x_wconf 89' lang='lat' dir='ltr'><strong>altero</strong></span> <span class='ocrx_word' id='word_1_233' title='bbox 1670 2331 1878 2377; x_wconf 87' lang='lat' dir='ltr'><strong>Mediceo</strong></span> <span class='ocrx_word' id='word_1_234' title='bbox 1909 2345 1989 2388; x_wconf 90' lang='lat' dir='ltr'><strong>per</strong></span> 
     </span>
     <span class='ocr_line' id='line_1_29' title="bbox 204 2406 1986 2463; baseline 0.001 -13"><span class='ocrx_word' id='word_1_235' title='bbox 204 2408 357 2451; x_wconf 88' lang='lat' dir='ltr'><strong>varios</strong></span> <span class='ocrx_word' id='word_1_236' title='bbox 395 2407 535 2449; x_wconf 88' lang='lat' dir='ltr'><strong>veluti</strong></span> <span class='ocrx_word' id='word_1_237' title='bbox 570 2408 693 2449; x_wconf 91' lang='lat' dir='ltr'><strong>rivos</strong></span> <span class='ocrx_word' id='word_1_238' title='bbox 723 2406 939 2450; x_wconf 87' lang='lat' dir='ltr'><strong>deductos</strong></span> <span class='ocrx_word' id='word_1_239' title='bbox 969 2418 1070 2449; x_wconf 88' lang='lat' dir='ltr'><strong>esse</strong></span> <span class='ocrx_word' id='word_1_240' title='bbox 1101 2406 1311 2461; x_wconf 87' lang='lat' dir='ltr'><strong>diximus,</strong></span> <span class='ocrx_word' id='word_1_241' title='bbox 1347 2406 1393 2457; x_wconf 87' lang='lat' dir='ltr'><strong>hi</strong></span> <span class='ocrx_word' id='word_1_242' title='bbox 1423 2408 1692 2463; x_wconf 87' lang='lat' dir='ltr'><strong>potissimum</strong></span> <span class='ocrx_word' id='word_1_243' title='bbox 1723 2420 1986 2452; x_wconf 89' lang='lat' dir='ltr'><strong>commemo-</strong></span> 
     </span>
     <span class='ocr_line' id='line_1_30' title="bbox 202 2481 594 2526; baseline -0.003 -1"><span class='ocrx_word' id='word_1_244' title='bbox 202 2482 331 2526; x_wconf 89' lang='lat' dir='ltr'><strong>randi</strong></span> <span class='ocrx_word' id='word_1_245' title='bbox 359 2481 594 2525; x_wconf 83' lang='lat' dir='ltr'><strong>videntur:</strong></span> 
     </span>
    </p>

    <p class='ocr_par' dir='ltr' id='par_1_9' title="bbox 206 2554 1993 3127">
     <span class='ocr_line' id='line_1_31' title="bbox 319 2554 1988 2613; baseline 0.001 -12"><span class='ocrx_word' id='word_1_246' title='bbox 319 2558 364 2602; x_wconf 93' lang='lat'><strong>1.</strong></span> <span class='ocrx_word' id='word_1_247' title='bbox 392 2554 827 2609; x_wconf 86' lang='lat' dir='ltr'><strong>Farnesianus³)</strong></span> <span class='ocrx_word' id='word_1_248' title='bbox 871 2570 898 2600; x_wconf 89' lang='lat' dir='ltr'><strong>a</strong></span> <span class='ocrx_word' id='word_1_249' title='bbox 936 2558 1112 2613; x_wconf 82' lang='lat' dir='ltr'><strong>Lipsio,</strong></span> <span class='ocrx_word' id='word_1_250' title='bbox 1150 2559 1240 2601; x_wconf 89' lang='lat' dir='ltr'><strong>Iac.</strong></span> <span class='ocrx_word' id='word_1_251' title='bbox 1271 2554 1512 2601; x_wconf 90' lang='lat' dir='ltr'><strong>Corbinelli</strong></span> <span class='ocrx_word' id='word_1_252' title='bbox 1550 2561 1595 2601; x_wconf 90' lang='lat' dir='ltr'><strong>et</strong></span> <span class='ocrx_word' id='word_1_253' title='bbox 1635 2559 1723 2602; x_wconf 87' lang='lat' dir='ltr'><strong>Iac.</strong></span> <span class='ocrx_word' id='word_1_254' title='bbox 1760 2558 1988 2604; x_wconf 87' lang='lat' dir='ltr'><strong>Gronovio</strong></span> 
     </span>
     <span class='ocr_line' id='line_1_32' title="bbox 206 2630 1991 2692; baseline 0.001 -16"><span class='ocrx_word' id='word_1_255' title='bbox 206 2646 343 2687; x_wconf 87' lang='lat' dir='ltr'><strong>saepe</strong></span> <span class='ocrx_word' id='word_1_256' title='bbox 382 2634 631 2688; x_wconf 85' lang='lat' dir='ltr'><strong>inspectus,</strong></span> <span class='ocrx_word' id='word_1_257' title='bbox 673 2635 920 2688; x_wconf 87' lang='lat' dir='ltr'><strong>nuperrime</strong></span> <span class='ocrx_word' id='word_1_258' title='bbox 951 2646 977 2674; x_wconf 88' lang='lat' dir='ltr'><strong>a</strong></span> <span class='ocrx_word' id='word_1_259' title='bbox 1008 2633 1107 2676; x_wconf 91' lang='lat' dir='ltr'><strong>Car.</strong></span> <span class='ocrx_word' id='word_1_260' title='bbox 1138 2632 1252 2677; x_wconf 84' lang='lat' dir='ltr'><strong>Guil.</strong></span> <span class='ocrx_word' id='word_1_261' title='bbox 1282 2630 1578 2692; x_wconf 88' lang='lat' dir='ltr'><strong>Schluttigio,</strong></span> <span class='ocrx_word' id='word_1_262' title='bbox 1617 2635 1688 2690; x_wconf 90' lang='lat' dir='ltr'><strong>qui</strong></span> <span class='ocrx_word' id='word_1_263' title='bbox 1717 2636 1867 2677; x_wconf 88' lang='lat' dir='ltr'><strong>varias</strong></span> <span class='ocrx_word' id='word_1_264' title='bbox 1897 2636 1991 2677; x_wconf 89' lang='lat' dir='ltr'><strong>eius</strong></span> 
     </span>
     <span class='ocr_line' id='line_1_33' title="bbox 206 2707 1993 2767; baseline 0 -15"><span class='ocrx_word' id='word_1_265' title='bbox 206 2710 423 2753; x_wconf 88' lang='lat' dir='ltr'><strong>lectiones</strong></span> <span class='ocrx_word' id='word_1_266' title='bbox 453 2710 497 2750; x_wconf 91' lang='lat' dir='ltr'><strong>in</strong></span> <span class='ocrx_word' id='word_1_267' title='bbox 530 2708 722 2767; x_wconf 88' lang='lat' dir='ltr'><strong>Dialogo</strong></span> <span class='ocrx_word' id='word_1_268' title='bbox 757 2707 811 2750; x_wconf 91' lang='lat' dir='ltr'><strong>de</strong></span> <span class='ocrx_word' id='word_1_269' title='bbox 842 2708 1092 2750; x_wconf 89' lang='lat' dir='ltr'><strong>oratoribus</strong></span> <span class='ocrx_word' id='word_1_270' title='bbox 1122 2710 1347 2763; x_wconf 89' lang='lat' dir='ltr'><strong>excerpsit</strong></span> <span class='ocrx_word' id='word_1_271' title='bbox 1369 2711 1413 2751; x_wconf 91' lang='lat' dir='ltr'><strong>et</strong></span> <span class='ocrx_word' id='word_1_272' title='bbox 1434 2708 1628 2752; x_wconf 91' lang='lat' dir='ltr'><strong>codicem</strong></span> <span class='ocrx_word' id='word_1_273' title='bbox 1651 2711 1711 2751; x_wconf 89' lang='lat' dir='ltr'><strong>ita</strong></span> <span class='ocrx_word' id='word_1_274' title='bbox 1733 2709 1993 2766; x_wconf 87' lang='lat' dir='ltr'><strong>descripsit:</strong></span> 
     </span>
     <span class='ocr_line' id='line_1_34' title="bbox 210 2781 1990 2842; baseline -0.001 -14"><span class='ocrx_word' id='word_1_275' title='bbox 210 2781 388 2828; x_wconf 77' lang='lat' dir='ltr'><strong>«Codex</strong></span> <span class='ocrx_word' id='word_1_276' title='bbox 419 2783 496 2826; x_wconf 89' lang='lat' dir='ltr'><strong>IV.</strong></span> <span class='ocrx_word' id='word_1_277' title='bbox 525 2782 573 2827; x_wconf 87' lang='lat' dir='ltr'><strong>C.</strong></span> <span class='ocrx_word' id='word_1_278' title='bbox 604 2782 688 2826; x_wconf 78' lang='lat'><strong>21.</strong></span> <span class='ocrx_word' id='word_1_279' title='bbox 718 2784 761 2825; x_wconf 93' lang='lat' dir='ltr'><strong>in</strong></span> <span class='ocrx_word' id='word_1_280' title='bbox 783 2782 1003 2842; x_wconf 88' lang='lat' dir='ltr'><strong>Catalogo</strong></span> <span class='ocrx_word' id='word_1_281' title='bbox 1030 2783 1144 2826; x_wconf 87' lang='lat' dir='ltr'><strong>Bibl.</strong></span> <span class='ocrx_word' id='word_1_282' title='bbox 1172 2783 1357 2826; x_wconf 87' lang='lat' dir='ltr'><strong>Latinae</strong></span> <span class='ocrx_word' id='word_1_283' title='bbox 1378 2785 1546 2826; x_wconf 86' lang='lat' dir='ltr'><strong>veteris</strong></span> <span class='ocrx_word' id='word_1_284' title='bbox 1575 2787 1620 2827; x_wconf 91' lang='lat' dir='ltr'><strong>et</strong></span> <span class='ocrx_word' id='word_1_285' title='bbox 1650 2785 1865 2828; x_wconf 87' lang='lat' dir='ltr'><strong>classicae</strong></span> <span class='ocrx_word' id='word_1_286' title='bbox 1895 2798 1990 2827; x_wconf 89' lang='lat' dir='ltr'><strong>ma-</strong></span> 
     </span>
     <span class='ocr_line' id='line_1_35' title="bbox 207 2857 1990 2916; baseline 0 -14"><span class='ocrx_word' id='word_1_287' title='bbox 207 2860 485 2914; x_wconf 86' lang='lat' dir='ltr'><strong>nuscriptae,</strong></span> <span class='ocrx_word' id='word_1_288' title='bbox 517 2871 627 2915; x_wconf 88' lang='lat' dir='ltr'><strong>quae</strong></span> <span class='ocrx_word' id='word_1_289' title='bbox 658 2860 702 2900; x_wconf 93' lang='lat' dir='ltr'><strong>in</strong></span> <span class='ocrx_word' id='word_1_290' title='bbox 732 2858 879 2916; x_wconf 85' lang='lat' dir='ltr'><strong>Regio</strong></span> <span class='ocrx_word' id='word_1_291' title='bbox 912 2858 1206 2913; x_wconf 90' lang='lat' dir='ltr'><strong>Neapolitano</strong></span> <span class='ocrx_word' id='word_1_292' title='bbox 1236 2857 1399 2901; x_wconf 90' lang='lat' dir='ltr'><strong>Museo</strong></span> <span class='ocrx_word' id='word_1_293' title='bbox 1433 2858 1686 2902; x_wconf 91' lang='lat' dir='ltr'><strong>Borbonico</strong></span> <span class='ocrx_word' id='word_1_294' title='bbox 1721 2862 1990 2903; x_wconf 85' lang='lat' dir='ltr'><strong>asservatur.</strong></span> 
     </span>
     <span class='ocr_line' id='line_1_36' title="bbox 206 2933 1991 2990; baseline -0.001 -12"><span class='ocrx_word' id='word_1_295' title='bbox 206 2934 579 2978; x_wconf 90' lang='lat' dir='ltr'><strong>Membranaccus</strong></span> <span class='ocrx_word' id='word_1_296' title='bbox 618 2936 687 2976; x_wconf 91' lang='lat' dir='ltr'><strong>est</strong></span> <span class='ocrx_word' id='word_1_297' title='bbox 723 2935 768 2975; x_wconf 92' lang='lat' dir='ltr'><strong>in</strong></span> <span class='ocrx_word' id='word_1_298' title='bbox 807 2933 912 2975; x_wconf 87' lang='lat' dir='ltr'><strong>folio</strong></span> <span class='ocrx_word' id='word_1_299' title='bbox 954 2936 999 2976; x_wconf 90' lang='lat' dir='ltr'><strong>et</strong></span> <span class='ocrx_word' id='word_1_300' title='bbox 1038 2936 1248 2976; x_wconf 88' lang='lat' dir='ltr'><strong>accurata</strong></span> <span class='ocrx_word' id='word_1_301' title='bbox 1287 2934 1530 2976; x_wconf 88' lang='lat' dir='ltr'><strong>litterarum</strong></span> <span class='ocrx_word' id='word_1_302' title='bbox 1570 2934 1711 2977; x_wconf 83' lang='lat' dir='ltr'><strong>forma</strong></span> <span class='ocrx_word' id='word_1_303' title='bbox 1742 2934 1991 2990; x_wconf 86' lang='lat' dir='ltr'><strong>descriptus</strong></span> 
     </span>
     <span class='ocr_line' id='line_1_37' title="bbox 209 3007 1990 3053; baseline -0.001 0"><span class='ocrx_word' id='word_1_304' title='bbox 209 3007 312 3053; x_wconf 88' lang='lat' dir='ltr'><strong>Sec.</strong></span> <span class='ocrx_word' id='word_1_305' title='bbox 330 3008 431 3051; x_wconf 90' lang='lat' dir='ltr'><strong>XV.</strong></span> <span class='ocrx_word' id='word_1_306' title='bbox 474 3009 526 3051; x_wconf 90' lang='lat' dir='ltr'><strong>In</strong></span> <span class='ocrx_word' id='word_1_307' title='bbox 558 3021 610 3051; x_wconf 90' lang='lat' dir='ltr'><strong>eo</strong></span> <span class='ocrx_word' id='word_1_308' title='bbox 641 3010 944 3051; x_wconf 88' lang='lat' dir='ltr'><strong>continentur:</strong></span> <span class='ocrx_word' id='word_1_309' title='bbox 975 3009 1011 3051; x_wconf 90' lang='lat' dir='ltr'><strong>l.</strong></span> <span class='ocrx_word' id='word_1_310' title='bbox 1040 3008 1184 3051; x_wconf 83' lang='lat' dir='ltr'><strong>Taciti</strong></span> <span class='ocrx_word' id='word_1_311' title='bbox 1212 3007 1451 3051; x_wconf 87' lang='lat' dir='ltr'><strong>Annalium</strong></span> <span class='ocrx_word' id='word_1_312' title='bbox 1480 3010 1579 3052; x_wconf 87' lang='lat' dir='ltr'><strong>libri</strong></span> <span class='ocrx_word' id='word_1_313' title='bbox 1609 3010 1665 3052; x_wconf 85' lang='lat' dir='ltr'><strong>ab</strong></span> <span class='ocrx_word' id='word_1_314' title='bbox 1694 3009 1763 3052; x_wconf 91' lang='lat' dir='ltr'><strong>XI</strong></span> <span class='ocrx_word' id='word_1_315' title='bbox 1794 3010 1849 3052; x_wconf 91' lang='lat' dir='ltr'><strong>ad</strong></span> <span class='ocrx_word' id='word_1_316' title='bbox 1878 3009 1990 3052; x_wconf 89' lang='lat' dir='ltr'><strong>XVI</strong></span> 
     </span>
     <span class='ocr_line' id='line_1_38' title="bbox 210 3080 1991 3127; baseline -0.001 0"><span class='ocrx_word' id='word_1_317' title='bbox 210 3087 256 3127; x_wconf 85' lang='lat' dir='ltr'><strong>et</strong></span> <span class='ocrx_word' id='word_1_318' title='bbox 285 3084 582 3127; x_wconf 86' lang='lat' dir='ltr'><strong>Historiarum</strong></span> <span class='ocrx_word' id='word_1_319' title='bbox 611 3096 638 3125; x_wconf 92' lang='lat' dir='ltr'><strong>a</strong></span> <span class='ocrx_word' id='word_1_320' title='bbox 668 3084 779 3125; x_wconf 87' lang='lat' dir='ltr'><strong>libro</strong></span> <span class='ocrx_word' id='word_1_321' title='bbox 810 3084 832 3125; x_wconf 92' lang='lat'>1</span> <span class='ocrx_word' id='word_1_322' title='bbox 861 3082 919 3125; x_wconf 89' lang='lat' dir='ltr'><strong>ad</strong></span> <span class='ocrx_word' id='word_1_323' title='bbox 948 3083 1001 3125; x_wconf 92' lang='lat' dir='ltr'><strong>V.</strong></span> <span class='ocrx_word' id='word_1_324' title='bbox 1047 3082 1220 3125; x_wconf 88' lang='lat' dir='ltr'><strong>Titulus</strong></span> <span class='ocrx_word' id='word_1_325' title='bbox 1250 3085 1341 3126; x_wconf 87' lang='lat' dir='ltr'><strong>est:</strong></span> <span class='ocrx_word' id='word_1_326' title='bbox 1384 3080 1434 3127; x_wconf 77' lang='grc' dir='ltr'><strong>Ο.</strong></span> <span class='ocrx_word' id='word_1_327' title='bbox 1469 3080 1674 3127; x_wconf 75' lang='lat' dir='ltr'><strong>Cornelii</strong></span> <span class='ocrx_word' id='word_1_328' title='bbox 1707 3083 1863 3127; x_wconf 75' lang='lat' dir='ltr'><strong>Taciti</strong></span> <span class='ocrx_word' id='word_1_329' title='bbox 1891 3083 1991 3127; x_wconf 88' lang='lat' dir='ltr'><strong>Ro-</strong></span> 
     </span>
    </p>
   </div>
   <div class='ocr_carea' id='block_1_6' title="bbox 218 3211 1990 3482">
    <p class='ocr_par' dir='ltr' id='par_1_10' title="bbox 218 3211 1990 3482">
     <span class='ocr_line' id='line_1_39' title="bbox 305 3211 629 3248; baseline -0.006 0"><span class='ocrx_word' id='word_1_330' title='bbox 305 3218 323 3248; x_wconf 88' lang='lat'>1</span> <span class='ocrx_word' id='word_1_331' title='bbox 366 3214 457 3247; x_wconf 84' lang='lat' dir='ltr'><strong>lbid.</strong></span> <span class='ocrx_word' id='word_1_332' title='bbox 511 3235 520 3244; x_wconf 88' lang='lat'><strong>.</strong></span> <span class='ocrx_word' id='word_1_333' title='bbox 547 3211 629 3246; x_wconf 78' lang='lat'><strong>696.</strong></span> 
     </span>
     <span class='ocr_line' id='line_1_40' title="bbox 305 3217 1503 3318; baseline -0.003 -12"><span class='ocrx_word' id='word_1_334' title='bbox 305 3217 344 3310; x_wconf 75' lang='grc'><strong>2))</strong></span> <span class='ocrx_word' id='word_1_335' title='bbox 372 3274 411 3306; x_wconf 81' lang='lat' dir='ltr'><strong>In</strong></span> <span class='ocrx_word' id='word_1_336' title='bbox 437 3222 554 3315; x_wconf 49' lang='lat' dir='ltr'><strong>szsli</strong></span> <span class='ocrx_word' id='word_1_337' title='bbox 579 3272 756 3309; x_wconf 77' lang='lat' dir='ltr'><strong>editione,</strong></span> <span class='ocrx_word' id='word_1_338' title='bbox 783 3280 852 3312; x_wconf 79' lang='lat' dir='ltr'><strong>qua</strong></span> <span class='ocrx_word' id='word_1_339' title='bbox 878 3273 1024 3310; x_wconf 78' lang='lat' dir='ltr'><strong>utimur,</strong></span> <span class='ocrx_word' id='word_1_340' title='bbox 1053 3272 1178 3313; x_wconf 78' lang='lat' dir='ltr'><strong>legitur</strong></span> <span class='ocrx_word' id='word_1_341' title='bbox 1203 3272 1355 3318; x_wconf 71' lang='lat' dir='ltr'><strong>Mqiores</strong></span> <span class='ocrx_word' id='word_1_342' title='bbox 1378 3272 1503 3305; x_wconf 69' lang='lat' dir='ltr'><strong>nostri.</strong></span> 
     </span>
     <span class='ocr_line' id='line_1_41' title="bbox 307 3330 1990 3373; baseline -0.001 -8"><span class='ocrx_word' id='word_1_343' title='bbox 307 3333 345 3370; x_wconf 83' lang='grc'><strong>3)</strong></span> <span class='ocrx_word' id='word_1_344' title='bbox 370 3333 574 3373; x_wconf 75' lang='lat' dir='ltr'><strong>Descriptus</strong></span> <span class='ocrx_word' id='word_1_345' title='bbox 611 3335 663 3364; x_wconf 71' lang='lat' dir='ltr'><strong>eat</strong></span> <span class='ocrx_word' id='word_1_346' title='bbox 698 3333 801 3364; x_wconf 78' lang='lat' dir='ltr'><strong>ettam</strong></span> <span class='ocrx_word' id='word_1_347' title='bbox 837 3334 871 3363; x_wconf 83' lang='lat' dir='ltr'><strong>tn</strong></span> <span class='ocrx_word' id='word_1_348' title='bbox 895 3330 1031 3364; x_wconf 74' lang='lat' dir='ltr'><strong>Cntaldl</strong></span> <span class='ocrx_word' id='word_1_349' title='bbox 1058 3330 1218 3365; x_wconf 75' lang='lat' dir='ltr'><strong>Ionuellii</strong></span> <span class='ocrx_word' id='word_1_350' title='bbox 1245 3330 1521 3372; x_wconf 63' lang='lat' dir='ltr'><strong>catalogombl.</strong></span> <span class='ocrx_word' id='word_1_351' title='bbox 1551 3331 1625 3364; x_wconf 74' lang='lat' dir='ltr'><strong>Lat.</strong></span> <span class='ocrx_word' id='word_1_352' title='bbox 1654 3331 1740 3372; x_wconf 76' lang='lat' dir='ltr'><strong>Reg.</strong></span> <span class='ocrx_word' id='word_1_353' title='bbox 1764 3330 1874 3371; x_wconf 73' lang='lat' dir='ltr'><strong>Nenp.</strong></span> <span class='ocrx_word' id='word_1_354' title='bbox 1901 3332 1990 3365; x_wconf 76' lang='lat' dir='ltr'><strong>Mus.</strong></span> 
     </span>
     <span class='ocr_line' id='line_1_42' title="bbox 218 3388 877 3436; baseline -0.003 -13"><span class='ocrx_word' id='word_1_355' title='bbox 218 3391 324 3425; x_wconf 82' lang='lat' dir='ltr'><strong>Borb.</strong></span> <span class='ocrx_word' id='word_1_356' title='bbox 349 3391 507 3436; x_wconf 18' lang='lat' dir='ltr'><strong>Nenpou,</strong></span> <span class='ocrx_word' id='word_1_357' title='bbox 523 3390 627 3430; x_wconf 79' lang='lat'><strong>1827,</strong></span> <span class='ocrx_word' id='word_1_358' title='bbox 655 3398 689 3430; x_wconf 86' lang='lat' dir='ltr'><strong>p.</strong></span> <span class='ocrx_word' id='word_1_359' title='bbox 716 3389 774 3422; x_wconf 84' lang='lat'><strong>89.</strong></span> <span class='ocrx_word' id='word_1_360' title='bbox 809 3388 877 3423; x_wconf 80' lang='grc' dir='ltr'><strong>Οι.</strong></span> 
     </span>
     <span class='ocr_line' id='line_1_43' title="bbox 1591 3457 1616 3482; baseline 0 0"><span class='ocrx_word' id='word_1_361' title='bbox 1591 3457 1616 3482; x_wconf 63' lang='grc' dir='ltr'><strong><em>ο</em></strong></span> 
     </span>
    </p>
   </div>
  </div>
 </body>
</html>
