2254 3770
703 291 859 336 mann
886 291 936 334 11.
993 290 1096 349 Cap.
1125 289 1193 334 35.
1222 289 1292 338 36.
1320 289 1389 334 37.

1907 289 1962 332 99

193 414 327 445 annos
355 398 546 458 singulos
574 398 825 442 nominaret.
868 396 952 441 hau
981 396 1160 440 dubium
1180 402 1276 441 erat
1294 410 1389 441 eam
1410 395 1662 441 sententiam
1683 393 1807 438 altius
1828 406 1963 452 pene-

187 482 299 520 trare
318 481 361 520 et
379 488 533 519 arcana
552 473 718 532 imperii
737 472 946 531 temptari.
982 472 1174 517 Tiberius
1194 478 1353 524 tamen,
1377 471 1500 530 quasi
1523 476 1753 529 augeretur
1772 475 1962 528 potestas

187 550 297 601 eius,
328 549 548 594 disseruit:
579 562 708 607 grave
739 547 1020 592 moderationi
1050 561 1155 591 suae
1186 553 1245 591 tot
1265 546 1445 605 eligere,
1477 553 1537 591 tot
1556 545 1741 590 differre.
1786 545 1856 588 vix
1882 558 1963 603 per

186 624 375 683 singulos
403 638 537 669 annos
567 624 826 668 offensiones
846 622 987 673 vitari,
1019 622 1214 681 quamvis
1234 622 1449 680 repulsam
1469 622 1710 681 propinqua
1729 633 1830 679 spes
1850 619 1964 664 sole-

185 706 274 745 tur:
303 706 507 759 quantum
537 699 623 743 odii
653 699 742 743 l'ore
773 698 827 742 ab
857 698 909 742 iis
939 698 1012 756 qui
1043 697 1151 741 ultra
1170 697 1509 756 quinquennium
1537 695 1818 756 proiciantur!
1848 695 1994 739 undes

122 830 126 834 .
185 775 373 833 prospici
412 789 542 834 posse
570 788 684 833 quae
719 774 875 832 cuique
913 779 1000 816 tam
1038 771 1166 830 longo
1205 773 1410 831 temporis
1439 772 1576 831 spatio
1605 786 1749 824 mens,
1795 770 1961 823 domus,

184 850 379 894 fortuna?
408 849 632 908 superbire
662 849 856 902 homines
886 848 1012 892 etiam
1042 862 1182 892 annua
1211 847 1522 906 designatione:
1556 848 1660 906 quid
1690 847 1727 891 si
1756 846 1964 891 honorem

184 939 264 983 per
291 925 629 984 quinquennium
657 924 842 982 agitent?
881 922 1210 982 quinquiplicari
1241 937 1419 982 prorsus
1446 923 1738 982 magistratuS,
1774 922 1964 967 subverti

185 999 323 1059 leges,
345 1014 458 1058 quae
478 1014 557 1044 sua
576 1000 713 1058 spatia
732 998 999 1043 exercendae
1019 998 1342 1043 candidatorum
1362 998 1595 1043 industriae
1615 997 1964 1058 quaerendisque

186 1081 258 1119 aut
291 1075 507 1134 potiundis
547 1074 779 1119 honoribus
815 1073 1051 1118 statuerint.

1109 1073 1329 1118 favorabili
1363 1074 1406 1117 in
1436 1074 1626 1132 speciem
1656 1073 1849 1118 oratione
1877 1073 1963 1117 vim
1975 1085 2014 1116 ⁴0

185 1151 352 1209 imperii
386 1150 532 1206 tenuit.
590 1150 671 1207 (37)
702 1163 945 1208 censusque
975 1149 1245 1207 quorundam
1282 1156 1527 1194 senatorum
1562 1149 1679 1193 iuvit.
1697 1147 1797 1208 'quo
1827 1149 1964 1207 magis

185 1227 338 1269 mirum
359 1225 436 1270 suit
454 1224 571 1284 quod
591 1239 744 1284 preces
764 1214 892 1270 Marci
913 1223 1092 1277 Hortali,
1123 1224 1277 1269 nobilis
1307 1224 1489 1277 iuvenis,
1520 1224 1565 1267 in
1592 1230 1844 1283 paupertate
1875 1238 1965 1269 ma-

184 1301 336 1346 nifesta
361 1301 591 1359 superbius
610 1300 861 1359 accepisset.
892 1314 1028 1358 nepos
1047 1306 1139 1344 erat
1158 1300 1340 1344 oratoris
1359 1300 1585 1351 Hortensii,
1619 1299 1799 1344 inlectus
1818 1314 1844 1344 a
1864 1299 1963 1344 divo

184 1378 375 1434 Augusto
396 1376 644 1420 liberalitate
664 1375 810 1420 decies
830 1376 1015 1420 sestertii
1036 1375 1197 1420 ducere
1222 1389 1416 1427 uxorem,
1447 1376 1669 1434 suscipere
1699 1375 1877 1427 liberos,
1907 1389 1963 1420 ne

185 1451 420 1496 clarissima
448 1451 603 1496 familia
632 1451 960 1509 extingueretur.
1009 1451 1137 1509 igitur
1165 1458 1367 1509 quattuor
1398 1450 1497 1495 filiis
1526 1458 1624 1496 ante
1659 1450 1789 1496 limen
1817 1451 2014 1496 curiaeis

253 1617 284 1649 4.
307 1615 510 1648 haudubt'um
541 1615 576 1649 Μ
611 1632 647 1638 -
679 1618 857 1661 ρςηεινανσ
877 1615 911 1649 Μ
947 1633 983 1639 -
1018 1615 1052 1647 2.
1076 1618 1257 1657 augeretur
1283 1615 1490 1649 Rhenanus:
1523 1619 1666 1649 aui-etur
1696 1617 1750 1657 M3
1777 1616 1968 1659 aufmotur

185 1682 320 1716 margo.
344 1691 389 1698 -
420 1672 453 1706 7.
476 1672 640 1706 hortorum
660 1673 695 1706 M
718 1688 756 1697 —
785 1671 819 1707 8.
843 1672 1082 1714 quincuplicari
1102 1673 1253 1716 Lipsius.
1281 1691 1318 1698 -
1342 1673 1375 1707 9.
1398 1674 1516 1716 spacia
1539 1673 1574 1708 M
1596 1689 1634 1698 —-
1660 1674 1715 1706 44.
1739 1682 1805 1715 quo
1825 1673 1967 1707 Rhena-

186 1738 272 1763 nus:
298 1729 392 1771 Quod
413 1730 458 1763 M.

187 1880 344 1923 quinque
361 1887 490 1928 annos
523 1877 628 1912 dilata
661 1887 705 1912 ea
737 1887 821 1922 spes
852 1877 1051 1921 legatorum

188 1932 280 1971 erat,
312 1929 429 1965 Gallus
452 1938 514 1963 eos
544 1931 616 1963 iam
638 1938 732 1963 nunc
757 1933 930 1971 praetores
952 1930 1051 1962 desti-

186 1981 315 2013 nandos
341 1988 422 2014 esse
445 1980 601 2013 censet.»
626 1980 752 2012 Duum.
787 1996 824 2004 —
857 1980 958 2012 alcius
985 1988 1050 2021 pa-

185 2029 331 2072 notras-o]
363 2031 404 2062 ut
435 2037 517 2069 nos,
552 2030 636 2062 diets
660 2029 765 2071 yreife
797 2029 892 2071 tiefer
922 2029 959 2061 in
990 2029 1052 2061 das

187 2080 506 2122 Reqierunysaystem
526 2079 590 2112 ein.
618 2097 654 2102 —
687 2082 718 2112 et
739 2088 870 2112 arcana
900 2078 1048 2122 imperii]

186 2130 322 2163 Arcana
347 2130 480 2171 anper-50
514 2131 551 2163 et
577 2130 811 2162 dominationis
843 2129 925 2163 su'nt
957 2131 1051 2163 artes

187 2179 234 2213 ah
259 2177 434 2222 Augusto,
470 2181 681 2221 suggerente
710 2180 883 2222 imprimis
911 2180 1052 2213 Maece-

187 2231 288 2269 nate,
317 2230 482 2263 inventae
511 2229 557 2262 ad
588 2230 777 2272 imperium
804 2237 986 2263 summum
1017 2230 1052 2262 et

189 2279 467 2322 comparandum
498 2280 534 2313 et
562 2279 806 2319 retinendum,
838 2280 875 2312 et
896 2279 1051 2312 instituta

189 2329 382 2363 Caesarum
410 2329 539 2362 eodem
567 2331 788 2372 comparata;
823 2338 955 2361 arcana
985 2338 1053 2362 vo-

188 2380 329 2419 cantur,
353 2379 437 2421 quia
459 2387 530 2412 non
550 2379 585 2412 in
601 2378 726 2421 vulgus
747 2380 830 2412 nota
845 2380 962 2420 erant,
987 2378 1052 2412 sed

189 2428 475 2469 occultabantur,
507 2438 552 2462 ne
576 2429 943 2462 animadverterentur
965 2438 1052 2462 con-

188 2478 264 2512 silia
280 2478 494 2513 dominandi.
528 2478 580 2512 Cf.
597 2480 685 2512 Ann.
704 2480 736 2520 4,
762 2479 794 2512 6.
818 2479 852 2519 2,
876 2479 931 2512 59.
961 2478 1049 2512 Hist.

189 2529 223 2568 4,
239 2528 273 2562 4.
298 2529 379 2561 Em«.
410 2527 505 2562 Talia
527 2529 623 2562 enim
641 2529 747 2561 etiam
766 2530 852 2562 tunc
872 2527 1051 2561 interdum

188 2577 441 2612 dissimulanda
463 2579 564 2612 eraut
583 2578 621 2612 in
637 2578 776 2611 civitate
791 2579 888 2620 regio
902 2578 1052 2620 imperio

188 2627 349 2661 nondum
375 2628 460 2661 satis
487 2629 640 2661 assueta.
678 2628 750 2660 Das
776 2628 919 2670 ycheime
942 2626 1053 2660 Triob-

187 2677 280 2710 werk
322 2678 381 2710 der
420 2678 605 2720 Regiorum
647 2677 752 2710 vertit
788 2678 975 2710 Gutmann.
1013 2695 1050 2700 —

190 2727 363 2770 temptari]
387 2719 574 2769 quoniam,
598 2727 629 2760 si
650 2727 875 2768 magistratus
897 2727 933 2759 in
953 2727 1054 2768 quin-

190 2777 384 2818 quennium
417 2776 682 2816 ordinarentur,
718 2776 823 2809 nimis
851 2777 1051 2818 appareret,

189 2834 281 2868 quos
313 2827 479 2869 princeps
512 2826 631 2859 favore
664 2834 729 2859 suo
762 2827 1051 2868 prosequeretur,

190 2884 281 2917 quos
302 2879 549 2920 postponeret,
573 2876 669 2910 unde
691 2875 738 2909 illi
752 2876 897 2919 superbi
912 2876 1049 2917 fierent,

190 2925 227 2958 hi
242 2925 445 2960 diuturnum
461 2926 582 2960 odium
597 2927 633 2960 in
646 2926 862 2969 principem,
885 2925 1055 2959 invidiam

190 2975 226 3007 in
254 2983 335 3016 eos,
370 2976 432 3018 qui
463 2976 549 3018 ipsis
583 2977 704 3009 essent
735 2974 899 3018 praelati,
934 2975 1056 3008 conci-

190 3027 329 3068 perent.
348 3042 385 3049 —
409 3026 645 3067 moderationi]
667 3026 887 3068 Frequenter
906 3024 977 3057 hoc
990 3033 1057 3057 vo-

193 3073 360 3108 cabulum
392 3083 583 3118 usurpasse
612 3075 753 3108 videtur
784 3073 967 3108 simulator
999 3073 1056 3107 ille

191 3124 346 3157 maxime
379 3125 550 3167 principio
579 3125 737 3167 imperii,
771 3123 931 3157 nondum
959 3125 1057 3156 certo

191 3182 314 3207 rerum
336 3183 482 3209 suarum
505 3175 597 3207 statu
615 3176 721 3216 atque
738 3173 935 3206 Germanici
950 3181 1057 3206 causa

193 3223 334 3264 anxius,
379 3223 475 3256 unde
513 3224 621 3256 etiam
657 3223 732 3256 eius
770 3230 937 3256 nummus
974 3230 1058 3255 cum

191 3271 298 3306 inser.
321 3273 626 3307 MODERATIONI
645 3281 728 3305 cum
758 3272 862 3305 huius
884 3271 974 3304 deae
997 3279 1060 3304 ca-

191 3321 265 3362 pite
281 3322 375 3364 apud
390 3322 520 3356 Eckhel
534 3323 577 3356 D.
595 3323 635 3356 N.
652 3322 711 3354 Vl.
728 3330 763 3364 p.
778 3321 894 3355 487.-
912 3328 1059 3361 quae—-

194 3370 301 3413 m]
323 3373 443 3406 utrum
464 3371 579 3413 bona,
604 3380 651 3405 an
672 3372 811 3404 animus
826 3371 880 3404 rei
895 3369 1057 3413 publicae

197 3425 240 3450 80
267 3420 414 3464 principi
439 3421 610 3456 infensus.
651 3420 704 3455 Cf.
729 3419 769 3462 4,
793 3420 847 3454 70.
879 3420 913 3462 6,
936 3419 992 3454 24.
1018 3435 1055 3444 -

1099 1878 1225 1921 domus]
1248 1887 1368 1912 mores
1383 1879 1559 1922 ipsorum,
1581 1879 1789 1921 coniugum,
1813 1878 1966 1913 filiorum

1099 1928 1202 1970 probi
1225 1937 1271 1962 an
1293 1929 1412 1971 pravi;
1443 1929 1529 1962 item
1551 1929 1832 1972 propinquitates
1855 1930 1892 1962 et
1913 1929 1967 1962 af-

1099 1980 1268 2018 finitates;
1308 1988 1393 2012 nam
1428 1980 1465 2012 et
1500 1980 1781 2021 propinquorum
1817 1981 1967 2022 peccata

1099 2030 1264 2072 poterant
1278 2028 1439 2068 efficere,
1464 2029 1504 2061 ut
1525 2028 1649 2071 aliquis
1672 2030 1707 2062 in
1726 2030 1967 2071 suspicionem

1098 2081 1237 2113 veniret
1259 2080 1295 2112 et
1314 2080 1474 2122 potestas
1497 2080 1529 2112 ei
1548 2078 1640 2112 male
1657 2079 1755 2112 credi
1770 2079 1964 2113 videretur.

1103 2147 1138 2154 —
1157 2130 1305 2172 fortuna]
1329 2137 1388 2162 res
1403 2128 1593 2170 familiaris,
1611 2130 1747 2172 integra
1762 2139 1808 2163 an
1824 2130 1964 2164 afflicta.

1103 2199 1139 2204 —
1158 2179 1298 2222 ayitent]
1327 2180 1467 2218 mente:
1498 2180 1664 2212 continuo
1693 2180 1729 2212 id
1751 2181 1904 2222 cogitent
1925 2189 1966 2213 se

1099 2231 1282 2272 praetores
1311 2237 1392 2262 esse
1423 2228 1624 2271 designatos
1658 2229 1811 2272 ideoque
1838 2239 1967 2272 super-

1100 2279 1209 2312 biant.
1238 2297 1273 2303 —
1299 2280 1731 2323 exercendae-industriae]
1754 2280 1859 2314 bonis
1881 2281 1968 2313 arti-

1099 2329 1168 2363 bus
1190 2338 1230 2362 se
1254 2330 1290 2362 et
1309 2329 1459 2371 principi
1483 2330 1518 2363 et
1533 2330 1663 2363 civitati
1678 2330 1963 2364 commendandi.

1104 2397 1140 2403 —
1164 2378 1362 2421 favorabili]
1395 2380 1477 2421 apta
1510 2379 1558 2412 ad
1591 2379 1749 2414 favorem
1781 2379 1901 2424 populi
1934 2381 1968 2414 ei

1101 2429 1371 2463 conciliandum.
1405 2429 1456 2462 Cf.
1483 2430 1543 2468 42,
1569 2430 1601 2463 6.

1143 2480 1197 2513 37.
1221 2487 1398 2522 censusque
1420 2479 1631 2521 quorundam
1659 2482 1850 2513 senator-mi
1871 2481 1966 2522 iuvit]

1102 2529 1152 2562 Cl'.
1177 2529 1241 2562 Dio
1264 2529 1319 2570 57,
1348 2529 1401 2562 40.
1440 2527 1560 2562 Vellei.
1586 2529 1624 2570 2,
1657 2529 1732 2562 429.
1760 2547 1796 2552 -
1823 2530 1967 2573 Hortata]

1101 2579 1368 2612 Hortensiorum
1402 2587 1611 2620 cognomen.
1658 2579 1731 2612 Cic.
1764 2579 1811 2613 ad
1837 2581 1907 2613 Att.
1932 2580 1965 2620 4,

1102 2629 1161 2669 45,
1192 2627 1233 2662 4:
1267 2628 1426 2660 Hortalus
1454 2628 1693 2669 (Hortensius)
1723 2629 1761 2662 in
1792 2638 1834 2662 aa
1865 2638 1970 2662 causa

1100 2678 1183 2720 fuit,
1205 2678 1300 2711 cuius
1318 2678 1407 2711 modi
1428 2678 1517 2711 solet.
1562 2678 1722 2711 Eandem
1744 2687 1822 2712 rem
1849 2681 1970 2713 narrat

1102 2728 1244 2761 Sueten.
1282 2727 1355 2760 Tib.
1388 2727 1443 2761 47.
1490 2728 1535 2761 M.
1565 2728 1773 2762 Hortensius
1806 2729 1968 2762 Hortalus

1103 2776 1212 2810 frater
1247 2775 1355 2810 fuisse
1389 2777 1530 2810 videtur
1561 2777 1737 2810 Hortensii
1770 2778 1967 2818 corbionis,

1103 2834 1212 2868 quem
1238 2825 1398 2859 Valerius
1425 2827 1596 2860 Maximus
1618 2826 1658 2866 3,
1686 2828 1727 2867 5,
1760 2826 1780 2860 4
1814 2829 1969 2870 pessima

1103 2875 1197 2908 fama
1230 2876 1372 2907 notavit.
1407 2892 1444 2899 —
1479 2875 1517 2908 in
1545 2879 1748 2917 paupertate
1776 2876 1968 2919 manifesta]

1103 2923 1250 2967 Wolper
1281 2925 1317 2958 in
1346 2924 1511 2958 Seebodii
1539 2926 1660 2959 Archiv
1687 2926 1748 2968 sur
1772 2926 1852 2959 Phil.
1878 2927 1910 2965 4,
1934 2925 1967 2966 4,

1104 2975 1167 3008 795
1204 2976 1327 3008 monet
1355 2975 1400 3008 M.
1433 2974 1617 3009 Hortalum
1647 2976 1741 3009 haud
1771 2975 1970 3019 profudisse

1105 3024 1294 3066 pecuniam
1316 3022 1362 3056 ab
1384 3025 1540 3066 Augusto
1563 3024 1699 3066 datam,
1735 3026 1815 3067 quia
1845 3025 1914 3058 hoc
1937 3025 1972 3057 ei

1106 3083 1177 3106 non
1197 3074 1281 3107 vitio
1302 3075 1477 3116 vertatur,
1506 3076 1542 3108 et
1563 3084 1691 3117 preces
1714 3076 1789 3108 eius
1812 3084 1881 3108 nou
1905 3075 1972 3108 nisi

1105 3124 1224 3163 (certe
1261 3124 1433 3164 maxime)
1468 3123 1515 3156 ad
1552 3123 1704 3157 filiorum
1742 3123 1891 3157 salutem
1928 3132 1972 3157 ac

1107 3172 1311 3214 dignitatem
1351 3173 1566 3206 senatoriam
1611 3173 1653 3206 iis
1697 3172 1973 3214 comparandam

1107 3223 1302 3263 spectasse.
1336 3239 1372 3245 -
1406 3223 1510 3256 decios
1530 3221 1684 3263 sestertii]
1719 3222 1864 3254 sueton.
1895 3222 1971 3256 Oct.

1107 3269 1144 3303 44
1160 3280 1168 3302 z
1192 3271 1398 3305 senator-ium
1410 3280 1544 3305 censum
1558 3271 1731 3311 ampliavit
1742 3288 1789 3296 --
1800 3271 1976 3313 supplevit-

1109 3329 1171 3361 quo
1209 3330 1276 3354 non
1314 3320 1522 3360 habentibus,
1558 3320 1666 3362 idque
1701 3321 1843 3363 saepius
1877 3321 1972 3356 fecit.

1110 3368 1161 3402 Cf.
1186 3371 1250 3403 Dio
1271 3370 1327 3410 53,
1351 3371 1384 3403 2.
1409 3369 1464 3409 54,
1489 3370 1542 3402 47.
1572 3370 1627 3409 55,
1653 3368 1708 3402 43.
1747 3370 1849 3411 Quod
1871 3371 1976 3412 igitur

1108 3418 1155 3453 ad
1191 3419 1374 3454 Hortalum
1410 3418 1599 3461 attinebat,
1636 3417 1771 3453 sciebat
1806 3420 1840 3454 ei
1876 3422 1974 3455 certe
