2254 3770
291 298 373 355 240
768 314 812 356 P.
836 299 1094 357 -coRNELn
1124 314 1294 358 TAcm
1324 315 1591 359 ANNALIUM

292 430 389 461 esse
420 417 499 480 sibi
531 418 689 462 ferrum
720 424 761 461 et
791 418 1053 463 iuventutem
1083 427 1125 463 et
1155 426 1395 478 promptum
1419 420 1600 464 libertati
1622 422 1694 464 aut
1713 421 1764 464 ad
1789 428 1968 466 mortem
1989 423 2078 465 ani-

291 507 419 535 mum.
451 493 577 536 simul
608 492 780 537 castella
809 494 987 551 rupibus
1017 495 1148 538 indita
1174 495 1451 553 conlatosque
1472 495 1572 539 illuc
1591 503 1791 552 parentes
1813 503 1854 540 et
1874 497 2078 554 coniuges

290 568 559 611 ostentabant
589 567 834 626 bellumque
864 568 1113 626 impeditum
1145 570 1327 613 arduum
1348 578 1567 615 cruentum
1589 572 1901 615 minitabantur.
1935 572 2016 628 (47)
2038 579 2080 616 at

291 643 494 691 Sabinus,
535 643 675 687 donec
705 643 917 687 exercitus
952 644 994 686 in
1026 660 1156 687 unum
1188 645 1468 694 conduceret,
1503 645 1611 690 datis
1641 647 1813 690 mitibus
1843 647 2076 704 responsis,

253 717 517 776 ‘'spostquam
556 718 817 775 Pomponius
856 718 998 762 Labeo
1036 733 1060 763 e
1099 720 1263 773 Moesia>
1289 735 1386 764 cum
1425 720 1612 777 legione,
1654 735 1730 765 rex
1759 722 2079 766 Rhoemetalces

290 808 387 838 cum
431 793 597 837 auxiliis
642 793 929 851 popularium,
978 795 1050 852 qui
1089 794 1218 838 fidem
1257 809 1339 838 non
1382 802 1664 845 mutaverant,
1712 811 1891 842 venere.
1935 797 2079 841 addita

288 869 503 927 praesenti
534 868 657 925 copia
688 868 740 911 ad
774 869 939 912 hostem
967 871 1105 927 pergit
1133 871 1416 928 compositum
1441 871 1525 914 iam
1543 886 1623 930 per
1644 873 1861 930 angustias
1881 872 2076 915 saltuum.

277 942 463 1003 'quidam
493 943 719 987 audentius
749 944 907 1001 apertis
938 945 979 987 in
1010 945 1189 989 collibus
1210 945 1476 998 visebantur3
1509 961 1618 1005 quos
1639 947 1725 991 dux
1746 948 1961 992 Romanus
1983 948 2076 992 acie

275 1021 544 1078 'suggressus
574 1018 688 1062 haud
718 1032 847 1076 aegre
876 1020 1058 1077 pepulit,
1090 1020 1296 1079 sanguine
1328 1021 1607 1065 barbarorum
1630 1023 1800 1067 modico
1822 1024 1876 1067 ob
1904 1023 2078 1081 propin-

238 1111 274 1143 ιο
287 1095 372 1154 qua
412 1094 606 1152 suffugia.
637 1108 736 1137 mox
766 1095 915 1138 castrIS
946 1095 984 1137 in
1007 1095 1100 1139 loco
1132 1096 1400 1140 communitis
1420 1097 1560 1141 valida
1591 1111 1715 1141 manu
1735 1105 1921 1142 montem
1944 1109 2075 1143 occu-

286 1178 358 1230 pat
387 1176 614 1228 angustum
642 1178 685 1212 et
714 1169 882 1227 aequali
912 1169 1041 1213 dorso
1073 1171 1320 1214 continuum
1340 1186 1478 1229 usque
1500 1172 1554 1215 ad
1574 1173 1815 1230 proximum
1835 1173 2072 1223 castellum,

286 1247 403 1306 quod
446 1259 598 1303 magna
634 1245 698 1288 vis
737 1247 896 1287 armata
932 1251 1003 1288 aut
1042 1246 1257 1289 incondita
1287 1247 1496 1290 tuebatur.
1542 1247 1666 1290 simul
1697 1249 1739 1291 in
1770 1249 2071 1299 ferocissimos,

286 1323 358 1382 qui
403 1328 500 1366 ante
539 1319 696 1364 vallum
733 1334 854 1364 more
894 1320 1030 1377 gentis
1061 1335 1158 1365 cum
1189 1322 1446 1366 carminibus
1478 1329 1519 1366 et
1546 1323 1743 1380 tripudiis
1773 1323 2076 1382 persultabant,

287 1399 408 1442 mittit
451 1397 641 1441 delectos
686 1396 1010 1453 sagittariorum.
1068 1396 1094 1438 ii
1137 1396 1238 1440 dum
1278 1398 1443 1441 eminus
1484 1398 1805 1456 grassabantur,
1853 1398 2003 1443 crebra
2036 1405 2079 1443 et

235 1474 416 1521 isinulta
452 1472 630 1516 vulnera
667 1471 829 1515 fecere:
870 1471 1048 1528 propius
1092 1471 1340 1516 incedentes
1371 1473 1594 1531 eruptione
1626 1473 1766 1517 subita
1794 1474 1950 1518 turbati
1981 1481 2078 1518 sunt

276 1549 542 1612 'receptique
571 1546 764 1590 subsidio
802 1546 1066 1604 Sugambrae
1098 1547 1304 1598 cohortis,
1348 1561 1477 1606 quam
1506 1550 1721 1592 Romanus
1751 1556 1993 1607 promptam
2022 1549 2075 1592 ad

285 1623 477 1684 pericula
515 1637 595 1667 nec
632 1623 772 1666 minus
812 1628 1011 1666 cantuum
1048 1627 1089 1665 et
1128 1637 1345 1667 armorum
1374 1623 1553 1667 tumultu
1584 1631 1749 1669 trucem
1778 1624 1891 1668 haud
1923 1625 2076 1683 procul

273 1702 552 1745 instruxerat.
583 1698 663 1755 (48)
685 1697 885 1741 translata
901 1697 1055 1742 dehinc
1071 1704 1210 1742 castra
1229 1699 1395 1742 hostem
1415 1706 1603 1756 propter,
1625 1699 1782 1744 relictis
1804 1706 1907 1757 aput
1927 1701 2073 1758 priora

285 1773 546 1821 munimenta
575 1773 849 1823 Thraecibus,
882 1787 992 1831 quos
1022 1773 1146 1817 nobis
1167 1773 1355 1818 adfuisse
1376 1775 1619 1818 memoravi.
1651 1775 1791 1833 iisque
1811 1775 2071 1832 permissum

235 1867 273 1899 20
285 1860 473 1916 vastare,
511 1864 655 1900 urere,
696 1849 864 1892 trahere
902 1849 1102 1906 praedas,
1142 1848 1244 1892 dum
1284 1848 1502 1907 populatio
1539 1849 1681 1894 lucem
1711 1851 1815 1894 intra
1847 1851 2072 1894 sisteretur

287 1937 542 1986 noctemque
573 1927 614 1969 in
645 1925 794 1969 castris
825 1931 955 1967 tutam
985 1931 1027 1968 et
1055 1924 1227 1981 vigilem
1257 1931 1545 1982 capesserent.
1593 1924 1637 1968 id
1666 1925 1803 1989 primo
1834 1932 2073 1970 servatum:

285 2019 386 2049 mox
413 2003 527 2047 versi
557 2002 599 2045 in
629 2000 775 2043 luxum
804 2006 846 2043 et
874 1999 1005 2057 raptis
1036 1999 1224 2057 opulenti
1256 2000 1450 2044 omittere
1476 2000 1696 2052 stationes,
1727 2000 1903 2045 lascivia
1925 2000 2072 2059 epula-

285 2096 380 2125 rum
418 2085 490 2123 aut
528 2090 678 2121 somno
717 2082 760 2119 et
786 2075 885 2118 vino
923 2075 1220 2132 procumbere.
1265 2075 1391 2133 igitur
1421 2075 1567 2119 hostes
1596 2076 1759 2120 incuria
1787 2090 1938 2120 eorum
1968 2090 2072 2121 con-

349 2215 380 2248 3.
405 2213 620 2254 impedituum
649 2219 700 2253 pr.
734 2210 767 2243 M
799 2226 835 2232 -
872 2206 904 2241 4.
935 2208 1172 2241 conduceretur
1195 2207 1350 2241 malebat
1376 2209 1541 2241 Pichena.
1570 2226 1604 2231 —
1642 2210 1674 2242 5.
1695 2212 2071 2250 postquam--venere

284 2273 354 2306 Iac.
380 2269 592 2303 Gronovius:
625 2266 921 2308 quam--uenire
943 2266 986 2299 M.
1020 2265 1105 2298 Vide
1130 2265 1175 2297 ad
1198 2266 1230 2304 2,
1255 2265 1288 2298 2.
1317 2283 1352 2289 —
1385 2266 1436 2298 ⁴2.
1463 2266 1533 2308 aut]
1561 2269 1597 2298 at
1619 2266 1820 2300 Rhenanus.
1845 2283 1882 2290 -
1909 2267 1962 2299 ⁴5.
1987 2275 2071 2308 pro-

280 2330 378 2371 prius
398 2336 450 2370 pr.
476 2326 509 2359 M
535 2343 569 2348 -
599 2324 651 2356 ⁴6.
676 2322 887 2365 su97·anbrae
910 2323 940 2355 Μ
966 2338 1002 2344 -
1031 2321 1082 2353 ⁴9.
1108 2321 1266 2354 theecibus
1287 2330 1342 2363 pr.
1359 2323 1412 2361 M3
1438 2321 1607 2354 thracibus
1630 2330 1722 2355 corr.
1749 2323 1781 2355 M
1806 2338 1843 2346 —
1869 2323 1926 2356 22.
1950 2331 2073 2355 uersun

284 2386 403 2418 luxum
425 2384 458 2416 M
493 2381 596 2423 (versi
618 2381 652 2412 in
676 2380 795 2412 luccam
818 2377 958 2419 margo)
986 2395 1019 2402 —
1057 2380 1088 2410 el
1109 2377 1229 2420 raptis]
1254 2386 1272 2411 e
1292 2378 1400 2419 raptis
1421 2379 1456 2411 F.
1482 2377 1586 2411 Iacob
1611 2377 1745 2420 (Philol.
1771 2378 1988 2412 Schneidew.
2014 2379 2070 2419 vl,

284 2451 320 2485 p.
345 2441 417 2481 80);
443 2448 486 2472 eoe
507 2438 615 2479 raptis
638 2438 673 2469 F.
697 2437 754 2469 W.
780 2437 869 2468 Otto.
896 2452 932 2458 —
957 2435 1097 2467 statione
1119 2435 1164 2469 M.

283 2560 430 2596 libertati
452 2562 512 2592 aut
534 2559 578 2590 ad
597 2555 751 2597 mortem]
781 2554 880 2588 solita
910 2562 1034 2587 rursus
1057 2555 1152 2587 stru-

285 2613 406 2646 cturae
428 2609 634 2643 variatione.
661 2606 711 2640 Cf.
736 2606 793 2646 ⁴2,
811 2606 871 2637 55:
896 2605 966 2637 vim
980 2604 1154 2645 oppidanis

285 2671 327 2695 ac
344 2662 540 2703 plerumque
561 2658 597 2690 in
617 2658 818 2690 mercatores
839 2654 1015 2687 audebant.
1037 2672 1071 2677 —
1098 2662 1154 2686 ca-

1202 2557 1283 2596 τοΐς
1311 2549 1485 2601 ἀπείροις
1513 2551 1709 2601 φοβεράν·
1739 2554 1806 2587 καὶ
1833 2550 1906 2600 γὰρ
1934 2551 2071 2597 πλήθει

1202 2601 1334 2648 ὅψεως
1357 2604 1473 2638 δεινοὶ
1496 2605 1562 2638 καὶ
1581 2604 1682 2648 βοῆς
1695 2605 1849 2650 μεγέθει
1863 2600 2069 2650 ἀφόρητοι,

1204 2650 1228 2697 17
1261 2665 1301 2688 τε
1334 2652 1396 2688 διὰ
1429 2654 1541 2698 κενῆς
1573 2652 1820 2695 ἐπανάσεισις
1842 2652 1920 2686 τῶν
1942 2649 2071 2686 ὅπλων

285 2712 380 2745 stella
400 2709 538 2751 rupibus
559 2706 679 2748 indita]
703 2705 752 2738 Cf.
772 2705 891 2737 Horat.
910 2704 948 2736 C.
967 2703 999 2743 4,
1018 2703 1071 2743 ⁴4,
1090 2703 1150 2735 ⁴2:
1200 2701 1280 2745 ἔχει
1302 2702 1386 2739 τινὰ
1407 2703 1575 2748 δήλωσιν
1597 2702 1772 2748 ἀπειλῆς,
1797 2700 2007 2750 προσμῖξαι
2030 2702 2072 2736 δὲ

287 2770 382 2795 arces
406 2759 574 2800 impositas
590 2756 737 2797 Alpibus.
766 2755 837 2787 Liv.
856 2754 910 2792 2⁴,
932 2753 986 2792 32,
1003 2753 1041 2785 7:
1067 2755 1154 2785 tecta
1202 2760 1282 2797 τοῖς
1313 2752 1576 2798 ὑπομένουσιν
1610 2751 1708 2788 αὐτὰ
1745 2750 1819 2794 οὔχ
1855 2750 2000 2797 ὁμοῖοι,
2032 2772 2068 2778 -

287 2811 447 2853 informia
474 2807 629 2848 imposita
649 2805 796 2846 rupibus.
834 2802 953 2836 Florus
977 2802 1008 2842 3,
1035 2803 1066 2842 ⁴,
1093 2801 1151 2835 ⁴4:
1201 2805 1365 2846 tripudiis]
1391 2800 1582 2851 nveeixm
1601 2806 1831 2847 Wolff-emm„
1861 2803 1956 2846 apud
1978 2804 2072 2836 Lau-

287 2870 391 2894 saxeo
413 2859 556 2892 inditam
577 2856 680 2888 monti
702 2853 894 2887 Mulucham
916 2851 1041 2884 urbem.

1201 2865 1266 2889 nos
1289 2856 1431 2897 proprie
1448 2855 1493 2887 de
1509 2854 1620 2888 Saliis.
1646 2855 1718 2887 Liv.
1739 2855 1770 2894 ⁴,
1788 2854 1851 2886 20:
1877 2854 1989 2886 Numa
2003 2853 2071 2886 Sa-

331 2911 383 2944 47·
408 2908 587 2950 exercitus]
610 2905 798 2947 legionem,
820 2901 957 2942 auxilia,
982 2909 1154 2943 praesen·
1199 2906 1261 2938 lios
1283 2907 1360 2938 item
1382 2904 1553 2937 duodecim
1574 2905 1680 2937 Marti
1705 2904 1856 2937 Gradivo
1875 2903 2015 2945 legit——
2030 2913 2072 2936 ac

287 2963 359 2994 tem
384 2959 533 3001 copiam.
554 2973 588 2979 -
615 2955 810 2995 Pomponius
832 2952 950 2992 Labeo]
977 2951 1027 2984 Cf.
1046 2952 1078 2989 6,
1096 2951 1150 2984 29.
1195 2964 1259 2995 per
1286 2954 1400 2986 urbem
1430 2954 1479 2986 ire
1509 2955 1661 2986 canentes
1692 2961 1766 2985 cum
1795 2953 1952 2993 tripudiis
1973 2953 2070 2985 solle—

290 3028 325 3034 —-
351 3005 598 3047 Rhoemetalces]
631 3004 682 3037 Cf.
707 3005 746 3042 2,
772 3003 825 3036 47.
851 3002 883 3042 3,
909 3002 962 3034 38.
987 3019 1030 3025 —
1049 3009 1154 3041 prae-

286 3060 368 3092 senti
390 3056 496 3099 copia]
521 3063 603 3088 cum
627 3054 668 3086 iis
691 3051 877 3090 militibus,
904 3051 963 3092 qui
987 3050 1019 3082 ei
1035 3051 1153 3083 Mace-

287 3109 429 3142 doniam
463 3114 526 3149 pro
561 3105 724 3147 praetore
757 3101 891 3134 curanti
923 3099 1080 3132 aderant.
1114 3117 1149 3123 —

286 3162 422 3191 armata
443 3159 503 3188 aut
523 3153 703 3193 incondita]
729 3151 852 3193 partim
877 3152 1013 3182 armata
1030 3150 1066 3182 et
1086 3149 1151 3182 rite

287 3208 471 3250 disposita,
507 3204 634 3247 partim
667 3201 852 3240 incondita,
887 3201 909 3231 i.
937 3208 967 3231 e.
994 3198 1038 3230 ad
1069 3207 1152 3231 saxa

287 3258 422 3289 tantum
445 3254 582 3295 aliaque
605 3253 703 3285 necis
719 3250 949 3283 instrumenta
967 3247 1150 3281 deicienda

289 3306 425 3338 idonea.
469 3306 518 3337 De
550 3301 757 3336 disiunctivo
788 3296 978 3341 particulae
1002 3300 1063 3329 aut
1085 3306 1152 3329 usu

288 3355 331 3388 cf.
359 3357 390 3394 ⁴,
417 3354 468 3386 ⁴6.
498 3370 533 3376 —
565 3360 658 3385 more
685 3347 806 3392 gentis]
837 3348 887 3380 De
915 3345 1151 3378 barbarorum

286 3402 464 3447 pugnandi
494 3410 593 3435 more
622 3399 785 3433 Brasidas
816 3395 911 3445 apud
933 3394 1092 3436 Thucyd.
1117 3395 1149 3435 4,

289 3455 369 3487 ⁴26:
408 3446 516 3485 οὗτοι
549 3448 590 3484 δὲ
617 3446 687 3494 τὴν
717 3446 900 3493 μέλλησιν
921 3445 993 3490 μὲν
1014 3440 1152 3484 ἔχουσι

1200 3005 1334 3044 mnique
1361 3003 1487 3035 saltatu
1515 3003 1620 3035 iussit.
1649 3019 1685 3026 -—
1716 3003 1901 3043 receptique
1926 3001 2070 3034 subsidio

1201 3054 1235 3087 S.
1254 3055 1299 3095 e.]
1316 3054 1535 3095 sagittarios,
1558 3060 1639 3085 cum
1655 3051 1783 3084 turbati
1800 3060 1839 3085 se
1855 3051 2067 3094 reciperent,

1202 3106 1312 3137 tutata
1336 3105 1390 3136 est
1412 3103 1540 3136 cohors
1563 3101 1775 3143 Sugambra,
1812 3096 2068 3134 Germanorum

1201 3155 1237 3186 in
1267 3154 1444 3187 sinistram
1472 3152 1581 3185 Rheni
1604 3153 1717 3194 ripam
1741 3160 1759 3184 a
1783 3150 1922 3184 Tiberio
1946 3160 1977 3184 a.
2003 3149 2067 3183 746

1202 3203 1489 3236 transductorum
1519 3200 1708 3235 auxiliaria.
1752 3201 1827 3234 Coh.
1858 3201 1882 3233 1.
1921 3201 2067 3242 sygam-

1201 3253 1338 3286 brorum
1360 3253 1579 3284 memoratur
1600 3252 1727 3283 Inscrr.
1754 3250 1840 3283 Latt.
1858 3258 1893 3282 n.
1912 3248 2008 3282 6704.
2026 3267 2062 3272 —

1245 3302 1298 3336 48.
1323 3302 1444 3334 hostem
1461 3300 1608 3342 propter]
1634 3301 1685 3334 Cf.
1712 3301 1742 3339 ⁴,
1768 3299 1809 3332 60
1832 3307 1946 3331 amnes
1964 3300 2063 3340 inter,

1202 3353 1254 3391 ⁴5,
1280 3351 1321 3385 47
1343 3352 1435 3384 viam
1451 3353 1605 3392 propter,
1630 3359 1672 3383 ac
1694 3350 1811 3382 statim
1833 3349 1938 3381 lucem
1958 3349 2061 3382 intra:

1205 3413 1240 3419 -
1265 3395 1460 3437 memoravi]
1484 3395 1598 3437 capite
1621 3393 1674 3426 47.
1703 3410 1738 3417 -
1768 3392 1857 3435 dian]
1881 3394 1920 3424 ut
1941 3401 2061 3435 saepe,

1201 3453 1264 3487 pro
1288 3444 1472 3477 dumodo.
1494 3459 1530 3467 -
1556 3451 1669 3476 somno
1690 3445 1721 3475 et
1741 3439 1820 3475 vino
1837 3441 2062 3484 procumbe-01
