2254 3770
736 307 894 353 LIBER
922 308 972 352 H.
1018 307 1119 365 Cap.
1149 307 1217 351 57.
1247 307 1316 351 58.
1346 307 1415 351 59.
1896 307 1979 351 449

188 418 377 468 dextras,
421 416 709 474 daturumque
748 414 899 458 honori
930 413 1172 458 Germanici
1212 419 1258 457 ut
1294 413 1432 472 ripam
1460 413 1689 472 Euphratis
1728 412 1977 458 accederet:

186 499 334 553 petere
373 491 540 536 iuterim
580 504 635 534 ne
664 491 863 535 Vonones
900 489 942 532 in
973 489 1100 548 Syria
1139 488 1373 533 haberetur
1418 503 1502 533 neu
1544 501 1749 547 proceres
1789 488 1978 545 gentium

188 567 441 628 propinquis
470 565 628 610 nuntiis
658 564 712 609 ad
732 563 970 609 discordias
1000 563 1200 608 traheret.
1248 563 1305 607 ad
1323 577 1378 608 ea
1397 564 1678 608 Germanicus
1697 563 1752 608 de
1772 563 1978 608 societate

189 645 476 688 Romanorum
495 640 837 698 Parthorumque
865 638 1107 698 magnifice,
1138 638 1195 683 de
1225 638 1413 684 adventu
1440 640 1555 697 regis
1584 645 1628 684 et
1656 638 1772 684 cultu
1792 638 1859 682 sui
1880 652 1978 683 cum

189 717 348 763 decore
368 730 420 761 ac
438 716 650 761 modestia
670 714 904 773 respondit.
934 715 1132 759 Vonones
1151 714 1502 772 Pompeiopolim,
1525 714 1697 759 Ciliciae
1724 713 2011 758 maritimams

189 793 352 843 urbem,
384 798 551 836 amotus
581 798 658 835 est.
697 791 843 835 datum
872 790 916 835 id
939 804 1026 834 non
1045 789 1175 834 modo
1196 789 1399 848 precibus
1418 790 1620 834 Artabani
1649 789 1729 834 sed
1758 795 1980 834 contume-

187 867 271 912 liae
306 868 494 919 Pisonis,
538 867 607 912 cui
645 867 912 924 gratissimus
952 872 1044 911 erat
1081 865 1137 910 ob
1174 865 1358 924 plurima
1397 864 1538 909 officia
1577 871 1621 909 et
1648 865 1779 917 dona,
1820 865 1978 924 quibus

187 943 432 988 Plancinam
461 942 724 988 devinxerat.

273 1019 356 1076 (59)
401 1019 454 1062 M.
489 1017 633 1062 Silano
667 1019 712 1062 L.
742 1016 943 1062 Norbano
979 1017 1067 1061 co‘s.
1099 1016 1378 1061 Germanicus
1414 1017 1655 1075 Aegyptum
1693 1015 1980 1075 proficiscitur

189 1093 515 1153 cognoscendae
536 1093 810 1152 antiquitatis.
841 1092 919 1137 sed
940 1106 1044 1137 cura
1062 1092 1311 1150 provinciae
1331 1091 1710 1150 praetendebatur,
1735 1091 1979 1150 levavitque
1993 1106 2030 1137 ιο

187 1170 347 1228 apertis
376 1169 543 1213 horreis
572 1169 710 1227 pretia
737 1168 906 1225 frugum
945 1167 1162 1226 multaque
1200 1168 1245 1211 in
1272 1167 1425 1224 vulgus
1455 1173 1575 1224 grata
1603 1168 1847 1225 usurpavit:
1885 1167 1979 1212 sine

187 1245 318 1289 milite
347 1244 569 1295 incedere,
600 1244 785 1302 pedibus
816 1244 982 1288 intectis
1003 1250 1045 1288 et
1063 1244 1157 1302 pari
1178 1257 1278 1287 cum
1298 1242 1473 1287 Graecis
1494 1242 1668 1294 amictu,
1700 1244 1745 1286 P.
1766 1243 1980 1301 Scipionis

189 1320 491 1372 aemulatione,
528 1334 660 1379 quem
696 1319 849 1364 eadem
888 1318 1144 1363 factitavisse
1174 1326 1276 1377 aput
1305 1319 1510 1371 Siciliam,
1547 1319 1745 1377 quamvis
1773 1318 1980 1377 flagrante

189 1396 331 1441 adhuc
358 1397 610 1463 Poenorum·
630 1394 762 1444 bello,
793 1395 1053 1453 accepimus.
1092 1394 1287 1439 Tiberius
1307 1394 1424 1439 cultu
1442 1394 1679 1453 habituque
1697 1395 1792 1439 eius
1811 1394 1979 1439 lenibus

125 1488 130 1492 ·
189 1471 333 1515 verbis
368 1470 594 1529 perstricto
642 1470 1100 1528 acerrime'increpuit
1135 1470 1254 1528 quod
1282 1476 1429 1514 contra
1463 1470 1652 1514 instituta
1680 1471 1858 1528 Augusti
1893 1484 2030 1514 nonis

190 1553 342 1606 sponte
380 1546 586 1604 principis
613 1545 913 1589 Alexandriam
941 1545 1170 1591 introisset.
1219 1559 1318 1590 nam
1346 1547 1562 1604 Augustus
1590 1546 1702 1590 inter
1730 1546 1814 1590 alia
1842 1546 1981 1590 domi-

190 1621 372 1666 nationis
412 1635 589 1673 arcana,
627 1621 766 1665 vetitis
800 1621 883 1665 nisi
922 1622 1136 1680 permissu
1165 1621 1332 1680 ingredi
1361 1620 1633 1666 senatoribus
1662 1627 1736 1665 aut
1763 1621 1981 1680 equitibus

191 1697 391 1742 Romanis
420 1696 689 1749 inlustribus,
732 1696 926 1755 seposuit
953 1698 1212 1756 Aegyptum,
1244 1710 1298 1740 ne
1328 1696 1439 1741 fame
1468 1703 1643 1754 urgeret
1670 1696 1833 1741 Italiam
1862 1697 1982 1756 quis-

191 1772 288 1832 quis
318 1786 413 1817 eam
441 1772 706 1831 provinciam
735 1771 1009 1831 claustraque
1037 1779 1180 1817 terrae
1206 1786 1258 1817 ac
1285 1772 1416 1816 maris
1445 1772 1641 1830 quamvis
1659 1772 1743 1817 levi
1763 1772 1980 1831 praesidio

261 1913 293 1945 2.
317 1912 458 1945 nononis
477 1920 534 1954 pr.
550 1912 585 1945 M
608 1928 644 1935 -
677 1911 710 1945 3.
735 1911 906 1945 discordas
926 1912 961 1946 M
985 1929 1021 1935 —
1047 1911 1080 1945 6.
1099 1909 1221 1954 ficibus
1241 1913 1275 1946 M
1301 1930 1337 1937 —-
1367 1912 1422 1945 42.
1446 1914 1589 1946 amictus
1604 1912 1786 1955 pscipionis
1804 1913 1839 1947 M
1861 1931 1898 1938 -—
1925 1913 1980 1946 46.

191 1966 389 2003 alexandria
409 1969 444 2002 M
468 1986 504 1992 -
529 1967 597 2001 alio
618 1968 654 2002 M
677 1985 713 1992 —
745 1968 799 2002 47.
820 1969 987 2010 permissu
1007 1977 1067 2002 suo
1089 1968 1154 2002 Ed.
1171 1969 1367 2003 Wurmius.

192 2095 271 2128 cani
291 2094 447 2127 maioris.
471 2094 545 2126 Liv.
568 2094 624 2134 29,
650 2093 710 2126 49;
743 2093 852 2135 Ipsius
872 2096 974 2127 etiam
994 2095 1062 2128 im-

188 2146 358 2188 peratoris
378 2153 446 2177 non
467 2145 635 2177 Romanus
654 2144 751 2177 modo
772 2146 829 2178 sed
848 2154 891 2178 ne
903 2145 1064 2178 militaris

192 2197 324 2238 quidem
352 2196 460 2228 cultus
488 2195 702 2227 iactabatur:
731 2204 807 2228 cum
825 2196 931 2237 pallio
952 2196 1062 2237 crepi-

191 2248 305 2288 disque
327 2245 374 2288 (id
398 2247 453 2279 est
474 2246 509 2278 h.
534 2244 557 2278 l.
578 2245 717 2286 podibus
736 2246 884 2287 intectis,
915 2242 1063 2290 ὑποδή-

190 2307 309 2341 μασι,
333 2294 499 2329 sandaliis
515 2295 658 2329 indutus
669 2321 677 2336 ‚
702 2305 775 2329 non
790 2295 918 2330 calceis
932 2297 1064 2330 Roma-

193 2347 259 2388 nis)
282 2346 492 2379 inambulare
512 2347 550 2378 in
564 2346 750 2387 yymnasio.
770 2364 807 2369 —
831 2350 946 2388 sponte
964 2347 1064 2388 prin-

191 2396 286 2439 cipis]
310 2396 430 2429 Priore
453 2396 569 2428 aetate
591 2399 704 2436 sponte
719 2396 866 2430 adiectis
881 2396 1065 2429 dumtaxat

192 2445 464 2490 pronominibus
485 2445 741 2488 usurpabatur;
772 2446 932 2480 absolute
953 2447 1061 2500 Verg.

193 2498 282 2530 Ae.n
300 2495 333 2536 4,
350 2495 433 2529 364;
458 2496 802 2537 Italiamnonsponte
818 2506 948 2538 sequor.
974 2497 1063 2530 Cum

194 2547 366 2589 genetivis
388 2546 543 2588 iungitur
557 2555 579 2579 a
594 2547 736 2580 Lucano
752 2548 784 2588 4,
803 2548 845 2580 99
860 2547 940 2590 (non
954 2551 1067 2589 sponte

195 2597 344 2639 ducum).
369 2597 402 2637 4,
419 2595 484 2630 234
500 2596 626 2638 (sponte
640 2597 769 2639 deum·
761 2621 770 2636 ‚
794 2606 816 2629 a
830 2598 947 2631 Tacito
963 2606 1066 2639 prae-

195 2648 252 2680 ter
272 2647 368 2680 hunc
390 2645 508 2679 locum
531 2646 564 2687 4,
589 2647 621 2679 7.
646 2647 700 2680 54,
726 2647 759 2687 6,
780 2647 834 2680 34.
859 2648 913 2688 42,
931 2647 985 2681 42.
1010 2646 1064 2687 43,

197 2697 252 2730 39.
277 2695 332 2730 42.
357 2696 444 2729 Hist.
462 2695 494 2736 3,
513 2696 567 2729 46.
591 2694 625 2736 4,
643 2697 696 2729 49.
721 2698 773 2730 De
796 2705 835 2730 re
859 2697 903 2730 cf.
921 2698 1065 2730 sueton.

198 2746 274 2780 Tib.
297 2747 359 2779 52:
394 2746 558 2787 Tiberius,
590 2747 679 2788 quod
710 2747 963 2789 (Germanicus)
991 2748 1068 2781 Ale-

197 2798 384 2830 xandriam
408 2799 548 2838 propter
578 2798 774 2831 inmensam
803 2802 834 2832 et
859 2799 1069 2840 repentinam

197 2848 320 2890 famem
346 2848 532 2881 inconsulto
560 2856 594 2881 se
627 2849 765 2889 adisset,
801 2853 932 2890 questus
958 2852 1006 2881 est
1032 2849 1068 2881 in

198 2902 326 2932 senatu.
346 2916 383 2922 -
406 2898 574 2940 Anaua-stus
595 2899 678 2941 cet.]
701 2900 766 2932 Dio
789 2901 844 2940 54,
865 2901 924 2933 47;
946 2895 1013 2932 Ἕκ
1027 2897 1068 2932 δὲ

198 2944 338 2980 τούτου
361 2944 433 2990 τήν
455 2957 496 2980 τε
510 2946 700 3004 Ai'ynmov
721 2944 887 2992 ὑποτελῆ
911 2948 1070 2992 ἐποίησε

199 2997 264 3030 καὶ
296 2994 349 3041 τῷ
385 2995 517 3054 Γάλλῳ
550 2997 603 3042 τῷ
637 2998 835 3045 Κορνηλίῳ
868 2998 1067 3058 ἐπέτρεψε.

199 3044 297 3094 πρός
318 3055 359 3079 τε
379 3043 466 3103 γὰρ.
474 3045 520 3080 τὸ
549 3046 788 3106 πολύανδρον
809 3049 877 3082 καὶ
898 3047 975 3082 τῶν
998 3046 1070 3081 πό-

200 3095 296 3129 λεων
322 3097 389 3130 καὶ
419 3095 490 3140 τῆς
511 3108 641 3144 χωρας
662 3099 727 3131 καὶ
752 3096 849 3145 πρὸς
870 3095 915 3130 τὸ
938 3093 1070 3144 ῥᾴδιον

201 3144 246 3179 τό
275 3156 317 3180 τε
344 3146 498 3189 κοῦφον
518 3146 594 3181 τῶν
610 3146 767 3206 τρόπων
789 3146 916 3182 αὐτῶν
937 3145 1009 3190 τήν
1030 3157 1071 3181 τε

202 3198 481 3240 σιτοπομπείαν
495 3198 560 3231 καὶ
576 3195 625 3231 τὰ
638 3195 820 3244 χρήματα
835 3193 961 3231 οὐδενὶ
974 3197 1072 3238 βου-

203 3243 314 3293 λευτῇ
347 3243 422 3286 οὐχ
453 3242 558 3289 ὅπως
583 3247 792 3294 εγχειρίσαι
821 3244 944 3290 αὐτὴν
966 3244 1073 3280 ἐτόλ-

204 3306 344 3339 μησεν,
375 3294 454 3330 ἀλλ’
489 3294 579 3332 οῦδὲ
609 3297 807 3341 ἐπιδημεῖν
826 3294 938 3357 αὐτῇ
961 3294 1072 3339 ἐξου-

207 3346 294 3379 σίαν
315 3343 472 3391 εδωκεν,
496 3346 546 3382 ἂν
567 3347 624 3393 μή
648 3359 721 3382 τινι
743 3344 862 3390 αὐτὸς
883 3344 1074 3391 ὀνομαστὶ

209 3397 453 3447 συγχωρήσῃ.
480 3418 516 3425 -
542 3400 703 3442 equitibus
723 3401 762 3433 R.
786 3399 987 3441 inlustribus]
1013 3401 1073 3440 qui

210 3453 356 3484 censum
377 3452 414 3485 et
431 3460 534 3494 spem
548 3451 715 3485 senatorii
730 3450 862 3484 ordinis
877 3449 1071 3492 habebant,

1110 2095 1150 2128 ut
1171 2093 1210 2136 4,
1235 2094 1289 2128 58.
1321 2095 1359 2135 6,
1384 2094 1438 2128 48.
1470 2095 1524 2135 44,
1549 2094 1583 2131 4.
1607 2095 1661 2129 35.
1689 2095 1743 2136 45,
1767 2095 1822 2130 28.
1848 2095 1900 2130 Cf.
1926 2096 1980 2137 46,

1113 2145 1173 2178 47;
1204 2145 1294 2178 Mela
1319 2148 1350 2179 et
1371 2145 1544 2186 Crispinus
1563 2147 1689 2186 equites
1707 2147 1850 2179 Romani
1871 2147 1984 2189 diani-

1112 2196 1180 2227 tato
1200 2195 1382 2228 senatoria.
1407 2195 1462 2235 44,
1486 2196 1525 2228 5;
1551 2195 1704 2236 Samius,
1727 2196 1867 2238 insiqnis
1888 2205 1986 2239 eques

1113 2245 1291 2277 Romanus.
1316 2245 1403 2278 Hist.
1430 2245 1462 2285 4,
1486 2244 1525 2278 4:
1546 2245 1713 2286 primores
1733 2246 1892 2287 equitum.
1922 2247 1984 2280 His

1114 2295 1220 2327 etiam
1250 2293 1341 2328 latus
1364 2293 1484 2328 clavus
1507 2303 1700 2329 concessus
1724 2297 1817 2336 erat,
1841 2297 1882 2329 ut
1903 2297 1986 2329 Ovi-

1114 2344 1172 2378 dio
1202 2343 1469 2377 adulescentulo
1495 2345 1598 2379 Trist.
1622 2345 1664 2386 4,
1690 2346 1751 2386 40,
1775 2345 1830 2380 35.
1866 2347 1987 2389 Oppo-

1114 2396 1245 2428 nuntur
1274 2396 1394 2427 autem
1421 2395 1543 2427 modici
1563 2395 1687 2437 equites
1708 2396 1850 2429 Romani
1872 2397 1904 2437 4,
1929 2397 1984 2430 73.

1114 2444 1177 2477 ubi
1199 2444 1279 2477 vide
1303 2453 1395 2485 quae
1418 2444 1676 2478 adnotavimus.
1713 2445 1918 2487 Marquardt
1941 2447 1989 2488 (in

1115 2495 1289 2528 Historiae
1314 2495 1474 2536 equitum
1489 2496 1528 2528 R.
1545 2495 1644 2529 libris
1659 2496 1729 2538 IV.)
1754 2505 1790 2539 p.
1807 2497 1867 2530 57:
1895 2498 1989 2530 «Au-

1115 2546 1239 2587 gustus
1262 2545 1442 2586 equitibus
1466 2545 1681 2587 quibusdam
1703 2546 1911 2588 dignitatem
1933 2555 1990 2580 se-

1117 2594 1292 2628 natoriam
1307 2595 1441 2635 tribuit,
1467 2596 1527 2637 qui
1541 2604 1651 2629 novo
1667 2595 1798 2629 abhinc
1813 2605 1865 2629 no
1875 2597 1988 2630 mine

1117 2644 1269 2678 illustres
1293 2644 1536 2678 dicebantur.»
1577 2646 1744 2679 Ceterum
1766 2646 1891 2687 equites
1909 2646 1991 2680 illu-

1116 2698 1198 2728 stres
1227 2695 1453 2736 reperiuntur
1482 2695 1554 2728 iam
1583 2695 1679 2738 apud
1707 2696 1843 2730 Livium
1866 2696 1921 2738 30,
1946 2697 1989 2730 46

1118 2745 1184 2778 alia
1207 2745 1480 2787 significatione,
1511 2747 1642 2788 magis,
1672 2748 1712 2780 ut
1741 2747 1900 2789 videtur,
1931 2755 1991 2789 ge-

1118 2795 1241 2829 nerali.
1270 2812 1305 2820 -
1336 2797 1490 2839 seposuit]
1522 2798 1646 2830 Totam
1667 2798 1818 2840 Aegypti
1844 2798 1990 2840 provin-

1119 2848 1195 2879 ciae
1225 2847 1567 2880 administrationem
1597 2847 1666 2880 sibi
1691 2849 1899 2881 reservavit.
1935 2847 1988 2881 Cf.

1119 2897 1206 2929 Hist.
1237 2898 1269 2937 4,
1302 2898 1362 2929 44ε
1402 2897 1514 2930 Visum
1541 2897 1629 2929 hanc
1656 2898 1871 2939 provinciam
1902 2897 1992 2930 ἀοηιῑ

1117 2949 1278 2987 retinere;
1310 2949 1416 2989 atque
1446 2948 1635 2989 praeterea
1664 2949 1755 2981 Ann.
1780 2949 1840 2989 42,
1873 2948 1925 2982 60.
1950 2964 1988 2970 -

1118 3007 1160 3031 ne
1179 2998 1269 3040 fame
1288 2997 1433 3039 urgeret]
1458 2997 1510 3031 Cf.
1535 2998 1623 3031 Hist.
1648 2997 1681 3039 3,
1705 2998 1767 3032 48:
1798 2999 1849 3031 Eo
1867 3006 1992 3039 propo-

1119 3049 1252 3081 rantius
1266 3048 1527 3090 (Vespasianus)
1542 3048 1787 3081 Alemandriam
1804 3049 1931 3090 perpit,
1955 3052 1993 3081 ut

1118 3099 1227 3140 fracto
1253 3098 1372 3132 Vitellii
1404 3100 1554 3132 mercica
1586 3099 1702 3132 urbem
1728 3107 1857 3140 quoque
1878 3102 1993 3132 exter-

1120 3158 1187 3182 nae
1208 3149 1280 3190 opis
1301 3149 1450 3192 indigam
1476 3149 1566 3191 fame
1586 3153 1731 3192 uryeret.
1761 3167 1798 3173 —
1822 3149 1993 3183 claustra-

1120 3208 1184 3239 que
1206 3203 1317 3233 terrae
1339 3209 1381 3233 ac
1401 3200 1518 3242 maris]
1544 3200 1673 3233 Hirtius
1694 3201 1734 3232 B.
1757 3199 1855 3232 Alex.
1880 3209 1912 3233 c.
1928 3200 1991 3234 26:

1122 3252 1193 3282 tota
1212 3249 1379 3292 Aoqyptus
1399 3250 1571 3283 maritimo
1595 3258 1727 3282 accessu
1747 3249 1868 3290 Pharo,
1890 3251 1994 3291 pedo-

1122 3300 1185 3332 ,τινί
1198 3300 1324 3333 Pelusio
1346 3300 1435 3333 velut
1452 3300 1607 3333 claustris
1620 3300 1751 3331 munita
1765 3300 1991 3335 emistimmr.

1123 3351 1252 3383 Lucan.
1279 3351 1333 3390 40,
1359 3350 1443 3383 509:
1473 3350 1552 3382 Tum
1574 3349 1757 3381 claustrum
1774 3349 1889 3393 pelagi
1909 3352 1995 3392 cepit
2046 3367 2049 3370 ·

1122 3400 1264 3434 Pharon.
1299 3400 1386 3433 Hist.
1411 3400 1451 3441 2,
1479 3400 1539 3432 82ε
1580 3399 1818 3441 Υοφαείαηαηι
1849 3400 1994 3435 obtinere

1123 3450 1272 3484 claustra
1291 3450 1432 3494 Aeqypti
1448 3450 1592 3492 placuit.
