2254 3770
280 249 336 294 26
762 251 808 295 Ρ.
839 249 1090 295 CORNELII
1118 248 1288 293 TACITI
1316 247 1585 292 ANNALIUM

282 369 448 400 marum
477 356 693 415 legionum
722 369 886 407 curam,
918 355 1175 414 quibuscum
1203 353 1386 412 plurima
1414 352 1527 397 bella
1556 352 1839 407 toleravisset3
1875 352 1948 396 ubi
1978 353 2066 411 pri-

284 445 400 474 mum
421 445 445 475 3
467 431 581 476 luctu
603 432 843 490 requiesset
863 431 1046 479 animus,
1069 437 1263 474 acturum
1291 434 1393 486 aput
1419 435 1563 486 patres
1583 428 1638 472 de
1658 429 1879 486 postulatis
1895 441 2064 479 eorum;

284 506 453 551 misisse
483 507 650 551 interim
680 506 832 556 filium,
863 512 910 556 ut
938 506 1032 549 sine
1063 504 1330 549 cunctatione
1351 503 1609 548 concederet
1628 518 1740 562 quae
1770 505 1908 548 statim
1937 502 2066 547 tribui

282 589 480 640 possent;
511 588 655 626 cetera
683 581 849 625 senatui
879 580 1109 632 servanda,
1141 593 1270 638 quem
1300 593 1441 637 neque
1471 579 1631 636 gratiae
1660 594 1804 638 neque
1828 578 2066 623 severitatis

252 664 502 716 sexpertem
531 657 678 701 haberi
708 670 787 715 par
816 662 943 701 esset.
1003 656 1083 713 (26)
1115 669 1371 712 responsum
1401 660 1467 697 est
1492 668 1517 697 a
1538 654 1734 698 contione
1754 654 1952 698 mandata
1973 653 2068 698 Cle-

282 733 412 778 menti
433 732 669 778 centurioni
690 745 802 790 quae
821 732 1040 790 perferret.
1091 731 1126 774 is
1157 729 1321 773 orditur
1341 729 1395 772 de
1426 729 1630 773 missione
1661 744 1685 773 a
1711 729 1899 774 sedecim
1931 729 2064 779 annis,

284 809 338 853 de
368 809 570 867 praemiis
607 808 749 852 finitae
786 807 978 859 militiae;
1014 812 1061 849 ut
1090 806 1292 849 denarius
1327 804 1525 848 diurnum
1558 804 1815 862 stipendium
1844 804 1970 857 foret3
2012 818 2067 848 ne

283 885 474 929 veterani
504 883 585 928 sub
616 882 769 927 vexillo
800 882 1070 926 haberentur.
1121 881 1175 924 ad
1206 894 1258 924 ea
1282 881 1443 923 Drusus
1465 894 1561 924 cum
1592 880 1812 924 arbitrium
1833 887 2005 924 senatus
2027 885 2069 924 et

283 959 415 1017 patris
445 958 717 1009 obtenderet,
751 957 937 1002 clamore
968 956 1171 1000 turbatur.
1219 969 1296 998 cur
1314 956 1517 1005 venisset,
1551 969 1692 1014 neque
1722 955 1930 1013 augendis
1960 955 2069 999 mili-

234 1042 371 1078 totum
401 1033 640 1091 stipendiis,
681 1047 823 1092 neque
853 1032 1100 1076 adlevandis
1129 1030 1369 1079 laboribus,
1413 1030 1601 1088 denique
1631 1030 1745 1074 nulla
1773 1029 2068 1075 benefaciendi

283 1109 482 1154 licentia?
531 1116 572 1153 at
601 1108 784 1153 Hercule
813 1108 998 1152 verbera
1027 1114 1069 1150 et
1098 1121 1247 1151 necem
1278 1106 1440 1150 cunctis
1470 1106 1668 1163 permitti.
1723 1106 1939 1150 Tiberium
1968 1105 2068 1149 olim

284 1186 455 1229 nomine
486 1184 662 1242 Augusti
693 1183 907 1228 desideria
936 1183 1151 1240 legionum
1181 1181 1372 1224 frustrari
1402 1180 1588 1224 solitum:
1620 1181 1796 1225 easdem
1827 1188 1939 1226 artes
1959 1182 2069 1224 Dru-

284 1275 378 1305 sum
402 1259 627 1304 rettulisse.
657 1272 947 1317 numquamne
978 1258 1032 1302 ad
1062 1272 1110 1301 se
1139 1257 1221 1300 nisi
1250 1256 1359 1300 filios
1380 1256 1631 1300 familiarum
1651 1246 1881 1300 venturos?
1911 1271 2068 1300 novum

284 1335 328 1378 id
357 1335 483 1394 plane
514 1334 630 1393 quod
662 1335 892 1392 imperator
921 1333 1013 1377 sola
1042 1333 1184 1376 militis
1214 1331 1438 1376 commoda
1469 1332 1524 1375 ad
1545 1339 1738 1375 senatum
1759 1332 1919 1376 reiciat.
1964 1345 2068 1376 eun-

234 1421 271 1452 115
285 1411 382 1455 dem
404 1424 506 1468 ergo
528 1416 720 1453 senatum
743 1408 1067 1455 consulendum,
1099 1409 1296 1466 quotiens
1316 1407 1526 1466 supplicia
1545 1415 1617 1451 aut
1635 1407 1798 1465 proelia
1819 1407 2070 1451 indicantur.

281 1500 336 1532 ,an
367 1485 560 1544 praemia
589 1485 669 1528 sub
691 1484 891 1535 dominis,
922 1497 1084 1542 poenas
1106 1483 1197 1527 sine
1219 1483 1377 1527 arbitro
1409 1483 1535 1526 esse?
1594 1483 1675 1539 (27)
1705 1490 1923 1541 postremo
1945 1483 2073 1527 dese-

284 1570 381 1605 runt
402 1560 595 1611 tribunal,
619 1567 663 1603 ut
683 1560 779 1618 quis
800 1559 1168 1617 praetorianorum
1190 1558 1368 1601 militum
1389 1559 1678 1601 amicorumve
1701 1558 1897 1602 Caesaris
1918 1572 2072 1602 occur-

285 1643 410 1689 reret,
442 1650 592 1680 manus
624 1636 888 1686 intentantes,
921 1649 1093 1678 causam
1116 1634 1358 1678 discordiae
1381 1639 1422 1676 et
1441 1633 1606 1676 initium
1627 1647 1860 1683 armorum,
1891 1633 2072 1678 maxime

286 1712 437 1756 infensi
468 1711 540 1755 Cn.
572 1711 769 1762 Lentulo,
817 1710 936 1769 quod
975 1710 1011 1753 is
1049 1717 1145 1753 ante
1186 1709 1292 1753 alios
1330 1715 1467 1752 aetate
1509 1715 1552 1752 et
1592 1708 1727 1765 gloria
1761 1708 1861 1752 belli
1902 1708 2072 1752 firmare

328 1838 359 1871 3.
385 1846 448 1884 que
470 1837 557 1879 (non
580 1837 654 1878 que)
677 1838 711 1871 M
736 1856 772 1861 —
798 1837 906 1870 tribue
929 1836 973 1869 ab
999 1836 1126 1869 eadem
1151 1845 1198 1869 m.
1226 1845 1317 1868 corr.
1335 1835 1370 1868 in
1387 1835 1489 1868 tribui
1512 1836 1545 1868 M
1571 1853 1607 1858 —-
1633 1835 1664 1867 5.
1691 1836 1895 1868 contentione
1917 1835 1950 1868 M
1973 1834 2082 1877 (con-‘

285 1897 372 1929 tione
401 1897 531 1937 margo)
566 1913 602 1918 ——
640 1896 672 1928 6.
703 1896 837 1927 orditur
866 1895 1040 1927 dimisione
1068 1895 1101 1927 M
1137 1895 1268 1935 (margo
1299 1901 1363 1935 pro
1393 1894 1426 1925 di
1457 1892 1567 1924 habet
1596 1892 1647 1931 de)
1678 1910 1714 1915 —
1749 1892 1888 1924 sedecim
1917 1900 2010 1924 corr.
2038 1892 2073 1924 in

284 1953 451 1985 seoedecim
472 1953 506 1985 M
532 1970 567 1975 —
595 1953 646 1985 42.
671 1953 814 1994 fustrari
836 1953 870 1985 M
894 1952 1067 1993 (frustrari
1091 1951 1224 1992 margo)
1252 1968 1287 1973 —
1315 1951 1367 1982 43.
1393 1951 1545 1982 retulisse
1567 1950 1618 1987 M,
1644 1948 1773 1991 duplici
1797 1952 1810 1981 t
1832 1950 2074 1991 superscripta

286 2017 306 2040 a
331 2010 543 2041 correctore.
571 2027 607 2031 —
633 2009 677 2040 ad
698 2018 732 2041 se
753 2010 819 2041 nisi
841 2009 994 2050 Lipsius:
1019 2008 1085 2040 nisi
1107 2008 1151 2039 ad
1173 2015 1206 2039 se
1228 2008 1273 2039 M.
1307 2006 1358 2039 Cf.
1379 2016 1409 2039 c.
1431 2006 1489 2046 65,
1514 2005 1575 2037 ubi
1598 2006 1631 2038 M
1655 2014 1674 2036 a
1697 2006 1809 2047 prima
1833 2014 1940 2038 manu
1965 2005 2075 2038 habet

286 2065 466 2097 aduersum
494 2065 577 2105 ferri
606 2074 670 2107 pro
698 2065 782 2106 ferri
810 2065 990 2097 aduersum
1021 2082 1056 2086 —
1091 2064 1142 2096 ⁴5.
1175 2063 1310 2104 praelia
1337 2063 1371 2095 M
1396 2079 1431 2086 -
1456 2063 1653 2094 indicantur
1681 2060 1804 2094 litteris
1834 2070 1875 2094 ca
1904 2062 2074 2095 correctis

287 2122 322 2154 in
345 2130 469 2154 rasura
492 2122 526 2155 M
551 2137 588 2145 ·—·
615 2122 667 2153 47.
693 2125 886 2154 occurrerat
909 2122 1078 2155 Muretus.
1106 2138 1141 2143 —
1170 2120 1222 2152 48.
1248 2120 1410 2152 discordie
1432 2119 1465 2152 M
1491 2136 1527 2142 —
1554 2118 1607 2150 49.
1633 2117 1699 2150 CN.
1725 2118 1769 2150 M.

287 2242 383 2275 quem
406 2242 511 2276 neque
524 2234 657 2275 qratiae
672 2233 754 2276 cet]
780 2241 907 2274 «quem
923 2234 996 2265 tam
1013 2232 1057 2265 de
1074 2241 1155 2274 gra-

287 2284 334 2315 tia
358 2283 619 2324 (concedendis)
644 2292 750 2325 quam
774 2283 819 2315 de
847 2283 1035 2316 severitate
1061 2283 1156 2324 (reii-

1204 2232 1313 2272 minis]
1349 2231 1562 2264 invidiosum
1596 2231 1703 2264 etiam
1737 2232 1820 2264 tunc
1848 2229 2074 2263 vocabulum.

1205 2280 1350 2315 Sueton.
1375 2283 1495 2315 Octav.
1521 2282 1579 2314 53:
1619 2282 1743 2314 domini
1765 2282 2020 2322 appellationem
2041 2284 2078 2313 ul

288 2333 422 2366 ciendis
445 2333 628 2375 postulatis
652 2333 811 2373 militum)
833 2333 868 2365 in
890 2332 1075 2365 consilium
1091 2332 1157 2365 ad-

288 2383 403 2416 hiberi
426 2385 461 2416 et
484 2384 679 2416 decernere
703 2391 857 2425 aequum
875 2385 1003 2416 esset.»
1028 2383 1154 2415 DUEBN.

331 2484 386 2516 26.
421 2486 457 2515 at
477 2483 624 2525 Hercule]
659 2482 761 2515 Hand
790 2482 935 2516 Tursell.
960 2483 987 2515 Ι.
1012 2491 1046 2524 p.
1073 2481 1152 2514 437:

290 2534 450 2566 «Tacitus
480 2533 546 2565 hac
570 2533 720 2565 dictione
745 2533 852 2564 utitur
874 2532 920 2565 ad
944 2532 1158 2564 confirman-

290 2583 371 2616 dam
395 2584 579 2615 veritatem
604 2583 675 2621 rei,
709 2591 800 2623 quae
830 2583 917 2614 mira
949 2583 1008 2614 aut
1031 2590 1158 2622 magna

288 2633 399 2665 videri
432 2634 553 2674 possit.
594 2633 667 2665 Nec
697 2632 789 2664 male
820 2631 969 2665 Wolfius
1001 2632 1045 2663 ad
1073 2632 1108 2663 h.
1134 2631 1156 2663 l.

289 2684 473 2725 comparat
505 2691 609 2714 sane»
638 2683 752 2723 (recte
789 2682 943 2714 addens:
981 2680 1159 2713 sed‘illud

289 2734 422 2766 maiore
445 2741 527 2765 cum
551 2732 622 2774 vit)
649 2733 709 2764 «in
727 2741 769 2764 eo
791 2733 909 2764 tamen
927 2733 1037 2771 errat,
1065 2731 1159 2772 quod

289 2782 374 2816 alios
398 2783 588 2824 scriptores
622 2783 667 2814 ita
692 2781 827 2814 locutos
853 2790 932 2814 esse
958 2783 1094 2822 negat.»
1123 2800 1156 2804 —

286 2833 371 2875 filios
385 2832 606 2873 familiarum]
624 2831 846 2864 Manifestum
862 2833 916 2864 est
931 2830 1059 2863 milites
1076 2829 1159 2863 satis

289 2885 494 2923 arroganter
517 2883 693 2921 exegisse,
721 2883 758 2914 ut
781 2882 960 2924 principes
981 2882 1064 2923 ipsi,
1090 2890 1159 2913 non

290 2941 413 2965 eorum
437 2931 495 2964 filii
519 2932 717 2971 dumtaxat,
742 2932 776 2963 in
802 2934 917 2964 castra
934 2932 1095 2963 venirent
1114 2931 1158 2963 ad

289 2991 346 3016 res
378 2981 653 3024 componendas.
690 2981 871 3014 Acerbitas
902 2983 1020 3014 autem
1049 2990 1160 3023 quae—

290 3032 370 3065 dam
404 3033 496 3065 inest
522 3032 556 3064 in
588 3032 664 3073 ipso
694 3040 726 3063 v,
756 3031 841 3072 filios
862 3031 1091 3072 familiarum;
1124 3031 1159 3063 hi

291 3083 382 3115 enim
413 3085 489 3114 sunt
517 3082 552 3113 in
581 3081 692 3113 aliena
722 3080 858 3122 (patria)
885 3084 1061 3121 potestate,
1093 3090 1159 3113 non

289 3132 341 3163 sui
363 3132 456 3164 iuris.
489 3132 621 3172 Digest.
646 3131 676 3170 ⁴,
695 3130 726 3170 6,
745 3130 776 3163 4.
804 3131 867 3170 Qui
892 3131 1053 3163 ordinem
1075 3140 1158 3163 ver—

290 3182 435 3221 borum,
462 3182 522 3223 qui
546 3183 600 3214 est
621 3181 655 3213 in
679 3180 819 3219 codice,
854 3181 1022 3219 retinent,
1047 3181 1158 3212 inter-

290 3233 472 3273 pretantur
507 3230 561 3263 vel
596 3229 757 3263 «nullone
796 3231 957 3271 tempore
991 3232 1158 3262 venturos

291 3282 354 3314 nisi
374 3282 419 3314 ad
435 3291 474 3314 se
491 3281 696 3314 venirent‘ln
715 3279 770 3313 vel
787 3288 1048 3321 «numquamne
1065 3278 1156 3311 aliud

292 3332 480 3373 quicquam
504 3332 659 3364 futurum
682 3331 747 3363 nisi
770 3330 815 3363 ad
839 3338 877 3362 se
902 3328 991 3362 filios
1010 3328 1157 3362 familia—

291 3390 370 3416 rum
394 3382 611 3415 venturos‘ia
636 3382 826 3423 utrumque
849 3379 1015 3422 perdure.
1037 3395 1072 3403 —
1097 3379 1158 3412 do-

1204 2333 1415 2365 maledictum
1446 2336 1476 2364 et
1506 2333 1722 2373 opprobrium
1751 2341 1878 2373 semper
1905 2331 2079 2364 exhorruit

1207 2384 1417 2424 (Augustus).
1458 2381 1532 2415 Tib.
1563 2383 1623 2415 27:
1662 2383 1813 2414 dominus
1842 2381 2028 2422 appellatus
2055 2389 2079 2412 a

1205 2434 1349 2474 quodam
1373 2433 1577 2465 denuntiavit
1599 2441 1640 2465 ne
1659 2441 1692 2465 se
1707 2432 1850 2474 amplius
1863 2431 2078 2464 contumeliae

1206 2491 1311 2515 causa
1333 2483 1532 2515 nominaret.

1251 2533 1304 2565 27.
1336 2542 1456 2565 manus
1480 2532 1688 2575 intentantes]
1720 2532 1765 2565 ad
1787 2531 1940 2565 verbera
1962 2531 2079 2574 porri-

1208 2584 1331 2625 gentes
1362 2583 1518 2616 minandi
1548 2591 1590 2615 ac
1621 2583 1777 2615 terrendi
1801 2591 1926 2623 causa,
1957 2583 1996 2614 ut
2024 2582 2079 2615 est

1209 2634 1294 2665 Hist.
1319 2633 1350 2673 ⁴,
1375 2633 1435 2665 69:
1461 2633 1526 2666 tela
1549 2642 1589 2665 ac
1610 2642 1730 2665 manus
1752 2633 1787 2664 in
1810 2642 1873 2665 ora
1894 2633 2079 2674 leyatorum

1208 2684 1381 2715 intentant.
1418 2682 1451 2723 4,
1477 2683 1537 2716 44:
1574 2692 1633 2715 nec
1660 2683 1780 2715 destitit
1807 2686 1939 2715 senatus
1959 2690 2080 2715 manus

1209 2733 1372 2765 intentare
1398 2733 1554 2773 Voculae,
1590 2734 1690 2765 donec
1712 2733 1809 2764 curia
1831 2733 2011 2764 eoecederet.
2039 2748 2077 2756 —·

1210 2791 1347 2815 causam
1370 2783 1563 2824 discordiae]
1602 2783 1652 2815 De
1676 2783 1877 2815 accusativo
1900 2781 1946 2814 ad
1970 2782 2079 2814 totam

1210 2833 1485 2865 enuntiationem
1509 2840 1770 2874 praegressam,
1797 2841 1867 2864 non
1884 2831 1927 2863 ad
1944 2829 2079 2872 singula

1210 2884 1368 2922 nomina,
1394 2883 1553 2924 apposito
1578 2881 1668 2914 conf.
1691 2882 1723 2919 Ξ,
1743 2881 1802 2914 64:
1828 2881 2003 2913 immittere
2024 2880 2080 2912 la-

1208 2936 1342 2965 tronum
1356 2933 1478 2975 globos,
1495 2932 1669 2964 excindere
1683 2931 1833 2971 castella,
1851 2939 1970 2964 causas
1985 2930 2077 2962 bello.

1210 2983 1295 3015 Hist.
1328 2983 1364 3022 4,
1393 2981 1454 3015 44:
1490 2990 1663 3022 omnesque
1694 2981 1847 3021 conquiri
1878 2984 1910 3013 et
1941 2980 2081 3022 interfici

1208 3033 1335 3064 iussit-
1347 3050 1367 3056 -
1382 3032 1621 3064 munimentum
1643 3031 1688 3063 ad
1707 3039 1879 3071 praesens,
1915 3030 1950 3062 in
1969 3032 2080 3070 poste·

1207 3091 1284 3114 rum
1298 3082 1465 3114 ultionem.
1487 3099 1522 3105 -—
1540 3081 1671 3113 initium
1688 3080 1873 3122 armorum]
1896 3080 1968 3112 Liv.
1986 3078 2018 3119 4,
2037 3078 2077 3111 9:

1208 3141 1349 3172 quorum
1372 3131 1576 3173 (armorum)
1606 3139 1727 3163 causae
1749 3134 1848 3171 atque
1869 3130 2012 3162 initium.
2041 3146 2076 3152 —

1209 3181 1265 3214 Cn.
1292 3181 1438 3223 Lentulo]
1463 3180 1550 3213 Vide
1574 3182 1663 3213 Anu.
1682 3179 1713 3218 4.
1732 3179 1786 3213 44.
1812 3178 1941 3213 Consul
1965 3178 2080 3211 fuerat

1207 3231 1276 3263 iam
1309 3240 1341 3263 a.
1367 3231 1430 3263 753
1466 3231 1501 3263 et
1523 3230 1567 3262 de
1593 3228 1744 3263 Gaetulis
1768 3229 2011 3272 triumpharat.
2039 3244 2075 3250 —

1207 3284 1284 3312 ante
1317 3281 1412 3321 alios]
1442 3279 1542 3312 «aliis
1566 3281 1750 3321 praestans
1772 3279 1888 3311 aetate
1913 3280 1948 3311 et
1970 3276 2078 3319 gloria

1207 3329 1367 3364 bellica.»
1392 3331 1512 3363 Wotr.
1549 3330 1636 3362 Hist.
1654 3330 1687 3368 5,
1707 3330 1764 3361 ⁴2:
1788 3330 1896 3368 muri,
1920 3327 2033 3360 labore
2047 3331 2078 3361 et

1206 3388 1303 3421 opere
1319 3382 1395 3412 ante
1411 3380 1504 3412 alios.
1534 3378 1598 3412 Alii
1614 3379 1812 3419 iunxerunt,
1837 3381 1914 3412 ante
1928 3378 2013 3411 alios
2026 3394 2075 3401 --
