2254 3770
321 278 404 325 320
794 280 839 324 Ρ.
871 279 1121 325 CORNELII
1148 281 1318 326 TACITI
1344 281 1611 329 ANNALIUM

322 385 535 431 inclinatio
564 385 709 445 populi
731 392 954 444 supererat
973 401 1026 432 ex
1045 388 1249 432 memoria
1269 388 1518 441 Germanici,
1550 389 1671 434 cuius
1699 389 1771 435 illa
1798 390 1964 450 reliqua
1992 390 2093 436 sub-

321 461 413 507 oles
442 461 595 516 virilis;
636 468 678 506 et
705 462 828 505 matri
858 462 1112 521 Agrippinae
1140 463 1356 508 miseratio
1386 464 1622 522 augebatur
1650 465 1706 510 ob
1736 467 1954 511 saevitiam
1983 467 2095 512 Mes-

321 537 499 590 salinae,
541 551 653 596 quae
693 551 864 596 semper
900 537 1050 582 infesta
1083 545 1126 583 et
1162 546 1263 583 tunc
1298 540 1567 592 commotior,
1607 530 1694 599 quo
1731 542 1871 586 minus
1912 547 2096 587 strueret

321 613 498 658 crimina
527 619 570 657 et
596 619 880 664 accusatores,
912 627 1023 658 novo
1053 621 1096 659 et
1123 614 1254 658 furori
1283 614 1477 673 proximo
1507 629 1654 660 amore
1676 616 1966 662 distinebatur.
1997 630 2094 662 nam

290 689 364 732 sin
394 690 438 734 C.
470 688 629 740 Silium,
661 689 890 733 iuventutis
919 690 1134 734 Romanae
1165 689 1508 748 pulcherrimum,
1540 692 1596 735 ita
1615 699 1832 737 exarserat
1859 699 1906 737 ut
1933 693 2096 737 Iuniam

321 764 524 816 Silanam,
559 764 748 809 nobilem
775 764 991 817 feminam,
1031 766 1298 810 matrimonio
1329 767 1422 811 eius
1452 767 1696 812 exturbaret
1721 781 1946 828 vacuoque
1975 768 2097 813 adul-

320 849 412 885 tero
440 846 671 899 poteretur.
702 853 844 899 neque
873 840 1000 885 Silius
1030 840 1174 899 flagitii
1203 848 1274 886 aut
1302 841 1480 899 periculi
1511 843 1681 888 nescius
1711 851 1822 888 erat:
1854 843 1933 888 sed
1961 850 2090 895 certo,

320 917 356 961 si
377 916 594 968 abnueret,
626 915 753 960 exitio
775 923 817 960 et
836 930 920 960 non
941 915 1054 960 nulla
1074 916 1243 961 fallendi
1265 931 1354 975 spe,
1386 917 1511 961 simul
1530 919 1696 977 magnis
1716 919 1930 977 praemiis,
1962 931 2097 978 oppe-

319 992 393 1036 riri
423 992 560 1036 futura
591 997 634 1036 et
660 992 958 1050 praesentibus
987 992 1066 1036 frui
1094 1007 1174 1051 pro
1205 992 1364 1037 solacio
1393 992 1590 1038 habebat.
1620 993 1690 1038 illa
1720 1008 1803 1039 uon
1833 994 1985 1043 furtim,
2017 993 2096 1039 sed

273 1067 450 1112 tomulto
481 1067 681 1113 comitatu
709 1068 915 1112 ventitare
945 1067 1136 1121 domum,
1169 1068 1416 1126 egressibus
1445 1069 1773 1122 adhaerescere,
1804 1070 1947 1128 largiri
1975 1083 2093 1128 opes,

318 1143 515 1189 honores.
546 1149 775 1202 postremo,
806 1143 922 1188 velut
937 1144 1137 1189 translata
1156 1144 1240 1189 iam
1260 1144 1436 1197 fortuna,
1467 1145 1581 1190 servi
1609 1145 1750 1190 liberti
1778 1152 1950 1204 paratus
1978 1145 2097 1204 prin-

319 1219 426 1279 cipis
457 1219 571 1278 apud
601 1217 840 1263 adulterum
869 1219 1128 1263 visebantur.

431 1295 512 1353 (43)
543 1283 594 1339 At
621 1294 822 1339 Claudius
849 1296 1104 1340 matrimonii
1131 1295 1197 1339 sui
1227 1295 1398 1353 ignarus
1418 1301 1460 1339 et
1490 1296 1632 1340 munia
1662 1296 1858 1341 censoria
1885 1308 2096 1355 usurpans

317 1370 567 1416 theatralem
603 1370 749 1429 populi
787 1370 1007 1416 lasciviam
1043 1371 1207 1416 severis
1237 1371 1387 1416 edictis
1415 1371 1643 1430 increpuit,
1684 1371 1801 1430 quod
1824 1372 1872 1442 in
1900 1371 2097 1417 Publium

381 1499 415 1534 4.
439 1499 658 1534 distinebatur
678 1501 731 1534 M:
756 1499 962 1534 detinebatur
983 1498 1051 1534 alii.
1072 1518 1108 1524 —
1134 1500 1167 1533 5.
1194 1500 1243 1543 0.]
1268 1500 1308 1534 G.
1326 1501 1361 1534 M
1384 1518 1420 1524 -—
1446 1501 1479 1534 8.
1497 1500 1642 1542 opperiri
1663 1499 1870 1534 Beroaldus:
1896 1500 2020 1542 operiri
2041 1500 2095 1540 M;

316 1557 446 1600 operire
467 1557 681 1600 Nipperdey.
709 1575 745 1581 —
777 1557 831 1590 40.
857 1557 1065 1591 adherescere
1094 1558 1128 1591 M
1157 1574 1194 1582 —-
1227 1557 1280 1591 42.
1305 1557 1494 1592 adulterum
1522 1556 1750 1592 Puteolanus:
1781 1557 1925 1591 alterum
1953 1557 2099 1600 (super-

317 1613 448 1658 scripta
469 1613 514 1657 gl.
535 1614 651 1657 filium)
675 1614 710 1648 M
735 1633 771 1640 —
795 1613 849 1648 43.
873 1615 1036 1649 censioria
1057 1615 1104 1650 Μ.

1232 1721 1329 1764 lega;
1355 1715 1520 1756 Claudius
1542 1730 1629 1756 vero
1651 1720 1822 1763 collegam
1837 1720 2027 1764 assumpsit
2040 1703 2098 1753 Vi·

1233 1771 1376 1805 tellium.
1403 1772 1454 1806 Cf.
1480 1772 1539 1813 42,
1563 1771 1597 1805 4.
1622 1772 1763 1805 Sueton.
1780 1770 1893 1804 Vitell.
1909 1771 1943 1803 2.
1966 1769 2097 1804 Plinius

361 1722 416 1755 42.
439 1720 626 1763 supererat]
656 1720 867 1755 remanebat
894 1722 926 1755 ei
947 1721 1055 1756 veluti
1077 1722 1186 1756 here-

318 1771 422 1807 ditas.
449 1790 485 1797 —
509 1771 645 1814 suboles]
668 1781 792 1815 nepos.
816 1790 852 1797 —
876 1773 1089 1816 Aqrippinae]
1115 1774 1185 1807 mi-

316 1824 432 1864 noris,
457 1822 609 1856 feminae
632 1821 949 1864 libidinosissimae,
974 1823 1100 1857 viduae
1118 1824 1181 1857 Cn.

317 1873 460 1907 Domitii
490 1872 546 1915 (4,
571 1872 631 1912 75)
655 1875 691 1906 et
713 1873 825 1915 Crispi
847 1874 1003 1907 Passieni
1027 1874 1181 1916 (sueton.

316 1924 399 1957 Ner.
424 1923 474 1965 6),
500 1923 653 1965 denique
678 1923 822 1956 Claudio
845 1926 976 1966 nuptae
1000 1933 1033 1958 a.
1051 1934 1086 1958 u.
1105 1925 1181 1958 802.

319 1992 356 1998 —
381 1974 610 2016 distinebatur]
634 1973 873 2014 Messalinam,
905 1974 1053 2009 diversis
1076 1975 1183 2008 animi

315 2024 489 2065 motibus,
522 2024 604 2057 hinc
627 2025 697 2065 ira,
722 2024 803 2057 inde
828 2033 948 2058 amore
973 2027 1182 2068 occupatam

315 2075 429 2117 iisque
452 2075 488 2107 in
511 2074 692 2108 diversum
713 2075 879 2115 tractam,
905 2075 976 2108 irae
999 2074 1182 2117 indulgere

315 2134 388 2158 non
420 2126 578 2167 potuisse
612 2126 783 2167 quantum
816 2124 937 2166 vellet,
974 2126 1042 2158 hoc
1070 2125 1182 2158 verbo

314 2184 436 2210 rerum
459 2176 610 2218 scriptor
631 2175 814 2215 indicavit,
848 2176 891 2209 cf.
918 2176 978 2217 44,
1004 2178 1065 2210 25:
1099 2185 1184 2218 quae

312 2226 448 2268 facilius
477 2225 730 2267 proveniebant,
769 2227 849 2267 quia
880 2227 994 2259 Parthi
1026 2227 1182 2267 Hyrcano

315 2276 396 2309 bello
418 2276 669 2310 distinebantur.
705 2277 792 2310 Hist.
811 2276 850 2317 4,
868 2278 929 2310 55:
954 2278 1060 2310 omnis
1081 2286 1183 2310 emer-

315 2326 398 2359 citus
418 2328 488 2360 suis
509 2335 670 2368 quemque
692 2326 782 2360 bellis
804 2327 963 2360 distineri.
988 2328 1121 2359 Rirrnn.
1143 2345 1179 2350 —

316 2376 351 2410 G.
370 2377 499 2420 Silium]
523 2377 634 2410 filium
657 2378 749 2418 eius,
776 2377 821 2410 de
838 2387 907 2420 quo
925 2377 956 2418 4,
977 2377 1029 2410 48.
1057 2377 1106 2411 Cf.
1126 2378 1180 2419 44,

316 2427 348 2461 5.
368 2444 403 2451 -
429 2428 609 2460 iuventutis
630 2428 668 2460 R.
688 2427 961 2470 pulcherrimum]
986 2428 1107 2460 iuven.
1127 2428 1180 2468 40,

316 2477 374 2511 334
391 2486 398 2509 :
424 2478 565 2518 optimus
584 2477 637 2510 hic
652 2480 682 2510 et
702 2478 957 2519 formosissimus
970 2478 1057 2510 idem
1073 2477 1184 2510 Gentis

308 2528 478 2570 patriciae
498 2528 634 2570 rapitur
655 2529 756 2561 miser
777 2529 1035 2570 exstinguendus
1054 2529 1183 2561 Messa-

315 2578 403 2611 linae
425 2578 540 2612 oculis.
565 2596 602 2603 —
625 2579 757 2612 Iuniam
779 2578 943 2622 Silanum]
967 2578 1018 2612 Cf.
1045 2578 1098 2618 43,
1125 2579 1176 2611 49.

314 2629 369 2662 22.
395 2627 456 2670 44,
483 2629 534 2662 42.
563 2645 599 2653 -
631 2629 756 2670 vacuo]
791 2629 939 2671 erlediqt.
966 2646 1002 2652 -
1026 2628 1178 2670 fallendi]

313 2676 458 2719 latendi,
474 2679 514 2710 ut
528 2677 560 2718 3,
578 2678 631 2711 40.
651 2678 704 2719 43,
722 2679 774 2711 43.
794 2678 845 2712 Cf.
865 2679 948 2711 Hor.
966 2678 1054 2721 Epp.
1074 2679 1106 2719 4,
1124 2678 1177 2718 48,

315 2727 398 2762 403:
421 2728 566 2770 fallentis
579 2729 695 2761 semila
709 2729 810 2761 vitae.
832 2746 868 2752 —
881 2728 1037 2770 paratus]
1053 2737 1179 2761 aurum

315 2780 352 2812 et
365 2780 550 2821 argentum
565 2778 709 2820 factum,
729 2778 898 2822 supellex.
925 2779 976 2812 Cf.
994 2788 1024 2813 c.
1040 2779 1100 2812 30:
1125 2780 1181 2812 do-

313 2838 421 2872 mum,
456 2830 592 2863 servitia
626 2834 656 2863 et
689 2833 812 2863 ceteros
839 2831 995 2872 fortunae
1022 2834 1178 2871 paratus.

314 2881 378 2914 Dio
401 2880 454 2922 60,
480 2880 541 2914 3⁴:
574 2880 698 2913 οἰκίαν
729 2875 830 2925 αὐτῷ
860 2878 1066 2924 βασιλικὴν
1089 2879 1180 2919 ἐχα-

314 2932 462 2978 ρίσατο,
476 2928 600 2964 πάντα
613 2928 659 2964 τὰ
671 2929 880 2975 τιμιώτατα
892 2930 967 2965 τῶν
978 2930 1045 2965 τοῦ
1059 2930 1181 2964 Κλαυ-

313 2981 397 3016 δίου
420 2980 625 3025 κειμηλίων
648 2979 940 3029 συμφορήσασα
962 2981 1002 3023 ἐς
1021 2978 1154 3025 αὑτήν.

358 3033 410 3066 43.
435 3032 640 3066 matrimonii
654 3033 705 3064 sui
719 3032 869 3075 iynarus]
893 3033 1044 3074 ignarus,
1071 3040 1179 3074 quam

313 3082 451 3126 perfida
473 3083 509 3116 in
530 3083 649 3126 ipsum
673 3083 768 3114 esset
791 3081 916 3115 mulier
938 3091 1014 3116 sua.
1041 3099 1078 3106 —
1103 3090 1180 3115 mu-

311 3134 372 3166 nia
394 3133 554 3173 censoria]
578 3131 764 3165 Suetonius
787 3130 907 3164 Claud.
934 3133 999 3165 ⁴6:
1025 3132 1129 3166 Gessit
1149 3135 1180 3165 et

312 3192 488 3217 censuram
508 3182 729 3216 intermissam
751 3181 810 3214 diu
826 3185 902 3222 post
922 3182 1061 3214 Paulum
1082 3182 1180 3214 Plan-

312 3242 451 3275 cumque
483 3241 631 3267 censores
665 3232 712 3274 (a.
737 3239 772 3263 u.
802 3231 889 3271 734).
938 3232 1001 3264 Dio
1030 3231 1091 3272 59,
1120 3231 1175 3264 29.

314 3283 452 3317 Scilicet
473 3283 650 3325 Augustus
674 3282 710 3315 et
731 3279 890 3314 Tiberius
913 3281 1024 3314 iustae
1049 3289 1178 3314 censu-

313 3342 374 3367 rae
398 3335 475 3367 vice
497 3333 712 3375 receperant
739 3339 869 3364 morum
894 3330 1066 3373 legumque
1086 3332 1179 3373 reqi-

313 3391 388 3416 men
414 3386 622 3425 perpetuum.
666 3382 807 3415 Sueten.
831 3381 918 3421 Aug.
943 3380 998 3412 27.
1034 3381 1097 3412 Dio
1121 3380 1174 3420 53,

315 3433 369 3466 48.
400 3433 441 3467 Et
464 3433 573 3467 ceteri
595 3431 741 3476 quidem
763 3430 995 3475 imperatores
1016 3430 1091 3463 sine
1107 3429 1179 3464 col-

1233 1824 1274 1856 N.
1291 1823 1332 1856 H.
1351 1823 1391 1856 40
1413 1823 1432 1865 5
1449 1823 1489 1856 5:
1515 1822 1645 1856 Claudii
1660 1822 1826 1863 principis
1847 1830 1986 1855 censura
2007 1828 2097 1854 anno

1231 1873 1323 1906 urbis
1344 1873 1463 1907 DCCC.
1500 1873 1635 1913 Quanta
1655 1874 1774 1906 autem
1788 1872 1960 1906 industria
1974 1880 2017 1905 ac
2030 1881 2098 1913 φι-

1232 1923 1367 1969 λαυτίᾳ
1400 1925 1434 1957 in
1467 1933 1509 1957 ea
1537 1925 1697 1957 versatus
1727 1924 1789 1964 sit,
1824 1924 1900 1966 ipse
1922 1922 2040 1966 prodit
2060 1922 2096 1955 in

1233 1975 1391 2007 oratione
1423 1973 1647 2016 Lugdunensi
1677 1975 1845 2007 extrema.
1874 1991 1911 1997 —
1947 1972 2097 2006 Publium

1231 2024 1453 2066 Pomponium]
1478 2024 1691 2058 Secundum.
1721 2024 1809 2056 Vide
1833 2023 1879 2056 ad
1899 2023 1932 2063 ὅ,
1949 2022 1982 2056 8.
2006 2040 2043 2046 -
2066 2023 2098 2055 is

1231 2077 1384 2108 carmina
1410 2083 1550 2107 scaenae
1580 2074 1696 2117 dabat]
1733 2073 1872 2113 Quintil.
1898 2073 1951 2112 40,
1977 2073 2008 2113 4,
2033 2071 2093 2105 98:

1231 2126 1358 2158 Eorum
1379 2133 1461 2166 quos
1474 2125 1615 2157 viderim
1631 2125 1724 2166 lonye
1735 2124 1889 2166 princeps
1901 2122 2098 2164 Pomponius

1231 2175 1414 2216 Secundus,
1439 2183 1534 2216 quem
1548 2183 1638 2207 senes
1651 2175 1781 2215 quidem
1791 2182 1916 2214 parum
1930 2173 2096 2215 trayicum

1226 2226 1403 2267 putabant,
1427 2225 1610 2258 eruditione
1632 2233 1674 2268 ac
1694 2224 1802 2257 nitore
1816 2226 1994 2265 praestare
2014 2232 2096 2256 cou—

1229 2276 1416 2318 fitebantur.
1455 2273 1540 2308 Plin.
1567 2275 1654 2317 Epp.
1679 2275 1712 2315 7,
1738 2275 1790 2314 47,
1817 2275 1877 2307 44;
1902 2273 2098 2315 Pomponius

1232 2327 1398 2359 Secundus
1429 2324 1494 2367 (hic
1516 2326 1658 2366 scriptor
1680 2324 1944 2367 trayocdiarum)
1965 2325 1995 2357 si
2016 2323 2096 2365 quid

1229 2377 1315 2418 forte
1335 2376 1540 2418 familiarior
1562 2376 1689 2408 amicus
1710 2375 1904 2415 tollendum,
1927 2374 1997 2415 ipse
2015 2373 2097 2407 reti-

1229 2428 1374 2460 nendum
1395 2427 1636 2467 arbitraretur,
1665 2426 1772 2458 dicere
1792 2425 1915 2458 solebat
1937 2425 2014 2458 «Aa
2029 2433 2096 2466 po-

1224 2477 1344 2518 pulum
1354 2485 1520 2518 provoco»
1538 2479 1638 2517 atque
1652 2476 1702 2508 ita
1720 2485 1764 2508 ea:
1773 2475 1890 2517 populi
1902 2473 1956 2508 vel
1967 2475 2095 2508 siknuo

1230 2529 1282 2561 vel
1308 2528 1449 2561 adsensu
1479 2530 1538 2560 aut
1566 2535 1662 2559 suam
1691 2530 1752 2559 aut
1780 2526 1880 2559 amici
1901 2526 2096 2559 sententiam

1230 2578 1437 2619 sequebatur.
1458 2596 1494 2601 —
1520 2578 1589 2619 leae
1610 2576 1690 2618 lata]
1713 2577 1775 2610 Est
1796 2576 1940 2609 senatus
1956 2573 2096 2609 consul—

1230 2629 1305 2661 tum
1326 2627 1627 2662 Macedonianum.
1655 2626 1706 2660 Cf.
1724 2625 1882 2659 Schmidt
1900 2624 2024 2667 Ver-fall
2036 2625 2096 2658 der

1233 2679 1432 2712 Volksrechte
1454 2687 1488 2721 p.
1506 2678 1560 2711 57.
1586 2676 1750 2719 Ulpianus
1773 2678 1809 2709 in
1831 2676 1961 2718 Digest.
1987 2675 2042 2717 44,
2058 2675 2092 2717 6,

1230 2730 1266 2762 4;
1301 2728 1405 2763 Verba
1434 2730 1568 2761 senatus
1595 2727 1734 2760 consulti
1761 2726 1993 2759 Macedoniani
2014 2725 2095 2758 haee

1216 2783 1324 2812 'sunts
1355 2779 1436 2812 Cum
1463 2779 1551 2811 inter
1579 2781 1704 2810 ceteras
1724 2776 1853 2809 sceleris
1873 2783 1996 2808 causas
2014 2775 2095 2809 Ma—

1229 2830 1323 2870 cedo,
1353 2837 1438 2870 quas
1465 2829 1516 2861 illi
1545 2830 1674 2860 natura
1697 2826 1968 2866 administrabat,
1991 2825 2094 2859 etiam

1229 2889 1285 2912 aes
1317 2880 1462 2912 alienum
1495 2878 1693 2911 adhibuisset
1723 2881 1754 2910 et
1786 2885 1882 2918 saepe
1914 2877 2095 2909 materians

1222 2930 1383 2971 peccandi
1404 2929 1503 2962 malis
1523 2927 1669 2960 moribus
1683 2930 1889 2968 praestaret,
1914 2927 1971 2969 qui
1987 2934 2093 2968 pecu·

1227 2980 1342 3020 niam,
1376 2987 1417 3012 ne
1449 2979 1529 3020 quid
1561 2977 1705 3019 amplius
1739 2978 1922 3018 diceretur,
1959 2976 2093 3010 incertis

1227 3029 1413 3063 nominibus
1427 3029 1584 3070 crederet,
1606 3028 1758 3070 placere,
1784 3036 1825 3060 ne
1840 3027 1912 3068 cui,
1936 3026 1994 3068 qui
2005 3026 2092 3070 filio—

1225 3080 1374 3122 familias
1404 3082 1557 3112 mutuam
1586 3078 1764 3120 pecuniam
1796 3078 1955 3117 dedisset,
1990 3076 2091 3110 etiam

1222 3134 1300 3172 post
1319 3133 1458 3164 mortem
1476 3129 1627 3171 parentis
1649 3130 1735 3170 eius,
1762 3128 1857 3161 cuius
1876 3128 1914 3160 in
1931 3128 2091 3168 potestate

1225 3181 1354 3223 fuisset,
1389 3180 1476 3214 actio
1499 3179 1680 3221 petitioque
1705 3179 1862 3219 daretur,
1895 3178 1935 3210 ut
1953 3177 2088 3218 scire-u,

1228 3232 1286 3273 qui
1294 3232 1435 3272 pessimo
1450 3229 1599 3271 exemplo
1613 3230 1837 3272 faenerarent,
1859 3226 1984 3260 nullius
1993 3235 2090 3268 posse

1224 3281 1435 3324 filiifamilias
1464 3280 1583 3313 bonum
1619 3287 1736 3312 nomen
1763 3279 1954 3319 eoespectata
1975 3277 2090 3318 passis

1226 3334 1331 3364 morte
1356 3331 1441 3374 fleri.
1477 3329 1633 3363 Eandem
1663 3327 1797 3362 Claudii
1818 3326 1934 3369 legem
1956 3324 2088 3360 rettulit

1227 3381 1472 3423 Vespasianus.
1509 3374 1651 3412 Sueten.
1676 3377 1781 3420 vesp.
1807 3376 1864 3409 Νι
1895 3379 2016 3409 auctor
2033 3382 2087 3409 se-

1225 3429 1322 3463 natui
1340 3429 1406 3471 fuit
1426 3428 1679 3463 deveniendi-ne
1701 3425 1994 3470 filiommfamilias
2010 3425 2087 3469 Μ-
