2254 3770
708 278 863 324 LIBER
889 278 992 324 xlv.
1036 278 1137 336 cap.
1168 278 1237 324 20.
1266 279 1334 324 2⁴.

1843 277 1928 323 453

147 386 437 432 meditentur?
466 399 520 430 an
541 386 575 443 †
594 385 750 430 iustitia
776 384 942 442 augurii
972 390 1015 428 et
1040 383 1238 429 decurias
1259 385 1450 444 equitum
1470 384 1692 443 egregium
1711 382 1928 429 iudicandi

149 475 302 506 munus
321 460 581 519 expleturos,
612 461 648 504 si
669 460 824 505 ftactos
844 473 974 504 sonos
995 465 1037 504 et
1055 459 1327 504 dulcedinem
1346 473 1503 504 vocum
1520 459 1657 518 perite
1677 459 1930 503 audissent?

148 543 295 582 noctes
334 549 509 595 quoque
546 535 750 581 dedecori
785 535 993 587 adiectas,
1035 548 1090 579 ne
1119 535 1234 594 quod
1269 542 1437 594 tempus
1466 534 1622 593 pudori
1652 533 1928 592 relinquatur,

148 612 227 657 sed
256 618 382 656 coetu
410 611 644 670 promisco,
676 610 794 669 quod
821 610 1135 669 perditissimus
1163 610 1348 668 quisque
1378 624 1457 669 per
1485 610 1599 654 diem
1626 609 1929 667 concupiverit,

147 701 227 746 per
247 687 455 746 ⁴tenebras
484 686 653 731 audeat.
699 686 780 743 (24)
813 685 1006 744 pluribus
1035 686 1129 743 ipsa
1158 684 1327 729 licentia
1355 685 1572 744 placebat,
1603 698 1655 730 ac
1684 691 1825 729 tamen
1854 684 1962 728 ho-is

149 769 270 807 nesta
300 762 471 806 nomina
499 761 849 820 praetendebant.
892 761 1078 806 maiores
1103 774 1279 819 quoque
1306 775 1391 804 non
1412 760 1689 805 abhorruisse
1707 765 1932 819 spectacu-

148 838 289 882 lorum
316 837 636 882 oblectamentis
665 850 744 895 pro
773 836 959 888 fortuna,
991 850 1104 894 quae
1132 843 1222 879 tum
1252 843 1361 887 erat,
1394 850 1534 894 eoque
1556 849 1582 879 a
1601 836 1750 880 Tuscis
1772 835 1931 880 accitos

147 913 391 964 histriones,
429 926 455 956 a
493 911 660 956 Thuriis
699 926 909 970 equorum
949 912 1199 964 certamina;
1241 918 1283 955 et
1317 925 1522 969 possessa
1558 910 1716 956 Achaia
1745 911 1930 969 Asiaque

146 988 272 1032 ludos
302 987 489 1032 curatius
509 987 667 1038 editos,
700 1001 782 1031 nec
801 1000 1062 1045 quemquam
1081 988 1239 1031 Romae
1259 986 1440 1030 honesto
1461 986 1558 1031 loco
1578 993 1718 1030 ortum
1737 986 1792 1030 ad
1810 986 1931 1030 thea-

148 1063 276 1109 trales
315 1070 426 1107 artes
466 1062 817 1120 degeneravisse,
858 1063 1053 1106 ducentis
1093 1062 1177 1105 iam
1207 1062 1328 1105 annis
1357 1076 1383 1106 a
1410 1063 1456 1105 L.
1486 1061 1673 1105 Mummii
1702 1060 1928 1119 triumpho,
1944 1071 1981 1102 ιο

147 1139 221 1198 qui
250 1140 413 1197 primus
442 1138 486 1181 id
516 1151 652 1195 genus
674 1138 904 1196 spectaculi
930 1138 972 1181 in
991 1137 1099 1181 urbe
1119 1126 1378 1195 praebuerit.
1410 1137 1488 1181 sed
1512 1143 1554 1181 et
1574 1136 1813 1181 consultum
1832 1150 1931 1195 par—

150 1214 378 1264 simoniae,
410 1213 526 1272 quod
556 1219 766 1271 perpetua
794 1213 922 1257 sedes
951 1213 1115 1257 theatro
1144 1212 1281 1256 locata
1311 1212 1365 1255 sit
1392 1212 1535 1270 potius
1564 1226 1693 1270 quam
1722 1212 1930 1256 immenso

151 1295 322 1348 sumptu
365 1288 554 1347 singulos
596 1302 676 1346 per
714 1302 848 1332 annos
885 1295 1163 1345 consurgeret
1197 1301 1248 1332 ac
1280 1287 1579 1332 destrueretur.
1627 1301 1709 1332 nec
1750 1286 1932 1346 perinde

150 1365 417 1422 magistratus
454 1377 546 1408 rem
574 1364 822 1408 familiarem
851 1364 1151 1415 exhausturos,
1191 1370 1264 1407 aut
1290 1362 1451 1421 populo
1480 1362 1738 1420 efflagitandi
1767 1363 1931 1407 Graeca

214 1487 245 1519 4.
269 1485 396 1518 iustitia
417 1484 555 1527 auqurn·
570 1486 735 1526 corrupte
758 1484 810 1518 M:
834 1484 995 1517 iustitiam
1017 1483 1134 1525 augeri
1149 1483 1416 1528 Lipsius3jmta
1431 1483 1533 1515 etiam
1553 1482 1692 1525 aquii
1705 1481 1928 1522 Waltherus;

146 1543 236 1576 iusta
257 1542 392 1584 augurii
415 1541 577 1574 Ritterus.
597 1558 630 1564 —
649 1539 766 1573 Verba
788 1541 939 1573 decurias
960 1540 1106 1580 equitum
1128 1539 1231 1572 obelo
1247 1540 1380 1572 notavit
1394 1539 1558 1571 Ritterus.
1580 1556 1617 1562 —
1636 1538 1667 1571 3.
1685 1539 1872 1579 pudor-ism
1889 1556 1927 1563 —

147 1598 181 1632 4.
207 1601 284 1645 cgtu
307 1599 342 1632 M
365 1615 402 1622 —
426 1597 591 1638 promisco
617 1597 670 1631 M:
692 1597 881 1637 promiscuo
905 1595 1020 1639 vulgo.
1040 1613 1076 1619 —
1102 1596 1135 1629 7.
1158 1596 1361 1637 fortunaque
1385 1598 1456 1628 tum
1478 1596 1512 1629 M
1541 1612 1577 1619 -—
1608 1594 1641 1628 8.
1665 1603 1817 1635 asyaque
1837 1596 1873 1630 M
1890 1613 1926 1619 —

148 1656 181 1688 9.
206 1663 396 1696 quenquam
416 1655 450 1687 M
474 1671 511 1677 -
538 1654 590 1686 40.
614 1653 755 1686 nunimii
776 1654 809 1686 M
827 1671 863 1676 —
890 1653 943 1686 44.
959 1653 1074 1686 eon-ml
1094 1653 1212 1687 tumM
1235 1670 1271 1676 —
1298 1652 1350 1685 43.
1369 1653 1595 1685 desti-iteretur
1608 1650 1804 1684 Nodellius:
1828 1654 1933 1685 strue-

147 1712 297 1745 roem-u
322 1728 359 1734 —
384 1709 562 1753 thyma
583 1711 627 1744 M.

149 1817 259 1850 hoc'a
283 1817 444 1859 Scipione
467 1817 591 1850 Nasica
614 1817 743 1850 iterum
766 1815 912 1850 consule
927 1825 960 1848 a.
974 1825 1011 1848 u.

148 1866 225 1899 599.
244 1883 280 1889 -
305 1866 476 1898 subitariis
496 1866 671 1908 gradibus]
696 1867 826 1899 Auson.
853 1865 942 1899 Prol.
969 1865 1014 1898 ad

150 1915 236 1949 Lud.
253 1916 312 1948 VII
335 1916 414 1957 Sap.
435 1915 494 1949 ⁴4:
519 1916 640 1949 Aedilis
661 1917 740 1948 olim
760 1925 892 1949 scenam
915 1916 1014 1949 tabu—

149 1966 254 1998 latam
276 1966 363 1997 dedit
385 1965 500 1998 Subito
522 1966 715 2006 excitatam,
739 1966 832 1998 nulla
853 1966 937 1999 mole
958 1975 1015 1998 sa-

148 2025 227 2049 xea.
249 2033 286 2039 —
303 2019 444 2048 stantem
456 2016 615 2057 populum
629 2017 835 2058 spectavisse]
849 2016 891 2049 V.
908 2025 1014 2059 supra

150 2066 222 2099 Liv.
247 2066 337 2108 Epit.
361 2065 417 2099 48.
449 2065 523 2098 Val.
549 2067 637 2099 Max.
662 2067 701 2105 2,
731 2065 769 2105 t,
798 2067 839 2098 2:
874 2067 1017 2098 Senatus

149 2116 295 2148 consulto
322 2118 478 2155 cautum,
509 2124 550 2148 ne
579 2116 652 2156 quis
678 2116 713 2147 in
739 2115 820 2149 urbe
835 2118 1017 2157 propiusve

144 2173 265 2207 passus
290 2165 379 2197 mille
407 2165 560 2197 subsellia
586 2166 732 2206 posuisse
753 2166 903 2198 sedensue
925 2167 1019 2198 ludos

148 2217 297 2256 spectare
322 2215 426 2248 vellet.
465 2216 515 2247 De
539 2215 611 2247 toto
635 2216 754 2247 autem
776 2215 845 2248 hoc
868 2214 946 2248 loco
971 2214 1015 2248 cf.

150 2265 294 2297 omnino
309 2263 439 2297 Bitschl
457 2266 630 2305 parergon
647 2266 672 2297 1.
691 2265 839 2298 Praefat.
860 2274 893 2306 p.
911 2265 1017 2298 XVIII

151 2315 188 2347 et
209 2323 245 2356 p.
265 2313 330 2346 244
353 2323 455 2356 seqq.
474 2331 510 2337 —
536 2315 798 2355 spectaculorum
819 2324 850 2356 q.
869 2315 1018 2355 antiqui-

151 2367 204 2397 tas
225 2367 415 2396 semar-etur
437 2363 518 2405 cet.]
544 2365 630 2397 Novi
654 2365 856 2398 certaminis
878 2366 1018 2407 vitupe-

152 2416 287 2447 ratores
315 2413 537 2455 postularuut
564 2415 619 2454 ut,
652 2423 735 2447 cum
766 2415 903 2448 theatra
933 2424 1018 2457 per-

151 2465 257 2506 petua
292 2464 362 2496 iam
397 2462 468 2495 tolli
503 2473 573 2496 non
611 2466 772 2506 possent,
808 2465 1018 2507 spectaculis

153 2513 279 2547 saltem
313 2514 477 2555 antiquus
512 2522 590 2546 mos
620 2517 823 2547 servaretur
850 2524 917 2548 nec
950 2516 1016 2557 ipsi

154 2563 252 2597 cives
275 2564 310 2596 in
333 2571 461 2596 scaena
478 2565 616 2602 certare
633 2566 852 2606 cogerentur.
871 2582 907 2588 ·-
926 2566 1018 2598 acci-

154 2613 234 2656 tam]
258 2614 449 2655 praecipue
473 2622 514 2645 ex
540 2615 695 2646 Graecia.
718 2633 751 2637 —
771 2616 858 2655 quod
878 2624 1019 2656 usquam

154 2664 324 2703 corrumpi
346 2667 377 2695 et
396 2671 607 2704 corrumpere
623 2664 731 2706 queat]
753 2664 803 2696 Ct’.
823 2666 940 2697 Germ.
959 2665 1016 2696 ⁴9:

153 2722 248 2746 nemo
269 2713 337 2746 illic
357 2713 443 2745 vitia
463 2713 565 2753 ridet,
589 2722 648 2745 nec
670 2723 882 2755 corrumpere
899 2717 929 2746 et
943 2723 1019 2746 cor-

153 2764 265 2804 rumpi
280 2762 447 2795 saeculum
461 2765 613 2795 vocatur.
634 2780 669 2786 -
690 2764 822 2805 scaena]
838 2773 903 2806 per
918 2772 1020 2796 scae—

155 2821 258 2852 nam,
283 2811 367 2844 dum
391 2813 427 2844 in
451 2813 643 2845 certamine
667 2812 724 2845 illo
748 2815 895 2853 canunt,
925 2812 1020 2856 psal-

154 2861 247 2901 lunt,
283 2862 459 2894 orationes
493 2861 638 2895 habent.
679 2862 730 2895 Cf.
764 2871 794 2894 c.
827 2863 881 2895 24.
917 2881 952 2886 —-
984 2866 1023 2895 ut

154 2920 299 2952 corpora
321 2919 451 2952 quoque
467 2912 590 2944 nudent
605 2911 686 2954 cet.]
712 2913 750 2944 ut
764 2911 915 2945 athletae
931 2921 1021 2953 quo-

159 2970 228 3003 que
249 2960 352 3000 fiant,
376 2960 472 3002 quod
489 2969 600 3002 genus
615 2962 798 2994 hominum
813 2961 869 2994 vel
884 2962 1021 2995 histrio-

156 3011 261 3044 nibus
295 3010 509 3052 despectius.
549 3030 582 3035 —
620 3013 773 3044 decurias
805 3013 951 3052 equitum
968 3030 1021 3036 --

156 3061 353 3102 expleturos]
379 3061 515 3101 equites
538 3061 573 3093 in
596 3063 752 3103 quinque
772 3062 934 3095 decurias
957 3062 1022 3095 de—

156 3111 324 3152 scriptos,
349 3118 460 3151 penes
485 3118 574 3151 quos
596 3111 739 3150 iudicia,
766 3119 894 3144 munus
918 3120 1021 3144 suum

158 3161 403 3193 consummate
421 3162 457 3191 et
475 3160 630 3201 perfecte
648 3161 963 3194 administraturos.
982 3179 1018 3186 -—

157 3210 281 3251 pactos
305 3210 411 3251 sonos]
437 3209 488 3242 Cf.
514 3210 651 3248 Quintil.
675 3211 706 3250 4,
734 3211 786 3250 40,
812 3210 872 3243 34;
898 3212 1023 3252 effemi-

158 3263 242 3292 nata
256 3263 287 3293 et
304 3260 476 3300 impudicis
496 3260 601 3291 modis
614 3260 726 3301 fracta
742 3260 915 3301 (musice).
928 3262 1023 3293 ’1)ἰο-

161 3317 241 3350 uys.
265 3309 371 3342 Halic.
397 3310 442 3342 de
461 3311 625 3350 Compos.
642 3318 675 3350 p.
693 3309 756 3342 398
780 3309 929 3342 Schuetz
953 3321 1023 3342 κα-

161 3357 449 3402 τακεκλεισμένα
469 3357 587 3401 μέλη,
624 3357 746 3391 molles
769 3358 877 3392 modi.
905 3377 940 3382 —
960 3369 1023 3401 pe-

1106 1816 1161 1849 24.
1192 1816 1327 1848 honesta
1353 1815 1489 1847 nomina
1511 1812 1787 1855 praetendebant]
1820 1812 1871 1846 CI.
1895 1813 1931 1855 2,

1064 1866 1124 1899 33:
1149 1866 1206 1898 sub
1228 1866 1367 1899 honestis
1388 1865 1585 1898 nominibus.
1604 1882 1640 1887 -
1666 1873 1690 1896 a
1709 1864 1820 1896 Tuscis
1840 1864 1933 1897 acei-

1063 1920 1113 1949 tos
1133 1915 1316 1957 histriones]
1341 1916 1458 1948 Livius
1481 1915 1514 1955 7,
1531 1915 1571 1947 2:
1598 1914 1631 1947 C.
1658 1914 1806 1955 Sulpicio
1826 1914 1932 1947 Petico

1065 1967 1099 1999 C.
1124 1966 1251 1999 Licinio
1273 1966 1405 1998 Stolone
1429 1967 1472 2006 (a.
1490 1974 1526 1997 u.
1551 1963 1626 2005 390)
1647 1964 1835 2005 pestilentia
1854 1964 1930 2005 sitit.

1063 2019 1096 2049 et
1127 2025 1203 2048 cum
1233 2016 1285 2048 vis
1316 2015 1424 2048 morbi
1452 2024 1513 2048 nec
1533 2015 1688 2047 humanis
1709 2014 1854 2047 consiliis
1874 2022 1935 2047 nec

1064 2076 1124 2107 ope
1138 2067 1254 2099 divina
1267 2066 1448 2106 levaretur,
1462 2065 1558 2098 victis
1567 2065 1798 2106 superstitione
1813 2064 1934 2097 animis

1064 2118 1135 2150 ludi
1165 2126 1294 2159 quoque
1315 2117 1476 2157 scaenici,
1507 2125 1597 2149 nova
1618 2125 1672 2149 res
1698 2116 1847 2156 bellicoso
1867 2124 1934 2157 po-

1062 2168 1160 2209 palo,
1193 2168 1280 2200 inter
1308 2167 1379 2200 alia
1401 2167 1549 2200 caelestis
1569 2166 1643 2199 irae
1661 2166 1858 2208 placamina
1879 2167 1934 2199 in-

1065 2218 1169 2250 stituti
1192 2218 1359 2249 dicuntur.
1391 2217 1462 2249 sine
1483 2217 1632 2249 carmine
1653 2216 1737 2257 ullo,
1765 2216 1835 2249 sine
1854 2216 1935 2248 imi-

1066 2268 1244 2300 tandorum
1259 2267 1447 2300 caminum
1462 2270 1553 2306 actu,
1575 2266 1722 2299 ludiones
1737 2275 1780 2299 ex
1792 2267 1935 2298 Etruria

1067 2317 1182 2357 acciti,
1207 2317 1252 2349 ad
1272 2317 1413 2349 tibicinis
1425 2317 1539 2348 modos
1552 2316 1725 2356 saltantes,
1741 2316 1833 2348 haud
1847 2316 1936 2349 inde-

1067 2376 1160 2400 coros
1187 2370 1296 2399 motus
1323 2375 1415 2399 more
1439 2366 1538 2399 Tusco
1567 2366 1703 2399 dabant.
1741 2365 1791 2399 Cf.
1816 2365 1932 2399 Valer.

1068 2419 1158 2451 Max.
1182 2418 1221 2458 2,
1247 2417 1280 2457 t,
1305 2416 1337 2450 4.
1363 2416 1538 2450 Plutarch.
1560 2417 1717 2456 Quaestt.
1738 2417 1838 2449 Rom.
1857 2416 1932 2449 407.

1067 2467 1211 2500 Mueller
1231 2467 1392 2500 Etrusker
1413 2475 1449 2509 p.
1466 2466 1531 2499 244
1548 2467 1584 2499 et
1603 2466 1679 2499 220.
1700 2484 1736 2490 -
1762 2475 1785 2498 a
1809 2466 1937 2499 Thuriis

1067 2526 1228 2556 equorum
1260 2516 1463 2558 certamina]
1504 2516 1715 2548 Thuriorum
1749 2524 1879 2548 nomen
1914 2524 1933 2547 a

1068 2566 1162 2599 fonte
1191 2566 1317 2598 Thuria
1353 2565 1492 2608 accepit
1525 2565 1770 2606 Sybaritarum
1801 2564 1888 2598 urbs
1914 2574 1934 2597 a

1069 2617 1280 2649 Crotoniatis
1305 2624 1427 2649 eversa
1452 2617 1647 2658 posteaque
1672 2616 1707 2648 in
1729 2611 1856 2648 vicinia
1880 2615 1933 2648 di-

1069 2667 1169 2698 rutae
1200 2666 1370 2698 restituta.
1407 2665 1509 2698 Diod.
1535 2665 1596 2704 42,
1621 2665 1675 2699 40.
1711 2665 1765 2698 Ad
1787 2665 1935 2698 Thurios

1070 2716 1189 2748 autem
1219 2724 1277 2748 ars
1300 2724 1342 2748 ac
1365 2715 1522 2748 studium
1546 2714 1802 2761 ἱπποτροφίας
1824 2723 1842 2746 a
1868 2715 1936 2755 Sy—

1069 2764 1191 2798 baritis
1222 2766 1404 2807 tamquam
1427 2764 1621 2797 hereditate
1645 2765 1842 2798 transierat.
1878 2764 1937 2796 Ti-

1069 2823 1193 2847 maeus
1224 2814 1319 2856 apud
1341 2814 1467 2846 Athen.
1494 2814 1556 2854 42,
1582 2814 1635 2847 47.
1659 2823 1694 2857 p.
1720 2814 1801 2847 5⁴9:
1836 2812 1884 2845 ot
1903 2811 1934 2845 δ’

1071 2864 1196 2905 ἱππεῖς
1226 2863 1301 2895 τῶν
1322 2861 1546 2910 Συβαριτῶν
1569 2859 1664 2911 ὑπὲρ
1686 2860 1776 2905 τοὺς
1801 2873 1936 2896 πεντα-

1069 2912 1283 2954 κισχιλίους
1306 2909 1413 2955 ὄντες
1435 2912 1654 2956 ἐπόμπευον
1675 2909 1829 2954 ἔχοντες
1843 2923 1936 2960 κρο-

1069 2961 1217 3004 κωτοὺς
1235 2962 1297 2996 ἐπὶ
1311 2966 1394 3004 τοῖς
1406 2960 1552 3011 θώραξι
1563 2963 1642 2996 κτλ.
1667 2964 1718 2997 Cf.
1731 2963 1935 2997 Aristoteles

1069 3014 1156 3047 ibid.
1182 3023 1212 3046 c.
1238 3014 1293 3046 20.
1318 3023 1354 3056 p.
1371 3015 1447 3047 520.
1471 3013 1605 3048 Aelian.
1631 3015 1671 3047 H.
1692 3016 1731 3046 A.
1752 3014 1804 3053 46,
1821 3013 1875 3046 23.
1896 3031 1932 3037 -

1071 3064 1164 3096 ludos
1177 3064 1329 3095 curatius
1344 3065 1455 3105 editos]
1477 3064 1645 3106 gradibus
1661 3058 1937 3105 amphitheatra-

1071 3113 1163 3146 libus
1186 3115 1372 3147 exstructis
1394 3116 1540 3156 totaque
1560 3123 1690 3147 scaena
1705 3113 1750 3146 ad
1766 3114 1936 3147 Graecam

1072 3164 1246 3196 rationem
1275 3165 1410 3196 ornata.
1445 3165 1497 3197 De
1527 3163 1764 3206 comparativo
1787 3163 1938 3196 curatius

1072 3213 1152 3246 vide
1175 3213 1220 3246 ad
1243 3215 1276 3255 4,
1301 3214 1354 3247 43.
1380 3231 1415 3238 -
1441 3214 1598 3256 ducentis]
1620 3221 1790 3246 numerus
1811 3214 1937 3247 rotun-

1074 3262 1140 3296 dus
1161 3271 1226 3305 pro
1251 3264 1366 3297 CCIV.
1394 3282 1429 3287 -
1455 3265 1492 3297 L.
1517 3263 1669 3296 Mummii
1690 3262 1866 3305 triumpho]
1890 3263 1935 3296 de

1072 3313 1221 3347 Achaeis
1244 3315 1280 3347 et
1304 3315 1490 3348 Corinthiis
1513 3314 1591 3346 acto
1614 3321 1646 3345 a.
1664 3321 1699 3345 u.
1717 3312 1792 3345 609.
1816 3330 1853 3337 —
1877 3322 1937 3346 nec

1068 3363 1215 3405 perinde]
1239 3364 1344 3406 atque
1361 3363 1455 3397 olim.
1475 3380 1512 3387 —
1527 3362 1643 3404 iudici]
1666 3362 1810 3404 Equites
1831 3362 1936 3396 iutel-

162 3407 237 3450 rite]
260 3410 360 3450 quasi
382 3409 448 3452 ipsi
468 3409 596 3442 harum
615 3409 743 3441 artium
765 3409 867 3451 periti
889 3412 1020 3444 essent.
1072 3412 1161 3455 ligit,
1186 3414 1315 3456 quibus
1336 3415 1406 3448 hoc
1428 3422 1557 3448 munus
1572 3413 1776 3456 impositum
1791 3414 1878 3447 erat.
1895 3433 1932 3438 —
