2254 3770
737 648 793 697 P.
846 643 1259 697 CORNELII
1307 638 1616 692 TACITI

604 795 675 851 A
764 789 830 849 N
919 788 984 846 N
1074 789 1145 845 A
1235 785 1296 844 Ia
1385 782 1430 841 Ι
1516 782 1584 843 1]
1672 784 1755 841 M

827 939 891 979 AB
917 935 1153 978 EXCESSU
1178 934 1280 974 DIVI
1305 933 1522 973 AUGUSTI

937 1062 1092 1106 LIBER
1122 1060 1409 1106 SECUNDUS.

852 1290 1269 1333 BREVIARIUM
1306 1289 1499 1330 LIBRI.
1798 1337 1815 1354 ·

288 1387 362 1424 Cap.
385 1387 412 1416 l.
442 1383 535 1414 Initia
558 1383 637 1413 belli
661 1381 810 1411 Parthici.
843 1381 1012 1418 Phraates,
1043 1379 1185 1412 Vononis
1210 1381 1312 1415 pater.
1352 1378 1381 1408 2.
1402 1378 1555 1407 Vonones
1574 1378 1790 1415 popularibus
1810 1379 1947 1411 invisus.
1977 1379 2007 1410 3.
2026 1380 2074 1411 Ab

323 1431 483 1460 Artabano
502 1429 628 1465 pulsus,
651 1426 692 1455 ad
712 1425 879 1454 Armenios
899 1425 1067 1461 profugus.
1099 1423 1128 1452 4.
1149 1423 1184 1452 In
1198 1423 1351 1452 Armenia
1369 1422 1505 1451 mutatio
1522 1429 1649 1459 regum.
1679 1422 1709 1452 ὅ.
1725 1423 1939 1453 Germanicus
1953 1423 2076 1453 invidla

326 1474 444 1504 Tiberii
466 1474 638 1502 revocatus
659 1470 837 1500 Germanos
858 1469 1028 1499 confestim
1049 1467 1179 1503 aggredi
1200 1469 1300 1503 parat.
1343 1467 1371 1496 6.
1394 1466 1512 1496 Classis
1533 1467 1616 1496 eius.
1652 1467 1795 1497 Rhenus.
1834 1466 1864 1498 7.
1885 1467 2022 1505 Irruptlo
2042 1468 2076 1498 ln

327 1520 464 1548 Chattos.
486 1517 546 1546 Ara
566 1515 661 1544 Drusi
680 1515 838 1543 restituta.
866 1514 893 1543 8.
915 1513 1014 1542 Fossa
1027 1511 1195 1540 Drusiana.
1216 1511 1348 1541 Amisia.
1375 1510 1409 1539 In
1426 1511 1566 1541 rebelles
1580 1511 1785 1548 Angrivarios
1799 1510 2074 1541 ammadversum.

324 1563 353 1591 9.
375 1560 505 1590 Arminii
529 1567 603 1588 cum
629 1560 725 1588 fratre
750 1557 959 1594 colloquium.
1000 1557 1047 1585 lo.
1068 1555 1147 1584 Inde
1173 1556 1219 1585 ira
1248 1558 1281 1585 et
1299 1556 1452 1592 iurgium.
1491 1556 1537 1585 tl.
1558 1554 1722 1592 Visurgim
1741 1557 1911 1584 transeunt
1929 1554 2075 1585 Romani.

324 1608 512 1637 Batavorum
527 1603 712 1633 discrimen.
734 1601 942 1632 Chariovalda
957 1607 1083 1630 caesus
1115 1600 1160 1630 42.
1179 1599 1391 1629 Germanicus
1411 1599 1550 1628 militum
1563 1600 1689 1628 animos
1702 1599 1859 1636 explorat.
1893 1598 1940 1628 ⁴3.
1955 1599 2077 1629 Trans-

326 1650 408 1687 rugis
433 1648 616 1686 praemium
643 1647 882 1682 pronuntiatum
907 1652 925 1674 a
951 1644 1137 1681 Germanis,
1164 1651 1241 1673 mox
1266 1644 1381 1673 castris
1401 1643 1552 1672 Romanis
1578 1643 1786 1673 adsultatum.
1825 1641 1871 1672 44.
1894 1643 2076 1673 Germanici

328 1694 502 1724 somnium.
540 1691 586 1720 ⁴5.
607 1690 684 1719 Eius
704 1693 737 1719 et
755 1689 886 1719 Arminii
907 1689 1069 1718 orationes
1089 1688 1129 1716 ad
1150 1695 1238 1718 suos.
1273 1687 1318 1716 46.
1335 1687 1440 1716 Locus
1454 1694 1600 1724 pugnae,
1622 1694 1758 1724 campus
1771 1687 1952 1716 Idistaviso.
1978 1688 2077 1717 Acie-

325 1746 399 1769 rum
419 1735 597 1766 instructio.
638 1735 684 1763 ⁴7.
706 1734 856 1763 Faustum
878 1733 1057 1769 augurium.
1086 1732 1173 1767 Fuga
1194 1732 1428 1761 Germanorum
1449 1734 1481 1760 et
1500 1732 1622 1762 clades.
1657 1731 1703 1761 ⁴8.
1720 1731 1902 1768 Tropaeum
1921 1731 2075 1767 positum.

326 1784 372 1814 49.
395 1782 463 1817 Quo
484 1780 647 1809 dedecore
670 1785 811 1807 accensa
836 1784 915 1813 gens
943 1777 1063 1805 bellum
1089 1776 1236 1805 resumit.
1276 1776 1323 1806 20.
1342 1776 1466 1804 Acriter
1490 1778 1678 1812 pugnatum.
1717 1775 1765 1806 21.
1786 1775 1925 1804 Vincunt
1946 1775 2078 1805 tandem·

328 1825 475 1862 Romani,
499 1829 697 1860 quamquam
717 1822 869 1857 ambiguo
891 1821 1035 1856 equitum
1056 1820 1189 1856 proelio.
1224 1820 1270 1850 22.
1292 1819 1540 1849 Monumentum
1560 1822 1592 1848 et
1611 1819 1720 1849 titulus
1739 1827 1850 1848 rerum
1869 1819 2075 1855 magnificus.

326 1872 373 1902 23.
394 1869 509 1899 Milites
530 1868 636 1896 classe
656 1866 788 1895 revecti.
827 1864 874 1895 24.
896 1865 943 1893 Ex
962 1867 1158 1900 tempestate
1179 1865 1344 1893 calamitas
1365 1866 1398 1893 et
1417 1871 1524 1900 paene
1546 1864 1692 1895 exitium.
1726 1863 1900 1892 Recollecti
1920 1862 2076 1899 naun-agi.

327 1915 374 1944 25.
396 1913 462 1942 Hac
489 1912 615 1940 fortuna
639 1912 767 1939 erectos
793 1909 899 1938 denuo
929 1909 1106 1938 Germanos
1137 1908 1320 1944 aggreditur
1349 1908 1562 1937 Germanicus
1590 1908 1780 1945 caeditque,
1809 1907 1907 1936 simul
1934 1907 2077 1943 aquilam

326 1958 495 1989 Varianam
514 1955 639 1991 recipit.
673 1954 723 1983 26.
738 1953 817 1982 Tum
835 1954 936 1983 rebus
955 1953 1082 1981 insectis
1097 1955 1252 1981 avocatur
1266 1960 1284 1982 a
1298 1952 1435 1982 Tiberio.
1469 1952 1516 1982 27.
1530 1952 1608 1981 Libo
1625 1952 1750 1981 Drusus
1764 1952 1805 1981 ab
1820 1952 1925 1982 amico
1939 1951 2076 1981 delatus.

327 2002 374 2034 28.
395 2001 575 2030 Accusatus
595 1999 627 2027 in
647 2000 772 2028 senatu.
812 1997 861 2026 29.
881 1997 929 2027 30.
950 1997 1028 2026 Cum
1049 1999 1199 2032 patronos
1220 2003 1285 2025 non
1313 1997 1488 2033 reperiret,
1516 2003 1579 2025 nec
1598 1999 1664 2025 tam
1683 1996 1821 2025 sceleris
1841 2002 1938 2032 quam
1956 2002 2079 2025 vecor-

329 2048 403 2076 diae
429 2043 577 2074 convinci
606 2044 732 2079 posset,
759 2050 842 2071 novo
868 2042 939 2071 iure
966 2048 1079 2070 servos
1109 2041 1251 2076 torqueri
1278 2041 1310 2069 in
1331 2048 1428 2069 suum
1449 2043 1546 2076 caput
1563 2040 1654 2070 vidit.
1692 2039 1740 2069 3⁴.
1763 2039 1830 2068 iam
1849 2038 1968 2069 frustra
1987 2042 2077 2069 orato

328 2090 475 2128 principe
504 2088 582 2116 Libo
605 2094 640 2115 se
661 2087 731 2122 ipse
752 2087 899 2115 confecit.
938 2085 985 2115 32.
1008 2085 1041 2113 ln
1062 2085 1250 2114 defunctum
1271 2085 1452 2114 sententiae
1472 2087 1670 2113 senatorum.
1703 2084 1862 2119 Astrologi
1882 2086 1915 2113 et
1932 2084 2018 2119 magi
2036 2091 2079 2113 ex

329 2135 415 2164 ltalia
435 2132 530 2169 pulsi.
570 2131 617 2160 33.
638 2130 748 2159 Luxus
767 2129 919 2166 publicus
939 2130 1054 2158 leviter
1074 2129 1254 2166 coercitus,
1278 2137 1377 2165 quem
1391 2129 1535 2158 defendit
1547 2129 1686 2157 Asinius.
1721 2126 1767 2157 34.
1789 2127 1914 2157 Pisonis
1933 2127 2076 2163 libertas,

329 2177 522 2214 Urgulaniae
548 2175 700 2212 potentia.
738 2174 785 2204 35.
813 2174 860 2202 De
885 2175 985 2203 rebus
1011 2172 1215 2209 proferendis
1242 2175 1408 2202 certamen
1436 2174 1469 2202 in
1495 2175 1620 2201 senatu.
1658 2172 1706 2201 36.
1728 2171 1828 2200 Asinii
1854 2171 2015 2200 sententia
2035 2163 2078 2200 de

332 2221 487 2256 comitiis,
520 2226 538 2248 a
564 2219 690 2247 Tiberio
715 2219 847 2247 reiecta.
894 2217 941 2247 37.
969 2217 1015 2246 38.
1044 2216 1162 2245 Hortali
1191 2216 1409 2246 levamentum
1438 2217 1567 2253 inopiae
1596 2223 1677 2245 suae
1705 2215 1871 2252 poscentis
1898 2215 2077 2244 orationem

331 2272 447 2302 aspere
475 2263 597 2299 excipit
626 2262 788 2299 Tiberius,
818 2265 926 2291 tamen
945 2262 1055 2290 liberis
1076 2261 1146 2289 eius
1166 2260 1308 2289 nonnihil
1329 2261 1470 2297 largitur.
1508 2260 1556 2290 39.
1578 2260 1750 2289 Clementis
1770 2259 1856 2288 servi
1875 2258 2013 2288 facinus.
2046 2257 2077 2287 ls

330 2311 517 2339 Postumum
544 2307 713 2342 Agrippam
740 2314 777 2335 se
803 2306 958 2335 mentitus
987 2306 1123 2341 principi
1153 2311 1266 2334 curam
1286 2304 1402 2341 iniicit,
1432 2303 1479 2334 40.
1501 2305 1561 2334 sed
1581 2304 1724 2334 Sallustii
1745 2302 1845 2338 Crispi
1865 2303 1942 2332 dolo
1961 2304 2078 2339 captus

331 2353 498 2383 occiditur.
539 2350 585 2380 41.
607 2350 726 2379 Romae
746 2350 936 2379 dedicantur
957 2356 1041 2378 nova
1061 2356 1170 2384 opera.

373 2398 462 2426 Anno
488 2396 634 2432 proximo
659 2395 833 2431 triumphat
858 2393 1079 2422 Germanicus.
1126 2391 1173 2424 42.
1199 2393 1375 2422 Archelaus
1402 2399 1462 2421 rex
1489 2391 1715 2428 Cappadocum
1745 2392 1778 2420 in
1806 2391 1923 2421 urbem
1953 2393 2078 2423 accitus

331 2443 424 2480 perit.
462 2439 508 2470 43.
532 2439 645 2468 Oriens
666 2439 812 2467 turbatus
834 2438 1043 2466 committitur
1057 2436 1266 2473 Germanico;
1288 2437 1411 2474 Pisoni,
1433 2436 1532 2465 feroci
1546 2436 1678 2473 homini,
1711 2436 1811 2473 Syria.
1831 2434 1879 2465 44.
1899 2435 2025 2466 Dmsus
2045 2437 2079 2467 in

330 2486 491 2522 Illyricum
516 2484 655 2520 missus,
687 2482 800 2511 Suevis
826 2484 937 2510 contra
966 2481 1147 2510 Cheruscos
1175 2482 1331 2511 auxilium
1358 2481 1555 2517 petentibus.
1586 2479 1642 2510 45.
1670 2481 1716 2510 Ita
1743 2482 1826 2509 inter
1853 2487 1890 2509 se
1910 2480 2079 2510 discordes

331 2529 482 2560 Germani
502 2528 713 2562 accinguntur
732 2527 772 2555 ad
792 2533 943 2562 pugnam.
975 2525 1107 2553 Arminii
1128 2526 1166 2554 ad
1189 2533 1268 2554 suos
1288 2526 1400 2554 oratio.
1441 2523 1487 2554 46.
1509 2524 1698 2554 Marobodui
1718 2525 1796 2554 item
1809 2525 1850 2554 ad
1864 2532 1954 2554 suos.
1982 2527 2080 2555 Atrox

265 2582 270 2586 ·
331 2574 501 2613 proelium.
542 2571 758 2600 Maroboduus
786 2578 843 2606 pro
869 2570 966 2599 victo.
1007 2567 1053 2598 47.
1075 2568 1121 2598 48.
1148 2569 1266 2599 Terrae
1289 2572 1398 2598 motus
1418 2569 1451 2597 in
1471 2569 1556 2598 Asia.
1589 2569 1635 2598 Eo
1655 2570 1793 2598 afflictos
1813 2570 1963 2599 sublevat
1981 2569 2080 2600 Tibe-

331 2621 417 2655 rius,
443 2618 475 2646 in
503 2617 584 2646 alios
604 2623 668 2644 non
688 2616 797 2644 minus
819 2615 972 2643 liberalis.
1013 2613 1059 2643 49.
1083 2613 1215 2650 Templa
1235 2614 1396 2650 quaedam
1418 2615 1576 2643 dedicata.
1617 2612 1664 2643 50.
1686 2614 1803 2643 Varilia
1821 2614 2000 2644 maiestatis
2018 2621 2081 2651 po-

331 2663 457 2694 stulata.
502 2661 549 2689 5l.
576 2660 622 2688 De
647 2662 798 2695 praetore
824 2659 1051 2687 substituendo
1080 2659 1253 2687 contentio.
1298 2658 1344 2687 52,
1373 2658 1607 2687 Tacfarinatem
1635 2660 1669 2687 et
1693 2657 1873 2695 Mazippam
1898 2658 2022 2688 bellum
2046 2659 2080 2689 in

331 2708 435 2737 Africa
454 2707 622 2734 moventes
643 2704 746 2732 tundit
766 2703 927 2732 Camillus.
964 2702 1183 2739 Triumphalia
1204 2703 1233 2730 ei
1256 2703 1397 2731 decreta.

373 2750 421 2779 53.
451 2749 631 2778 Germanici
659 2748 747 2776 varia
776 2747 900 2776 itinera.
955 2744 1001 2775 54.
1033 2746 1174 2775 Consulit
1210 2746 1242 2774 in
1282 2746 1389 2775 reditu
1421 2746 1561 2775 Clarium
1591 2746 1780 2783 Apollinem.
1830 2746 1958 2775 oraculi
1987 2746 2077 2778 ratio,

330 2795 378 2826 55.
399 2795 472 2823 Piso
493 2797 526 2822 et
544 2799 627 2821 uxor
646 2791 795 2821 Plancina
817 2791 1044 2820 Germanicum
1067 2792 1285 2827 insectantur,
1308 2791 1406 2820 etiam
1427 2793 1533 2821 castra
1553 2792 1775 2826 corrumpunt.
1803 2789 1851 2819 56.
1868 2789 2080 2819 Germanicus

330 2837 501 2868 Armeniae
520 2842 647 2871 regem,
669 2835 891 2871 Cappadociae
912 2837 943 2863 et
959 2834 1193 2870 Commagenae
1212 2835 1336 2870 legatos
1358 2835 1502 2871 imponit.
1543 2834 1590 2864 57.
1611 2834 1738 2864 Pisonis
1758 2834 1926 2863 insolentia
1945 2834 1978 2863 in
1999 2840 2079 2863 oon—

333 2889 465 2920 gressu,
488 2880 640 2917 consilio,
664 2879 828 2908 conviviis.
868 2877 918 2907 58.
936 2879 1086 2908 Vonones
1107 2879 1198 2914 Syria
1219 2879 1377 2908 demotus.

374 2926 421 2956 59.
444 2923 654 2954 Germanicus
667 2924 845 2958 Aegyptum
865 2923 959 2958 petit,
982 2923 1186 2958 improbante
1207 2922 1343 2953 Tiberio.
1378 2922 1425 2953 60.
1441 2923 1601 2959 Canopus.
1624 2923 1754 2953 Thebae
1772 2922 1911 2959 priscae.
1944 2922 1991 2951 64.
2006 2921 2080 2952 Sta-

334 2974 388 3001 tua
414 2969 609 3005 Memnonis,
636 2967 823 3003 Pyramides
849 2969 880 2995 et
906 2967 977 2995 alia.
1018 2966 1064 2997 62.
1087 2966 1321 2995 Germanorum
1348 2968 1528 3004 discordia,
1555 2970 1628 2996 astu
1650 2967 1756 2997 Drusi.
1795 2967 1842 2996 63.
1862 2966 2079 2995 Maroboduus

331 3016 362 3045 vi
391 3013 562 3044 Catualdae
588 3011 701 3048 pulsus
729 3011 871 3046 confugit
897 3010 937 3039 ad
957 3010 1128 3040 Romanos.
1164 3011 1285 3040 Eadem
1305 3019 1381 3040 mox
1403 3013 1529 3041 fortuna
1550 3011 1732 3042 Catualdae.
1772 3010 1819 3040 64.
1841 3010 2079 3047 Rhescuporis,

333 3060 430 3095 Cotye
450 3057 555 3086 fratris
575 3056 641 3084 filio
664 3062 832 3090 oppresse,
854 3054 1028 3083 Romanam
1049 3054 1240 3084 divisionem
1257 3063 1424 3093 egressus,
1448 3056 1534 3085 illius
1555 3059 1679 3092 partem
1693 3055 1823 3092 appetit.
1854 3054 1902 3084 65.
1925 3054 2001 3091 Ipso
2021 3061 2080 3090 per

333 3102 478 3131 fraudem
506 3100 742 3137 comprehenso
772 3098 955 3127 universam
986 3098 1153 3128 Thraciam
1174 3102 1323 3135 occupat.
1364 3099 1409 3128 66.
1431 3099 1512 3128 Hinc
1533 3103 1671 3129 vocatus
1691 3101 1732 3129 ad
1753 3104 1886 3129 causam
1906 3097 2079 3126 dicendam

333 3147 429 3182 Cotyn
451 3144 579 3174 occidit.
619 3142 666 3172 67.
686 3142 819 3171 Romam
840 3142 1018 3177 perductus
1038 3145 1069 3171 et
1083 3143 1262 3173 damnatus.
1303 3143 1350 3173 68.
1372 3143 1521 3173 Vonones
1541 3144 1649 3180 sugam
1670 3146 1789 3180 tentat3
1810 3145 1842 3172 at
1854 3141 2079 3178 deprehensus

334 3189 523 3218 confoditur.
563 3186 609 3217 69.
631 3186 843 3216 Germanicus
864 3188 1019 3221 aegrotat,
1044 3187 1181 3225 scelere,
1203 3190 1240 3215 ut
1258 3188 1409 3224 creditur,
1433 3188 1575 3225 Pisonis,
1596 3188 1644 3218 70.
1659 3189 1712 3218 cui
1725 3188 1900 3217 amicitiam
1918 3187 2079 3218 renuntiat

334 3235 445 3262 vetere
465 3239 565 3261 more.
603 3230 650 3260 74.
670 3231 717 3260 72.
737 3229 883 3258 Mandata
911 3229 1118 3258 tamiliaribus
1142 3231 1263 3260 uitione
1283 3231 1433 3267 datisque
1454 3233 1582 3268 coniugi
1603 3233 1731 3261 monitis
1751 3231 1896 3261 moritur.
1935 3230 1981 3260 73.
2002 3231 2079 3261 Ale-

336 3277 456 3305 xandro
476 3276 517 3305 M.
539 3272 744 3311 comparatus
764 3275 796 3302 et
815 3274 989 3309 praelatus.
1030 3272 1077 3302 74.
1100 3274 1228 3303 Sentius
1249 3275 1359 3311 Syriae
1378 3277 1573 3311 praeficitur.
1612 3276 1659 3305 75.
1681 3276 1851 3313 Agrippina
1873 3278 2025 3313 properat
2045 3276 2078 3305 in

335 3322 459 3350 urbem.
495 3320 541 3349 76.
563 3319 670 3348 Pisoni
685 3317 865 3347 Germanici
887 3323 965 3346 casu
985 3318 1159 3346 exsultanti
1182 3319 1321 3348 reditum
1341 3320 1373 3348 in
1388 3320 1509 3354 Syriam
1524 3321 1691 3350 dissuadet
1705 3320 1806 3357 fllius3
1826 3318 1874 3349 77.
1892 3317 1940 3347 78.
1961 3318 2079 3348 suadet

335 3367 443 3394 contra
464 3363 619 3393 Domitius
640 3363 746 3399 Celer,
769 3369 808 3391 ac
826 3362 1012 3398 persuadet.
1051 3361 1098 3390 79.
1121 3362 1193 3391 Piso
1213 3364 1277 3392 vim
1298 3370 1414 3400 parans
1434 3362 1466 3392 in
1487 3371 1717 3394 successorem
1736 3363 1879 3393 Sentium
1893 3362 2023 3391 obviam
2042 3362 2079 3392 nt

335 3407 535 3445 Agrippinae.
573 3408 621 3438 80.
642 3407 814 3438 Castellum
831 3408 984 3444 occupat,
1006 3406 1111 3436 aciem
1131 3409 1239 3437 struit:
1261 3409 1320 3438 sed
1341 3409 1468 3444 pellitur
1488 3416 1507 3438 a
1527 3409 1645 3439 Sentio.
1685 3409 1735 3439 8⁴.
1756 3407 1897 3438 Tandem
1917 3408 2023 3437 tutum
2041 3407 2073 3436 ei
