2254 3770
299 299 381 345 224

784 303 829 346 P.
862 302 1113 347 CORNELII
1141 304 1312 348 TACITI
1342 305 1611 351 ANNALIUM

297 414 339 452 et
367 408 584 466 proximos
614 408 792 453 audacia
823 409 865 452 in
894 409 1047 453 urbem
1075 410 1200 454 traxit
1237 410 1320 454 iam
1354 410 1565 469 trepidam
1594 410 1650 455 ob
1686 411 1997 455 multitudinem
2026 411 2086 455 fa-

295 483 524 535 miliarum,
556 498 668 542 quae
699 484 905 543 gliscebat
932 485 1174 530 inmensum
1201 485 1367 529 minore
1397 485 1438 528 in
1470 473 1564 530 dies
1593 486 1720 545 plebe
1749 488 1944 546 ingenua.

409 561 490 616 (28)
521 560 664 604 Isdem
685 563 770 604 co‘s.
790 560 1057 604 miseriarum
1079 574 1130 605 ac
1157 560 1361 605 saevitiae
1388 561 1629 619 exemplum
1660 568 1789 614 atrox,
1821 576 1921 606 reus
1951 568 2082 620 pater,

295 642 520 680 accusator
547 635 659 679 filius
691 636 860 691 (nomen
890 637 1061 695 utrique
1091 635 1235 680 Vibius
1269 636 1472 692 Serenus)
1503 637 1544 679 in
1575 643 1768 682 senatum
1794 637 1951 682 inducti
1973 643 2084 681 sunt.

261 710 349 755 sab
380 710 506 755 exilio
535 717 743 778 retractus
773 710 1017 770 inluvieque
1048 725 1099 756 ac
1128 710 1329 769 squalore
1360 711 1524 756 obsitus
1555 719 1597 756 et
1624 718 1713 756 tum
1743 719 1892 757 catena
1920 713 2084 758 vinctus

293 792 415 844 pater
444 792 592 830 orante
622 785 730 830 filio:
767 793 1046 845 praeparatus
1076 786 1331 831 adulescens
1362 786 1504 831 multis
1533 787 1761 839 munditiis,
1793 787 1921 832 alacri
1950 787 2082 840 vultu,

294 868 475 906 structas
504 861 686 920 principi
716 862 912 912 insidias,
944 863 1100 906 missos
1131 863 1172 905 in
1205 861 1382 906 Galliam
1414 863 1653 907 concitores
1682 863 1782 907 belli
1813 863 1942 908 index
1969 862 2085 907 idem

293 944 336 981 et
356 937 474 981 testis
496 936 677 988 dicebat,
709 936 1051 996 adnectebatque
1073 936 1303 982 Caecilium
1325 938 1556 982 Cornutum
1584 939 1846 997 praetorium
1876 939 2085 983 ministra-

290 1014 406 1057 visse
436 1013 685 1071 pecuniam3
717 1013 789 1071 qui
821 1012 962 1057 taedio
993 1027 1202 1061 curarum,
1235 1018 1278 1057 et
1297 1013 1398 1072 quia
1426 1014 1665 1072 periculum
1695 1028 1772 1073 pro
1793 1014 1921 1059 exitio
1952 1013 2085 1058 habe—

241 1099 278 1130 ιο
291 1088 427 1140 batur,
454 1094 637 1133 mortem
655 1089 700 1131 in
719 1102 767 1133 se
788 1088 1010 1133 festinavit.
1045 1095 1087 1133 at
1105 1095 1250 1132 contra
1270 1103 1371 1133 reus
1392 1088 1492 1132 nihil
1516 1089 1690 1134 infracto
1712 1090 1853 1134 animo
1873 1090 2083 1134 obversus

291 1165 333 1208 in
363 1164 495 1208 filium
526 1170 704 1223 quatere
734 1163 890 1214 vincla,
929 1178 1085 1209 vocare
1115 1164 1276 1207 ultores
1307 1163 1433 1215 deos,
1465 1171 1511 1208 ut
1540 1164 1619 1208 sibi
1650 1165 1826 1223 quidem
1852 1164 2084 1210 redderent

290 1240 481 1292 exilium,
513 1240 587 1284 ubi
618 1239 769 1298 procul
797 1239 869 1283 tali
901 1254 1019 1284 more
1049 1246 1211 1297 ageret,
1249 1238 1381 1283 filium
1411 1246 1552 1284 autem
1583 1240 1845 1299 quandoque
1874 1240 2082 1299 supplicia

290 1322 588 1375 sequerentur.
632 1314 1000 1374 adseverabatque
1038 1316 1310 1360 innocentem
1343 1315 1577 1359 Cornutum
1606 1322 1649 1359 et
1677 1315 1781 1360 salso
1812 1315 2080 1369 exterritum3

288 1391 420 1450 idque
446 1391 568 1436 facile
598 1390 825 1440 intellectu,
858 1391 893 1435 si
922 1390 1208 1449 proderentur
1237 1390 1326 1435 alii:
1359 1404 1443 1434 non
1467 1391 1582 1435 enim
1603 1405 1651 1435 se
1671 1390 1848 1435 caedem
1878 1391 2082 1449 principis

238 1477 275 1507 45
289 1475 332 1512 et
368 1481 439 1512 res
475 1480 608 1511 novas
647 1480 733 1510 uno
773 1466 892 1511 socio
928 1467 1152 1525 cogitasse.

1199 1467 1281 1524 (29)
1312 1473 1402 1510 tum
1431 1473 1654 1511 accusator
1684 1467 1756 1511 Cn.
1786 1466 2011 1511 Lentulum
2041 1472 2084 1511 et

289 1544 435 1587 Seium
466 1542 735 1586 Tuberonem
766 1542 964 1592 nominat,
998 1556 1151 1599 magno
1181 1542 1347 1600 pudore
1371 1542 1580 1593 Caesaris,
1612 1556 1706 1586 cum
1738 1543 1949 1600 primores
1979 1542 2083 1586 civi-

287 1619 403 1670 tatis,
436 1618 570 1661 intimi
602 1618 736 1676 ipsius
767 1617 911 1667 amici,
952 1617 1153 1661 Lentulus
1184 1618 1416 1661 senectutis
1447 1624 1686 1671 extremae,
1717 1617 1885 1662 Tubero
1915 1617 2081 1662 defecto

287 1708 486 1753 corpore,
527 1692 733 1737 tumultus
769 1692 934 1737 hostilis
964 1700 1006 1737 et
1034 1693 1270 1737 turbandae
1301 1693 1362 1737 rei
1393 1693 1592 1751 publicae
1622 1700 1958 1738 accerserentur.
2003 1692 2081 1737 sed

287 1771 329 1814 hi
360 1769 537 1828 quidem
567 1769 706 1813 statim
736 1769 940 1827 exempti:
981 1769 1023 1811 in
1062 1775 1227 1827 patrem
1258 1783 1311 1813 ex
1347 1770 1482 1813 servis
1513 1770 1773 1828 quaesitum,
1811 1776 1854 1813 et
1886 1769 2081 1827 quaestio

235 1845 468 1890 20adversa
492 1844 730 1889 accusatori
750 1844 838 1888 fuit.
880 1845 954 1902 qui
984 1844 1149 1888 scelere
1168 1858 1361 1896 vaecors,
1394 1845 1518 1888 simul
1548 1844 1663 1904 vulgi
1692 1859 1866 1889 rumore
1895 1845 2079 1898 territus,

285 1922 419 1966 robur
447 1928 491 1966 et
519 1935 668 1965 saxum
705 1927 778 1964 aut
811 1920 1121 1978 parricidarum
1161 1926 1325 1978 poerras
1365 1921 1662 1973 minitantium,
1705 1921 1836 1966 cessit
1864 1921 1985 1966 urbe.
2029 1934 2080 1966 ac

350 2057 382 2090 4.
407 2055 548 2089 audatia
571 2055 605 2089 M
629 2072 664 2078 —
691 2053 822 2095 trepida
845 2055 878 2087 M
904 2072 938 2077 —
965 2053 1015 2095 ob]
1041 2063 1081 2096 op
1105 2062 1158 2096 pr.
1176 2055 1211 2104 M
1237 2073 1272 2078 —
1298 2054 1575 2096 familiarumque
1595 2055 1642 2097 ql.
1661 2056 1695 2089 M
1713 2074 1748 2079 —
1774 2055 1806 2088 3.
1831 2055 1968 2089 seuitiae
1989 2056 2023 2089 M
2040 2073 2077 2080 —

283 2112 317 2148 4.
342 2115 536 2146 accussator
557 2112 591 2146 M
615 2129 651 2134 —
682 2112 815 2154 utrique
837 2112 993 2154 Lipsius:
1026 2113 1157 2153 uirique
1180 2113 1213 2146 M
1238 2113 1288 2155 (Q.
1314 2114 1349 2145 in
1373 2112 1543 2154 margine)
1572 2130 1607 2136 —
1634 2112 1666 2146 6.
1687 2117 1788 2154 pater
1809 2115 1926 2146 orante
1947 2112 2079 2146 Frehe-

282 2179 364 2204 rus:
391 2178 454 2211 per
476 2169 537 2211 (ex
559 2167 787 2210 compendio)
803 2169 925 2201 oranti
948 2169 1000 2206 M;
1030 2171 1212 2209 perorante
1235 2169 1441 2205 Memmius;
1469 2171 1568 2209 pater
1590 2172 1773 2209 perorante
1794 2168 2009 2212 Nipperdey.
2037 2186 2074 2193 —

277 2229 506 2270 praeparatus
526 2225 733 2257 Venturius:
767 2227 999 2265 praeparatur
1020 2225 1054 2258 M
1079 2242 1116 2248 —-
1142 2225 1174 2258 9.
1200 2224 1285 2257 tedio
1307 2225 1341 2258 M
1366 2242 1402 2248 -
1428 2224 1481 2257 ⁴2.
1507 2224 1573 2257 tale
1594 2232 1648 2266 pr.
1674 2226 1707 2257 M
1733 2242 1769 2248 —
1796 2226 1849 2260 43.
1873 2225 1958 2267 falso
1981 2225 2077 2259 Ursi—

282 2293 366 2318 nus:
390 2282 480 2325 falsa
501 2281 552 2321 M;
574 2289 637 2321 per
656 2280 747 2322 falsa
769 2279 958 2314 Acidalius.
982 2298 1026 2304 —
1053 2281 1106 2314 45.
1131 2284 1323 2313 accussator
1345 2281 1379 2314 M
1404 2298 1439 2303 —
1466 2279 1538 2322 Cn.]
1565 2280 1599 2313 C.
1624 2281 1667 2313 N.
1693 2281 1727 2314 M
1752 2299 1788 2305 —
1817 2281 1868 2314 48.
1890 2281 2022 2323 publice
2042 2281 2076 2315 M

286 2358 321 2365 -
348 2340 597 2373 accerserentur
618 2337 670 2371 M:
696 2339 941 2370 arcesserentur
963 2337 1110 2380 Lipsius.
1139 2355 1175 2361 --
1200 2337 1254 2370 20.
1279 2337 1398 2382 scelere
1420 2337 1454 2370 M
1471 2354 1515 2360 —
1536 2345 1653 2369 uecors
1674 2336 1709 2368 h.
1734 2335 1756 2369 l.
1781 2337 1827 2371 M.

281 2448 337 2480 vir
357 2447 490 2480 iterum.
519 2462 555 2468 —
589 2443 628 2477 ob
656 2444 902 2477 multitudinem
928 2443 1152 2486 familiarum]

283 2496 404 2530 Hoeck
432 2496 524 2528 Rom.
551 2493 738 2526 Geschichte
765 2494 807 2527 11.
838 2502 873 2536 p.
901 2493 957 2526 434
992 2495 1093 2536 putat
1117 2494 1153 2527 in

282 2546 373 2579 urbe
408 2545 517 2578 fuisse
552 2544 692 2576 circiter
719 2544 863 2576 centum
893 2544 1153 2586 mancipiorum

282 2596 389 2631 milia.
417 2595 466 2630 Cf.
490 2595 523 2631 3.
548 2594 602 2627 53.
632 2611 664 2617 -
700 2594 858 2636 gliscebat
878 2593 1072 2636 inmensum]
1099 2594 1149 2627 Cf.

283 2648 323 2689 3,
349 2647 410 2680 30:
445 2647 630 2679 inmensum
662 2645 782 2687 viguit.
809 2645 849 2686 3,
881 2645 943 2678 26:
981 2648 1154 2677 aeternum

281 2706 444 2732 mansere.
471 2697 530 2737 42,
554 2695 614 2729 28:
642 2698 815 2728 aeternum
837 2696 1040 2728 discordant.

326 2749 381 2782 28.
409 2747 522 2781 Vibius
543 2745 697 2788 Serenus]
722 2747 772 2779 De
796 2747 895 2789 patre
913 2746 956 2779 cf.
975 2747 1008 2786 2,
1027 2746 1080 2779 30.
1107 2745 1151 2778 de

283 2799 353 2833 filio
375 2797 464 2832 infra
487 2806 518 2830 c.
536 2797 590 2830 36.
611 2815 647 2820 —
673 2796 715 2830 ab
737 2796 851 2839 emilie]
875 2798 1045 2838 Amorgo;
1071 2796 1151 2829 vide

284 2859 316 2883 c.
343 2849 396 2882 43.
424 2864 460 2872 -
495 2846 680 2888 retractus]
710 2845 785 2880 scil.
812 2847 898 2880 erat.
937 2845 1024 2879 Vide
1049 2845 1094 2879 ad
1118 2847 1149 2887 4,

283 2901 337 2933 55.
366 2918 401 2924 —
426 2897 558 2939 orante]
589 2896 664 2930 scil.
690 2902 853 2937 causam,
883 2898 1083 2930 accusante.
1112 2914 1148 2920 —

277 2947 523 2992 praeparatus]
566 2948 727 2987 ornatus,
761 2948 952 2989 antequam
987 2947 1024 2980 in
1057 2947 1152 2980 curi-

284 3009 342 3034 am
368 2999 540 3033 introiret.
566 3015 602 3020 —
629 2997 809 3030 Caecilium
836 2997 1027 3040 Cornutum]
1051 2997 1151 3030 Hunc

282 3053 328 3087 M.
355 3047 546 3084 Caecilium
569 3047 765 3081 Cornutum
787 3056 870 3080 cum
893 3048 930 3081 L.
956 3049 1150 3091 Asprenate

284 3100 375 3144 (vide
399 3101 432 3141 4,
457 3098 531 3140 83),
559 3098 598 3131 P.
622 3096 771 3129 Viriasio
794 3098 949 3136 Nasone,
981 3098 1018 3130 L.
1043 3096 1151 3130 Volu-

283 3159 370 3184 seno
394 3147 535 3188 catulo,
560 3149 597 3182 P.
617 3146 746 3180 Licinio
769 3145 909 3179 Stolone
932 3147 1024 3180 inter
1046 3155 1151 3179 cura-

283 3201 379 3233 tores
401 3198 563 3232 locorum
583 3195 807 3240 publicorum
834 3197 1009 3228 memorat
1031 3195 1150 3229 titulus

283 3258 339 3291 ap.
365 3249 528 3283 Momms.
546 3247 572 3280 1.
589 3247 628 3280 R.
646 3247 686 3280 N.
704 3254 738 3278 n.
757 3243 854 3278 6804.
884 3263 917 3268 -
942 3245 1039 3287 falso]
1064 3245 1149 3279 falsa

283 3299 521 3331 accusatione.
549 3315 584 3320 —
610 3296 639 3328 si
654 3295 880 3337 proderentur
902 3295 974 3337 alii]
998 3295 1072 3327 Hoc
1095 3295 1150 3328 di-

284 3349 348 3381 cit:
382 3347 465 3381 «ubi
495 3346 586 3380 filius
613 3354 716 3380 meus
738 3344 823 3378 alios
845 3344 1040 3387 prodiderit
1063 3354 1150 3379 con—

283 3399 397 3438 scios,
430 3398 544 3432 statim
571 3396 607 3430 hi
635 3405 674 3430 se
705 3394 816 3429 firmis
839 3395 1056 3437 argumentis
1080 3396 1149 3428 cri-

283 3446 379 3481 mine
402 3445 612 3488 dissolvent,
637 3445 799 3488 adeoque
819 3451 902 3478 eum
924 3443 1151 3487 impudenter

1206 2443 1382 2486 stulteque
1413 2443 1600 2477 mentitum
1632 2452 1712 2477 esse
1745 2442 1845 2477 facile
1877 2444 1944 2477 erit
1972 2442 2077 2478 intel-

1205 2493 1338 2527 lectu.»

1247 2545 1301 2578 29.
1328 2544 1385 2578 Cn.
1411 2544 1596 2586 Lentulum]
1620 2543 1709 2577 Vide
1733 2543 1778 2577 ad
1801 2543 1834 2584 4,
1852 2543 1907 2578 44.
1932 2544 1997 2577 Dio
2017 2543 2073 2585 ⁵7,

1204 2594 1266 2636 24,
1285 2596 1323 2629 8:
1349 2593 1565 2629 Λεντούλου
1588 2592 1630 2628 δέ
1651 2604 1755 2635 τινος
1769 2592 1982 2634 βουλευτοῦ
1997 2591 2075 2635 φύ-

1204 2655 1265 2678 σει
1286 2655 1326 2678 τε
1350 2643 1540 2687 ἐπιεικοῦς
1562 2645 1628 2678 καὶ
1654 2643 1740 2678 τότε
1761 2643 1803 2677 ἐν
1824 2642 1925 2690 γήρᾳ
1947 2643 2074 2689 πολλῷ

1205 2691 1315 2737 ὄντος
1326 2693 1583 2755 ..κατηγόρησέ
1604 2705 1662 2737 τις
1684 2691 1737 2737 ὥς
1759 2692 2075 2735 ἐπιβεβουλευκό-

1203 2755 1270 2787 τος
1292 2743 1343 2790 τῷ
1367 2742 1634 2804 αὐτοκράτορι.
1671 2745 1737 2778 καὶ
1767 2741 1789 2777 ὁ
1811 2743 1884 2788 μὲν
1905 2744 2074 2779 Λέντου-

1203 2795 1270 2838 λος
1293 2795 1436 2844 (παρῆν
1450 2794 1537 2844 γὰρ)
1560 2793 1840 2840 ἀνεκάγχασεν·
1866 2792 1889 2828 ὁ
1904 2794 1947 2829 δὲ
1962 2795 2074 2837 Τιβέ-

1203 2857 1285 2894 ριος
1313 2843 1661 2906 ἐπιθορυβησάσης
1688 2856 1723 2879 τι
1749 2842 1845 2893 πρὸς
1867 2845 1983 2880 τοῦτο
2004 2844 2074 2891 τῆς

1202 2899 1422 2944 γερουσίας,
1447 2893 1544 2931 Οὐδὲ
1559 2893 1661 2945 ζῇν”’
1641 2907 1715 2937 eu,
1740 2892 1831 2940 ἔφη,
1856 2892 1966 2940 αξιός
1980 2898 2071 2941 εἰμι,

1203 2945 1278 2992 ειγε
1300 2948 1366 2981 καὶ
1380 2934 1595 2989 Λέντουλός
1616 2956 1666 2990 με
1687 2948 1806 2990 μισεῖ.
1827 2965 1864 2971 -
1881 2947 1995 2981 Seium
2011 2948 2073 2981 Tu-

1203 2997 1364 3040 beronem]
1393 2997 1444 3031 Cf.
1469 2998 1508 3039 2,
1536 2997 1589 3030 20.
1617 3015 1654 3021 —-
1679 3005 1724 3030 ex
1746 2996 1850 3029 servis
1872 2997 2070 3041 quaesitum]

1204 3046 1255 3080 Cf.
1280 3047 1319 3088 2,
1345 3046 1399 3080 30.
1428 3065 1464 3071 -
1495 3046 1615 3090 robur]
1645 3045 1839 3079 Tullianum
1865 3046 1901 3079 in
1924 3054 2070 3081 carcere

1203 3096 1357 3141 publico.
1385 3096 1435 3131 Cf.
1453 3096 1487 3137 3,
1505 3096 1559 3131 50.
1585 3095 1713 3130 Paulus
1728 3105 1764 3139 p.
1781 3095 1846 3130 264
1863 3095 1919 3129 ed.
1937 3094 2067 3134 Muell.:

1202 3147 1310 3181 Robus
1333 3148 1405 3190 (sic)
1423 3156 1554 3190 quoque
1573 3148 1610 3181 in
1631 3155 1766 3180 carcere
1787 3146 1909 3180 dicitur
1922 3146 1951 3179 is
1964 3147 2067 3189 locus,

1202 3207 1266 3239 quo
1293 3198 1541 3239 praecipitatur
1568 3197 1795 3239 maleficorum
1826 3204 1945 3238 oenus,
1981 3197 2070 3238 quod

1202 3252 1278 3281 ante
1312 3249 1403 3281 arcis
1438 3247 1599 3281 robusteis
1629 3246 1878 3288 includebatur,
1921 3246 1958 3280 id
1995 3249 2065 3287 est,

1200 3298 1362 3332 roboreis
1400 3297 1592 3341 parietibus
1631 3298 1785 3331 cinctum
1818 3298 1905 3330 erat.
1951 3297 2067 3331 Livius

1201 3347 1259 3389 38,
1284 3347 1346 3381 59:
1377 3351 1415 3380 ut
1443 3349 1480 3381 in
1510 3355 1678 3381 carcerem
1705 3347 1793 3380 inter
1817 3346 1910 3388 fures
1929 3349 2067 3380 noctur-

1199 3406 1259 3430 nos
1286 3400 1318 3430 et
1345 3396 1491 3430 latrones
1518 3397 1575 3431 vir
1600 3396 1803 3430 clarissimus
1823 3395 2016 3429 includatur
2035 3398 2067 3430 ot

1198 3447 1235 3479 in
1261 3445 1380 3479 robore
1406 3448 1438 3479 οι
1464 3445 1604 3480 tenebas
1624 3445 1790 3487 empti-en
1822 3445 1937 3479 deinde
1958 3445 2066 3479 nudus
