2254 3770
319 337 402 382 ⁴46

795 341 840 384 Ρ.
872 336 1124 384 CORNELII
1152 339 1323 384 TACITI
1352 339 1620 387 ANNALHJM

321 446 387 490 sui
406 461 583 494 munera
602 447 890 506 fungerentur.
921 446 1047 504 igitur
1066 445 1334 491 tribunorum
1353 446 1735 506 centurionumque
1755 448 1917 492 umeris
1938 447 2107 492 cineres

319 522 617 581 portabantur;
648 522 966 581 praecedebant
993 522 1209 580 incompta
1238 521 1382 579 signa,
1412 522 1527 566 versi
1556 522 1717 577 fasces;
1747 529 1877 582 atque
1896 523 1972 567 ubi
1992 522 2109 567 colo-

318 599 413 642 nias
458 598 873 657 transgrederentur,
918 603 1052 642 atrata
1095 596 1266 655 plebes,
1311 596 1490 642 trabeati
1526 597 1695 656 equites
1732 612 1811 657 pro
1841 598 1997 658 opibus
2025 598 2110 643 loci

318 680 485 719 vestem
526 674 685 719 odores
726 673 896 732 aliaque
938 673 1133 717 funerum
1170 671 1393 716 sollemnia
1437 672 1695 718 cremabant.
1755 674 1882 718 etiam
1924 687 2112 733 quorum

288 748 492 795 adiversa
535 749 713 809 oppida,
759 756 902 793 tamen
945 747 1058 793 obvii
1095 754 1137 792 et
1173 747 1368 792 victimas
1408 754 1537 807 atque
1567 762 1664 793 aras
1693 747 1760 793 dis
1790 749 1987 794 manibus
2025 755 2112 794 sta-

321 831 488 871 tuentes
517 824 704 870 lacrimis
734 831 776 869 et
805 822 1212 869 conclamationibus
1231 821 1426 867 dolorem
1454 823 1730 868 testabantur.
1777 826 1942 869 Drusus
1962 825 2113 869 Tarra-

320 902 459 946 cinam
496 914 753 959 progressus
793 906 859 944 est
895 913 994 945 cum
1024 898 1201 944 Claudio
1235 898 1363 943 fratre
1392 898 1629 958 liberisque
1659 899 1919 952 Germanici,
1958 900 2033 959 qui
2067 901 2112 944 in

319 976 428 1021 urbe
450 977 630 1021 fuerant.
670 975 869 1020 consules
899 977 951 1019 M.
972 975 1165 1020 Valerius
1197 980 1240 1019 et
1267 974 1319 1019 M.
1341 974 1538 1019 Aurelius
1567 975 1668 1034 (iam
1689 975 1803 1020 enim
1820 976 2113 1035 magistratum

321 1053 592 1111 occeperant)
624 1058 667 1097 et
695 1059 868 1096 senatus
899 1065 950 1095 ac
978 1064 1132 1109 magna
1161 1064 1262 1108 pars
1299 1049 1446 1108 populi
1477 1051 1590 1095 viam
1619 1050 1910 1109 complevere,
1946 1051 2112 1096 disiecti

271 1140 308 1171 ιο
321 1134 364 1173 et
397 1135 444 1173 ut
481 1128 639 1188 cuique
680 1127 848 1172 libitum
890 1126 1066 1180 flentes;
1112 1126 1260 1171 aberat
1299 1125 1461 1185 quippe
1496 1125 1702 1178 adulatio,
1734 1126 1877 1185 gnaris
1914 1127 2112 1171 omnibus

386 1288 418 1320 Δ.
442 1288 560 1321 munia
581 1287 702 1321 Ritter.
721 1304 759 1311 —
782 1286 1002 1329 fungerentur
1015 1283 1231 1319 Beroaldus:
1255 1284 1437 1328 fzmqentur
1458 1285 1493 1319 M
1511 1301 1548 1309 -
1572 1285 1698 1318 umeris
1714 1293 1768 1328 pr.
1785 1285 1837 1319 M:
1860 1285 2005 1319 humoris
2019 1293 2111 1319 corr.

319 1344 354 1378 M
379 1362 416 1368 —
440 1345 473 1377 2.
496 1344 568 1377 uesi
588 1345 623 1378 M
646 1344 745 1387 (uersi
768 1342 904 1386 margo)
930 1360 967 1366 —
1000 1343 1034 1376 3.
1055 1342 1159 1384 plebis
1181 1343 1215 1376 M
1241 1358 1276 1366 -
1311 1342 1343 1375 6.
1370 1341 1592 1375 Tarracinam
1613 1340 1826 1375 Beroaldus:
1859 1342 2059 1375 tarr-icinam
2079 1342 2115 1377 M

323 1417 361 1424 —-
385 1400 418 1433 8.
442 1401 491 1435 M.
514 1400 667 1436 Aurelius
688 1399 767 1435 fasti
789 1399 1013 1435 consulares:
1041 1400 1076 1435 0.
1102 1400 1252 1434 aurelius
1273 1400 1320 1434 M.
1353 1399 1405 1433 Cf.
1429 1400 1560 1452 Inscrr.
1585 1399 1673 1432 Latt.
1697 1397 1768 1432 vol.
1792 1399 1839 1432 111
1859 1398 1933 1441 (ed.
1958 1398 2113 1441 Henzen)

320 1466 356 1491 n.
380 1456 467 1492 74⁴9
490 1457 560 1499 dss.

324 1600 361 1607 —
384 1591 527 1616 munera
547 1581 778 1626 fungerentur]
802 1584 941 1618 Tacitus
964 1583 1026 1617 ubi
1049 1583 1094 1617 de
1113 1582 1194 1616 offi-

321 1634 383 1667 ciis
414 1634 450 1667 et
477 1633 838 1678 laboribus-loquitur
859 1635 896 1667 in
919 1634 1134 1668 'nominativo
1159 1635 1194 1667 et

321 1684 523 1718 accusativo
546 1683 637 1726 plur.
661 1684 713 1717 uti
727 1683 817 1717 solet
832 1683 944 1717 forma
960 1685 1095 1724 munia,
1121 1683 1194 1716 for-

320 1743 418 1768 mam
439 1743 582 1768 mwnera
602 1743 776 1777 usurpare
800 1735 845 1768 de
871 1734 972 1768 donis
989 1736 1023 1768 et
1039 1734 1191 1768 tributis.

320 1785 526 1826 Refragatur
553 1786 674 1818 tamen
703 1785 785 1818 huic
809 1785 1021 1818 distinctioni
1051 1785 1194 1827 praeter

320 1834 415 1868 hunc
445 1834 565 1868 locum
589 1835 695 1868 etiam
718 1836 806 1880 Hist.
832 1835 871 1876 3,
898 1835 958 1868 ⁴3:
995 1835 1111 1868 ceteris
1131 1843 1196 1876 per

319 1885 459 1918 militiae
474 1894 618 1918 munera
631 1885 798 1926 dispersis.
823 1885 984 1918 Verbum
998 1885 1095 1927 fungi
1111 1894 1193 1918 cum

320 1936 523 1969 accusativo
547 1934 637 1978 plur.
662 1935 774 1968 iunxit
796 1936 904 1968 etiam
926 1934 965 1975 4,
991 1935 1051 1968 38:
1083 1935 1194 1978 officia

318 1986 433 2029 fana&
464 1984 576 2018 multo
604 1987 726 2018 tamen
754 1985 895 2028 saepius
927 1993 1009 2018 cum
1041 1984 1192 2018 ablativo

319 2030 460 2064 numeri
482 2028 685 2071 singularis,
710 2030 749 2062 ut
770 2038 854 2062 mox
871 2038 904 2062 c.
922 2029 957 2062 3:
984 2029 1092 2071 officio
1113 2030 1193 2071 fun-

320 2084 421 2114 ctum.
444 2099 482 2104 —
505 2081 675 2121 incompta
702 2079 810 2122 signa]
835 2080 1094 2121 praetoriarum
1117 2079 1194 2113 illa—

318 2140 401 2164 rum
434 2130 652 2171 cohortium,
689 2129 783 2162 nullo
818 2131 945 2162 ornatu
979 2130 1127 2171 insignia
1158 2131 1194 2163 et

319 2180 500 2223 fulgentia.
517 2199 554 2205 —-
571 2181 661 2214 versi
674 2179 791 2221 fasces]
810 2179 951 2213 Consol.
965 2180 1011 2213 ad
1026 2182 1099 2214 Liv.
1115 2180 1188 2214 442:

321 2232 411 2273 Quos
428 2232 579 2273 primum
600 2231 671 2264 vidi
691 2230 816 2272 fasces,
845 2231 881 2263 in
901 2230 1017 2272 funere
1039 2230 1126 2271 vidi,
1149 2231 1194 2264 Et

317 2282 389 2315 vidi
417 2290 530 2315 versos
556 2282 782 2323 indiciumque
808 2281 904 2314 mali.
941 2280 1097 2323 Intellige
1128 2289 1193 2313 au-

318 2334 394 2367 tem
415 2332 531 2366 fasces
555 2332 664 2374 ipsius
680 2332 894 2373 Germanici,
919 2332 1060 2373 signum
1081 2332 1193 2374 impe-

318 2384 471 2416 ratoriae
505 2383 694 2425 dignitatis.
751 2383 865 2415 Etiam
909 2383 969 2424 qui
1005 2381 1194 2425 portabant

319 2434 519 2467 Germanici
541 2433 708 2467 videntur
730 2432 838 2467 fuisse
858 2432 1019 2474 lictores,
1045 2441 1117 2465 non
1133 2432 1194 2466 de-

318 2485 516 2526 signatores
541 2483 676 2516 funeris
701 2485 831 2526 (Horat.
857 2484 944 2526 Epp.
964 2484 996 2524 4,
1021 2484 1053 2524 7,
1075 2483 1128 2525 6),
1154 2484 1193 2516 ut

318 2535 416 2567 ratus
440 2535 494 2567 est
516 2534 665 2576 Lipsius.
693 2551 729 2557 -
767 2533 922 2575 trabeati]
946 2533 1082 2566 Trabea
1106 2533 1192 2575 quid

319 2584 365 2617 ad
387 2582 549 2617 luctum?
580 2583 682 2617 Nihil.
718 2584 833 2617 Immo
857 2585 978 2617 contra
1000 2583 1193 2617 utebantur

319 2643 362 2667 ea
386 2633 513 2667 diebus
536 2632 768 2668 sollemnibus
790 2633 981 2676 laetisque,
1010 2635 1049 2667 ut
1070 2634 1190 2667 Idibus

317 2684 413 2718 Iuliis
435 2686 473 2718 in
495 2685 757 2718 transvectione
782 2685 952 2727 equitum.
981 2684 1078 2725 (Vide
1094 2685 1140 2718 ad
1155 2686 1188 2726 2,

318 2734 389 2776 83.)
414 2734 530 2769 Credo
553 2736 657 2777 igitur
670 2735 917 2768 vestem'hanc
932 2734 1093 2768 trabibus
1108 2745 1191 2778 pur—

318 2794 429 2829 purae
446 2786 588 2819 intextis
604 2786 654 2828 (id
671 2786 767 2819 enim
783 2785 924 2826 trabea,
947 2786 1092 2828 Dionys.
1111 2785 1188 2820 Hal.

319 2837 352 2877 6,
378 2836 430 2879 ⁴3)
461 2838 641 2880 sumptam
669 2837 727 2869 bic
757 2845 828 2869 non
859 2835 990 2870 doloris
1019 2836 1189 2870 indicium

318 2886 384 2921 sed
406 2886 558 2928 ordinis,
589 2887 635 2920 ad
662 2881 998 2927 discriminandum‚
1028 2887 1186 2928 inquam,

317 2938 355 2971 in
378 2936 523 2971 coloniis
547 2938 705 2979 equitem
730 2945 751 2969 a
772 2936 878 2979 plebe
903 2938 939 2970 et
961 2936 1190 2979 splendorem

317 2986 434 3021 funeri
460 2986 740 3021 conciliandum:
775 2986 900 3020 trabea
931 2987 1026 3020 enim
1047 2988 1189 3030 propria

318 3037 496 3079 equitum,
520 3036 615 3070 unde
639 3035 793 3069 trabeata
807 3036 947 3078 agmina
966 3037 1034 3079 ipsi
1052 3038 1189 3079 equites

318 3087 427 3120 Statio
450 3085 531 3121 Silv.
556 3085 595 3127 4,
620 3087 660 3127 2,
686 3086 740 3118 32.
765 3086 853 3118 Lirs.
882 3103 918 3110 -
950 3087 1081 3130 vestem]
1104 3095 1190 3129 pre—

316 3138 463 3178 tiosam3
493 3135 646 3179 intellige
675 3135 804 3179 partim
833 3135 878 3169 de
909 3138 1006 3170 veste
1037 3136 1190 3179 stragula

317 3197 347 3222 s.
364 3186 544 3231 tapetibus
555 3211 564 3228 ,
589 3186 721 3230 quibus
737 3185 988 3220 sternebantur
1001 3187 1087 3229 rogi,
1105 3196 1190 3230 par·-

316 3238 380 3270 tim
404 3237 449 3270 de
473 3237 659 3271 hominum
680 3234 839 3269 vestibus
853 3261 861 3276 ,
886 3237 926 3268 ut
947 3236 1074 3278 Vergil.
1099 3240 1186 3271 Aen.

317 3287 350 3327 6,
368 3286 426 3319 22⁴
452 3287 488 3320 in
511 3286 635 3320 funere
652 3285 794 3320 Miseni:
821 3285 1077 3326 Purpureusque
1089 3295 1190 3328 super

315 3339 438 3378 vestes,
467 3337 639 3371 velamina
659 3339 758 3377 nota,
787 3334 969 3368 coniciunt.
1007 3335 1108 3368 Silius
1133 3336 1186 3378 ⁴0,

316 3386 381 3419 569
403 3387 440 3419 in
462 3387 559 3421 Pauli
581 3387 724 3421 funere:
747 3385 911 3428 statuentia
927 3385 1047 3427 pingui
1061 3386 1190 3419 Murice

315 3437 489 3478 suspirans
519 3438 614 3471 inicit
645 3436 815 3471 velamina
846 3439 878 3469 et
907 3443 992 3469 auro
1019 3436 1186 3469 Inteoetam

315 3485 532 3529 chianmdem.
558 3488 610 3523 Cf.
627 3486 803 3523 Plutarch.
821 3486 907 3521 Cato
922 3486 1007 3520 min.
1026 3485 1079 3520 Μ,
1097 3486 1188 3520 Sue-

1243 1583 1315 1616 ton.
1340 1580 1402 1615 Iul.
1427 1580 1482 1616 84.
1508 1598 1546 1605 —
1580 1579 1705 1623 odores]
1733 1580 1833 1622 thus,
1858 1580 2011 1622 casiam,
2036 1581 2115 1615 cin-

1243 1640 1463 1665 namomum.
1500 1631 1585 1664 Stat.
1622 1630 1703 1664 silv.
1729 1631 1769 1672 2,
1795 1631 1833 1671 6,
1857 1630 1899 1663 86
1932 1631 1967 1664 in
1990 1632 2114 1665 funere

1243 1681 1344 1725 pueri
1378 1679 1536 1713 delicati:
1574 1680 1756 1722 odoriferos
1789 1679 1944 1713 eaehausit
1974 1681 2117 1724 flmnma

1243 1731 1389 1765 Sabaeos
1402 1731 1446 1763 Et
1458 1730 1596 1764 Cilicum
1610 1738 1726 1763 messes
1737 1730 1944 1771 Phariaeque
1958 1733 2117 1772 exempta

1241 1781 1371 1814 volucri
1385 1781 1559 1814 Cinnama.
1582 1798 1617 1804 —
1641 1780 1797 1822 funerum
1819 1779 2000 1822 sollemnia]
2023 1779 2114 1813 Alibi

1244 1831 1419 1865 defunctis
1449 1832 1485 1864 et
1513 1832 1592 1864 usto
1618 1831 1690 1863 iam
1714 1839 1864 1873 corpore
1887 1829 2115 1864 nihilominus

1244 1891 1314 1915 non
1338 1890 1418 1914 aras
1441 1882 1580 1914 tantum
1603 1880 1822 1922 statuebant,
1849 1880 1914 1914 sed
1930 1879 2117 1914 struebant
2181 1884 2187 1890 ‘

1245 1935 1280 1966 et
1302 1932 1549 1966 accendebant
1570 1940 1688 1974 rogos,
1715 1931 1817 1974 quasi
1839 1940 1968 1965 verum
1989 1930 2039 1964 ibi
2064 1931 2117 1964 fu·

1243 1992 1310 2017 nus
1338 1985 1374 2016 et
1401 1983 1556 2016 cadaver
1586 1983 1692 2016 esset.
1733 1983 1869 2015 Seneca
1892 1982 1939 2015 ad
1961 1983 2069 2017 Marc.
2094 1981 2115 2015 3

1244 2034 1289 2067 de
1313 2033 1511 2066 Germanici
1533 2034 1653 2075 patre:
1678 2033 1789 2066 Mater
1813 2033 1911 2075 longo
1927 2032 2046 2066 itinero
2058 2040 2116 2066 ro-

1242 2084 1364 2124 liquias
1391 2083 1496 2116 Drusi
1523 2083 1575 2115 sui
1601 2085 1797 2124 prosecuta,
1828 2084 1876 2115 tot
1901 2091 1966 2123 per
1987 2090 2116 2116 onmem

1241 2134 1376 2166 ltaliam
1406 2132 1598 2167 ardentibus
1624 2133 1734 2175 royis,
1770 2133 1866 2174 quasi
1895 2133 1989 2166 toties
2018 2133 2115 2166 illum

1243 2183 1418 2216 amitteret.
1446 2184 1531 2216 L1Ps.
1553 2200 1589 2207 -
1615 2183 1758 2224 diversa]
1782 2181 1920 2225 longius
1936 2182 2113 2224 distantia,

1243 2234 1288 2268 ab
1313 2232 1371 2266 illo
1393 2233 1518 2266 itinere
1543 2232 1676 2266 dissita.
1703 2232 1754 2266 Cf.
1779 2233 1813 2274 2,
1839 2232 1893 2266 60.
1922 2251 1958 2256 -
1990 2233 2048 2274 qui
2075 2233 2114 2266 in

1241 2284 1322 2318 urbe
1348 2283 1493 2326 fuerant]
1530 2283 1581 2316 Cf.
1606 2284 1640 2324 2,
1666 2284 1708 2317 70
1732 2291 1787 2325 sq.
1815 2301 1852 2307 -
1887 2283 2037 2316 consules
2062 2283 2110 2317 M.

1245 2334 1396 2368 Valerius
1416 2337 1447 2367 et
1461 2334 1507 2367 Μ.
1525 2332 1689 2377 Aurelius]
1713 2334 1753 2366 In
1767 2332 1883 2366 indice
1899 2333 2020 2366 Dionis
2034 2332 2115 2366 libri

1242 2386 1283 2418 57
1308 2383 1445 2428 plenius
1468 2385 1642 2416 vocantur
1663 2385 1710 2418 M.
1733 2384 1883 2417 Valerius
1902 2384 1951 2418 M.
1974 2383 2000 2426 f.
2024 2384 2115 2418 Mos-

1241 2436 1317 2469 sala
1339 2438 1370 2468 et
1390 2436 1438 2469 M.
1461 2434 1616 2467 Aurelius
1635 2435 1683 2467 M.
1701 2434 1725 2476 f.
1745 2435 1851 2468 Cotta.
1875 2432 1973 2468 Alter
1987 2442 2114 2468 eorum

1241 2486 1395 2520 Aurelius
1417 2485 1512 2519 Cotta
1535 2485 1664 2518 dicitur
1686 2484 1776 2518 infra
1799 2494 1831 2518 c.
1857 2485 1910 2518 ⁴7.
1935 2501 1980 2509 —
1999 2485 2114 2527 maai-

1239 2541 1383 2571 stratwm
1403 2536 1606 2577 occeperunt]
1633 2535 1683 2568 Cf.
1702 2536 1734 2576 6,
1753 2535 1806 2570 45.
1833 2536 1980 2578 Saepius
1996 2535 2113 2570 Livius

1241 2587 1365 2621 itidem
1386 2585 1499 2619 verbo
1523 2586 1670 2627 occipere
1693 2586 1801 2618 utitur
1823 2585 1868 2619 de
1892 2586 1977 2618 inito
1999 2586 2114 2627 magi-

1241 2640 1368 2679 stratu,
1398 2635 1494 2670 velut
1516 2636 1553 2678 3,
1581 2637 1622 2669 ⁴8
1646 2638 1682 2669 et
1703 2637 1757 2670 55.
1788 2637 1821 2678 6,
1846 2637 1878 2670 5.
1908 2635 1964 2677 4⁴,
1989 2636 2043 2669 ⁴7.
2071 2653 2110 2660 —

1240 2689 1375 2729 disiecti]
1400 2696 1472 2721 non
1496 2687 1619 2720 ordine
1644 2685 1778 2729 aliquo,
1812 2686 1878 2720 sed
1900 2686 2034 2729 passim
2054 2687 2112 2720 in-
2160 2714 2163 2717 .

1241 2739 1429 2778 cedentes;
1465 2737 1650 2771 manifesto
1680 2739 1802 2770 autem
1828 2737 1898 2770 hoc
1926 2736 1973 2770 ad
1994 2735 2110 2771 solum

1239 2788 1426 2833 populum,
1462 2797 1535 2822 non
1570 2788 1613 2821 ad
1648 2789 1812 2821 senatum
1845 2787 2013 2830 refertur,
2049 2789 2110 2831 qui

1240 2841 1315 2873 sine
1349 2838 1457 2872 dubio
1492 2838 1695 2880 dignitatem
1731 2846 1833 2872 suam
1864 2836 2042 2871 tuebatur.
2070 2829 2108 2862 -ὲ

1239 2889 1355 2923 aberat
1389 2889 1510 2931 quippe
1541 2888 1705 2928 adulatio]
1734 2886 1822 2927 sibi,
1858 2895 1930 2920 non
1959 2887 2110 2930 principi

1238 2939 1472 2982 lugebant.—
1498 2939 1622 2972 laetam
1642 2938 1769 2971 Tiberio
1786 2937 1868 2980 cet]
1891 2937 1956 2970 Dio
1971 2938 2026 2978 57,
2044 2937 2106 2970 ⁴8:

1238 2989 1307 3024 τοῦ
1339 2988 1381 3023 δὲ
1413 2986 1460 3033 δὴ
1489 2985 1726 3046 Γερμανικοῦ
1754 2984 2053 3030 τελευτήσαντος
2084 2982 2107 3019 ὀ

1237 3039 1310 3085 μὲν
1340 3038 1431 3080 Τιβέ
1454 3049 1514 3081 ιος
1542 3039 1609 3072 καὶ
1632 3035 1657 3082 ἡ
1688 3037 1829 3072 Λιουια
1855 3035 1955 3071 πάνυ
1979 3033 2108 3081 ἥσθη-

1239 3101 1332 3131 σαν,
1363 3089 1404 3123 οἱ
1452 3088 1471 3123 ὲ
1498 3085 1547 3133 δὴ
1574 3085 1685 3123 ἄλλοι
1706 3085 1846 3131 πάντες
1866 3084 1999 3129 δεινῶς
2020 3086 2109 3121 ἐλυ-

1239 3132 1435 3179 πήθησαν.

1283 3187 1315 3220 3.
1338 3185 1425 3229 falsi]
1451 3184 1502 3218 Cf.
1525 3185 1557 3225 ⁴,
1575 3185 1607 3218 7.
1626 3200 1663 3207 —
1687 3181 1878 3226 Antoniam]
1900 3180 2107 3216 Plutarchus

1238 3237 1275 3270 in
1296 3236 1366 3269 vita
1387 3234 1527 3269 Antonii
1551 3243 1582 3267 c.
1605 3234 1665 3268 87·
1684 3229 2009 3276 Ἀπολειπομένων
2030 3230 2107 3265 τῶν

1234 3282 1431 3319 Ἀντωνίου
1451 3281 1516 3318 καὶ
1534 3280 1756 3325 Ὀκταουίας
1770 3281 1873 3317 δυεῖν
1886 3281 2107 3341 θυγατέρων

1237 3333 1309 3379 τὴν
1323 3334 1395 3379 μὲν
1411 3334 1593 3379 Δομίτιος
1610 3329 1870 3416 Αηνόβαρβος
1883 3327 2011 3374 ἔλαβε,
2034 3329 2107 3375 την

1237 3382 1279 3418 δὲ
1301 3382 1538 3432 σωφροσύνῃ
1560 3383 1627 3417 καὶ
1648 3380 1780 3417 κάλλει
1793 3379 2022 3429 περιβόητον
2031 3377 2106 3415 Ἀν-

1237 3436 1377 3469 τωνιαν
1391 3433 1578 3482 Δροῦσος,
1602 3443 1627 3467 o
1640 3431 1779 3475 Λιβίας
1801 3430 1898 3474 υἱός,
1915 3430 2106 3480 πρόγονος

1236 3482 1278 3519 δὲ
1299 3484 1518 3532 Καίσαρος·
1549 3482 1595 3519 ἐκ
1614 3478 1762 3518 τουτων
1782 3481 1933 3528 ἐγένετο
1954 3481 2105 3532 Γερμα-
