2254 3770
255 274 338 320 244·
734 277 780 320 Ρ.
813 274 1065 321 CORNELII
1094 275 1265 321 TACITI
1294 274 1563 322 ANNALIUM

256 382 312 426 ob
344 382 609 427 atrocitatem
637 395 807 426 morum
835 381 880 425 in
905 381 1088 426 insulam
1109 383 1340 439 Amorgum
1360 381 1620 440 deportatur.
1661 383 1880 428 Carsidius
1901 383 2054 428 Sacer-

257 456 354 509 dos,
394 471 496 501 reus
535 463 754 515 tamquam
789 456 1000 501 frumento
1037 457 1205 501 hostem
1234 457 1539 501 Tacfarinatem
1573 458 1768 508 iuvisset,
1807 457 2054 511 absolvitur,

258 531 542 590 eiusdemque
565 531 753 576 criminis
775 532 819 576 C.
842 531 1072 577 Gracchus.
1108 532 1223 576 hunc
1243 532 1442 576 comitem
1463 531 1578 577 exilii
1598 532 1827 578 admodum
1855 533 2055 578 infantem

257 614 381 666 pater
411 607 691 665 Sempronius
722 606 765 649 in
789 605 972 651 insulam
996 607 1220 652 Cercinam
1239 606 1407 652 tulerat.
1438 606 1524 652 illic
1544 607 1714 652 adultus
1735 609 1844 654 inter
1863 615 2056 654 extorres

227 690 303 728 set
331 682 571 727 liberalium
602 682 756 726 artium
784 683 967 734 nescios,
999 696 1099 727 mox
1127 696 1206 741 per
1235 682 1418 727 Africam
1447 697 1498 727 ac
1528 683 1711 728 Siciliam
1743 683 1945 728 mutando
1963 696 2058 728 sor-

260 758 384 802 didas
414 771 582 802 merces
612 757 950 811 sustentabatur;
988 772 1130 816 neque
1161 764 1303 802 tamen
1335 757 1482 816 effugit
1510 772 1689 816 magnae
1720 759 1914 803 fortunae
1942 759 2058 817 peri-

260 832 369 878 cula.
401 846 452 877 ac
471 833 514 875 ni
535 831 679 876 Aelius
701 833 846 876 Lamia
867 839 908 877 et
927 833 972 877 L.
995 834 1217 891 Apronius,
1241 833 1315 891 qui
1337 833 1519 877 Africam
1540 833 1822 888 obtinuerant,
1847 835 2059 879 insontem

260 907 559 967 protexissent,
578 907 828 952 claritudine
845 908 1015 952 infausti
1028 908 1199 966 generis
1213 915 1254 952 et
1270 909 1457 966 paternis
1475 908 1667 953 adversis
1682 909 1790 953 foret
1805 909 2056 953 abstractus.

375 983 406 1039 (4
417 983 455 1039 4)
486 985 526 1027 Is
547 997 723 1042 quoque
755 997 891 1027 annus
922 983 1155 1042 legationes
1177 983 1438 1028 Graecarum
1461 984 1692 1027 civitatium
1715 983 1872 1036 habuit,
1904 983 2058 1028 Samiis

213 1059 446 1108 ⁴⁰1unonis.
481 1059 579 1103 Cois
600 1058 843 1117 Aesculapii
874 1058 1054 1103 delubro
1084 1065 1299 1103 vetustum
1329 1058 1438 1118 asyli
1469 1059 1535 1102 ius
1564 1066 1611 1102 ut
1639 1059 1881 1104 firmaretur
1909 1065 2058 1118 peten-

261 1135 388 1179 tibus.
420 1134 550 1178 Samii
567 1133 742 1178 decreto
758 1133 1116 1194 Amphictyonum
1132 1134 1384 1185 nitebantur,
1408 1135 1503 1192 quis
1519 1135 1799 1193 praecipuum
1819 1135 1895 1179 fuit
1914 1148 2058 1179 rerum

262 1211 453 1255 omnium
482 1209 689 1254 iudicium
719 1224 806 1268 qua
833 1216 1087 1268 tempestate
1119 1210 1270 1254 Graeci
1302 1209 1481 1253 conditis
1511 1223 1590 1267 per
1611 1210 1753 1253 Asiam
1784 1210 1963 1254 urbibus
1983 1223 2059 1254 ora

261 1286 392 1330 maris
422 1285 706 1344 potiebantur.
736 1299 880 1344 neque
903 1284 1051 1344 dispar
1080 1284 1195 1343 apud
1219 1285 1331 1329 Coos
1362 1284 1602 1343 antiquitas,
1635 1291 1678 1329 et
1706 1284 1941 1329 accedebat
1968 1298 2059 1330 me-

261 1363 389 1405 ritum
420 1375 472 1405 ex
501 1360 619 1405 loco:
659 1374 759 1404 nam
790 1361 906 1405 cives
941 1361 1154 1413 Romanos
1193 1360 1349 1418 templo
1381 1359 1621 1415 Aesculapii
1651 1360 1923 1411 induxerant,
1962 1374 2059 1404 cum

213 1438 384 1486 isiussu
413 1437 528 1495 regis
549 1435 798 1479 Mithridatis
824 1435 940 1494 apud
961 1443 1134 1480 cunctas
1164 1435 1290 1479 Asiae
1321 1434 1481 1479 insulas
1501 1441 1544 1479 et
1572 1435 1704 1479 urbes
1734 1435 2059 1480 trucidarentur.
2104 1456 2111 1463 ·

374 1512 510 1557 Variis
531 1511 687 1556 dehinc
704 1518 747 1555 et
765 1511 939 1569 saepius
966 1511 1102 1554 inritis
1130 1518 1374 1569 praetorum
1395 1510 1631 1569 questibus,
1664 1517 1882 1569 postremo
1902 1510 2062 1555 Caesar

262 1588 317 1632 de
337 1587 594 1631 inmodestia
614 1586 864 1630 histrionum
886 1586 1064 1630 rettulit:
1089 1586 1221 1630 multa
1241 1586 1294 1630 ab
1318 1586 1367 1639 iis
1389 1587 1429 1628 in
1450 1585 1670 1644 publicum
1691 1585 1907 1637 seditiose,
1930 1585 2056 1630 foeda

262 1678 341 1722 per
370 1663 521 1707 domos
552 1663 770 1720 temptari;
803 1663 965 1706 Oscum
986 1661 1204 1720 quondam
1227 1661 1449 1711 ludicrum,
1481 1661 1724 1705 levissimae
1750 1660 1865 1719 apud
1886 1661 2060 1720 vulgum

328 1812 360 1844 4.
385 1810 427 1843 ab
450 1818 503 1852 pr.
529 1810 563 1843 M
590 1825 625 1833 --
659 1808 869 1841 atrocitatem
890 1816 1022 1840 morum
1045 1807 1200 1850 Lipsius:
1234 1809 1444 1840 atrocitatem
1467 1811 1651 1848 temporum
1674 1807 1724 1846 M;
1756 1807 1965 1840 atrocitatem
1987 1810 2060 1840 tor-

261 1870 447 1900 mentorum
470 1866 595 1898 Haase.
626 1882 661 1888 -
689 1864 860 1897 Carsidius
885 1864 1087 1897 Reinesius:
1113 1865 1243 1897 carsius
1266 1864 1308 1897 M.
1337 1863 1389 1896 Cf.
1414 1864 1446 1903 6,
1464 1863 1518 1897 48.
1541 1882 1576 1887 -
1602 1863 1634 1895 7.
1660 1863 1791 1896 lamina
1813 1863 1846 1896 M
1867 1881 1901 1887 —-
1928 1863 1960 1896 8.
1986 1864 2060 1896 cla-

261 1923 402 1956 ritudini
425 1922 458 1955 M
483 1938 521 1945 —
547 1921 580 1953 9.
605 1920 779 1962 legationis
801 1929 854 1962 pr.
873 1921 907 1953 M
932 1937 969 1943 —
997 1921 1050 1952 40.
1075 1918 1146 1952 edis
1170 1921 1202 1954 M
1221 1938 1256 1942 —
1282 1923 1446 1952 vetustum
1469 1918 1682 1952 Beroaldus:
1706 1923 1856 1952 uetustus
1877 1923 1948 1953 tum
1970 1921 2002 1954 M
2021 1938 2058 1944 -

263 1981 315 2013 42.
343 1988 412 2021 qua
433 1981 622 2020 tempestate
637 1978 791 2020 Lipsius:
817 1985 858 2010 ea
880 1986 948 2018 qua
971 1977 1045 2018 (que
1068 1977 1201 2018 margo)
1226 1980 1413 2018 tempestate
1431 1977 1484 2015 M;
1509 1985 1550 2010 ea
1572 1979 1759 2017 tempestate
1781 1984 1850 2016 qua
1872 1976 2061 2010 Rhenanus

262 2035 318 2078 (cf.
346 2036 377 2076 6,
403 2035 455 2077 8);
488 2043 532 2068 ex
555 2043 624 2077 qua
647 2036 834 2075 tempestate
855 2033 1124 2066 Weissenborn.
1155 2052 1188 2056 —
1222 2034 1372 2066 conditus
1394 2043 1447 2076 pr.
1473 2034 1506 2067 M
1532 2050 1566 2055 —
1605 2032 1657 2066 44.
1684 2034 1722 2065 Iu
1745 2033 1779 2066 M
1801 2042 1959 2066 romanos
1980 2041 2061 2065 cor·

262 2093 402 2125 rectum
427 2093 481 2124 est
503 2100 523 2123 a
546 2091 661 2133 prima
685 2099 794 2122 manu
809 2099 852 2122 ex
873 2099 1050 2130 romanas,
1077 2091 1183 2132 atque
1206 2091 1393 2133 praeterea
1417 2089 1698 2132 superscriptum
1723 2097 1758 2121 os
1779 2107 1814 2114 —
1841 2089 1895 2122 46.
1919 2090 2062 2130 quaesti-

263 2148 322 2182 bus
344 2158 397 2191 pr.
423 2148 457 2182 M
485 2165 517 2171 —
547 2147 599 2181 48.
626 2147 820 2188 temptarios
841 2156 917 2180 cum
940 2148 973 2180 M
999 2165 1035 2170 —
1061 2147 1223 2180 leuissime
1246 2147 1289 2180 M.

263 2268 376 2301 carive
398 2266 547 2307 iusserit,
573 2267 723 2306 torserit,
746 2266 990 2308 verberaverit,
1016 2267 1137 2299 eonde-
1188 2275 1223 2298 u.
1250 2266 1325 2298 666.
1352 2263 1471 2297 Vellei.
1497 2265 1537 2303 2,
1564 2264 1616 2296 48.
1642 2264 1789 2306 Appian.
1815 2263 1930 2297 Mithr.
1949 2264 2004 2297 22.
2022 2282 2057 2287 —

262 2318 447 2357 mnaverit,
476 2318 553 2350 inve
578 2316 715 2358 publica
735 2316 870 2349 vincula
894 2317 969 2348 duci
991 2316 1134 2349 iusserit.
1187 2317 1223 2348 in
1243 2315 1412 2356 publicum
1433 2314 1592 2356 seditiose]
1615 2313 1792 2355 Significat
1815 2314 1943 2356 partim
1967 2314 2058 2347 dicta

265 2369 366 2402 Cuius
386 2369 437 2400 rei
453 2377 566 2409 poena
587 2369 624 2400 in
646 2367 837 2400 humiliores
859 2367 993 2408 capitis,
1019 2368 1055 2400 in
1077 2368 1137 2399 ho·
1188 2364 1334 2398 ridicula
1352 2373 1394 2397 ex
1411 2367 1572 2406 tempore
1588 2364 1705 2397 mimis
1718 2364 1918 2405 ceterisque
1934 2362 2061 2397 fabulis

263 2420 422 2452 nestiores
443 2418 574 2450 insulae
597 2417 825 2458 deportatione
847 2419 1030 2450 coercetur.
1062 2417 1137 2456 Quo

266 2479 309 2503 ex
340 2469 418 2501 loco
448 2468 635 2509 desumes,
674 2468 759 2509 quid
788 2468 1025 2510 designaverit
1046 2467 1138 2500 Vibii

266 2520 443 2553 atrocitas.
473 2537 508 2542 ——
542 2518 733 2561 Amorgum]
763 2527 873 2561 prope
897 2520 1045 2552 Naxum.
1083 2518 1135 2551 Cf.

266 2571 298 2611 6,
324 2570 377 2603 30.
405 2569 516 2601 Hodie
541 2570 672 2611 Morqo.
700 2586 736 2592 —
764 2569 798 2602 C.
826 2568 1007 2610 Gracchus]
1033 2568 1084 2601 Cf.
1104 2568 1135 2607 6,

266 2621 320 2653 46.
343 2619 396 2652 38.
420 2637 455 2643 -
482 2619 706 2661 Sempronius]
732 2620 791 2661 qui
814 2618 936 2652 Iuliam
958 2620 994 2651 in
1015 2619 1138 2651 matri-

264 2671 375 2704 monio
409 2671 454 2704 M.
484 2670 652 2711 Agyrippae
683 2673 904 2703 temeraverat
933 2671 976 2712 (4,
1002 2669 1069 2710 53).
1099 2688 1134 2694 -

265 2721 419 2753 sordidas
433 2720 565 2760 merces]
582 2720 653 2752 Hae
670 2721 898 2762 opponuntur
913 2720 1137 2761 negotiationi

267 2770 440 2814 imprimis
457 2769 725 2809 frumentariae,
751 2769 795 2802 ab
814 2769 991 2811 equitibus
1007 2771 1137 2802 Roma-

266 2823 320 2856 nis
352 2820 560 2865 plerumque
586 2821 773 2853 exercitae.
812 2821 883 2853 Cic.
910 2820 954 2853 de
979 2820 1076 2853 Offic.
1105 2821 1135 2861 4,

266 2873 328 2906 42:
354 2871 550 2905 Mercatura
572 2872 600 2903 si
624 2872 731 2904 tenuis
745 2873 807 2910 est,
834 2871 970 2903 sordida
985 2871 1139 2912 putanda

267 2926 334 2956 est:
369 2922 419 2954 sin
453 2929 579 2962 maana
611 2923 642 2953 et
672 2922 822 2961 copiosa,
858 2922 965 2954 multa
993 2923 1139 2962 undique

268 2976 452 3015 apportans
473 2971 650 3012 multisque
674 2972 743 3004 sine
765 2973 914 3005 vanitate
936 2973 1136 3013 impertiens,

267 3034 334 3058 non
357 3026 405 3057 est
427 3023 606 3056 admodum
627 3022 858 3062 vituperanda.
882 3042 917 3047 —
936 3022 1047 3056 Aelius
1070 3024 1138 3056 La-

267 3075 348 3115 mia]
375 3071 424 3106 Cf.
449 3073 481 3113 6,
507 3072 561 3105 27.
582 3089 618 3094 ——
644 3071 680 3104 L.
706 3072 881 3114 Apronius]
908 3074 958 3105 Cf.
978 3074 1009 3112 3,
1027 3073 1080 3106 24.
1099 3066 1134 3096 -’

268 3124 418 3158 adversis
430 3123 456 3164 s.
475 3121 673 3163 abstractus]
699 3120 803 3154 Plene
822 3122 961 3155 Curtius
978 3123 1010 3162 3,
1024 3123 1055 3162 Ξ,
1075 3122 1134 3154 47ε

268 3177 398 3208 Darius
419 3173 576 3215 hospitem
591 3190 609 3196 -
620 3189 639 3195 -
655 3171 803 3205 abstrahi
825 3174 920 3206 iussit
938 3175 982 3206 ad
997 3173 1139 3214 capitale

1188 2416 1333 2455 inserta,
1355 2422 1446 2456 quae
1464 2414 1498 2446 in
1515 2413 1694 2446 Tiberium
1711 2414 1870 2446 converti
1885 2414 2059 2457 poterant,

1189 2466 1341 2498 maxime
1377 2466 1496 2497 autem
1535 2464 1705 2497 factiones
1744 2463 1819 2497 illas
1857 2462 2058 2504 theatrales,

1189 2525 1279 2558 quae
1313 2515 1387 2548 aliis
1419 2514 1649 2550 histrionibus
1673 2514 1855 2555 favebant,
1885 2513 1972 2547 alios
1995 2513 2061 2547 de-

1189 2563 1402 2608 primebant.
1425 2583 1461 2589 —
1485 2565 1583 2606 foeda
1599 2574 1664 2606 per
1677 2564 1799 2606 domos]
1824 2565 1906 2607 quia
1922 2565 2061 2598 histrio·

1189 2626 1252 2650 nes
1275 2616 1523 2650 adulescentes
1547 2616 1737 2656 formosos,
1764 2614 1931 2649 mulieres
1953 2617 2060 2649 etiam

1189 2666 1326 2700 nobiles
1350 2664 1646 2708 corrumpebant,
1671 2665 1727 2698 vel
1743 2665 1788 2699 ab
1806 2665 1860 2698 his
1876 2664 1922 2698 ad
1938 2667 2058 2708 stupra

1188 2718 1302 2759 pretio
1327 2716 1605 2759 pelliciebantur.
1631 2733 1673 2739 —-
1697 2715 1814 2748 Oscum
1832 2723 1863 2757 q.
1882 2715 2059 2758 ludicrum]

1190 2769 1422 2809 Contemptus
1461 2775 1569 2799 causa
1606 2766 1657 2799 sic
1693 2764 1848 2807 loquitur
1884 2765 2058 2806 Tiberius,

1189 2819 1290 2860 quasi
1322 2818 1366 2850 de
1391 2817 1474 2851 solis
1497 2815 1679 2854 Atellanis;
1713 2816 1757 2848 de
1781 2815 1911 2858 quibus
1934 2816 2060 2850 Strabo

1189 2871 1222 2910 ὅ,
1249 2878 1283 2911 p.
1308 2867 1391 2900 233:
1418 2865 1516 2899 ἴδιον
1538 2865 1580 2899 δέ
1604 2875 1640 2899 τι
1661 2861 1912 2907 τοῖςοΌσκοις
1927 2866 1993 2900 καὶ
2007 2864 2059 2911 τῷ

1188 2917 1264 2952 τῶν
1287 2914 1487 2951 Aeacum
1508 2912 1612 2949 ἔθνει
1635 2915 1874 2959 συμβέβηκε.
1898 2914 1974 2949 τῶν
1988 2916 2061 2960 μὲν

1189 2966 1261 3015 γὰρ
1274 2963 1424 3000 Ὃσκων
1448 2963 1722 3000 ἐκλελοιπότων
1739 2961 1762 3009 ἦ
1780 2964 1978 3009 διάλεκτος
1991 2967 2060 3010 μέ-

1187 3029 1243 3052 νει
1267 3014 1370 3064 παρὰ
1393 3020 1474 3058 τοῖς
1483 3013 1713 3060 “”Ρωμαιόις,
1740 3012 1840 3049 ὥστε
1861 3017 1928 3050 καὶ
1946 3014 2059 3060 ποιή-

1187 3080 1293 3113 ματα
1329 3067 1657 3112 σκηνοβατεῖσθαι
1691 3065 1789 3100 κατά
1819 3077 1904 3101 τινα
1929 3064 2059 3112 ἀγῶνα

1189 3118 1350 3167 πάτριον
1373 3118 1438 3151 καὶ
1460 3116 1774 3162 μιμολογεῖσθαι.
1802 3117 1864 3159 (Cf.
1882 3117 1955 3150 LiV.
1973 3117 2005 3157 7,
2023 3117 2055 3150 2.

1189 3170 1334 3205 Mueller
1356 3170 1516 3203 Etrusker
1539 3170 1563 3201 1.
1590 3178 1624 3210 p.
1650 3169 1702 3201 25.
1735 3168 1841 3202 Munk
1864 3167 1909 3200 de
1932 3166 2058 3201 fabulis

268 3225 476 3266 supplicium.
502 3223 556 3256 Ad
580 3222 677 3255 idem
699 3221 791 3255 redit
813 3221 961 3255 aliorum
985 3222 1140 3265 explica·
1160 3227 1163 3278 Ι
1190 3221 1371 3261 Atellanis,
1404 3221 1539 3263 Lipsiae
1564 3219 1674 3260 4840.)
1710 3217 1817 3251 Simul
1849 3226 1934 3250 vero
1958 3226 2059 3251 com-

270 3275 335 3307 tio:
365 3275 424 3307 «in
448 3273 644 3316 perniciem
668 3272 757 3306 foret
780 3274 946 3304 tractus.»
973 3272 1023 3304 Cf.
1051 3273 1135 3305 Hist.
1160 3282 1163 3324 f
1188 3272 1352 3315 plectitur
1367 3272 1495 3304 mimos
1511 3272 1724 3312 veteresque
1741 3267 1875 3302 fabulas
1888 3269 2056 3302 comicas.

270 3324 367 3408 Ibi}
392 3376 423 3407 Is
445 3383 575 3418 quoque
597 3373 716 3414 annus]
740 3372 830 3406 sicut
851 3372 1010 3414 proxime
1035 3380 1138 3415 supe-

271 3425 354 3457 rior.
380 3424 431 3458 Cf.
450 3424 482 3466 3,
500 3424 554 3458 62.
583 3443 618 3448 —
643 3423 735 3457 iussu
755 3422 843 3465 reqis
865 3421 1080 3464 Mithridatis]
1103 3431 1135 3455 a.

1192 3341 1227 3345 —
1252 3322 1404 3364 pulsi--
1420 3321 1531 3362 Italia]
1557 3320 1608 3354 Cf.
1634 3321 1778 3353 Sueten.
1804 3317 1878 3351 Tib.
1905 3317 1958 3350 37.
1995 3319 2058 3352 Dio

1188 3373 1242 3411 57,
1268 3372 1306 3404 24
1324 3381 1331 3403 :
1366 3367 1456 3411 τοὺς
1479 3369 1519 3403 δὲ
1544 3366 1739 3418 ὀρχηστὰς
1761 3366 1831 3411 τῆς
1853 3377 1893 3401 τε
1910 3365 2059 3412 Ῥώμης

1188 3418 1352 3464 ἐξήλασε
1374 3421 1438 3454 καὶ
1461 3416 1663 3464 μηδαμόθι
1686 3417 1733 3466 τῇ
1754 3418 1868 3466 τέχνῃ
1885 3417 2058 3466 χρῆσθαι
