2254 3770
279 290 387 321 xxxn
837 275 1226 321 CHRONOLOGIA
1255 274 1533 320 ANNALIUM.

280 392 320 425 A.
339 392 376 426 U.
392 391 429 425 C.
458 393 494 425 P.
515 391 597 425 Can.
706 390 819 424 COSS.

917 470 920 473 -
947 452 1039 486 litur.
1066 453 1103 486 C.
1130 453 1271 486 Cassius
1298 452 1492 493 LonginuS,
1525 451 1627 484 ICtus
1651 449 1918 492 celeberrimus,

321 955 385 988 849
498 954 540 988 66
636 953 674 986 C.
701 954 887 988 Suetonius

635 1002 816 1044 Paulinus,
850 1005 889 1039 C.

612 1053 761 1087 Luccius
781 1053 913 1088 Telesi-

721 1112 799 1137 nus.

319 1558 383 1591 820
497 1557 538 1591 67
647 1555 684 1587 L.
713 1555 874 1588 Fonteius

442 1619 445 1622 ·
612 1604 751 1646 Capito,
789 1605 826 1637 C.
853 1605 910 1637 Iu-

654 1653 720 1687 lius
744 1654 864 1687 Rufus.

318 2010 376 2045 82⁴
496 2011 537 2044 68
610 2005 648 2038 C.
680 2003 780 2037 Silius
816 2002 907 2036 Itali-

609 2063 688 2095 cus,
713 2055 835 2097 po'eta,
861 2055 904 2088 M.

630 2104 786 2138 Galerius
806 2105 887 2136 Tra-

687 2153 819 2187 chalus.

334 3334 353 3354 m
368 3329 429 3352 Eine
443 3327 564 3357 incipiunt
579 3325 658 3348 'ruem
674 3324 840 3348 Historiomm
857 3324 922 3348 libri.

946 503 980 535 in
1015 503 1210 536 Sardiniam
1235 502 1383 535 eiicitur.
1424 502 1460 533 L.
1486 500 1606 533 lunius
1629 499 1783 542 Silanus,
1816 501 1921 535 nobi-

946 550 1098 585 lissimus
1123 552 1278 592 iuvenis,
1304 552 1340 584 in
1363 550 1452 583 illius
1476 550 1583 583 domo
1602 549 1785 591 educatus,
1810 551 1921 584 inter-

946 601 1070 635 ficitur.
1099 603 1133 635 L.
1152 602 1320 635 Antistius
1344 601 1471 641 Vetus,
1498 600 1678 642 quondam
1701 598 1833 643 collega
1849 602 1919 634 Ne·

945 651 1059 691 ronis,
1088 654 1275 685 accusatus
1298 659 1443 684 manum
1468 649 1535 683 sibi
1558 649 1670 683 affert.

987 701 1050 733 Tot
1079 700 1293 735 facinoribus
1322 701 1466 734 foedum
1494 709 1626 733 annum
1650 701 1757 733 etiam
1780 700 1831 733 dii
1854 709 1919 743 pe-

943 749 1093 783 stilentia
1110 752 1340 794 insignivere:
1364 752 1494 784 Romae
1512 750 1651 792 triginta
1668 749 1833 783 funerum
1848 751 1918 783 mi—

944 799 986 833 lia
1011 800 1055 834 ad
1079 801 1265 835 Libitinam
1290 802 1469 834 nuntiata„
1485 801 1644 842 (Sueton.
1669 801 1750 834 Ner.
1777 800 1845 840 39.)

986 853 1116 885 Pontus
1139 851 1409 885 Polemoniacus
1433 853 1469 884 et
1492 851 1594 883 Cottii
1616 859 1765 892 regnum
1788 849 1918 894 Inalpi-

944 910 1028 934 num
1052 903 1254 943 provinciae
1280 903 1459 935 Romanae
1484 900 1609 934 factae.

987 951 1082 986 Multi
1110 953 1174 985 viri
1204 951 1356 985 illustres
1388 951 1533 984 saevitia
1560 950 1726 992 principis
1749 952 1785 983 et
1807 958 1918 984 accu-

944 1003 1102 1035 satorum
1127 1001 1233 1044 (velut
1248 1000 1399 1035 Marcelli
1416 1001 1521 1043 Eprii)
1543 999 1722 1039 tolluntur,
1747 1001 1840 1033 inter
1855 1009 1918 1034 eos

943 1052 1101 1085 Ostorius
1124 1050 1273 1094 Scapula
1298 1052 1333 1083 et
1354 1051 1392 1083 C.
1411 1050 1606 1089 Petronius,
1634 1049 1849 1092 «elegantiae
1865 1060 1920 1084 ar-

942 1100 1074 1141 biter»,
1101 1103 1135 1134 et
1158 1102 1233 1143 ipsa
1250 1101 1418 1133 virtutum
1442 1099 1603 1141 exempla
1619 1101 1747 1134 Paetus
1764 1101 1916 1135 Thrasea

943 1152 978 1183 et
1001 1152 1151 1184 Marcius
1167 1151 1275 1183 Barea
1293 1151 1466 1190 Soranus,
1493 1149 1735 1182 administrata
1752 1151 1833 1183 Asia
1849 1150 1917 1184 ela-

942 1209 1015 1234 rus.
1046 1200 1267 1241 *Tigranes,
1304 1200 1491 1232 Armeniae
1524 1208 1605 1238 rex,
1637 1199 1786 1233 Romam
1808 1201 1915 1241 venit,

942 1259 1050 1292 quem
1083 1251 1175 1283 Nero
1211 1249 1397 1291 magnifice
1428 1250 1617 1291 exceptum
1648 1258 1691 1282 ac
1718 1250 1916 1284 diademate

942 1302 1123 1340 ornatum,
1160 1300 1325 1332 «divinae
1348 1299 1446 1332 vocis
1471 1308 1582 1333 suae»
1614 1299 1749 1332 honore
1773 1301 1915 1333 mactat.

985 1352 1123 1383 Interea
1147 1350 1285 1389 Iudaei,
1312 1350 1422 1383 Gessii
1446 1348 1536 1382 Flori
1565 1351 1803 1391 procuratoris
1827 1351 1918 1383 iniu-

942 1402 1000 1434 riis
1017 1401 1205 1439 commoti,
1231 1408 1330 1432 arma
1345 1400 1501 1432 universi
1519 1400 1681 1441 capiunt,
1707 1402 1743 1432 et
1759 1401 1927 1433 Cestium.

943 1450 1093 1489 Gallum,
1121 1451 1243 1492 Syriae
1267 1448 1531 1491 proconsulem,
1558 1458 1640 1482 cum
1658 1451 1815 1483 exercitu
1830 1450 1918 1483 sub-

940 1501 1156 1539 venientem‚
1183 1507 1298 1541 pugna
1323 1499 1413 1531 facta
1436 1499 1471 1531 in
1495 1498 1612 1540 fugam
1636 1500 1838 1533 coniiciunt.

986 1550 1076 1582 Nero
1107 1550 1143 1581 in
1172 1550 1354 1582 Graeciam
1384 1549 1583 1591 profectus,
1620 1550 1804 1591 tamquam
1838 1558 1917 1582 am-

941 1598 1090 1641 pliorem
1114 1600 1241 1632 artium
1266 1607 1411 1632 suarum
1435 1607 1594 1639 scenam,
1624 1598 1758 1641 (relicto
1774 1600 1809 1632 in
1825 1599 1916 1632 urbe

940 1648 1039 1682 Helio
1062 1649 1215 1691 liberto,)
1239 1658 1339 1683 sacra
1365 1649 1558 1682 certamina
1581 1647 1673 1689 obit,
1700 1657 1825 1682 currus
1840 1649 1917 1691 agi-

939 1700 1036 1740 tans,
1063 1707 1212 1739 canens,
1239 1699 1439 1741 tragoedias
1462 1708 1589 1741 agens:
1616 1708 1733 1741 neque
1756 1708 1842 1733 vero
1859 1708 1918 1732 ce-

939 1751 1015 1782 tera
1038 1749 1166 1791 flagitia
1190 1758 1232 1782 ac
1255 1748 1391 1782 scelera
1415 1750 1560 1788 omittit;
1592 1748 1844 1789 Corbulonem,
1870 1748 1915 1781 ad

939 1807 979 1831 se
1003 1801 1202 1838 evocatum,
1228 1799 1513 1832 interficiendum
1538 1801 1649 1832 curat.
1684 1800 1806 1841 Syriae
1829 1807 1916 1841 pro-

938 1849 1074 1882 vinciae
1090 1850 1134 1883 M.
1154 1849 1304 1882 Licinius
1320 1849 1502 1882 Mucianus
1526 1849 1772 1891 praeponitur;
1798 1847 1915 1881 ludai-

940 1907 1021 1931 cum
1051 1898 1185 1931 bellum
1214 1900 1252 1931 T.
1278 1899 1498 1941 Vespasiano
1523 1907 1605 1931 cum
1629 1899 1786 1932 exercitu
1808 1899 1914 1931 trium

939 1948 1117 1991 legionum
1140 1949 1366 1991 permittitur.

983 2001 1074 2032 Nero
1096 2000 1245 2032 Romam
1268 1998 1379 2039 redit,
1414 2007 1505 2031 novo
1532 1998 1700 2042 triumphi
1723 2006 1855 2039 genere
1878 1998 1914 2031 et

939 2048 1102 2091 praelatis
1127 2049 1355 2082 MDCCCVm
1378 2050 1530 2082 coronis.
1568 2048 1638 2081 Sed
1667 2056 1750 2081 mox
1773 2049 1914 2091 perter-

939 2100 1037 2131 retur
1059 2100 1158 2132 motu
1183 2097 1392 2138 Galliarum,
1419 2099 1457 2132 C.
1476 2097 1562 2131 Iulio
1578 2097 1723 2131 Vindice
1740 2097 1831 2133 duce
1848 2098 1914 2131 de-

938 2148 1130 2181 ficientium
1155 2150 1190 2181 et
1213 2150 1288 2182 Ser.
1312 2148 1504 2192 Sulpicium
1529 2148 1692 2189 Galbam,
1725 2150 1912 2192 Hispaniae

938 2197 1206 2241 proconsulem,
1242 2198 1287 2232 de
1320 2199 1420 2232 cuius
1451 2208 1540 2232 nece
1563 2200 1656 2232 Nero
1678 2200 1843 2233 mandata
1866 2200 1912 2233 ad

936 2250 1186 2291 procuratores
1210 2248 1301 2282 clam
1324 2250 1471 2283 miserat
1499 2250 1652 2292 (Sueton.
1673 2250 1781 2283 Galba
1797 2251 1842 2293 9),
1866 2250 1912 2283 ad

937 2299 1125 2341 imperium
1149 2300 1363 2333 vocantium.
1388 2300 1526 2333 Vindex
1542 2300 1687 2343 quidem
1704 2300 1914 2343 opprimitur

936 2347 981 2380 ab
1005 2349 1162 2381 exercitu
1179 2350 1387 2383 Germaniae
1404 2351 1609 2392 superioris,
1635 2351 1712 2393 ipso
1729 2351 1804 2383 eius
1819 2350 1911 2383 duce

936 2399 972 2431 T.
997 2399 1161 2440 Verginio
1198 2399 1285 2432 Rufo
1320 2399 1480 2439 nolente,
1518 2400 1583 2434 sed
1614 2400 1766 2433 defectio
1800 2399 1911 2434 semel

936 2450 1060 2490 coepta
1094 2449 1169 2482 sisti
1198 2458 1270 2482 non
1301 2451 1425 2492 potest.
1469 2449 1912 2493 NeQfflmm-uuis

935 2498 1261 2540 Romapmmgitq„
1271 2500 1410 2533 GALBA
1434 2500 1629 2542 imperator
1652 2507 1673 2532 a
1695 2500 1823 2532 senatu
1845 2499 1909 2533 de-

936 2537 1098 2588 claratur,
1124 2548 1159 2580 et
1181 2549 1274 2581 Nero
1298 2548 1420 2582 ultima
1445 2551 1635 2592 progenies
1659 2550 1853 2584 Caesarum
1876 2551 1912 2583 et

937 2596 1164 2631 Claudiorum
1188 2608 1220 2631 a.
1246 2599 1280 2632 d.
1299 2600 1339 2632 V.
1364 2599 1415 2634 ld.
1441 2601 1515 2633 Iun.
1543 2600 1589 2641 (d.
1608 2601 1642 2633 9.
1659 2601 1793 2634 mensis
1810 2600 1925 2641 Iunii).

936 2647 981 2680 ad
1005 2650 1156 2682 mortem
1179 2649 1346 2691 adigitur,
1371 2659 1504 2684 annum
1527 2659 1636 2693 agens
1658 2651 1775 2684 XXXI.

1965 392 2049 423 Anu.

1958 904 2045 938 xvi.

1945 953 2066 987 ⁴4-35.

1945 1204 2062 1238 Deest.

1974 1556 2061 1588 eest.

1937 2000 2058 2034 Deest.

979 2699 1059 2731 Mox
1087 2698 1194 2732 Galba
1223 2700 1371 2732 Romam
1400 2701 1516 2739 venit,
1552 2709 1662 2734 senex
1686 2700 1734 2741 (a.
1761 2699 1909 2741 LXXIII)
1934 2705 2054 2739 Deest,

937 2747 1119 2781 modestus
1144 2750 1178 2781 et
1201 2750 1334 2790 gravis,
1359 2749 1424 2783 sed
1446 2749 1581 2783 libertis
1604 2749 1777 2783 obnoxius
1801 2750 1837 2782 et
1859 2749 1912 2782 ni-

936 2797 1003 2830 mis
1033 2806 1163 2839 parcus
1192 2807 1260 2831 nec
1290 2799 1458 2832 militibus
1482 2801 1662 2841 acceptus.
1697 2799 1819 2840 Itaque
1843 2799 1910 2832 sibi

935 2848 1124 2889 providens
1149 2847 1309 2882 Clodium
1333 2850 1491 2882 Macrum
1514 2849 1549 2882 in
1571 2848 1698 2885 Africa,
1724 2849 1908 2882 Fonteium

935 2898 1143 2940 Capitonem
1165 2899 1200 2930 iu
1217 2899 1404 2931 Germania
1428 2898 1606 2939 inferiore,
1630 2906 1740 2931 novas
1758 2906 1817 2931 res
1834 2907 1908 2931 mo-

934 2946 1030 2987 litos,
1063 2947 1176 2981 occidi
1207 2947 1324 2987 iubet,
1360 2951 1395 2982 et
1424 2949 1527 2982 huius
1550 2948 1628 2982 loco
1651 2949 1691 2981 A.
1716 2946 1905 2988 Vitellium,

934 2996 1115 3029 hominem
1138 2997 1313 3038 nobilem,
1344 2998 1409 3032 sed
1432 2998 1594 3032 desidem
1617 2998 1653 3031 et
1675 2996 1905 3038 luxuriosum,

936 3046 1104 3079 exercitui
1132 3048 1336 3089 praeponit,
1370 3049 1574 3090 Verginium
1598 3056 1740 3090 quoque
1772 3046 1817 3080 ab
1845 3056 1907 3081 su-

934 3096 1073 3137 periore
1112 3098 1268 3130 exercitu
1308 3100 1475 3139 revocat,
1524 3098 1627 3140 eique
1665 3097 1906 3131 Hordeonium

936 3143 1097 3178 Flaccum
1131 3146 1306 3188 praeficit,
1351 3146 1445 3181 nulla
1478 3147 1573 3191 apud
1606 3146 1744 3181 feroces
1777 3145 1906 3181 milites

936 3195 1188 3229 auctoritate*
