2254 3770
777 309 931 353 Lmen
959 309 1026 353 vi.
1072 308 1172 366 cap.
1203 309 1243 351 7.
1273 309 1313 352 8.
1861 306 1942 351 275

160 417 387 476 propinqui
417 423 460 460 et
489 415 653 460 adfines
690 415 923 459 honoribus
958 414 1246 472 augebantur,
1284 422 1330 458 ut
1359 415 1544 474 quisque
1574 415 1728 459 Seiano
1758 413 1941 465 intimus,

163 494 215 536 ita
246 492 299 536 ad
327 492 521 537 Caesaris
552 491 776 535 amicitiam
808 490 996 543 validus;
1027 498 1173 534 contra
1193 490 1351 548 quibus
1380 491 1570 535 infensus
1591 497 1719 542 esset,
1748 497 1864 533 metu
1894 503 1944 533 ac

162 567 362 612 sordibus
392 565 754 610 conflictabantur.
784 580 865 610 nec
893 580 1155 624 quemquam
1185 566 1381 624 exemplo
1412 566 1614 610 adsumo:
1651 572 1838 615 cunctos,
1870 564 1942 622 qui

161 642 378 686 novissimi
408 641 572 686 consilii
604 649 802 700 expertes
833 641 1000 699 fuimus,
1033 655 1128 684 meo
1157 641 1284 683 unius
1309 627 1554 685 discrimine
1574 641 1814 685 defendam.
1859 654 1944 683 non

160 717 274 761 enim
302 717 502 761 Seianum
535 717 857 766 Vulsiniensem,
890 724 955 760 set
986 715 1188 760 Claudiae
1219 723 1262 759 et
1291 716 1421 760 Iuliae
1445 717 1598 760 domus
1627 723 1804 775 partem,
1835 723 1971 774 quasb

159 792 374 836 adfinitate
403 799 706 850 occupaverat,
749 800 885 839 tuum,
918 792 1093 842 Caesar,
1134 805 1359 849 generum,
1401 793 1459 835 tui
1491 792 1735 836 consulatus
1765 792 1942 842 socium,

160 874 230 911 tua
259 867 398 912 officia
427 868 468 910 in
500 882 547 910 re
576 867 747 925 publica
780 874 1075 924 capessentem
1105 867 1363 912 colebamus.
1395 881 1478 911 non
1505 876 1570 911 est
1598 875 1791 911 nostrum
1819 867 1946 910 aesti-

158 957 277 987 mare
315 957 445 1001 quem
482 957 614 1001 supra
650 949 818 986 ceteros
855 949 896 986 et
932 942 1089 1000 quibus
1127 942 1181 986 de
1212 942 1354 986 causis
1384 942 1573 1002 extollas.
1618 943 1691 987 tibi
1731 957 1946 986 summum

160 1033 300 1062 rerum
333 1018 533 1061 iudicium
565 1018 607 1060 di
638 1017 821 1061 dedere:
865 1017 986 1060 nobis
1017 1017 1215 1076 obsequii
1245 1018 1379 1074 gloria
1409 1017 1555 1062 relicta
1585 1025 1662 1062 est.
1702 1024 1946 1076 spectamus

158 1108 288 1152 porro
307 1082 586 1151 quae'coram
606 1093 827 1141 habentur,
859 1095 929 1137 cui
950 1106 1003 1136 ex
1024 1099 1065 1136 te
1085 1107 1191 1151 opes
1213 1092 1410 1143 honores,
1442 1093 1540 1151 quis
1565 1093 1747 1151 plurima
1774 1092 1993 1136 iuvandiio

159 1169 399 1213 nocendive
419 1170 628 1227 potentia,
660 1181 772 1226 quae
793 1168 948 1211 Seiano
970 1167 1101 1211 fuisse
1121 1183 1247 1212 nemo
1269 1169 1499 1226 negaverit.
1548 1169 1715 1212 abditos
1741 1169 1947 1227 principis

161 1259 325 1294 sensus,
359 1252 400 1287 et
430 1245 464 1287 si
492 1244 596 1302 quid
617 1243 826 1287 occultius
855 1250 987 1301 parat,
1019 1244 1248 1301 exquirere
1278 1243 1494 1295 inlicitum,
1526 1258 1706 1302 anceps:
1738 1258 1818 1288 nec
1847 1244 1946 1288 ideo

162 1319 416 1378 adsequare.
453 1334 519 1370 ne,
552 1326 693 1377 patres
714 1318 955 1376 conscripti,
978 1318 1170 1362 ultimum
1191 1319 1334 1363 Seiani
1355 1319 1480 1369 diem,
1503 1320 1581 1364 sed
1602 1320 1791 1364 sedecim
1813 1333 1946 1363 annos

161 1394 457 1452 cogitaveritis.
489 1394 616 1438 etiam
638 1394 822 1438 Satrium
842 1400 970 1451 atque
989 1394 1272 1452 Pomponium
1292 1395 1624 1447 venerabamur3
1655 1395 1818 1439 libertis
1838 1409 1947 1453 quo-

161 1484 247 1528 que
267 1484 316 1514 ac
339 1463 587 1513 ianitoribus
607 1469 701 1513 eius
731 1476 956 1512 notescere
986 1483 1065 1526 pro
1095 1469 1320 1526 magnifico
1350 1470 1653 1528 accipiebatur.
1688 1470 1791 1529 quid
1813 1471 1996 1528 ergom

162 1545 403 1589 indistincta
431 1544 539 1589 haec
569 1544 762 1588 defensio
784 1550 826 1587 et
856 1544 1070 1601 promisca
1090 1544 1289 1588 dabitur?
1318 1545 1448 1589 immo
1479 1546 1599 1589 iustis
1629 1546 1820 1589 terminis
1841 1546 1948 1589 divi-

161 1620 297 1664 datur.
338 1620 518 1664 insidiae
549 1621 590 1662 in
619 1634 711 1664 rem
741 1619 972 1677 publicam,
1005 1619 1182 1664 consilia
1212 1620 1356 1664 caedis
1387 1620 1615 1664 adversum
1646 1622 1947 1679 imperatorem

160 1697 409 1754 puniantur:
441 1696 497 1740 de
526 1695 709 1740 amicitia
739 1701 781 1741 et
810 1694 961 1739 officiis
993 1695 1107 1739 idem
1135 1695 1231 1739 finis
1261 1702 1304 1740 et
1332 1703 1391 1748 te,
1425 1696 1595 1747 Caesar,
1627 1703 1669 1740 et
1698 1711 1776 1740 nos
1806 1696 1948 1741 absol-

224 1875 257 1907 5.
281 1874 337 1906 sod
357 1873 564 1907 Rhenanus:
589 1876 623 1905 et
643 1874 674 1906 M
710 1890 743 1896 —
777 1873 819 1928 6⁹,
834 1873 1021 1905 consolatus
1042 1873 1076 1906 M
1101 1891 1137 1897 —
1176 1873 1207 1905 7.
1233 1874 1449 1914 capisaenwm
1471 1875 1505 1908 M
1542 1892 1577 1898 -
1614 1874 1646 1906 9.
1670 1875 1827 1907 iuditium
1849 1875 1882 1907 M
1908 1892 1944 1898 -

161 1931 214 1964 ⁴3.
239 1931 273 1964 Ρ.
299 1930 333 1963 C.
359 1931 392 1963 M
417 1947 453 1954 -
480 1929 534 1962 ⁴4.
560 1933 660 1970 atque
681 1930 854 1962 Pinarium
875 1930 1028 1963 Ritterus
1046 1928 1135 1970 (coll.
1153 1928 1191 1970 4,
1210 1929 1276 1970 34).
1298 1947 1334 1954 -
1360 1931 1414 1963 ⁴5.
1431 1930 1637 1963 innitentibus
1658 1932 1691 1964 M
1710 1948 1747 1956 —-
1771 1934 1949 1964 measure

162 1986 235 2030 (sic)
257 1995 311 2029 pr.
336 1987 370 2020 M
395 2003 431 2010 —
458 1986 511 2019 ⁴7.
534 1987 653 2020 instato
674 1987 709 2020 M
735 2004 770 2010 -
797 1987 850 2019 ⁴8.
875 1986 979 2029 officis
1000 1987 1044 2020 M.

159 2151 230 2184 req.
251 2151 306 2183 pr.
324 2141 408 2183 coh]
434 2141 484 2175 Cf.
504 2143 536 2183 ⁴,
553 2141 607 2175 24.
630 2160 666 2165 —
690 2142 850 2185 sordibus]
874 2143 1027 2184 Respicit

160 2192 205 2224 ad
228 2192 352 2225 sordes
375 2200 531 2224 reorum.
565 2193 697 2225 Sensus
719 2193 822 2233 igitur
845 2195 918 2225 est:
947 2194 1028 2224 «aut

159 2242 367 2276 metuebant
397 2244 569 2285 perpetuo
609 2243 854 2276 accusationes
888 2245 949 2276 aut
981 2243 1026 2277 ab

159 2292 425 2326 accusatoribus
453 2292 706 2326 vexabantur.»
735 2293 816 2325 Eun.
845 2310 880 2316 -
913 2294 1026 2326 ηουᾶε-

157 2343 232 2376 simi
253 2343 398 2385 consilii]
432 2351 503 2384 quo
534 2343 744 2376 decreverat
777 2342 958 2376 Tiberium
981 2342 1026 2376 de

160 2393 278 2426 medio
301 2392 424 2426 tollere
448 2395 554 2435 atque
578 2394 625 2426 ita
641 2392 867 2427 clandestinis
890 2393 1028 2427 maehi-

159 2442 359 2478 nationibus
391 2443 500 2477 finem
530 2443 713 2486 imponere
743 2442 881 2477 scelere
912 2443 1028 2477 mani-

158 2493 261 2526 festo.
296 2493 372 2526 Hoc
404 2494 571 2532 Antonia,
609 2492 744 2526 Claudii
777 2496 909 2534 mater,
944 2502 1026 2526 cum

159 2541 298 2577 Tiberio
322 2541 445 2576 litteris
470 2542 652 2583 Caenidis,
676 2543 882 2585 Vespasiani
904 2545 1028 2585 postea

160 2593 295 2627 amicae
311 2618 319 2634 ,
344 2601 455 2627 mauu
477 2593 619 2634 scriptis
637 2592 711 2634 (Dio
726 2593 780 2632 66,
800 2591 852 2633 ⁴4)
875 2600 941 2635 per
955 2591 1030 2626 Pal-

159 2641 292 2676 lantem
320 2642 365 2675 ad
397 2651 479 2676 eum
511 2643 628 2677 missis
657 2642 941 2679 communicavit.
978 2644 1027 2679 lta

161 2693 256 2726 enim
277 2701 357 2726 rem
379 2694 500 2727 narrat
521 2693 691 2735 Iosephus
713 2693 830 2735 Antiq.
857 2693 910 2732 48,
936 2693 968 2732 6,
987 2693 1026 2725 6:

156 2738 391 2785 Ἐπιβουλῆς
418 2739 590 2786 μεγάλης
612 2739 812 2783 συστάσης
834 2740 896 2777 ἐπὶ
920 2739 1029 2781 Τιβέ-

160 2801 245 2837 ριον
267 2787 344 2826 ὑπὸ
365 2790 554 2835 Σηῖανοῦ,
590 2791 707 2833 φίλου
736 2801 777 2828 τε
788 2787 938 2849 ἀνδρὸς
963 2791 1028 2824 καὶ

159 2839 322 2884 δύναμιν
343 2841 384 2876 ἐν
406 2841 458 2886 τῷ
481 2839 568 2876 τότε
588 2843 775 2886 μεγίστην
792 2851 950 2883 εχοντος
965 2837 1028 2874 διὰ

160 2888 206 2924 τὸ
239 2890 315 2927 τῶν
355 2890 649 2939 στρατευμάτων
686 2889 783 2926 εἶναι
821 2888 1030 2936 ἡγεμονίαν

160 2938 285 2985 αὐτῷ,
320 2942 386 2974 καὶ
413 2940 482 2985 τῆς
510 2952 551 2979 τε
577 2940 724 2985 βουλῆς
747 2941 788 2975 οἱ
808 2940 944 2981 πολλοὶ
965 2941 1030 2974 καὶ

161 2989 236 3025 τῶν
251 2987 515 3038 ἀπελευθέρων
531 2992 767 3039 προσέθεντο
782 2991 846 3024 καὶ
862 2987 908 3024 τὸ
920 3000 1033 3050 στρα-

161 3038 339 3078 τιωτικὸν
360 3039 547 3088 ὀιέφθαρτ
548 3051 588 3081 ο,
613 3042 825 3086 προέκοπτέ
845 3050 887 3074 τε
908 3036 933 3084 ἡ
956 3040 1032 3074 ἐπι-

160 3088 285 3134 βουλὴ
309 3090 373 3126 ἐπὶ
393 3051 547 3135 μέγααῗῐ
536 3066 603 3126 uait
625 3088 675 3125 ἂν
690 3091 903 3137 ἐπέπρακτο
917 3090 1032 3134 Σηϊα-

162 3141 215 3186 m?
251 3139 296 3177 τὸ
331 3137 462 3189 ἷργον,
497 3138 554 3185 μὴ
587 3140 657 3185 τῆς
682 3138 877 3182 Ἀντωνίας
907 3138 1030 3187 τόλμῃ

165 3194 410 3238 χρησαμένης
440 3193 644 3238 σοφωτέρᾳ
674 3190 742 3235 τῆς
768 3189 938 3234 Σηῖανοῦ
961 3201 1032 3223 κα-

167 3244 358 3299 anomalae.
375 3261 396 3269 -
409 3261 429 3268 -
443 3239 589 3289 Γράφει
603 3239 698 3289 πρὸς
713 3238 831 3277 αυτὸν
845 3237 894 3273 τὰ
909 3239 1032 3273 πάντα

168 3286 335 3338 ἀκριβῶς
356 3293 423 3329 καὶ
437 3291 630 3328 Πάλλαντι
648 3290 834 3327 ἐπιδοῦσα
847 3288 895 3324 τὰ
909 3287 1033 3349 γράμ-

169 3350 273 3382 ματα
303 3341 356 3387 τῷ
389 3340 604 3386 πιστοτάτῳ
638 3340 713 3379 τῶν
743 3339 890 3375 δουλων
913 3337 1034 3383 αυτῆς

171 3388 351 3433 duxdux«.
373 3389 468 3438 πρὸς
483 3391 657 3439 Τιβέριον
679 3392 734 3433 εἰς
755 3389 824 3433 τὰς
841 3390 1031 3437 Καπρέας.

168 3434 208 3473 ‘0
233 3436 275 3476 δὲ
301 3439 438 3483 μαθὼν
466 3440 536 3479 τόν
557 3451 599 3477 τε
620 3438 788 3487 Σηϊανὸν
809 3441 947 3478 κτείνει
968 3440 1034 3477 καὶ

1076 2139 1168 2184 τοὺς
1205 2141 1527 2185 συνεπιβούλους·
1570 2140 1640 2187 τὴν
1676 2143 1717 2178 δὲ
1751 2142 1947 2179 Ἀντωνίαν

1077 2194 1141 2225 καὶ
1175 2194 1262 2240 πρὶν
1292 2189 1505 2238 ἀξιολόγως
1534 2189 1638 2239 ἄγων
1659 2197 1885 2242 τιμιωτέραν
1907 2205 1948 2229 τε

1077 2239 1322 2285 ὑπελάμβανε
1353 2244 1418 2276 καὶ
1449 2243 1512 2280 ἐπὶ
1540 2248 1623 2286 τοῖς
1649 2244 1744 2279 πᾶσι
1767 2244 1945 2290 πιθανήν.

1079 2310 1116 2316 -
1142 2293 1300 2326 claudiae
1322 2297 1354 2327 et
1379 2294 1484 2327 [ultae
1510 2295 1627 2329 domus
1650 2297 1798 2339 partem]
1833 2298 1948 2331 Seiani

1077 2342 1144 2376 filia
1179 2343 1352 2377 destinata
1387 2343 1521 2378 Claudii
1553 2345 1624 2380 filio
1658 2348 1803 2380 auctore
1837 2348 1947 2380 Dione

1076 2394 1138 2432 58,
1165 2394 1218 2426 Η.
1261 2394 1341 2426 Mox
1363 2393 1492 2427 Tiberii
1518 2404 1621 2437 qener-
1644 2396 1697 2438 (id
1720 2398 1793 2436 est,
1818 2405 1949 2439 proge-

1077 2443 1155 2484 ner)
1188 2443 1315 2476 dicitur
1347 2443 1394 2476 ob
1423 2445 1626 2486 opinionem
1654 2446 1848 2479 destinatae
1881 2447 1948 2489 ipsi

1076 2492 1200 2532 Iuliae,
1235 2493 1339 2527 Drusi
1376 2493 1479 2527 filiae.
1532 2495 1631 2528 Coni.
1661 2495 1699 2535 4,
1729 2497 1749 2529 7
1778 2498 1814 2529 et
1843 2497 1881 2538 ὅ,
1912 2497 1945 2529 6.

1079 2560 1115 2566 -
1141 2546 1252 2583 tuum,
1283 2543 1407 2576 Caesar
1428 2544 1511 2586 cet.]
1540 2543 1704 2582 Similiter
1727 2546 1860 2583 caesar
1881 2545 1948 2579 ab·

1078 2601 1162 2627 sens
1190 2592 1387 2637 appellatur
1415 2594 1522 2630 etiam
1552 2594 1611 2634 46,
1635 2595 1690 2628 34.
1723 2613 1757 2619 -
1794 2597 1844 2630 tui
1872 2605 1949 2630 con-

1077 2644 1206 2680 sulatus
1231 2642 1372 2684 socium]
1409 2643 1460 2676 Cf.
1485 2644 1518 2684 5,
1545 2644 1577 2679 6.
1613 2661 1649 2667 -
1680 2653 1740 2682 nec
1768 2646 1840 2679 ideo
1863 2645 1946 2687 cet]

1081 2695 1143 2726 «et
1170 2694 1365 2734 utcumque
1395 2701 1523 2727 sensus
1546 2695 1625 2730 tuos
1647 2694 1862 2729 scrutabitur
1884 2694 1948 2728 ali-

1079 2743 1178 2786 quis,
1203 2742 1300 2776 haud
1323 2742 1559 2784 adsequetur3
1585 2752 1668 2776 nam
1691 2743 1863 2787 explorari
1887 2753 1948 2778 ne-

1079 2794 1248 2836 queunt.»
1269 2811 1304 2816 -
1329 2793 1468 2826 sedecim
1489 2793 1606 2836 annos]
1629 2793 1675 2826 ab
1699 2803 1791 2827 anno
1815 2803 1851 2829 u.
1869 2794 1944 2834 767,

1080 2852 1151 2885 quo
1174 2842 1334 2875 Tiberius
1355 2844 1511 2884 Augusto
1534 2844 1722 2884 successit,
1748 2844 1793 2879 ad
1814 2852 1946 2878 annum

1080 2892 1162 2932 784,
1189 2901 1259 2934 quo
1276 2892 1422 2925 Seianus
1437 2893 1577 2926 interiit.
1597 2909 1632 2921 —
1654 2894 1814 2936 Satrium]
1832 2894 1946 2927 Seiani

1081 2942 1264 2981 clientem,
1298 2942 1358 2984 qui
1381 2942 1599 2980 Cremutium
1627 2944 1805 2981 accusavit
1827 2944 1863 2982 4,
1888 2943 1944 2977 34.

1082 2994 1209 3026 «Hunc
1250 2992 1399 3028 Satrium
1439 2992 1591 3035 Ryckius
1633 2995 1731 3036 putat
1763 2994 1945 3030 conscium

1080 3041 1330 3078 coniurationis
1359 3041 1466 3076 fuisse
1496 3043 1532 3076 et
1563 3044 1734 3079 Antoniae
1765 3051 1846 3079 eam
1880 3043 1946 3077 de·-

1081 3092 1227 3130 texisse,
1266 3090 1362 3128 unde
1399 3092 1638 3128 coniurationis
1672 3094 1775 3129 indeae
1808 3093 1947 3127 dicatur

1080 3140 1168 3177 infra
1192 3149 1223 3172 c.
1249 3140 1302 3173 47.
1338 3140 1472 3177 Eodem
1497 3150 1538 3175 ex
1562 3151 1711 3178 numero
1731 3143 1946 3187 Pomponium

1082 3190 1280 3231 (diversum
1306 3190 1427 3234 utique
1451 3200 1471 3226 a
1495 3192 1713 3232 pomponiis,
1745 3193 1804 3234 qui
1833 3193 1871 3231 2..
1902 3193 1944 3226 32

1083 3241 1119 3275 et
1141 3239 1173 3279 4,
1198 3239 1239 3273 47
1264 3240 1300 3272 et
1318 3241 1352 3280 ὅ,
1373 3241 1394 3277 8
1417 3242 1454 3273 et
1476 3241 1507 3280 6,
1534 3241 1575 3273 ⁴8
1598 3240 1854 3283 memorantur)
1877 3251 1946 3285 pu-

1082 3288 1247 3324 tabimus.
1273 3289 1354 3323 Eun.
1382 3308 1418 3314 -
1453 3289 1667 3332 ianitoribus]
1708 3290 1771 3323 Dio
1805 3291 1867 3331 58,
1901 3293 1942 3326 5:

1083 3337 1248 3373 σπουδαί
1274 3347 1315 3372 τε
1344 3339 1409 3376 καὶ
1437 3335 1606 3381 ὦθισμοὶ
1629 3338 1713 3385 περὶ
1734 3335 1803 3381 τὰς
1824 3337 1946 3399 θύρας

1084 3385 1205 3426 αὐτοῦ
1215 3387 1430 3448 ἐγίγνοντο
1458 3387 1500 3421 ἐκ
1523 3389 1590 3424 τοῦ
1614 3385 1773 3425 δεδιέναι
1793 3387 1850 3433 μὴ
1871 3389 1946 3433 μό-

1083 3448 1151 3476 νον
1172 3434 1228 3483 μὴ
1253 3435 1324 3477 οὐκ
1348 3435 1454 3485 ὀφθῇ
1478 3446 1535 3480 τις
1552 3432 1675 3482 αὖτῷ,
1698 3434 1795 3473 ἀλλὰ
1807 3435 1864 3483 μὴ
1880 3439 1946 3473 καὶ
