<?xml version="1.0" encoding="UTF-8"?>
<!DOCTYPE html PUBLIC "-//W3C//DTD XHTML 1.0 Transitional//EN"
    "http://www.w3.org/TR/xhtml1/DTD/xhtml1-transitional.dtd">
<html xmlns="http://www.w3.org/1999/xhtml" xml:lang="en" lang="en">
 <head>
  <title>
</title>
<meta http-equiv="Content-Type" content="text/html;charset=utf-8" />
  <meta name='ocr-system' content='tesseract 3.04.00' />
  <meta name='ocr-capabilities' content='ocr_page ocr_carea ocr_par ocr_line ocrx_word'/>
</head>
<body>
  <div class='ocr_page' id='page_1' title='image "./pcorneliitacitio01taciuoft_0527.png"; bbox 0 0 2254 3770; ppageno 0'>
   <div class='ocr_carea' id='block_1_1' title="bbox 736 302 1947 362">
    <p class='ocr_par' dir='ltr' id='par_1_1' title="bbox 736 302 1947 362">
     <span class='ocr_line' id='line_1_1' title="bbox 736 302 1947 362; baseline 0 -16"><span class='ocrx_word' id='word_1_1' title='bbox 736 303 891 347; x_wconf 87' lang='lat' dir='ltr'><strong>LIBER</strong></span> <span class='ocrx_word' id='word_1_2' title='bbox 918 303 1001 348; x_wconf 88' lang='lat' dir='ltr'><strong>XV.</strong></span> <span class='ocrx_word' id='word_1_3' title='bbox 1047 303 1147 362; x_wconf 94' lang='lat' dir='ltr'><strong>Cap.</strong></span> <span class='ocrx_word' id='word_1_4' title='bbox 1180 303 1219 347; x_wconf 75' lang='lat' dir='ltr'><strong>i.</strong></span> <span class='ocrx_word' id='word_1_5' title='bbox 1248 304 1288 347; x_wconf 85' lang='grc'><strong>2.</strong></span> <span class='ocrx_word' id='word_1_6' title='bbox 1317 304 1358 347; x_wconf 90' lang='grc'><strong>3.</strong></span> <span class='ocrx_word' id='word_1_7' title='bbox 1865 302 1947 347; x_wconf 88' lang='grc'><strong>489</strong></span> 
     </span>
    </p>
   </div>
   <div class='ocr_carea' id='block_1_2' title="bbox 154 409 2000 1976">
    <p class='ocr_par' dir='ltr' id='par_1_2' title="bbox 154 409 2000 1976">
     <span class='ocr_line' id='line_1_2' title="bbox 159 409 1949 468; baseline -0.002 -13"><span class='ocrx_word' id='word_1_8' title='bbox 159 416 398 462; x_wconf 71' lang='lat' dir='ltr'><strong>certamem</strong></span> <span class='ocrx_word' id='word_1_9' title='bbox 431 409 472 454; x_wconf 91' lang='lat' dir='ltr'><strong>id</strong></span> <span class='ocrx_word' id='word_1_10' title='bbox 503 410 545 453; x_wconf 92' lang='lat' dir='ltr'><strong>in</strong></span> <span class='ocrx_word' id='word_1_11' title='bbox 575 423 742 454; x_wconf 91' lang='lat' dir='ltr'><strong>summa</strong></span> <span class='ocrx_word' id='word_1_12' title='bbox 771 409 937 453; x_wconf 82' lang='lat' dir='ltr'><strong>fortuna</strong></span> <span class='ocrx_word' id='word_1_13' title='bbox 965 409 1166 468; x_wconf 90' lang='lat' dir='ltr'><strong>aequius,</strong></span> <span class='ocrx_word' id='word_1_14' title='bbox 1200 410 1315 468; x_wconf 92' lang='lat' dir='ltr'><strong>quod</strong></span> <span class='ocrx_word' id='word_1_15' title='bbox 1347 409 1553 463; x_wconf 90' lang='lat' dir='ltr'><strong>validius;</strong></span> <span class='ocrx_word' id='word_1_16' title='bbox 1585 415 1628 454; x_wconf 88' lang='lat' dir='ltr'><strong>et</strong></span> <span class='ocrx_word' id='word_1_17' title='bbox 1655 423 1735 454; x_wconf 92' lang='lat' dir='ltr'><strong>sua</strong></span> <span class='ocrx_word' id='word_1_18' title='bbox 1763 409 1949 453; x_wconf 86' lang='lat' dir='ltr'><strong>retinere</strong></span> 
     </span>
     <span class='ocr_line' id='line_1_3' title="bbox 157 484 1950 544; baseline -0.001 -15"><span class='ocrx_word' id='word_1_19' title='bbox 157 486 347 544; x_wconf 85' lang='lat' dir='ltr'><strong>privatae</strong></span> <span class='ocrx_word' id='word_1_20' title='bbox 376 484 550 537; x_wconf 92' lang='lat' dir='ltr'><strong>domus,</strong></span> <span class='ocrx_word' id='word_1_21' title='bbox 583 485 638 529; x_wconf 92' lang='lat' dir='ltr'><strong>de</strong></span> <span class='ocrx_word' id='word_1_22' title='bbox 668 484 818 528; x_wconf 92' lang='lat' dir='ltr'><strong>alienis</strong></span> <span class='ocrx_word' id='word_1_23' title='bbox 849 491 1013 529; x_wconf 91' lang='lat' dir='ltr'><strong>certare</strong></span> <span class='ocrx_word' id='word_1_24' title='bbox 1042 485 1204 544; x_wconf 89' lang='lat' dir='ltr'><strong>regiam</strong></span> <span class='ocrx_word' id='word_1_25' title='bbox 1233 485 1407 529; x_wconf 89' lang='lat' dir='ltr'><strong>laudem</strong></span> <span class='ocrx_word' id='word_1_26' title='bbox 1436 498 1548 529; x_wconf 87' lang='lat' dir='ltr'><strong>esse.</strong></span> <span class='ocrx_word' id='word_1_27' title='bbox 1591 485 1644 542; x_wconf 78' lang='lat'><strong>(2)</strong></span> <span class='ocrx_word' id='word_1_28' title='bbox 1675 484 1804 542; x_wconf 88' lang='lat' dir='ltr'><strong>igitur</strong></span> <span class='ocrx_word' id='word_1_29' title='bbox 1832 498 1950 528; x_wconf 88' lang='lat' dir='ltr'><strong>com-</strong></span> 
     </span>
     <span class='ocr_line' id='line_1_4' title="bbox 157 559 1950 618; baseline -0.001 -14"><span class='ocrx_word' id='word_1_30' title='bbox 157 568 297 605; x_wconf 87' lang='lat' dir='ltr'><strong>motus</strong></span> <span class='ocrx_word' id='word_1_31' title='bbox 326 559 394 604; x_wconf 92' lang='lat' dir='ltr'><strong>his</strong></span> <span class='ocrx_word' id='word_1_32' title='bbox 422 559 655 618; x_wconf 81' lang='lat' dir='ltr'>Vologeses</span> <span class='ocrx_word' id='word_1_33' title='bbox 686 559 914 604; x_wconf 89' lang='lat' dir='ltr'><strong>concilium</strong></span> <span class='ocrx_word' id='word_1_34' title='bbox 942 567 1066 604; x_wconf 85' lang='lat' dir='ltr'><strong>vocat</strong></span> <span class='ocrx_word' id='word_1_35' title='bbox 1095 567 1137 604; x_wconf 89' lang='lat' dir='ltr'><strong>et</strong></span> <span class='ocrx_word' id='word_1_36' title='bbox 1165 561 1406 618; x_wconf 84' lang='lat' dir='ltr'><strong>proximum</strong></span> <span class='ocrx_word' id='word_1_37' title='bbox 1435 561 1517 604; x_wconf 86' lang='lat' dir='ltr'>sibi</span> <span class='ocrx_word' id='word_1_38' title='bbox 1547 560 1761 604; x_wconf 79' lang='lat' dir='ltr'>Tiridaten</span> <span class='ocrx_word' id='word_1_39' title='bbox 1791 560 1950 604; x_wconf 89' lang='lat' dir='ltr'><strong>consti-</strong></span> 
     </span>
     <span class='ocr_line' id='line_1_5' title="bbox 156 632 1949 694; baseline -0.001 -14"><span class='ocrx_word' id='word_1_40' title='bbox 156 636 234 680; x_wconf 90' lang='lat' dir='ltr'><strong>tuit</strong></span> <span class='ocrx_word' id='word_1_41' title='bbox 263 642 391 694; x_wconf 88' lang='lat' dir='ltr'><strong>atque</strong></span> <span class='ocrx_word' id='word_1_42' title='bbox 434 636 504 680; x_wconf 86' lang='lat' dir='ltr'><strong>ita.</strong></span> <span class='ocrx_word' id='word_1_43' title='bbox 520 635 704 679; x_wconf 87' lang='lat' dir='ltr'><strong>orditur:</strong></span> <span class='ocrx_word' id='word_1_44' title='bbox 749 635 886 679; x_wconf 74' lang='lat' dir='ltr'><strong>«hunc</strong></span> <span class='ocrx_word' id='word_1_45' title='bbox 921 649 1002 692; x_wconf 87' lang='lat' dir='ltr'><strong>ego</strong></span> <span class='ocrx_word' id='word_1_46' title='bbox 1039 632 1195 679; x_wconf 86' lang='lat' dir='ltr'><strong>eodem</strong></span> <span class='ocrx_word' id='word_1_47' title='bbox 1232 650 1402 680; x_wconf 88' lang='lat' dir='ltr'><strong>mecum</strong></span> <span class='ocrx_word' id='word_1_48' title='bbox 1438 642 1559 693; x_wconf 89' lang='lat' dir='ltr'><strong>patre</strong></span> <span class='ocrx_word' id='word_1_49' title='bbox 1599 635 1807 693; x_wconf 87' lang='lat' dir='ltr'><strong>genitum,</strong></span> <span class='ocrx_word' id='word_1_50' title='bbox 1850 649 1949 679; x_wconf 91' lang='lat' dir='ltr'><strong>cum</strong></span> 
     </span>
     <span class='ocr_line' id='line_1_6' title="bbox 155 710 1980 770; baseline 0.001 -16"><span class='ocrx_word' id='word_1_51' title='bbox 155 711 256 755; x_wconf 89' lang='lat' dir='ltr'><strong>mihi</strong></span> <span class='ocrx_word' id='word_1_52' title='bbox 286 725 366 770; x_wconf 89' lang='lat' dir='ltr'><strong>per</strong></span> <span class='ocrx_word' id='word_1_53' title='bbox 395 718 578 755; x_wconf 86' lang='lat' dir='ltr'><strong>aetatem</strong></span> <span class='ocrx_word' id='word_1_54' title='bbox 600 725 767 754; x_wconf 91' lang='lat' dir='ltr'><strong>summo</strong></span> <span class='ocrx_word' id='word_1_55' title='bbox 787 710 958 754; x_wconf 91' lang='lat' dir='ltr'><strong>nomine</strong></span> <span class='ocrx_word' id='word_1_56' title='bbox 981 711 1284 762; x_wconf 85' lang='lat' dir='ltr'><strong>concessisset,</strong></span> <span class='ocrx_word' id='word_1_57' title='bbox 1316 712 1359 754; x_wconf 90' lang='lat' dir='ltr'><strong>in</strong></span> <span class='ocrx_word' id='word_1_58' title='bbox 1381 711 1704 769; x_wconf 89' lang='lat' dir='ltr'><strong>possessionem</strong></span> <span class='ocrx_word' id='word_1_59' title='bbox 1724 710 1980 755; x_wconf 64' lang='lat' dir='ltr'><strong>Armeniaca</strong></span> 
     </span>
     <span class='ocr_line' id='line_1_7' title="bbox 156 786 1949 845; baseline -0.001 -14"><span class='ocrx_word' id='word_1_60' title='bbox 156 787 339 839; x_wconf 84' lang='lat' dir='ltr'><strong>deduxi,</strong></span> <span class='ocrx_word' id='word_1_61' title='bbox 371 787 445 845; x_wconf 91' lang='lat' dir='ltr'><strong>qui</strong></span> <span class='ocrx_word' id='word_1_62' title='bbox 476 786 626 830; x_wconf 90' lang='lat' dir='ltr'><strong>tertius</strong></span> <span class='ocrx_word' id='word_1_63' title='bbox 655 787 870 844; x_wconf 86' lang='lat' dir='ltr'><strong>potentiae</strong></span> <span class='ocrx_word' id='word_1_64' title='bbox 901 786 1061 843; x_wconf 84' lang='lat' dir='ltr'><strong>gradus</strong></span> <span class='ocrx_word' id='word_1_65' title='bbox 1092 786 1291 830; x_wconf 88' lang='lat' dir='ltr'><strong>habetur:</strong></span> <span class='ocrx_word' id='word_1_66' title='bbox 1328 800 1425 830; x_wconf 90' lang='lat' dir='ltr'><strong>nam</strong></span> <span class='ocrx_word' id='word_1_67' title='bbox 1455 786 1604 830; x_wconf 86' lang='lat' dir='ltr'><strong>Medos</strong></span> <span class='ocrx_word' id='word_1_68' title='bbox 1632 788 1822 830; x_wconf 83' lang='lat' dir='ltr'><strong>Pacorus</strong></span> <span class='ocrx_word' id='word_1_69' title='bbox 1851 793 1949 830; x_wconf 90' lang='lat' dir='ltr'><strong>ante</strong></span> 
     </span>
     <span class='ocr_line' id='line_1_8' title="bbox 155 861 1950 921; baseline -0.001 -14"><span class='ocrx_word' id='word_1_70' title='bbox 155 869 341 921; x_wconf 84' lang='lat' dir='ltr'><strong>ceperat.</strong></span> <span class='ocrx_word' id='word_1_71' title='bbox 389 862 655 920; x_wconf 86' lang='lat' dir='ltr'><strong>videbarque</strong></span> <span class='ocrx_word' id='word_1_72' title='bbox 696 868 843 906; x_wconf 90' lang='lat' dir='ltr'><strong>contra</strong></span> <span class='ocrx_word' id='word_1_73' title='bbox 881 868 1026 905; x_wconf 87' lang='lat' dir='ltr'><strong>vetera</strong></span> <span class='ocrx_word' id='word_1_74' title='bbox 1069 861 1243 905; x_wconf 81' lang='lat' dir='ltr'><strong>fratrum</strong></span> <span class='ocrx_word' id='word_1_75' title='bbox 1280 861 1380 906; x_wconf 92' lang='lat' dir='ltr'><strong>odia</strong></span> <span class='ocrx_word' id='word_1_76' title='bbox 1417 868 1460 905; x_wconf 88' lang='lat' dir='ltr'><strong>et</strong></span> <span class='ocrx_word' id='word_1_77' title='bbox 1497 862 1729 906; x_wconf 88' lang='lat' dir='ltr'><strong>certamina</strong></span> <span class='ocrx_word' id='word_1_78' title='bbox 1766 861 1950 906; x_wconf 84' lang='lat' dir='ltr'><strong>familiae</strong></span> 
     </span>
     <span class='ocr_line' id='line_1_9' title="bbox 155 937 1950 996; baseline -0.001 -15"><span class='ocrx_word' id='word_1_79' title='bbox 155 944 329 982; x_wconf 89' lang='lat' dir='ltr'><strong>nostrae</strong></span> <span class='ocrx_word' id='word_1_80' title='bbox 358 944 536 996; x_wconf 88' lang='lat' dir='ltr'><strong>penates</strong></span> <span class='ocrx_word' id='word_1_81' title='bbox 567 938 645 981; x_wconf 89' lang='lat' dir='ltr'><strong>rite</strong></span> <span class='ocrx_word' id='word_1_82' title='bbox 677 937 984 995; x_wconf 83' lang='lat' dir='ltr'><strong>composuisse.</strong></span> <span class='ocrx_word' id='word_1_83' title='bbox 1022 937 1251 995; x_wconf 91' lang='lat' dir='ltr'><strong>prohibent</strong></span> <span class='ocrx_word' id='word_1_84' title='bbox 1279 938 1453 981; x_wconf 90' lang='lat' dir='ltr'><strong>Romani</strong></span> <span class='ocrx_word' id='word_1_85' title='bbox 1478 945 1521 981; x_wconf 90' lang='lat' dir='ltr'><strong>et</strong></span> <span class='ocrx_word' id='word_1_86' title='bbox 1546 951 1697 995; x_wconf 88' lang='lat' dir='ltr'><strong>pacem</strong></span> <span class='ocrx_word' id='word_1_87' title='bbox 1717 950 1950 995; x_wconf 88' lang='lat' dir='ltr'><strong>numquam</strong></span> 
     </span>
     <span class='ocr_line' id='line_1_10' title="bbox 157 1012 1950 1072; baseline 0 -16"><span class='ocrx_word' id='word_1_88' title='bbox 157 1013 262 1072; x_wconf 92' lang='lat' dir='ltr'><strong>ipsis</strong></span> <span class='ocrx_word' id='word_1_89' title='bbox 291 1026 501 1071; x_wconf 89' lang='lat' dir='ltr'><strong>prospere</strong></span> <span class='ocrx_word' id='word_1_90' title='bbox 531 1012 774 1056; x_wconf 81' lang='lat' dir='ltr'><strong>lacessitam</strong></span> <span class='ocrx_word' id='word_1_91' title='bbox 804 1026 918 1056; x_wconf 92' lang='lat' dir='ltr'><strong>nunc</strong></span> <span class='ocrx_word' id='word_1_92' title='bbox 946 1026 1123 1071; x_wconf 86' lang='lat' dir='ltr'><strong>quoque</strong></span> <span class='ocrx_word' id='word_1_93' title='bbox 1152 1013 1196 1055; x_wconf 91' lang='lat' dir='ltr'><strong>in</strong></span> <span class='ocrx_word' id='word_1_94' title='bbox 1217 1013 1391 1056; x_wconf 85' lang='lat' dir='ltr'><strong>exitium</strong></span> <span class='ocrx_word' id='word_1_95' title='bbox 1419 1027 1544 1057; x_wconf 91' lang='lat' dir='ltr'><strong>suum</strong></span> <span class='ocrx_word' id='word_1_96' title='bbox 1565 1012 1834 1071; x_wconf 88' lang='lat' dir='ltr'><strong>abrumpunt.</strong></span> <span class='ocrx_word' id='word_1_97' title='bbox 1865 1026 1950 1056; x_wconf 92' lang='lat' dir='ltr'><strong>non</strong></span> 
     </span>
     <span class='ocr_line' id='line_1_11' title="bbox 155 1088 1999 1146; baseline 0 -14"><span class='ocrx_word' id='word_1_98' title='bbox 155 1089 226 1132; x_wconf 92' lang='lat' dir='ltr'><strong>ibo</strong></span> <span class='ocrx_word' id='word_1_99' title='bbox 257 1088 434 1132; x_wconf 85' lang='lat' dir='ltr'><strong>infitias:</strong></span> <span class='ocrx_word' id='word_1_100' title='bbox 466 1088 681 1146; x_wconf 86' lang='lat' dir='ltr'><strong>aequitate</strong></span> <span class='ocrx_word' id='word_1_101' title='bbox 711 1102 842 1146; x_wconf 91' lang='lat' dir='ltr'><strong>quam</strong></span> <span class='ocrx_word' id='word_1_102' title='bbox 871 1088 1095 1145; x_wconf 88' lang='lat' dir='ltr'><strong>sanguine,</strong></span> <span class='ocrx_word' id='word_1_103' title='bbox 1134 1101 1265 1132; x_wconf 87' lang='lat' dir='ltr'><strong>causa</strong></span> <span class='ocrx_word' id='word_1_104' title='bbox 1295 1102 1425 1146; x_wconf 92' lang='lat' dir='ltr'><strong>quam</strong></span> <span class='ocrx_word' id='word_1_105' title='bbox 1445 1089 1584 1132; x_wconf 38' lang='lat' dir='ltr'><strong>*armis</strong></span> <span class='ocrx_word' id='word_1_106' title='bbox 1615 1089 1800 1132; x_wconf 87' lang='lat' dir='ltr'><strong>retinere</strong></span> <span class='ocrx_word' id='word_1_107' title='bbox 1830 1094 1999 1146; x_wconf 77' lang='lat' dir='ltr'><strong>partam</strong></span> 
     </span>
     <span class='ocr_line' id='line_1_12' title="bbox 156 1162 1952 1222; baseline -0.001 -15"><span class='ocrx_word' id='word_1_108' title='bbox 156 1163 390 1207; x_wconf 88' lang='lat' dir='ltr'><strong>maioribus</strong></span> <span class='ocrx_word' id='word_1_109' title='bbox 420 1162 666 1207; x_wconf 87' lang='lat' dir='ltr'><strong>malueram.</strong></span> <span class='ocrx_word' id='word_1_110' title='bbox 698 1164 734 1206; x_wconf 90' lang='lat' dir='ltr'><strong>si</strong></span> <span class='ocrx_word' id='word_1_111' title='bbox 765 1164 1032 1207; x_wconf 89' lang='lat' dir='ltr'><strong>cunctatione</strong></span> <span class='ocrx_word' id='word_1_112' title='bbox 1053 1162 1236 1222; x_wconf 88' lang='lat' dir='ltr'><strong>deliqui,</strong></span> <span class='ocrx_word' id='word_1_113' title='bbox 1266 1164 1420 1208; x_wconf 88' lang='lat' dir='ltr'><strong>virtute</strong></span> <span class='ocrx_word' id='word_1_114' title='bbox 1441 1165 1664 1222; x_wconf 83' lang='lat' dir='ltr'><strong>corrigam.</strong></span> <span class='ocrx_word' id='word_1_115' title='bbox 1695 1169 1837 1207; x_wconf 88' lang='lat' dir='ltr'><strong>vestra</strong></span> <span class='ocrx_word' id='word_1_116' title='bbox 1855 1163 1952 1221; x_wconf 88' lang='lat' dir='ltr'><strong>qui-</strong></span> 
     </span>
     <span class='ocr_line' id='line_1_13' title="bbox 154 1238 1950 1297; baseline 0.001 -15"><span class='ocrx_word' id='word_1_117' title='bbox 154 1238 256 1284; x_wconf 91' lang='lat' dir='ltr'><strong>dem</strong></span> <span class='ocrx_word' id='word_1_118' title='bbox 291 1239 358 1283; x_wconf 87' lang='lat' dir='ltr'><strong>vis</strong></span> <span class='ocrx_word' id='word_1_119' title='bbox 399 1246 442 1282; x_wconf 91' lang='lat' dir='ltr'><strong>et</strong></span> <span class='ocrx_word' id='word_1_120' title='bbox 480 1238 615 1296; x_wconf 89' lang='lat' dir='ltr'><strong>gloria</strong></span> <span class='ocrx_word' id='word_1_121' title='bbox 649 1239 693 1281; x_wconf 82' lang='lat' dir='ltr'><strong>in</strong></span> <span class='ocrx_word' id='word_1_122' title='bbox 735 1239 900 1297; x_wconf 90' lang='lat' dir='ltr'><strong>integro</strong></span> <span class='ocrx_word' id='word_1_123' title='bbox 930 1245 1013 1290; x_wconf 90' lang='lat' dir='ltr'><strong>est,</strong></span> <span class='ocrx_word' id='word_1_124' title='bbox 1054 1238 1199 1283; x_wconf 89' lang='lat' dir='ltr'><strong>addita</strong></span> <span class='ocrx_word' id='word_1_125' title='bbox 1228 1238 1463 1283; x_wconf 83' lang='lat' dir='ltr'><strong>modestiae</strong></span> <span class='ocrx_word' id='word_1_126' title='bbox 1495 1239 1625 1290; x_wconf 84' lang='lat' dir='ltr'><strong>fama,</strong></span> <span class='ocrx_word' id='word_1_127' title='bbox 1665 1252 1778 1297; x_wconf 89' lang='lat' dir='ltr'><strong>quae</strong></span> <span class='ocrx_word' id='word_1_128' title='bbox 1807 1252 1950 1296; x_wconf 85' lang='lat' dir='ltr'><strong>neque</strong></span> 
     </span>
     <span class='ocr_line' id='line_1_14' title="bbox 155 1313 1951 1372; baseline -0.001 -13"><span class='ocrx_word' id='word_1_129' title='bbox 155 1314 333 1359; x_wconf 90' lang='lat' dir='ltr'><strong>summis</strong></span> <span class='ocrx_word' id='word_1_130' title='bbox 363 1314 605 1358; x_wconf 86' lang='lat' dir='ltr'><strong>mortalium</strong></span> <span class='ocrx_word' id='word_1_131' title='bbox 635 1314 880 1372; x_wconf 84' lang='lat' dir='ltr'><strong>spernenda</strong></span> <span class='ocrx_word' id='word_1_132' title='bbox 909 1321 975 1360; x_wconf 86' lang='lat' dir='ltr'><strong>est</strong></span> <span class='ocrx_word' id='word_1_133' title='bbox 1004 1321 1047 1358; x_wconf 89' lang='lat' dir='ltr'><strong>et</strong></span> <span class='ocrx_word' id='word_1_134' title='bbox 1075 1328 1101 1358; x_wconf 92' lang='lat' dir='ltr'><strong>a</strong></span> <span class='ocrx_word' id='word_1_135' title='bbox 1130 1314 1196 1358; x_wconf 91' lang='lat' dir='ltr'><strong>dis</strong></span> <span class='ocrx_word' id='word_1_136' title='bbox 1225 1315 1511 1358; x_wconf 78' lang='lat' dir='ltr'><strong>aestimatur.»</strong></span> <span class='ocrx_word' id='word_1_137' title='bbox 1554 1313 1679 1358; x_wconf 92' lang='lat' dir='ltr'><strong>simul</strong></span> <span class='ocrx_word' id='word_1_138' title='bbox 1709 1313 1951 1358; x_wconf 87' lang='lat' dir='ltr'><strong>diademate</strong></span> 
     </span>
     <span class='ocr_line' id='line_1_15' title="bbox 155 1389 1949 1448; baseline -0.001 -14"><span class='ocrx_word' id='word_1_139' title='bbox 155 1397 283 1448; x_wconf 90' lang='lat' dir='ltr'><strong>caput</strong></span> <span class='ocrx_word' id='word_1_140' title='bbox 312 1389 508 1433; x_wconf 88' lang='lat' dir='ltr'><strong>Tiridatis</strong></span> <span class='ocrx_word' id='word_1_141' title='bbox 538 1390 717 1441; x_wconf 84' lang='lat' dir='ltr'><strong>evinxit;</strong></span> <span class='ocrx_word' id='word_1_142' title='bbox 747 1396 988 1447; x_wconf 90' lang='lat' dir='ltr'><strong>promptam</strong></span> <span class='ocrx_word' id='word_1_143' title='bbox 1020 1390 1211 1448; x_wconf 90' lang='lat' dir='ltr'><strong>equitum</strong></span> <span class='ocrx_word' id='word_1_144' title='bbox 1235 1404 1425 1441; x_wconf 92' lang='lat' dir='ltr'><strong>manum,</strong></span> <span class='ocrx_word' id='word_1_145' title='bbox 1457 1403 1569 1448; x_wconf 89' lang='lat' dir='ltr'><strong>quae</strong></span> <span class='ocrx_word' id='word_1_146' title='bbox 1590 1404 1738 1447; x_wconf 89' lang='lat' dir='ltr'><strong>regem</strong></span> <span class='ocrx_word' id='word_1_147' title='bbox 1758 1403 1812 1434; x_wconf 85' lang='lat' dir='ltr'><strong>ex</strong></span> <span class='ocrx_word' id='word_1_148' title='bbox 1830 1403 1949 1433; x_wconf 91' lang='lat' dir='ltr'><strong>more</strong></span> 
     </span>
     <span class='ocr_line' id='line_1_16' title="bbox 154 1464 2000 1517; baseline -0.001 -8"><span class='ocrx_word' id='word_1_149' title='bbox 154 1471 354 1517; x_wconf 90' lang='lat' dir='ltr'><strong>sectatur,</strong></span> <span class='ocrx_word' id='word_1_150' title='bbox 386 1466 569 1517; x_wconf 86' lang='lat' dir='ltr'><strong>Monesi,</strong></span> <span class='ocrx_word' id='word_1_151' title='bbox 602 1464 732 1508; x_wconf 92' lang='lat' dir='ltr'><strong>nobili</strong></span> <span class='ocrx_word' id='word_1_152' title='bbox 755 1465 858 1516; x_wconf 91' lang='lat' dir='ltr'><strong>viro,</strong></span> <span class='ocrx_word' id='word_1_153' title='bbox 890 1465 1065 1509; x_wconf 89' lang='lat' dir='ltr'><strong>tradidit</strong></span> <span class='ocrx_word' id='word_1_154' title='bbox 1085 1465 1263 1510; x_wconf 88' lang='lat' dir='ltr'><strong>adiectis</strong></span> <span class='ocrx_word' id='word_1_155' title='bbox 1284 1465 1601 1510; x_wconf 88' lang='lat' dir='ltr'><strong>Adiabenorum</strong></span> <span class='ocrx_word' id='word_1_156' title='bbox 1621 1465 1800 1517; x_wconf 85' lang='lat' dir='ltr'><strong>auxiliis,</strong></span> <span class='ocrx_word' id='word_1_157' title='bbox 1831 1479 1950 1508; x_wconf 88' lang='lat' dir='ltr'><strong>man-</strong></span> <span class='ocrx_word' id='word_1_158' title='bbox 1963 1478 2000 1508; x_wconf 76' lang='lat' dir='ltr'><strong>us</strong></span> 
     </span>
     <span class='ocr_line' id='line_1_17' title="bbox 156 1540 1952 1600; baseline 0.001 -17"><span class='ocrx_word' id='word_1_159' title='bbox 156 1540 359 1599; x_wconf 90' lang='lat' dir='ltr'><strong>davitque</strong></span> <span class='ocrx_word' id='word_1_160' title='bbox 380 1541 589 1598; x_wconf 85' lang='lat' dir='ltr'><strong>Tigranen</strong></span> <span class='ocrx_word' id='word_1_161' title='bbox 608 1540 804 1584; x_wconf 89' lang='lat' dir='ltr'><strong>Armenia</strong></span> <span class='ocrx_word' id='word_1_162' title='bbox 826 1540 1066 1592; x_wconf 84' lang='lat' dir='ltr'><strong>exturbare,</strong></span> <span class='ocrx_word' id='word_1_163' title='bbox 1089 1541 1192 1584; x_wconf 92' lang='lat' dir='ltr'><strong>dum</strong></span> <span class='ocrx_word' id='word_1_164' title='bbox 1212 1541 1305 1599; x_wconf 90' lang='lat' dir='ltr'><strong>ipse</strong></span> <span class='ocrx_word' id='word_1_165' title='bbox 1326 1541 1476 1599; x_wconf 88' lang='lat' dir='ltr'><strong>positis</strong></span> <span class='ocrx_word' id='word_1_166' title='bbox 1497 1541 1706 1585; x_wconf 91' lang='lat' dir='ltr'><strong>adversus</strong></span> <span class='ocrx_word' id='word_1_167' title='bbox 1727 1542 1952 1600; x_wconf 86' lang='lat' dir='ltr'><strong>Hyrcanos</strong></span> 
     </span>
     <span class='ocr_line' id='line_1_18' title="bbox 157 1615 1950 1674; baseline -0.001 -15"><span class='ocrx_word' id='word_1_168' title='bbox 157 1615 386 1660; x_wconf 90' lang='lat' dir='ltr'><strong>discordiis</strong></span> <span class='ocrx_word' id='word_1_169' title='bbox 406 1616 521 1660; x_wconf 90' lang='lat' dir='ltr'><strong>vires</strong></span> <span class='ocrx_word' id='word_1_170' title='bbox 551 1616 719 1659; x_wconf 90' lang='lat' dir='ltr'><strong>intimas</strong></span> <span class='ocrx_word' id='word_1_171' title='bbox 741 1615 986 1674; x_wconf 91' lang='lat' dir='ltr'><strong>molemque</strong></span> <span class='ocrx_word' id='word_1_172' title='bbox 1013 1616 1112 1660; x_wconf 90' lang='lat' dir='ltr'><strong>belli</strong></span> <span class='ocrx_word' id='word_1_173' title='bbox 1135 1617 1235 1668; x_wconf 87' lang='lat' dir='ltr'><strong>ciet,</strong></span> <span class='ocrx_word' id='word_1_174' title='bbox 1267 1616 1498 1674; x_wconf 89' lang='lat' dir='ltr'><strong>provinciis</strong></span> <span class='ocrx_word' id='word_1_175' title='bbox 1519 1617 1719 1660; x_wconf 90' lang='lat' dir='ltr'><strong>Romanis</strong></span> <span class='ocrx_word' id='word_1_176' title='bbox 1740 1616 1950 1660; x_wconf 90' lang='lat' dir='ltr'><strong>minitans.</strong></span> 
     </span>
     <span class='ocr_line' id='line_1_19' title="bbox 157 1691 1951 1750; baseline 0.001 -16"><span class='ocrx_word' id='word_1_177' title='bbox 157 1691 211 1749; x_wconf 89' lang='lat'><strong>(3)</strong></span> <span class='ocrx_word' id='word_1_178' title='bbox 244 1705 357 1750; x_wconf 91' lang='lat' dir='ltr'><strong>quae</strong></span> <span class='ocrx_word' id='word_1_179' title='bbox 387 1691 459 1735; x_wconf 92' lang='lat' dir='ltr'><strong>ubi</strong></span> <span class='ocrx_word' id='word_1_180' title='bbox 481 1691 712 1735; x_wconf 90' lang='lat' dir='ltr'><strong>Corbuloni</strong></span> <span class='ocrx_word' id='word_1_181' title='bbox 744 1691 872 1735; x_wconf 85' lang='lat' dir='ltr'><strong>certis</strong></span> <span class='ocrx_word' id='word_1_182' title='bbox 902 1692 1058 1735; x_wconf 87' lang='lat' dir='ltr'><strong>nuntiis</strong></span> <span class='ocrx_word' id='word_1_183' title='bbox 1088 1691 1233 1735; x_wconf 91' lang='lat' dir='ltr'><strong>audita</strong></span> <span class='ocrx_word' id='word_1_184' title='bbox 1262 1699 1379 1742; x_wconf 89' lang='lat' dir='ltr'><strong>sunt,</strong></span> <span class='ocrx_word' id='word_1_185' title='bbox 1412 1691 1603 1750; x_wconf 82' lang='lat' dir='ltr'><strong>legiones</strong></span> <span class='ocrx_word' id='word_1_186' title='bbox 1624 1693 1731 1735; x_wconf 90' lang='lat' dir='ltr'><strong>duas</strong></span> <span class='ocrx_word' id='word_1_187' title='bbox 1753 1706 1852 1735; x_wconf 90' lang='lat' dir='ltr'><strong>cum</strong></span> <span class='ocrx_word' id='word_1_188' title='bbox 1870 1693 1951 1736; x_wconf 87' lang='lat' dir='ltr'><strong>Ve-</strong></span> 
     </span>
     <span class='ocr_line' id='line_1_20' title="bbox 161 1766 1951 1825; baseline 0.002 -17"><span class='ocrx_word' id='word_1_189' title='bbox 161 1766 311 1818; x_wconf 81' lang='lat' dir='ltr'><strong>rulano</strong></span> <span class='ocrx_word' id='word_1_190' title='bbox 341 1767 503 1810; x_wconf 91' lang='lat' dir='ltr'><strong>Severo</strong></span> <span class='ocrx_word' id='word_1_191' title='bbox 534 1774 577 1811; x_wconf 87' lang='lat' dir='ltr'><strong>et</strong></span> <span class='ocrx_word' id='word_1_192' title='bbox 605 1768 742 1810; x_wconf 85' lang='lat' dir='ltr'><strong>Vettio</strong></span> <span class='ocrx_word' id='word_1_193' title='bbox 772 1766 930 1810; x_wconf 91' lang='lat' dir='ltr'><strong>Bolano</strong></span> <span class='ocrx_word' id='word_1_194' title='bbox 965 1767 1206 1810; x_wconf 82' lang='lat' dir='ltr'><strong>subsidium</strong></span> <span class='ocrx_word' id='word_1_195' title='bbox 1235 1767 1399 1824; x_wconf 84' lang='lat' dir='ltr'><strong>Tigrani</strong></span> <span class='ocrx_word' id='word_1_196' title='bbox 1440 1768 1580 1819; x_wconf 84' lang='lat' dir='ltr'><strong>mittit,</strong></span> <span class='ocrx_word' id='word_1_197' title='bbox 1621 1767 1788 1812; x_wconf 89' lang='lat' dir='ltr'><strong>occulto</strong></span> <span class='ocrx_word' id='word_1_198' title='bbox 1825 1781 1951 1825; x_wconf 87' lang='lat' dir='ltr'><strong>prae-</strong></span> 
     </span>
     <span class='ocr_line' id='line_1_21' title="bbox 158 1842 2000 1901; baseline -0.001 -14"><span class='ocrx_word' id='word_1_199' title='bbox 158 1850 304 1900; x_wconf 89' lang='lat' dir='ltr'><strong>cepto,</strong></span> <span class='ocrx_word' id='word_1_200' title='bbox 337 1843 616 1901; x_wconf 87' lang='lat' dir='ltr'><strong>compositius</strong></span> <span class='ocrx_word' id='word_1_201' title='bbox 647 1849 800 1886; x_wconf 85' lang='lat' dir='ltr'><strong>cuncta</strong></span> <span class='ocrx_word' id='word_1_202' title='bbox 829 1856 957 1900; x_wconf 88' lang='lat' dir='ltr'><strong>quam</strong></span> <span class='ocrx_word' id='word_1_203' title='bbox 988 1842 1253 1886; x_wconf 87' lang='lat' dir='ltr'><strong>festinantius</strong></span> <span class='ocrx_word' id='word_1_204' title='bbox 1284 1849 1479 1900; x_wconf 83' lang='lat' dir='ltr'><strong>agerent:</strong></span> <span class='ocrx_word' id='word_1_205' title='bbox 1512 1843 1673 1901; x_wconf 91' lang='lat' dir='ltr'><strong>quippe</strong></span> <span class='ocrx_word' id='word_1_206' title='bbox 1693 1842 1852 1887; x_wconf 92' lang='lat' dir='ltr'><strong>bellum</strong></span> <span class='ocrx_word' id='word_1_207' title='bbox 1877 1842 2000 1887; x_wconf 75' lang='lat' dir='ltr'><strong>ha-zo</strong></span> 
     </span>
     <span class='ocr_line' id='line_1_22' title="bbox 158 1917 1948 1976; baseline 0.001 -15"><span class='ocrx_word' id='word_1_208' title='bbox 158 1917 264 1961; x_wconf 92' lang='lat' dir='ltr'><strong>bere</strong></span> <span class='ocrx_word' id='word_1_209' title='bbox 294 1931 421 1976; x_wconf 89' lang='lat' dir='ltr'><strong>quam</strong></span> <span class='ocrx_word' id='word_1_210' title='bbox 446 1931 597 1976; x_wconf 83' lang='lat' dir='ltr'><strong>gerere</strong></span> <span class='ocrx_word' id='word_1_211' title='bbox 616 1917 813 1961; x_wconf 89' lang='lat' dir='ltr'><strong>malebat.</strong></span> <span class='ocrx_word' id='word_1_212' title='bbox 845 1918 1163 1976; x_wconf 89' lang='lat' dir='ltr'><strong>scripseratque</strong></span> <span class='ocrx_word' id='word_1_213' title='bbox 1184 1918 1355 1962; x_wconf 88' lang='lat' dir='ltr'><strong>Caesari</strong></span> <span class='ocrx_word' id='word_1_214' title='bbox 1379 1918 1554 1976; x_wconf 90' lang='lat' dir='ltr'><strong>proprio</strong></span> <span class='ocrx_word' id='word_1_215' title='bbox 1576 1918 1687 1962; x_wconf 90' lang='lat' dir='ltr'><strong>duce</strong></span> <span class='ocrx_word' id='word_1_216' title='bbox 1707 1932 1817 1976; x_wconf 93' lang='lat' dir='ltr'><strong>opus</strong></span> <span class='ocrx_word' id='word_1_217' title='bbox 1836 1932 1948 1970; x_wconf 88' lang='lat' dir='ltr'><strong>esse,</strong></span> 
     </span>
    </p>
   </div>
   <div class='ocr_carea' id='block_1_3' title="bbox 150 2050 1950 2319">
    <p class='ocr_par' dir='ltr' id='par_1_3' title="bbox 150 2050 1950 2319">
     <span class='ocr_line' id='line_1_23' title="bbox 222 2050 1949 2092; baseline 0.001 -10"><span class='ocrx_word' id='word_1_218' title='bbox 222 2051 255 2083; x_wconf 85' lang='grc'><strong>2.</strong></span> <span class='ocrx_word' id='word_1_219' title='bbox 275 2050 413 2092; x_wconf 76' lang='lat' dir='ltr'><strong>priuato</strong></span> <span class='ocrx_word' id='word_1_220' title='bbox 435 2051 468 2083; x_wconf 99' lang='lat' dir='ltr'>M</span> <span class='ocrx_word' id='word_1_221' title='bbox 494 2068 529 2073; x_wconf 90' lang='grc'>-</span> <span class='ocrx_word' id='word_1_222' title='bbox 563 2050 594 2083; x_wconf 91' lang='grc'><strong>3.</strong></span> <span class='ocrx_word' id='word_1_223' title='bbox 620 2051 789 2091; x_wconf 75' lang='lat' dir='ltr'><strong>tyridaten</strong></span> <span class='ocrx_word' id='word_1_224' title='bbox 811 2051 845 2084; x_wconf 93' lang='lat' dir='ltr'>M</span> <span class='ocrx_word' id='word_1_225' title='bbox 871 2068 907 2075; x_wconf 92' lang='lat'>-</span> <span class='ocrx_word' id='word_1_226' title='bbox 943 2052 975 2084; x_wconf 89' lang='lat'><strong>7.</strong></span> <span class='ocrx_word' id='word_1_227' title='bbox 1001 2053 1188 2085; x_wconf 68' lang='lat' dir='ltr'><strong>certamina</strong></span> <span class='ocrx_word' id='word_1_228' title='bbox 1211 2052 1416 2085; x_wconf 89' lang='lat' dir='ltr'><strong>Rhenanus:</strong></span> <span class='ocrx_word' id='word_1_229' title='bbox 1448 2055 1575 2085; x_wconf 81' lang='lat' dir='ltr'><strong>certam</strong></span> <span class='ocrx_word' id='word_1_230' title='bbox 1596 2052 1631 2084; x_wconf 80' lang='lat' dir='ltr'><strong>in</strong></span> <span class='ocrx_word' id='word_1_231' title='bbox 1654 2052 1706 2090; x_wconf 81' lang='lat' dir='ltr'><strong>M3</strong></span> <span class='ocrx_word' id='word_1_232' title='bbox 1731 2055 1900 2084; x_wconf 78' lang='lat' dir='ltr'><strong>certamen</strong></span> <span class='ocrx_word' id='word_1_233' title='bbox 1922 2053 1949 2084; x_wconf 91' lang='lat' dir='ltr'>G</span> 
     </span>
     <span class='ocr_line' id='line_1_24' title="bbox 154 2107 1949 2147; baseline 0.001 -7"><span class='ocrx_word' id='word_1_234' title='bbox 154 2123 191 2130; x_wconf 91' lang='lat'><em>—</em></span> <span class='ocrx_word' id='word_1_235' title='bbox 217 2107 250 2140; x_wconf 91' lang='lat'><strong>8.</strong></span> <span class='ocrx_word' id='word_1_236' title='bbox 275 2115 449 2147; x_wconf 76' lang='lat' dir='ltr'><strong>nunquam</strong></span> <span class='ocrx_word' id='word_1_237' title='bbox 473 2107 505 2140; x_wconf 88' lang='lat' dir='ltr'>M</span> <span class='ocrx_word' id='word_1_238' title='bbox 531 2125 567 2130; x_wconf 92' lang='lat'><strong>—</strong></span> <span class='ocrx_word' id='word_1_239' title='bbox 594 2107 625 2140; x_wconf 83' lang='lat'><strong>9.</strong></span> <span class='ocrx_word' id='word_1_240' title='bbox 651 2108 791 2140; x_wconf 74' lang='lat' dir='ltr'><strong>exitium</strong></span> <span class='ocrx_word' id='word_1_241' title='bbox 814 2109 858 2140; x_wconf 91' lang='lat' dir='ltr'><strong>G:</strong></span> <span class='ocrx_word' id='word_1_242' title='bbox 890 2108 1046 2141; x_wconf 73' lang='lat' dir='ltr'><strong>absitium</strong></span> <span class='ocrx_word' id='word_1_243' title='bbox 1069 2109 1103 2142; x_wconf 88' lang='lat' dir='ltr'>M</span> <span class='ocrx_word' id='word_1_244' title='bbox 1128 2126 1165 2132; x_wconf 95' lang='lat'>—</span> <span class='ocrx_word' id='word_1_245' title='bbox 1200 2110 1252 2142; x_wconf 91' lang='grc'><strong>44.</strong></span> <span class='ocrx_word' id='word_1_246' title='bbox 1277 2109 1461 2142; x_wconf 79' lang='lat' dir='ltr'><strong>molaribus</strong></span> <span class='ocrx_word' id='word_1_247' title='bbox 1484 2110 1515 2142; x_wconf 90' lang='lat' dir='ltr'>M</span> <span class='ocrx_word' id='word_1_248' title='bbox 1542 2126 1578 2132; x_wconf 94' lang='lat'><strong>—</strong></span> <span class='ocrx_word' id='word_1_249' title='bbox 1609 2109 1662 2142; x_wconf 98' lang='grc'><strong>42.</strong></span> <span class='ocrx_word' id='word_1_250' title='bbox 1688 2109 1723 2141; x_wconf 79' lang='lat' dir='ltr'><strong>in</strong></span> <span class='ocrx_word' id='word_1_251' title='bbox 1746 2110 1792 2141; x_wconf 88' lang='lat' dir='ltr'><strong>G:</strong></span> <span class='ocrx_word' id='word_1_252' title='bbox 1819 2118 1889 2141; x_wconf 90' lang='lat' dir='ltr'><strong>om.</strong></span> <span class='ocrx_word' id='word_1_253' title='bbox 1915 2109 1949 2141; x_wconf 90' lang='lat' dir='ltr'>M</span> 
     </span>
     <span class='ocr_line' id='line_1_25' title="bbox 155 2163 1950 2207; baseline 0.001 -12"><span class='ocrx_word' id='word_1_254' title='bbox 155 2180 192 2186; x_wconf 95' lang='lat'>—</span> <span class='ocrx_word' id='word_1_255' title='bbox 219 2163 272 2196; x_wconf 93' lang='grc'><strong>43.</strong></span> <span class='ocrx_word' id='word_1_256' title='bbox 296 2164 472 2196; x_wconf 79' lang='lat' dir='ltr'><strong>estimatur</strong></span> <span class='ocrx_word' id='word_1_257' title='bbox 493 2163 527 2196; x_wconf 90' lang='lat' dir='ltr'>M</span> <span class='ocrx_word' id='word_1_258' title='bbox 552 2181 588 2187; x_wconf 90' lang='lat'><em>-</em></span> <span class='ocrx_word' id='word_1_259' title='bbox 616 2163 669 2197; x_wconf 93' lang='grc'><strong>44.</strong></span> <span class='ocrx_word' id='word_1_260' title='bbox 694 2164 850 2204; x_wconf 77' lang='lat' dir='ltr'><strong>tyridatis</strong></span> <span class='ocrx_word' id='word_1_261' title='bbox 870 2165 1021 2197; x_wconf 76' lang='lat' dir='ltr'><strong>euincxit</strong></span> <span class='ocrx_word' id='word_1_262' title='bbox 1043 2165 1077 2197; x_wconf 93' lang='lat' dir='ltr'>M</span> <span class='ocrx_word' id='word_1_263' title='bbox 1101 2182 1137 2188; x_wconf 91' lang='lat'>—</span> <span class='ocrx_word' id='word_1_264' title='bbox 1169 2166 1221 2198; x_wconf 86' lang='grc'><strong>45.</strong></span> <span class='ocrx_word' id='word_1_265' title='bbox 1246 2165 1482 2207; x_wconf 80' lang='lat' dir='ltr'><strong>mandabilque</strong></span> <span class='ocrx_word' id='word_1_266' title='bbox 1504 2168 1669 2207; x_wconf 67' lang='lat' dir='ltr'><strong>tygranen</strong></span> <span class='ocrx_word' id='word_1_267' title='bbox 1691 2165 1726 2198; x_wconf 90' lang='lat' dir='ltr'>M</span> <span class='ocrx_word' id='word_1_268' title='bbox 1751 2183 1787 2188; x_wconf 98' lang='lat'><strong>—</strong></span> <span class='ocrx_word' id='word_1_269' title='bbox 1814 2165 1867 2197; x_wconf 80' lang='grc'><strong>46.</strong></span> <span class='ocrx_word' id='word_1_270' title='bbox 1892 2174 1950 2198; x_wconf 78' lang='lat' dir='ltr'><strong>ca&gt;-</strong></span> 
     </span>
     <span class='ocr_line' id='line_1_26' title="bbox 152 2218 1950 2263; baseline 0.002 -12"><span class='ocrx_word' id='word_1_271' title='bbox 152 2218 291 2252; x_wconf 78' lang='lat' dir='ltr'><strong>turbaro</strong></span> <span class='ocrx_word' id='word_1_272' title='bbox 307 2220 509 2252; x_wconf 87' lang='lat' dir='ltr'><strong>Ernestius:</strong></span> <span class='ocrx_word' id='word_1_273' title='bbox 533 2219 679 2252; x_wconf 69' lang='lat' dir='ltr'><strong>artur-ba</strong></span> <span class='ocrx_word' id='word_1_274' title='bbox 702 2221 753 2256; x_wconf 88' lang='lat' dir='ltr'><strong>M;</strong></span> <span class='ocrx_word' id='word_1_275' title='bbox 779 2220 956 2253; x_wconf 63' lang='lat' dir='ltr'><strong>attur-bari</strong></span> <span class='ocrx_word' id='word_1_276' title='bbox 978 2220 1046 2253; x_wconf 82' lang='lat' dir='ltr'><strong>alii.</strong></span> <span class='ocrx_word' id='word_1_277' title='bbox 1068 2238 1104 2244; x_wconf 96' lang='lat'><strong>—</strong></span> <span class='ocrx_word' id='word_1_278' title='bbox 1129 2221 1286 2254; x_wconf 78' lang='lat' dir='ltr'><strong>hircanos</strong></span> <span class='ocrx_word' id='word_1_279' title='bbox 1308 2222 1340 2254; x_wconf 83' lang='lat' dir='ltr'>M</span> <span class='ocrx_word' id='word_1_280' title='bbox 1366 2240 1402 2246; x_wconf 90' lang='lat'><strong>—</strong></span> <span class='ocrx_word' id='word_1_281' title='bbox 1430 2221 1483 2254; x_wconf 86' lang='grc'><strong>49.</strong></span> <span class='ocrx_word' id='word_1_282' title='bbox 1508 2221 1645 2263; x_wconf 63' lang='lat' dir='ltr'><strong>tygrani</strong></span> <span class='ocrx_word' id='word_1_283' title='bbox 1660 2222 1693 2254; x_wconf 92' lang='lat' dir='ltr'>M</span> <span class='ocrx_word' id='word_1_284' title='bbox 1714 2239 1749 2245; x_wconf 90' lang='lat'><em>-</em></span> <span class='ocrx_word' id='word_1_285' title='bbox 1766 2221 1829 2260; x_wconf 79' lang='grc'><strong>20.</strong></span> <span class='ocrx_word' id='word_1_286' title='bbox 1848 2230 1950 2262; x_wconf 80' lang='lat' dir='ltr'><strong>quam</strong></span> 
     </span>
     <span class='ocr_line' id='line_1_27' title="bbox 150 2275 1346 2319; baseline 0.002 -11"><span class='ocrx_word' id='word_1_287' title='bbox 150 2276 362 2317; x_wconf 72' lang='lat' dir='ltr'><strong>festinantius</strong></span> <span class='ocrx_word' id='word_1_288' title='bbox 383 2275 591 2309; x_wconf 83' lang='lat' dir='ltr'><strong>Rhenanus:</strong></span> <span class='ocrx_word' id='word_1_289' title='bbox 615 2276 888 2319; x_wconf 77' lang='lat' dir='ltr'><strong>consestinantius</strong></span> <span class='ocrx_word' id='word_1_290' title='bbox 910 2278 942 2309; x_wconf 89' lang='lat' dir='ltr'>M</span> <span class='ocrx_word' id='word_1_291' title='bbox 968 2295 1005 2301; x_wconf 92' lang='lat'><strong>—-</strong></span> <span class='ocrx_word' id='word_1_292' title='bbox 1031 2277 1085 2310; x_wconf 88' lang='grc'><strong>24.</strong></span> <span class='ocrx_word' id='word_1_293' title='bbox 1110 2277 1280 2310; x_wconf 80' lang='lat' dir='ltr'><strong>malebant</strong></span> <span class='ocrx_word' id='word_1_294' title='bbox 1301 2279 1346 2311; x_wconf 85' lang='lat' dir='ltr'><strong>M.</strong></span> 
     </span>
    </p>
   </div>
   <div class='ocr_carea' id='block_1_4' title="bbox 152 2393 1027 3482">
    <p class='ocr_par' dir='ltr' id='par_1_4' title="bbox 152 2393 1027 3482">
     <span class='ocr_line' id='line_1_28' title="bbox 154 2393 1026 2436; baseline 0.003 -10"><span class='ocrx_word' id='word_1_295' title='bbox 154 2394 368 2426; x_wconf 89' lang='lat' dir='ltr'><strong>contionem.</strong></span> <span class='ocrx_word' id='word_1_296' title='bbox 394 2394 471 2426; x_wconf 86' lang='lat' dir='ltr'><strong>Non</strong></span> <span class='ocrx_word' id='word_1_297' title='bbox 485 2393 625 2426; x_wconf 90' lang='lat' dir='ltr'><strong>videtur</strong></span> <span class='ocrx_word' id='word_1_298' title='bbox 641 2395 865 2436; x_wconf 87' lang='lat' dir='ltr'><strong>cogitandum</strong></span> <span class='ocrx_word' id='word_1_299' title='bbox 883 2396 928 2428; x_wconf 92' lang='lat' dir='ltr'><strong>de</strong></span> <span class='ocrx_word' id='word_1_300' title='bbox 945 2398 1026 2429; x_wconf 91' lang='lat' dir='ltr'><strong>Par-</strong></span> 
     </span>
     <span class='ocr_line' id='line_1_29' title="bbox 153 2443 1024 2486; baseline 0.002 -10"><span class='ocrx_word' id='word_1_301' title='bbox 153 2444 295 2476; x_wconf 85' lang='lat' dir='ltr'><strong>thorum</strong></span> <span class='ocrx_word' id='word_1_302' title='bbox 318 2444 444 2475; x_wconf 87' lang='lat' dir='ltr'><strong>senatu</strong></span> <span class='ocrx_word' id='word_1_303' title='bbox 467 2443 523 2475; x_wconf 88' lang='lat' dir='ltr'><strong>vel</strong></span> <span class='ocrx_word' id='word_1_304' title='bbox 546 2445 703 2483; x_wconf 81' lang='lat' dir='ltr'><strong>consilio,</strong></span> <span class='ocrx_word' id='word_1_305' title='bbox 734 2444 779 2477; x_wconf 90' lang='lat' dir='ltr'><strong>de</strong></span> <span class='ocrx_word' id='word_1_306' title='bbox 803 2454 873 2486; x_wconf 88' lang='lat' dir='ltr'><strong>quo</strong></span> <span class='ocrx_word' id='word_1_307' title='bbox 897 2445 1024 2478; x_wconf 88' lang='lat' dir='ltr'><strong>Strabo</strong></span> 
     </span>
     <span class='ocr_line' id='line_1_30' title="bbox 154 2491 1025 2540; baseline 0.003 -15"><span class='ocrx_word' id='word_1_308' title='bbox 154 2494 213 2532; x_wconf 86' lang='grc'><strong>44,</strong></span> <span class='ocrx_word' id='word_1_309' title='bbox 246 2493 283 2531; x_wconf 88' lang='grc'><strong>9,</strong></span> <span class='ocrx_word' id='word_1_310' title='bbox 310 2492 329 2524; x_wconf 89' lang='grc'>3</span> <span class='ocrx_word' id='word_1_311' title='bbox 358 2501 392 2534; x_wconf 83' lang='grc' dir='ltr'><strong>ρ.</strong></span> <span class='ocrx_word' id='word_1_312' title='bbox 418 2494 501 2524; x_wconf 84' lang='grc'><strong>545;</strong></span> <span class='ocrx_word' id='word_1_313' title='bbox 537 2491 619 2525; x_wconf 83' lang='grc' dir='ltr'><strong>Τῶν</strong></span> <span class='ocrx_word' id='word_1_314' title='bbox 648 2493 882 2540; x_wconf 80' lang='grc' dir='ltr'><em>Παρθυαίων</em></span> <span class='ocrx_word' id='word_1_315' title='bbox 911 2497 1025 2529; x_wconf 82' lang='grc' dir='ltr'><em>συνέ-</em></span> 
     </span>
     <span class='ocr_line' id='line_1_31' title="bbox 153 2540 1025 2590; baseline 0.003 -15"><span class='ocrx_word' id='word_1_316' title='bbox 153 2540 259 2590; x_wconf 78' lang='grc' dir='ltr'><em>δριόν</em></span> <span class='ocrx_word' id='word_1_317' title='bbox 281 2553 382 2586; x_wconf 87' lang='grc' dir='ltr'><em>φησι</em></span> <span class='ocrx_word' id='word_1_318' title='bbox 405 2541 664 2585; x_wconf 80' lang='grc' dir='ltr'><em>Ποσειδώνιος</em></span> <span class='ocrx_word' id='word_1_319' title='bbox 687 2543 785 2577; x_wconf 79' lang='grc' dir='ltr'><em>εἶναι</em></span> <span class='ocrx_word' id='word_1_320' title='bbox 807 2543 954 2585; x_wconf 84' lang='grc' dir='ltr'><strong>διττόν,</strong></span> <span class='ocrx_word' id='word_1_321' title='bbox 979 2543 1025 2578; x_wconf 82' lang='grc' dir='ltr'><strong>τὸ</strong></span> 
     </span>
     <span class='ocr_line' id='line_1_32' title="bbox 152 2590 1024 2639; baseline 0.002 -14"><span class='ocrx_word' id='word_1_322' title='bbox 152 2593 225 2637; x_wconf 78' lang='grc' dir='ltr'><strong>μὲν</strong></span> <span class='ocrx_word' id='word_1_323' title='bbox 247 2592 460 2636; x_wconf 76' lang='grc' dir='ltr'><em>συγγενῶν,</em></span> <span class='ocrx_word' id='word_1_324' title='bbox 490 2590 536 2626; x_wconf 84' lang='grc' dir='ltr'><strong>τὸ</strong></span> <span class='ocrx_word' id='word_1_325' title='bbox 565 2592 606 2627; x_wconf 82' lang='grc' dir='ltr'><strong>δὲ</strong></span> <span class='ocrx_word' id='word_1_326' title='bbox 629 2593 766 2635; x_wconf 82' lang='grc' dir='ltr'><em>σοφῶν</em></span> <span class='ocrx_word' id='word_1_327' title='bbox 788 2596 853 2627; x_wconf 82' lang='grc' dir='ltr'><strong>καὶ</strong></span> <span class='ocrx_word' id='word_1_328' title='bbox 876 2593 1024 2639; x_wconf 76' lang='grc' dir='ltr'><strong>μάγων,</strong></span> 
     </span>
     <span class='ocr_line' id='line_1_33' title="bbox 154 2638 1023 2686; baseline 0.001 -9"><span class='ocrx_word' id='word_1_329' title='bbox 154 2641 196 2686; x_wconf 78' lang='grc' dir='ltr'><strong>ἐξ</strong></span> <span class='ocrx_word' id='word_1_330' title='bbox 214 2638 268 2676; x_wconf 84' lang='grc' dir='ltr'><strong>ὦν</strong></span> <span class='ocrx_word' id='word_1_331' title='bbox 285 2641 438 2686; x_wconf 81' lang='grc' dir='ltr'><em>ἀμφοῖν</em></span> <span class='ocrx_word' id='word_1_332' title='bbox 453 2643 544 2685; x_wconf 74' lang='grc' dir='ltr'><em>τοὺς</em></span> <span class='ocrx_word' id='word_1_333' title='bbox 558 2643 733 2686; x_wconf 78' lang='grc' dir='ltr'><strong><em>βασιλεῖς</em></strong></span> <span class='ocrx_word' id='word_1_334' title='bbox 748 2645 1023 2679; x_wconf 75' lang='grc' dir='ltr'><strong>καθίστασθαι.</strong></span> 
     </span>
     <span class='ocr_line' id='line_1_34' title="bbox 158 2695 1026 2737; baseline 0.005 -12"><span class='ocrx_word' id='word_1_335' title='bbox 158 2713 192 2718; x_wconf 97' lang='grc'><strong>-</strong></span> <span class='ocrx_word' id='word_1_336' title='bbox 218 2703 346 2726; x_wconf 80' lang='lat' dir='ltr'><strong>summo</strong></span> <span class='ocrx_word' id='word_1_337' title='bbox 367 2695 516 2737; x_wconf 82' lang='lat' dir='ltr'><strong>nomine]</strong></span> <span class='ocrx_word' id='word_1_338' title='bbox 550 2696 643 2736; x_wconf 87' lang='lat' dir='ltr'><strong>regis</strong></span> <span class='ocrx_word' id='word_1_339' title='bbox 668 2697 875 2729; x_wconf 77' lang='lat' dir='ltr'><strong>Parthorum</strong></span> <span class='ocrx_word' id='word_1_340' title='bbox 899 2695 1026 2737; x_wconf 80' lang='grc' dir='ltr'><em>(βασι-</em></span> 
     </span>
     <span class='ocr_line' id='line_1_35' title="bbox 154 2742 1026 2789; baseline 0.003 -13"><span class='ocrx_word' id='word_1_341' title='bbox 154 2742 339 2785; x_wconf 52' lang='lat' dir='ltr'><strong>&gt;tems-¹1⁶3„</strong></span> <span class='ocrx_word' id='word_1_342' title='bbox 352 2742 572 2787; x_wconf 77' lang='grc' dir='ltr'><em>βασιλέων),</em></span> <span class='ocrx_word' id='word_1_343' title='bbox 590 2753 608 2776; x_wconf 88' lang='lat' dir='ltr'><strong>a</strong></span> <span class='ocrx_word' id='word_1_344' title='bbox 625 2754 694 2786; x_wconf 89' lang='lat' dir='ltr'><strong>quo</strong></span> <span class='ocrx_word' id='word_1_345' title='bbox 707 2745 911 2789; x_wconf 84' lang='lat' dir='ltr'><strong>pendebant</strong></span> <span class='ocrx_word' id='word_1_346' title='bbox 922 2755 1026 2787; x_wconf 83' lang='lat' dir='ltr'><strong>reges</strong></span> 
     </span>
     <span class='ocr_line' id='line_1_36' title="bbox 153 2793 1024 2836; baseline 0.001 -10"><span class='ocrx_word' id='word_1_347' title='bbox 153 2793 337 2826; x_wconf 86' lang='lat' dir='ltr'><strong>Medorum</strong></span> <span class='ocrx_word' id='word_1_348' title='bbox 367 2795 403 2826; x_wconf 90' lang='lat' dir='ltr'><strong>et</strong></span> <span class='ocrx_word' id='word_1_349' title='bbox 427 2795 686 2827; x_wconf 86' lang='lat' dir='ltr'><strong>Armeniorum.</strong></span> <span class='ocrx_word' id='word_1_350' title='bbox 716 2813 751 2818; x_wconf 93' lang='lat'><strong>—</strong></span> <span class='ocrx_word' id='word_1_351' title='bbox 776 2796 940 2836; x_wconf 78' lang='lat' dir='ltr'><strong>Pacorus]</strong></span> <span class='ocrx_word' id='word_1_352' title='bbox 973 2796 1024 2829; x_wconf 87' lang='lat' dir='ltr'><strong>Cf.</strong></span> 
     </span>
     <span class='ocr_line' id='line_1_37' title="bbox 154 2838 1027 2886; baseline 0.001 -10"><span class='ocrx_word' id='word_1_353' title='bbox 154 2843 208 2881; x_wconf 85' lang='grc'><strong>42,</strong></span> <span class='ocrx_word' id='word_1_354' title='bbox 226 2842 280 2876; x_wconf 82' lang='grc'><strong>44.</strong></span> <span class='ocrx_word' id='word_1_355' title='bbox 302 2860 340 2866; x_wconf 87' lang='grc'><strong>-</strong></span> <span class='ocrx_word' id='word_1_356' title='bbox 357 2851 423 2874; x_wconf 86' lang='lat' dir='ltr'><strong>non</strong></span> <span class='ocrx_word' id='word_1_357' title='bbox 446 2844 499 2875; x_wconf 81' lang='lat' dir='ltr'><strong>ibo</strong></span> <span class='ocrx_word' id='word_1_358' title='bbox 522 2845 660 2886; x_wconf 68' lang='lat' dir='ltr'><strong>infitias]</strong></span> <span class='ocrx_word' id='word_1_359' title='bbox 684 2838 901 2877; x_wconf 83' lang='lat' dir='ltr'><strong>Monendum</strong></span> <span class='ocrx_word' id='word_1_360' title='bbox 926 2844 1027 2877; x_wconf 90' lang='lat' dir='ltr'><strong>locu-</strong></span> 
     </span>
     <span class='ocr_line' id='line_1_38' title="bbox 154 2893 1025 2935; baseline 0.005 -11"><span class='ocrx_word' id='word_1_361' title='bbox 154 2893 285 2924; x_wconf 88' lang='lat' dir='ltr'><strong>tionem</strong></span> <span class='ocrx_word' id='word_1_362' title='bbox 302 2893 607 2934; x_wconf 83' lang='lat' dir='ltr'><strong>periphrasticam‚</strong></span> <span class='ocrx_word' id='word_1_363' title='bbox 627 2894 719 2935; x_wconf 89' lang='lat' dir='ltr'><strong>apud</strong></span> <span class='ocrx_word' id='word_1_364' title='bbox 734 2895 941 2927; x_wconf 85' lang='lat' dir='ltr'><strong>Ciceronem</strong></span> <span class='ocrx_word' id='word_1_365' title='bbox 957 2904 1025 2928; x_wconf 91' lang='lat' dir='ltr'><strong>non</strong></span> 
     </span>
     <span class='ocr_line' id='line_1_39' title="bbox 153 2941 1027 2986; baseline 0.003 -12"><span class='ocrx_word' id='word_1_366' title='bbox 153 2941 313 2979; x_wconf 77' lang='lat' dir='ltr'><strong>obviam,</strong></span> <span class='ocrx_word' id='word_1_367' title='bbox 343 2950 407 2983; x_wconf 88' lang='lat' dir='ltr'><strong>pro</strong></span> <span class='ocrx_word' id='word_1_368' title='bbox 431 2942 541 2974; x_wconf 86' lang='lat' dir='ltr'><strong>verbo</strong></span> <span class='ocrx_word' id='word_1_369' title='bbox 564 2944 726 2984; x_wconf 77' lang='lat' dir='ltr'><strong>infitiari,</strong></span> <span class='ocrx_word' id='word_1_370' title='bbox 751 2953 771 2975; x_wconf 90' lang='lat' dir='ltr'><strong>a</strong></span> <span class='ocrx_word' id='word_1_371' title='bbox 794 2944 1027 2986; x_wconf 85' lang='lat' dir='ltr'><strong>scriptoribus</strong></span> 
     </span>
     <span class='ocr_line' id='line_1_40' title="bbox 152 2992 1027 3034; baseline 0.006 -12"><span class='ocrx_word' id='word_1_372' title='bbox 152 2999 281 3034; x_wconf 84' lang='lat' dir='ltr'><strong>prosae</strong></span> <span class='ocrx_word' id='word_1_373' title='bbox 299 2992 466 3024; x_wconf 85' lang='lat' dir='ltr'><strong>orationis</strong></span> <span class='ocrx_word' id='word_1_374' title='bbox 483 2993 621 3024; x_wconf 86' lang='lat' dir='ltr'><strong>nonnisi</strong></span> <span class='ocrx_word' id='word_1_375' title='bbox 638 3001 719 3025; x_wconf 91' lang='lat' dir='ltr'><strong>cum</strong></span> <span class='ocrx_word' id='word_1_376' title='bbox 737 2995 922 3034; x_wconf 81' lang='lat' dir='ltr'><strong>negatione</strong></span> <span class='ocrx_word' id='word_1_377' title='bbox 940 3003 1027 3027; x_wconf 90' lang='lat' dir='ltr'><strong>con-</strong></span> 
     </span>
     <span class='ocr_line' id='line_1_41' title="bbox 153 3042 1024 3086; baseline 0.002 -12"><span class='ocrx_word' id='word_1_378' title='bbox 153 3042 261 3082; x_wconf 85' lang='lat' dir='ltr'><strong>iungi.</strong></span> <span class='ocrx_word' id='word_1_379' title='bbox 288 3042 338 3074; x_wconf 86' lang='lat' dir='ltr'><strong>Cf.</strong></span> <span class='ocrx_word' id='word_1_380' title='bbox 358 3042 568 3074; x_wconf 88' lang='lat' dir='ltr'><strong>Doederlein</strong></span> <span class='ocrx_word' id='word_1_381' title='bbox 585 3043 708 3083; x_wconf 77' lang='lat' dir='ltr'><strong>synon.</strong></span> <span class='ocrx_word' id='word_1_382' title='bbox 729 3044 772 3076; x_wconf 80' lang='lat' dir='ltr'><strong>{V</strong></span> <span class='ocrx_word' id='word_1_383' title='bbox 789 3053 822 3086; x_wconf 89' lang='lat' dir='ltr'><strong>p.</strong></span> <span class='ocrx_word' id='word_1_384' title='bbox 843 3044 896 3076; x_wconf 85' lang='grc'><strong>32.</strong></span> <span class='ocrx_word' id='word_1_385' title='bbox 919 3045 1024 3077; x_wconf 75' lang='grc' dir='ltr'><strong>ΒΑειῑ.</strong></span> 
     </span>
     <span class='ocr_line' id='line_1_42' title="bbox 157 3093 1024 3135; baseline 0.002 -11"><span class='ocrx_word' id='word_1_386' title='bbox 157 3109 192 3116; x_wconf 87' lang='lat'><strong>-—</strong></span> <span class='ocrx_word' id='word_1_387' title='bbox 218 3101 323 3124; x_wconf 81' lang='lat' dir='ltr'><strong>causa</strong></span> <span class='ocrx_word' id='word_1_388' title='bbox 346 3101 448 3132; x_wconf 81' lang='lat' dir='ltr'><strong>quam</strong></span> <span class='ocrx_word' id='word_1_389' title='bbox 470 3093 574 3124; x_wconf 74' lang='lat' dir='ltr'><strong>armis</strong></span> <span class='ocrx_word' id='word_1_390' title='bbox 589 3110 607 3116; x_wconf 93' lang='lat'><em>—</em></span> <span class='ocrx_word' id='word_1_391' title='bbox 622 3110 641 3116; x_wconf 93' lang='lat'>-</span> <span class='ocrx_word' id='word_1_392' title='bbox 656 3094 862 3135; x_wconf 81' lang='lat' dir='ltr'><strong>malueram]</strong></span> <span class='ocrx_word' id='word_1_393' title='bbox 894 3094 943 3126; x_wconf 80' lang='lat' dir='ltr'><strong>Cf.</strong></span> <span class='ocrx_word' id='word_1_394' title='bbox 972 3095 1024 3134; x_wconf 84' lang='grc'><strong>43,</strong></span> 
     </span>
     <span class='ocr_line' id='line_1_43' title="bbox 154 3142 1023 3184; baseline 0.001 -10"><span class='ocrx_word' id='word_1_395' title='bbox 154 3142 213 3174; x_wconf 85' lang='lat'><strong>37:</strong></span> <span class='ocrx_word' id='word_1_396' title='bbox 245 3142 326 3182; x_wconf 74' lang='lat' dir='ltr'><strong>quia</strong></span> <span class='ocrx_word' id='word_1_397' title='bbox 355 3150 459 3174; x_wconf 81' lang='lat' dir='ltr'><strong>causa</strong></span> <span class='ocrx_word' id='word_1_398' title='bbox 487 3150 588 3182; x_wconf 77' lang='lat' dir='ltr'><strong>quam</strong></span> <span class='ocrx_word' id='word_1_399' title='bbox 618 3143 651 3174; x_wconf 85' lang='lat' dir='ltr'><strong>vi</strong></span> <span class='ocrx_word' id='word_1_400' title='bbox 683 3152 783 3184; x_wconf 74' lang='lat' dir='ltr'><strong>ayere</strong></span> <span class='ocrx_word' id='word_1_401' title='bbox 813 3144 959 3175; x_wconf 77' lang='lat' dir='ltr'><strong>mallent.</strong></span> <span class='ocrx_word' id='word_1_402' title='bbox 988 3162 1023 3167; x_wconf 95' lang='lat'><strong>—</strong></span> 
     </span>
     <span class='ocr_line' id='line_1_44' title="bbox 153 3191 1027 3233; baseline 0.001 -10"><span class='ocrx_word' id='word_1_403' title='bbox 153 3191 296 3233; x_wconf 71' lang='lat' dir='ltr'><strong>Monesi]</strong></span> <span class='ocrx_word' id='word_1_404' title='bbox 322 3191 373 3223; x_wconf 89' lang='lat' dir='ltr'><strong>Cf.</strong></span> <span class='ocrx_word' id='word_1_405' title='bbox 399 3191 463 3223; x_wconf 92' lang='lat' dir='ltr'><strong>Dio</strong></span> <span class='ocrx_word' id='word_1_406' title='bbox 487 3191 547 3230; x_wconf 84' lang='grc'><strong>62,</strong></span> <span class='ocrx_word' id='word_1_407' title='bbox 573 3191 615 3223; x_wconf 84' lang='grc'><strong>20</strong></span> <span class='ocrx_word' id='word_1_408' title='bbox 638 3194 674 3224; x_wconf 83' lang='lat' dir='ltr'><strong>et</strong></span> <span class='ocrx_word' id='word_1_409' title='bbox 696 3193 756 3230; x_wconf 82' lang='grc'><strong>22,</strong></span> <span class='ocrx_word' id='word_1_410' title='bbox 790 3193 845 3224; x_wconf 89' lang='lat' dir='ltr'><strong>cui</strong></span> <span class='ocrx_word' id='word_1_411' title='bbox 869 3194 924 3225; x_wconf 86' lang='lat' dir='ltr'><strong>est</strong></span> <span class='ocrx_word' id='word_1_412' title='bbox 945 3192 1027 3224; x_wconf 88' lang='lat' dir='ltr'><strong>Mo-</strong></span> 
     </span>
     <span class='ocr_line' id='line_1_45' title="bbox 155 3241 1023 3284; baseline 0.003 -12"><span class='ocrx_word' id='word_1_413' title='bbox 155 3242 311 3284; x_wconf 80' lang='grc' dir='ltr'><strong>ναίσης,</strong></span> <span class='ocrx_word' id='word_1_414' title='bbox 336 3243 372 3274; x_wconf 84' lang='lat' dir='ltr'><strong>et</strong></span> <span class='ocrx_word' id='word_1_415' title='bbox 395 3241 525 3273; x_wconf 89' lang='lat' dir='ltr'><strong>rectior</strong></span> <span class='ocrx_word' id='word_1_416' title='bbox 547 3250 632 3274; x_wconf 90' lang='lat' dir='ltr'><strong>sane</strong></span> <span class='ocrx_word' id='word_1_417' title='bbox 650 3243 823 3284; x_wconf 84' lang='lat' dir='ltr'><strong>scriptura</strong></span> <span class='ocrx_word' id='word_1_418' title='bbox 842 3243 946 3275; x_wconf 86' lang='lat' dir='ltr'><strong>etiam</strong></span> <span class='ocrx_word' id='word_1_419' title='bbox 964 3244 1023 3275; x_wconf 90' lang='lat' dir='ltr'><strong>La-</strong></span> 
     </span>
     <span class='ocr_line' id='line_1_46' title="bbox 156 3290 1022 3330; baseline 0.001 -7"><span class='ocrx_word' id='word_1_420' title='bbox 156 3292 228 3323; x_wconf 81' lang='lat' dir='ltr'><strong>tine</strong></span> <span class='ocrx_word' id='word_1_421' title='bbox 250 3290 390 3323; x_wconf 85' lang='lat' dir='ltr'><strong>videtur</strong></span> <span class='ocrx_word' id='word_1_422' title='bbox 410 3292 598 3330; x_wconf 75' lang='lat' dir='ltr'><strong>Monaeses,</strong></span> <span class='ocrx_word' id='word_1_423' title='bbox 635 3293 673 3324; x_wconf 90' lang='lat' dir='ltr'><strong>ut</strong></span> <span class='ocrx_word' id='word_1_424' title='bbox 705 3291 881 3324; x_wconf 89' lang='lat' dir='ltr'><strong>edidimus</strong></span> <span class='ocrx_word' id='word_1_425' title='bbox 905 3293 1022 3325; x_wconf 81' lang='lat' dir='ltr'><strong>Horat.</strong></span> 
     </span>
     <span class='ocr_line' id='line_1_47' title="bbox 159 3340 1023 3384; baseline 0.003 -12"><span class='ocrx_word' id='word_1_426' title='bbox 159 3340 197 3373; x_wconf 90' lang='lat' dir='ltr'><strong>C.</strong></span> <span class='ocrx_word' id='word_1_427' title='bbox 212 3340 244 3379; x_wconf 89' lang='grc'><strong>3,</strong></span> <span class='ocrx_word' id='word_1_428' title='bbox 259 3342 292 3379; x_wconf 89' lang='grc'><strong>6,</strong></span> <span class='ocrx_word' id='word_1_429' title='bbox 307 3341 338 3374; x_wconf 89' lang='grc'><strong>9.</strong></span> <span class='ocrx_word' id='word_1_430' title='bbox 366 3341 462 3374; x_wconf 88' lang='lat' dir='ltr'><strong>tdem</strong></span> <span class='ocrx_word' id='word_1_431' title='bbox 481 3341 574 3373; x_wconf 85' lang='lat' dir='ltr'><strong>valet</strong></span> <span class='ocrx_word' id='word_1_432' title='bbox 589 3340 634 3373; x_wconf 91' lang='lat' dir='ltr'><strong>de</strong></span> <span class='ocrx_word' id='word_1_433' title='bbox 660 3342 800 3375; x_wconf 88' lang='lat' dir='ltr'><strong>nomine</strong></span> <span class='ocrx_word' id='word_1_434' title='bbox 823 3342 1023 3384; x_wconf 65' lang='lat' dir='ltr'><strong>Vologaeses.</strong></span> 
     </span>
     <span class='ocr_line' id='line_1_48' title="bbox 161 3391 1026 3434; baseline 0.005 -12"><span class='ocrx_word' id='word_1_435' title='bbox 161 3407 196 3413; x_wconf 93' lang='lat'>-</span> <span class='ocrx_word' id='word_1_436' title='bbox 211 3391 402 3434; x_wconf 68' lang='lat' dir='ltr'><strong>anem-baro]</strong></span> <span class='ocrx_word' id='word_1_437' title='bbox 421 3392 662 3425; x_wconf 83' lang='lat' dir='ltr'><strong>certissimam</strong></span> <span class='ocrx_word' id='word_1_438' title='bbox 679 3392 771 3424; x_wconf 87' lang='lat' dir='ltr'><strong>hanc</strong></span> <span class='ocrx_word' id='word_1_439' title='bbox 785 3393 930 3426; x_wconf 86' lang='lat' dir='ltr'><strong>Ernestii</strong></span> <span class='ocrx_word' id='word_1_440' title='bbox 944 3402 1026 3426; x_wconf 91' lang='lat' dir='ltr'><strong>con-</strong></span> 
     </span>
     <span class='ocr_line' id='line_1_49' title="bbox 159 3439 1026 3482; baseline 0.001 -8"><span class='ocrx_word' id='word_1_441' title='bbox 159 3439 330 3475; x_wconf 84' lang='lat' dir='ltr'><strong>iecturam</strong></span> <span class='ocrx_word' id='word_1_442' title='bbox 362 3440 408 3475; x_wconf 90' lang='lat' dir='ltr'><strong>nil</strong></span> <span class='ocrx_word' id='word_1_443' title='bbox 438 3441 561 3475; x_wconf 86' lang='lat' dir='ltr'><strong>dubito</strong></span> <span class='ocrx_word' id='word_1_444' title='bbox 590 3441 856 3475; x_wconf 86' lang='lat' dir='ltr'><strong>commendare.</strong></span> <span class='ocrx_word' id='word_1_445' title='bbox 894 3443 1026 3482; x_wconf 87' lang='lat' dir='ltr'><strong>Quam-</strong></span> 
     </span>
    </p>
   </div>
   <div class='ocr_carea' id='block_1_5' title="bbox 1076 2396 1949 3487">
    <p class='ocr_par' dir='ltr' id='par_1_5' title="bbox 1076 2396 1949 2937">
     <span class='ocr_line' id='line_1_50' title="bbox 1076 2396 1945 2437; baseline 0 -9"><span class='ocrx_word' id='word_1_446' title='bbox 1076 2405 1184 2437; x_wconf 86' lang='lat' dir='ltr'><strong>quam</strong></span> <span class='ocrx_word' id='word_1_447' title='bbox 1208 2398 1302 2430; x_wconf 89' lang='lat' dir='ltr'><strong>enim</strong></span> <span class='ocrx_word' id='word_1_448' title='bbox 1325 2396 1477 2430; x_wconf 87' lang='lat' dir='ltr'><strong>verbum</strong></span> <span class='ocrx_word' id='word_1_449' title='bbox 1500 2397 1674 2429; x_wconf 77' lang='lat' dir='ltr'><strong>mandavit</strong></span> <span class='ocrx_word' id='word_1_450' title='bbox 1693 2397 1896 2429; x_wconf 89' lang='lat' dir='ltr'><strong>accusativo</strong></span> <span class='ocrx_word' id='word_1_451' title='bbox 1913 2405 1945 2428; x_wconf 90' lang='lat' dir='ltr'><strong>c.</strong></span> 
     </span>
     <span class='ocr_line' id='line_1_51' title="bbox 1076 2445 1945 2489; baseline 0 -10"><span class='ocrx_word' id='word_1_452' title='bbox 1076 2447 1134 2479; x_wconf 87' lang='lat' dir='ltr'><strong>inf.</strong></span> <span class='ocrx_word' id='word_1_453' title='bbox 1160 2456 1253 2489; x_wconf 86' lang='lat' dir='ltr'><strong>pass.</strong></span> <span class='ocrx_word' id='word_1_454' title='bbox 1281 2448 1442 2488; x_wconf 84' lang='lat' dir='ltr'><strong>coniungi</strong></span> <span class='ocrx_word' id='word_1_455' title='bbox 1473 2449 1590 2489; x_wconf 86' lang='lat' dir='ltr'><strong>potest</strong></span> <span class='ocrx_word' id='word_1_456' title='bbox 1614 2446 1674 2488; x_wconf 84' lang='lat' dir='ltr'><strong>(cf.</strong></span> <span class='ocrx_word' id='word_1_457' title='bbox 1700 2447 1843 2479; x_wconf 88' lang='lat' dir='ltr'><strong>sueton.</strong></span> <span class='ocrx_word' id='word_1_458' title='bbox 1869 2445 1945 2479; x_wconf 87' lang='lat' dir='ltr'><strong>Tib.</strong></span> 
     </span>
     <span class='ocr_line' id='line_1_52' title="bbox 1076 2497 1949 2538; baseline 0 -9"><span class='ocrx_word' id='word_1_459' title='bbox 1076 2498 1117 2529; x_wconf 83' lang='lat'><strong>65</strong></span> <span class='ocrx_word' id='word_1_460' title='bbox 1142 2497 1265 2538; x_wconf 72' lang='lat' dir='ltr'><strong>extr),</strong></span> <span class='ocrx_word' id='word_1_461' title='bbox 1298 2499 1437 2535; x_wconf 88' lang='lat' dir='ltr'><strong>tamen,</strong></span> <span class='ocrx_word' id='word_1_462' title='bbox 1471 2506 1553 2530; x_wconf 88' lang='lat' dir='ltr'><strong>cum</strong></span> <span class='ocrx_word' id='word_1_463' title='bbox 1585 2498 1718 2530; x_wconf 88' lang='lat' dir='ltr'><strong>Monesi</strong></span> <span class='ocrx_word' id='word_1_464' title='bbox 1745 2506 1868 2529; x_wconf 87' lang='lat' dir='ltr'><strong>curam</strong></span> <span class='ocrx_word' id='word_1_465' title='bbox 1891 2497 1949 2529; x_wconf 90' lang='lat' dir='ltr'><strong>Ti-</strong></span> 
     </span>
     <span class='ocr_line' id='line_1_53' title="bbox 1076 2546 1947 2589; baseline 0 -10"><span class='ocrx_word' id='word_1_466' title='bbox 1076 2548 1193 2588; x_wconf 84' lang='lat' dir='ltr'><strong>granis</strong></span> <span class='ocrx_word' id='word_1_467' title='bbox 1216 2548 1382 2580; x_wconf 81' lang='lat' dir='ltr'><strong>Armenia</strong></span> <span class='ocrx_word' id='word_1_468' title='bbox 1412 2546 1609 2589; x_wconf 86' lang='lat' dir='ltr'><strong>expellendi</strong></span> <span class='ocrx_word' id='word_1_469' title='bbox 1641 2547 1843 2579; x_wconf 86' lang='lat' dir='ltr'><strong>mandatam</strong></span> <span class='ocrx_word' id='word_1_470' title='bbox 1867 2555 1947 2580; x_wconf 82' lang='lat' dir='ltr'><strong>esso</strong></span> 
     </span>
     <span class='ocr_line' id='line_1_54' title="bbox 1077 2596 1947 2639; baseline 0 -10"><span class='ocrx_word' id='word_1_471' title='bbox 1077 2606 1119 2629; x_wconf 86' lang='lat' dir='ltr'><strong>ex</strong></span> <span class='ocrx_word' id='word_1_472' title='bbox 1143 2598 1268 2639; x_wconf 85' lang='lat' dir='ltr'><strong>capitis</strong></span> <span class='ocrx_word' id='word_1_473' title='bbox 1291 2597 1310 2630; x_wconf 82' lang='lat'><strong>4</strong></span> <span class='ocrx_word' id='word_1_474' title='bbox 1334 2598 1429 2630; x_wconf 87' lang='lat' dir='ltr'><strong>initio</strong></span> <span class='ocrx_word' id='word_1_475' title='bbox 1454 2599 1603 2636; x_wconf 89' lang='lat' dir='ltr'><strong>constet,</strong></span> <span class='ocrx_word' id='word_1_476' title='bbox 1628 2596 1711 2629; x_wconf 90' lang='lat' dir='ltr'><strong>illud</strong></span> <span class='ocrx_word' id='word_1_477' title='bbox 1727 2596 1878 2628; x_wconf 91' lang='lat' dir='ltr'><strong>verbum</strong></span> <span class='ocrx_word' id='word_1_478' title='bbox 1902 2596 1947 2629; x_wconf 89' lang='lat' dir='ltr'><strong>ad</strong></span> 
     </span>
     <span class='ocr_line' id='line_1_55' title="bbox 1076 2647 1947 2690; baseline -0.001 -11"><span class='ocrx_word' id='word_1_479' title='bbox 1076 2647 1351 2690; x_wconf 78' lang='lat' dir='ltr'><strong>praecedentem</strong></span> <span class='ocrx_word' id='word_1_480' title='bbox 1390 2647 1546 2679; x_wconf 86' lang='lat' dir='ltr'><strong>dativum</strong></span> <span class='ocrx_word' id='word_1_481' title='bbox 1579 2648 1705 2680; x_wconf 72' lang='lat' dir='ltr'><strong>Monesi</strong></span> <span class='ocrx_word' id='word_1_482' title='bbox 1736 2647 1837 2679; x_wconf 78' lang='lat' dir='ltr'><strong>nobili</strong></span> <span class='ocrx_word' id='word_1_483' title='bbox 1873 2647 1947 2679; x_wconf 76' lang='lat' dir='ltr'><strong>viro</strong></span> 
     </span>
     <span class='ocr_line' id='line_1_56' title="bbox 1077 2696 1948 2739; baseline -0.002 -9"><span class='ocrx_word' id='word_1_484' title='bbox 1077 2707 1191 2739; x_wconf 86' lang='lat' dir='ltr'><strong>aeque</strong></span> <span class='ocrx_word' id='word_1_485' title='bbox 1215 2706 1258 2730; x_wconf 87' lang='lat' dir='ltr'><strong>ac</strong></span> <span class='ocrx_word' id='word_1_486' title='bbox 1274 2697 1423 2730; x_wconf 88' lang='lat' dir='ltr'><strong>verbum</strong></span> <span class='ocrx_word' id='word_1_487' title='bbox 1451 2697 1593 2729; x_wconf 81' lang='lat' dir='ltr'><strong>tradidit</strong></span> <span class='ocrx_word' id='word_1_488' title='bbox 1610 2697 1835 2730; x_wconf 85' lang='lat' dir='ltr'><strong>referendum</strong></span> <span class='ocrx_word' id='word_1_489' title='bbox 1853 2696 1948 2729; x_wconf 90' lang='lat' dir='ltr'><strong>ideo-</strong></span> 
     </span>
     <span class='ocr_line' id='line_1_57' title="bbox 1077 2747 1945 2789; baseline 0 -10"><span class='ocrx_word' id='word_1_490' title='bbox 1077 2756 1146 2789; x_wconf 88' lang='lat' dir='ltr'><strong>que</strong></span> <span class='ocrx_word' id='word_1_491' title='bbox 1177 2747 1345 2779; x_wconf 83' lang='lat' dir='ltr'><strong>infinitivo</strong></span> <span class='ocrx_word' id='word_1_492' title='bbox 1377 2748 1494 2780; x_wconf 88' lang='lat' dir='ltr'><strong>activo.</strong></span> <span class='ocrx_word' id='word_1_493' title='bbox 1519 2747 1701 2779; x_wconf 73' lang='lat' dir='ltr'><strong>exturbare</strong></span> <span class='ocrx_word' id='word_1_494' title='bbox 1731 2747 1945 2788; x_wconf 82' lang='lat' dir='ltr'><strong>iungendum</strong></span> 
     </span>
     <span class='ocr_line' id='line_1_58' title="bbox 1077 2796 1948 2837; baseline -0.003 -7"><span class='ocrx_word' id='word_1_495' title='bbox 1077 2806 1157 2830; x_wconf 88' lang='lat' dir='ltr'><strong>esse</strong></span> <span class='ocrx_word' id='word_1_496' title='bbox 1188 2797 1287 2829; x_wconf 86' lang='lat' dir='ltr'><strong>facile</strong></span> <span class='ocrx_word' id='word_1_497' title='bbox 1312 2796 1526 2837; x_wconf 83' lang='lat' dir='ltr'><strong>intelligitur.</strong></span> <span class='ocrx_word' id='word_1_498' title='bbox 1555 2797 1721 2829; x_wconf 62' lang='lat' dir='ltr'><strong>Haustus.</strong></span> <span class='ocrx_word' id='word_1_499' title='bbox 1750 2814 1786 2819; x_wconf 94' lang='lat'><strong>—</strong></span> <span class='ocrx_word' id='word_1_500' title='bbox 1812 2796 1948 2834; x_wconf 82' lang='lat' dir='ltr'><strong>molem-</strong></span> 
     </span>
     <span class='ocr_line' id='line_1_59' title="bbox 1077 2846 1947 2888; baseline -0.001 -9"><span class='ocrx_word' id='word_1_501' title='bbox 1077 2856 1139 2888; x_wconf 65' lang='lat' dir='ltr'><strong>que</strong></span> <span class='ocrx_word' id='word_1_502' title='bbox 1163 2847 1236 2879; x_wconf 83' lang='lat' dir='ltr'><strong>belli</strong></span> <span class='ocrx_word' id='word_1_503' title='bbox 1260 2847 1331 2888; x_wconf 82' lang='lat' dir='ltr'><strong>ciet]</strong></span> <span class='ocrx_word' id='word_1_504' title='bbox 1358 2847 1408 2879; x_wconf 90' lang='lat' dir='ltr'><strong>Cf.</strong></span> <span class='ocrx_word' id='word_1_505' title='bbox 1439 2847 1523 2879; x_wconf 80' lang='lat' dir='ltr'><strong>Hist.</strong></span> <span class='ocrx_word' id='word_1_506' title='bbox 1545 2846 1577 2886; x_wconf 86' lang='lat'><strong>3,</strong></span> <span class='ocrx_word' id='word_1_507' title='bbox 1598 2848 1634 2878; x_wconf 78' lang='lat'><strong>⁴:</strong></span> <span class='ocrx_word' id='word_1_508' title='bbox 1658 2856 1721 2887; x_wconf 78' lang='lat' dir='ltr'><strong>per</strong></span> <span class='ocrx_word' id='word_1_509' title='bbox 1743 2855 1828 2887; x_wconf 80' lang='lat' dir='ltr'><strong>quas</strong></span> <span class='ocrx_word' id='word_1_510' title='bbox 1849 2848 1947 2887; x_wconf 86' lang='lat' dir='ltr'><strong>(pro-</strong></span> 
     </span>
     <span class='ocr_line' id='line_1_60' title="bbox 1077 2896 1857 2937; baseline -0.003 -7"><span class='ocrx_word' id='word_1_511' title='bbox 1077 2898 1220 2937; x_wconf 84' lang='lat' dir='ltr'><strong>vincias)</strong></span> <span class='ocrx_word' id='word_1_512' title='bbox 1243 2897 1332 2928; x_wconf 74' lang='lat' dir='ltr'><strong>velut</strong></span> <span class='ocrx_word' id='word_1_513' title='bbox 1354 2897 1492 2928; x_wconf 75' lang='lat' dir='ltr'><strong>alterius</strong></span> <span class='ocrx_word' id='word_1_514' title='bbox 1514 2896 1588 2928; x_wconf 82' lang='lat' dir='ltr'><strong>belli</strong></span> <span class='ocrx_word' id='word_1_515' title='bbox 1609 2898 1727 2929; x_wconf 76' lang='lat' dir='ltr'><strong>molem</strong></span> <span class='ocrx_word' id='word_1_516' title='bbox 1748 2897 1857 2929; x_wconf 77' lang='lat' dir='ltr'><strong>cieret.</strong></span> 
     </span>
    </p>

    <p class='ocr_par' dir='ltr' id='par_1_6' title="bbox 1076 2944 1948 3487">
     <span class='ocr_line' id='line_1_61' title="bbox 1122 2944 1948 2988; baseline -0.005 -9"><span class='ocrx_word' id='word_1_517' title='bbox 1122 2947 1154 2979; x_wconf 90' lang='lat'><strong>3.</strong></span> <span class='ocrx_word' id='word_1_518' title='bbox 1185 2947 1347 2978; x_wconf 78' lang='lat' dir='ltr'><strong>Verulano</strong></span> <span class='ocrx_word' id='word_1_519' title='bbox 1370 2945 1502 2988; x_wconf 78' lang='lat' dir='ltr'><strong>Severo]</strong></span> <span class='ocrx_word' id='word_1_520' title='bbox 1537 2946 1585 2978; x_wconf 87' lang='lat' dir='ltr'><strong>Cf.</strong></span> <span class='ocrx_word' id='word_1_521' title='bbox 1614 2946 1674 2984; x_wconf 83' lang='grc'><strong>44,</strong></span> <span class='ocrx_word' id='word_1_522' title='bbox 1699 2946 1752 2978; x_wconf 84' lang='grc'><strong>26.</strong></span> <span class='ocrx_word' id='word_1_523' title='bbox 1781 2964 1816 2969; x_wconf 89' lang='grc'><strong>-</strong></span> <span class='ocrx_word' id='word_1_524' title='bbox 1847 2944 1948 2977; x_wconf 80' lang='lat' dir='ltr'><strong>Vettio</strong></span> 
     </span>
     <span class='ocr_line' id='line_1_62' title="bbox 1076 2995 1948 3037; baseline -0.003 -8"><span class='ocrx_word' id='word_1_525' title='bbox 1076 2996 1220 3037; x_wconf 86' lang='lat' dir='ltr'><strong>Bolano]</strong></span> <span class='ocrx_word' id='word_1_526' title='bbox 1256 2998 1380 3037; x_wconf 87' lang='lat' dir='ltr'><strong>postea</strong></span> <span class='ocrx_word' id='word_1_527' title='bbox 1416 2995 1561 3029; x_wconf 88' lang='lat' dir='ltr'><strong>consule</strong></span> <span class='ocrx_word' id='word_1_528' title='bbox 1595 2996 1742 3029; x_wconf 80' lang='lat' dir='ltr'><strong>suffecto</strong></span> <span class='ocrx_word' id='word_1_529' title='bbox 1773 2996 1874 3033; x_wconf 86' lang='lat' dir='ltr'><strong>anni,</strong></span> <span class='ocrx_word' id='word_1_530' title='bbox 1909 2995 1948 3026; x_wconf 87' lang='lat' dir='ltr'><strong>ut</strong></span> 
     </span>
     <span class='ocr_line' id='line_1_63' title="bbox 1077 3045 1947 3087; baseline -0.002 -10"><span class='ocrx_word' id='word_1_531' title='bbox 1077 3046 1228 3084; x_wconf 79' lang='lat' dir='ltr'><strong>videtur,</strong></span> <span class='ocrx_word' id='word_1_532' title='bbox 1247 3046 1305 3077; x_wconf 78' lang='grc'><strong>824</strong></span> <span class='ocrx_word' id='word_1_533' title='bbox 1328 3046 1469 3087; x_wconf 69' lang='lat' dir='ltr'><strong>(Ballou.</strong></span> <span class='ocrx_word' id='word_1_534' title='bbox 1487 3046 1591 3078; x_wconf 81' lang='lat' dir='ltr'><strong>Instit.</strong></span> <span class='ocrx_word' id='word_1_535' title='bbox 1612 3045 1707 3084; x_wconf 83' lang='grc'><strong>4842,</strong></span> <span class='ocrx_word' id='word_1_536' title='bbox 1727 3054 1759 3086; x_wconf 88' lang='grc' dir='ltr'><strong>ρ.</strong></span> <span class='ocrx_word' id='word_1_537' title='bbox 1776 3045 1811 3077; x_wconf 86' lang='grc'><strong>34</strong></span> <span class='ocrx_word' id='word_1_538' title='bbox 1833 3046 1947 3086; x_wconf 83' lang='lat' dir='ltr'><strong>sqq.);</strong></span> 
     </span>
     <span class='ocr_line' id='line_1_64' title="bbox 1078 3095 1948 3137; baseline -0.002 -9"><span class='ocrx_word' id='word_1_539' title='bbox 1078 3096 1179 3128; x_wconf 89' lang='lat' dir='ltr'><strong>annis</strong></span> <span class='ocrx_word' id='word_1_540' title='bbox 1202 3095 1266 3127; x_wconf 87' lang='grc'><strong>822</strong></span> <span class='ocrx_word' id='word_1_541' title='bbox 1290 3097 1326 3127; x_wconf 86' lang='lat' dir='ltr'><strong>et.</strong></span> <span class='ocrx_word' id='word_1_542' title='bbox 1347 3096 1411 3128; x_wconf 87' lang='grc'><strong>823</strong></span> <span class='ocrx_word' id='word_1_543' title='bbox 1442 3095 1556 3137; x_wconf 85' lang='lat' dir='ltr'><strong>legato</strong></span> <span class='ocrx_word' id='word_1_544' title='bbox 1590 3105 1653 3137; x_wconf 88' lang='lat' dir='ltr'><strong>pro</strong></span> <span class='ocrx_word' id='word_1_545' title='bbox 1682 3096 1845 3137; x_wconf 88' lang='lat' dir='ltr'><strong>praetore</strong></span> <span class='ocrx_word' id='word_1_546' title='bbox 1868 3095 1948 3127; x_wconf 91' lang='lat' dir='ltr'><strong>Bri-</strong></span> 
     </span>
     <span class='ocr_line' id='line_1_65' title="bbox 1078 3144 1948 3185; baseline -0.001 -7"><span class='ocrx_word' id='word_1_547' title='bbox 1078 3146 1218 3178; x_wconf 88' lang='lat' dir='ltr'><strong>tanniae</strong></span> <span class='ocrx_word' id='word_1_548' title='bbox 1242 3145 1344 3185; x_wconf 85' lang='lat' dir='ltr'><strong>(Hist.</strong></span> <span class='ocrx_word' id='word_1_549' title='bbox 1369 3146 1402 3184; x_wconf 90' lang='grc'><strong>2,</strong></span> <span class='ocrx_word' id='word_1_550' title='bbox 1427 3147 1481 3178; x_wconf 84' lang='grc'><strong>65.</strong></span> <span class='ocrx_word' id='word_1_551' title='bbox 1507 3146 1562 3178; x_wconf 80' lang='grc'><strong>97.</strong></span> <span class='ocrx_word' id='word_1_552' title='bbox 1587 3148 1667 3185; x_wconf 82' lang='lat' dir='ltr'><strong>Agr.</strong></span> <span class='ocrx_word' id='word_1_553' title='bbox 1692 3145 1725 3183; x_wconf 93' lang='grc'><strong>8,</strong></span> <span class='ocrx_word' id='word_1_554' title='bbox 1753 3144 1816 3182; x_wconf 86' lang='grc'><strong>46).</strong></span> <span class='ocrx_word' id='word_1_555' title='bbox 1844 3146 1948 3177; x_wconf 84' lang='lat' dir='ltr'><strong>Prae-</strong></span> 
     </span>
     <span class='ocr_line' id='line_1_66' title="bbox 1079 3194 1944 3237; baseline 0 -10"><span class='ocrx_word' id='word_1_556' title='bbox 1079 3203 1207 3228; x_wconf 88' lang='lat' dir='ltr'><strong>nomen</strong></span> <span class='ocrx_word' id='word_1_557' title='bbox 1232 3195 1364 3228; x_wconf 85' lang='lat' dir='ltr'><strong>indicat</strong></span> <span class='ocrx_word' id='word_1_558' title='bbox 1387 3195 1507 3228; x_wconf 84' lang='lat' dir='ltr'><strong>titulus</strong></span> <span class='ocrx_word' id='word_1_559' title='bbox 1531 3204 1587 3237; x_wconf 88' lang='lat' dir='ltr'><strong>ap.</strong></span> <span class='ocrx_word' id='word_1_560' title='bbox 1607 3196 1794 3227; x_wconf 87' lang='lat' dir='ltr'><strong>Gruterum</strong></span> <span class='ocrx_word' id='word_1_561' title='bbox 1811 3194 1886 3234; x_wconf 72' lang='lat'><strong>⁴28,</strong></span> <span class='ocrx_word' id='word_1_562' title='bbox 1904 3195 1944 3227; x_wconf 86' lang='lat'><strong>5:</strong></span> 
     </span>
     <span class='ocr_line' id='line_1_67' title="bbox 1078 3244 1944 3286; baseline 0 -8"><span class='ocrx_word' id='word_1_563' title='bbox 1078 3245 1110 3278; x_wconf 89' lang='lat' dir='ltr'><strong>C.</strong></span> <span class='ocrx_word' id='word_1_564' title='bbox 1143 3245 1324 3286; x_wconf 77' lang='lat' dir='ltr'><strong>Calpurnio</strong></span> <span class='ocrx_word' id='word_1_565' title='bbox 1357 3247 1472 3278; x_wconf 78' lang='lat' dir='ltr'><strong>Pisone</strong></span> <span class='ocrx_word' id='word_1_566' title='bbox 1503 3246 1550 3277; x_wconf 84' lang='grc' dir='ltr'><strong>Μ.</strong></span> <span class='ocrx_word' id='word_1_567' title='bbox 1587 3245 1689 3276; x_wconf 69' lang='lat' dir='ltr'><strong>Vettio</strong></span> <span class='ocrx_word' id='word_1_568' title='bbox 1722 3244 1849 3276; x_wconf 89' lang='lat' dir='ltr'><strong>Bolano</strong></span> <span class='ocrx_word' id='word_1_569' title='bbox 1878 3253 1944 3278; x_wconf 77' lang='lat' dir='ltr'><strong>cos.</strong></span> 
     </span>
     <span class='ocr_line' id='line_1_68' title="bbox 1076 3293 1945 3336; baseline 0.001 -10"><span class='ocrx_word' id='word_1_570' title='bbox 1076 3293 1195 3326; x_wconf 85' lang='lat' dir='ltr'><strong>Bolani</strong></span> <span class='ocrx_word' id='word_1_571' title='bbox 1219 3303 1277 3328; x_wconf 86' lang='lat' dir='ltr'><strong>res</strong></span> <span class='ocrx_word' id='word_1_572' title='bbox 1300 3297 1417 3336; x_wconf 85' lang='lat' dir='ltr'><strong>gestas</strong></span> <span class='ocrx_word' id='word_1_573' title='bbox 1434 3294 1620 3326; x_wconf 87' lang='lat' dir='ltr'><strong>delineavit</strong></span> <span class='ocrx_word' id='word_1_574' title='bbox 1640 3296 1676 3326; x_wconf 84' lang='lat' dir='ltr'><strong>et</strong></span> <span class='ocrx_word' id='word_1_575' title='bbox 1698 3293 1861 3327; x_wconf 88' lang='lat' dir='ltr'><strong>laudibus</strong></span> <span class='ocrx_word' id='word_1_576' title='bbox 1881 3303 1945 3327; x_wconf 88' lang='lat' dir='ltr'><strong>ex-</strong></span> 
     </span>
     <span class='ocr_line' id='line_1_69' title="bbox 1076 3343 1942 3386; baseline 0.001 -10"><span class='ocrx_word' id='word_1_577' title='bbox 1076 3343 1154 3376; x_wconf 85' lang='lat' dir='ltr'><strong>tulit</strong></span> <span class='ocrx_word' id='word_1_578' title='bbox 1182 3345 1310 3378; x_wconf 88' lang='lat' dir='ltr'><strong>Statius</strong></span> <span class='ocrx_word' id='word_1_579' title='bbox 1339 3345 1420 3377; x_wconf 89' lang='lat' dir='ltr'><strong>Silv.</strong></span> <span class='ocrx_word' id='word_1_580' title='bbox 1446 3346 1484 3382; x_wconf 83' lang='lat'><strong>5,</strong></span> <span class='ocrx_word' id='word_1_581' title='bbox 1509 3345 1547 3382; x_wconf 91' lang='grc'><strong>2,</strong></span> <span class='ocrx_word' id='word_1_582' title='bbox 1573 3345 1614 3376; x_wconf 91' lang='grc'><strong>30</strong></span> <span class='ocrx_word' id='word_1_583' title='bbox 1637 3353 1716 3385; x_wconf 88' lang='lat' dir='ltr'><strong>sqq.</strong></span> <span class='ocrx_word' id='word_1_584' title='bbox 1745 3361 1780 3367; x_wconf 92' lang='lat'>—</span> <span class='ocrx_word' id='word_1_585' title='bbox 1813 3343 1942 3386; x_wconf 67' lang='lat' dir='ltr'><strong>habere]</strong></span> 
     </span>
     <span class='ocr_line' id='line_1_70' title="bbox 1076 3393 1943 3437; baseline 0.001 -11"><span class='ocrx_word' id='word_1_586' title='bbox 1076 3394 1124 3426; x_wconf 83' lang='lat' dir='ltr'><strong>ita</strong></span> <span class='ocrx_word' id='word_1_587' title='bbox 1157 3396 1195 3427; x_wconf 83' lang='lat' dir='ltr'><strong>ut</strong></span> <span class='ocrx_word' id='word_1_588' title='bbox 1227 3395 1261 3427; x_wconf 88' lang='lat' dir='ltr'><strong>in</strong></span> <span class='ocrx_word' id='word_1_589' title='bbox 1298 3393 1453 3437; x_wconf 88' lang='lat' dir='ltr'><strong>epistolis</strong></span> <span class='ocrx_word' id='word_1_590' title='bbox 1481 3394 1628 3426; x_wconf 85' lang='lat' dir='ltr'><strong>Romam</strong></span> <span class='ocrx_word' id='word_1_591' title='bbox 1657 3394 1774 3427; x_wconf 91' lang='lat' dir='ltr'><strong>missis</strong></span> <span class='ocrx_word' id='word_1_592' title='bbox 1804 3394 1943 3436; x_wconf 84' lang='lat' dir='ltr'><strong>gloriari</strong></span> 
     </span>
     <span class='ocr_line' id='line_1_71' title="bbox 1077 3442 1943 3487; baseline 0.001 -11"><span class='ocrx_word' id='word_1_593' title='bbox 1077 3446 1198 3487; x_wconf 87' lang='lat' dir='ltr'><strong>posset</strong></span> <span class='ocrx_word' id='word_1_594' title='bbox 1231 3453 1271 3477; x_wconf 84' lang='lat' dir='ltr'><strong>se</strong></span> <span class='ocrx_word' id='word_1_595' title='bbox 1302 3443 1394 3477; x_wconf 88' lang='lat' dir='ltr'><strong>bello</strong></span> <span class='ocrx_word' id='word_1_596' title='bbox 1425 3442 1642 3486; x_wconf 87' lang='lat' dir='ltr'><strong>implicatum</strong></span> <span class='ocrx_word' id='word_1_597' title='bbox 1672 3452 1772 3484; x_wconf 88' lang='lat' dir='ltr'><strong>esse,</strong></span> <span class='ocrx_word' id='word_1_598' title='bbox 1808 3445 1874 3478; x_wconf 85' lang='lat' dir='ltr'><strong>etsi</strong></span> <span class='ocrx_word' id='word_1_599' title='bbox 1903 3453 1943 3477; x_wconf 84' lang='lat' dir='ltr'><strong>re</strong></span> 
     </span>
    </p>
   </div>
  </div>
 </body>
</html>
