2254 3770
720 283 874 327 Lmen
902 284 932 326 1.
993 283 1094 342 Cap.
1124 284 1190 331 ⁴⁴.
1225 285 1290 330 ⁴2.
1321 286 1388 330 ⁴3.
1895 286 1949 330 ⁴7

170 389 346 447 agitaret
374 387 662 447 Pollionisque
691 389 824 433 Asinii
854 390 986 448 patris
1016 390 1218 435 ferociam
1248 393 1463 437 retineret.
1523 391 1604 450 (⁴3)
1635 399 1733 451 post
1761 406 1874 451 quae
1901 394 1946 436 L.

169 464 389 508 Arruntius
431 463 536 508 haut
575 464 751 508 multum
796 465 1046 524 discrepans
1094 481 1119 510 a
1157 466 1262 511 Galli
1301 468 1493 512 oratione
1537 468 1715 526 perinde
1761 467 1946 518 offendit,

168 553 427 597 quamquam
456 540 623 584 Tiberio
648 540 763 584 nulla
784 549 904 584 vetus
925 541 967 584 in
986 542 1230 586 Arruntium
1251 544 1331 586 ira:
1364 543 1442 587 sed
1468 543 1657 596 divitem,
1690 551 1945 602 promptum,

167 614 328 658 artibus
369 615 554 673 egregiis
595 623 637 659 et
673 616 765 674 pari
807 616 918 660 sama
959 617 1147 675 publice,
1194 619 1478 676 suspectabat.
1537 619 1697 678 quippe
1735 620 1949 676 Augustus

166 690 379 748 supremis
414 691 682 735 sermonibus
719 705 816 735 cum
855 700 1071 744 tractaret,
1115 694 1289 751 quinam
1327 693 1505 752 adipisci
1534 694 1770 752 principem
1807 694 1978 738 locum5

166 764 384 809 suffecturi
423 766 660 810 abnuerent
695 774 768 810 aut
805 767 976 825 inpares
1006 768 1162 812 vellent
1191 769 1258 813 vel
1288 769 1403 814 idem
1438 777 1614 828 possent
1642 777 1947 829 cuperentque,

166 839 228 883 Μ’.
249 841 456 899 Lepidum
486 841 650 886 dixerat
678 856 881 900 capacem
910 843 988 887 sed
1018 851 1335 903 aspernantem,
1369 844 1533 889 Gallum
1558 845 1748 889 Asinium
1777 845 1947 890 avidum

167 922 210 960 et
238 916 461 968 minorem,
494 918 538 961 L.
568 918 811 962 Arruntium
841 932 927 962 non
957 918 1176 976 indignum
1206 926 1264 971 et,
1296 920 1331 963 si
1353 935 1479 965 casus
1503 921 1694 971 daretur,
1728 936 1945 965 ausurum.

167 990 222 1035 de
260 992 474 1049 prioribus
513 993 790 1045 consentitur,
835 1008 914 1052 pro
945 995 1142 1039 Arruntio
1172 995 1347 1053 quidam
1379 997 1451 1041 Cn.
1483 996 1681 1041 Pisonem
1713 997 1946 1050 tradidere3

166 1081 421 1126 omnesque,
466 1075 637 1126 praeter
675 1068 900 1126 Lepidum,
944 1070 1073 1114 variis
1117 1085 1216 1114 mox
1260 1071 1507 1116 crIminibus
1551 1079 1741 1117 struente
1778 1072 1946 1116 Tiberio
1961 1083 1996 1125 ⁴0

165 1142 440 1187 circumventi
469 1151 578 1187 sunt.
637 1144 762 1188 etiam
793 1145 843 1197 Q.
874 1145 1072 1189 Haterius
1110 1152 1153 1190 et
1181 1147 1420 1191 Mamercus
1450 1147 1638 1192 Scaurus
1677 1148 1946 1206 suspicacem

164 1217 350 1261 animum
379 1219 685 1276 perstrinxere,
717 1220 914 1263 Haterius
944 1234 1042 1264 cum
1067 1220 1244 1266 dixisset
1277 1237 1528 1282 «quousque
1549 1223 1742 1281 patieris,
1775 1223 1944 1275 Caesar,

164 1306 248 1336 non
278 1292 433 1338 adesse
463 1300 591 1352 caput
618 1295 681 1338 rei
710 1294 968 1352 publicae?>›
1031 1297 1220 1341 Scaurus
1250 1297 1352 1356 quia
1376 1298 1540 1342 dixerat
1560 1313 1681 1356 spem
1702 1312 1800 1342 esse
1819 1312 1873 1342 ex
1893 1313 1946 1343 eo

163 1381 248 1411 non
278 1368 422 1412 inritas
451 1369 542 1413 fore
571 1376 743 1413 senatus
772 1384 943 1427 preces,
975 1372 1093 1429 quod
1121 1372 1314 1416 relationi
1336 1373 1560 1418 consulum
1582 1378 1674 1418 iure
1695 1373 1946 1419 tribuniciae

163 1444 383 1500 potestatis
413 1458 498 1487 non
527 1444 850 1488 intercessisset.
909 1446 952 1488 in
981 1447 1198 1490 Haterium
1220 1448 1360 1491 statim
1390 1450 1581 1493 invectus
1607 1456 1690 1493 est:
1723 1451 1943 1501 Scaurum,
1958 1460 1994 1490 45

163 1518 231 1562 cui
251 1518 543 1576 inplacabilius
564 1519 844 1571 irascebatur,
867 1521 1036 1566 silentio
1055 1523 1245 1566 tramisit.
1285 1523 1512 1583 fessusque
1535 1524 1720 1569 clamore
1741 1526 1943 1575 omnium,

164 1593 502 1651 expostulatione
533 1595 944 1661 singulorumqflexit
971 1597 1193 1655 paulatim,
1233 1613 1319 1643 non
1347 1606 1394 1643 ut
1421 1599 1625 1644 fateretur
1653 1601 1813 1659 suscipi
1843 1614 1868 1645 a
1897 1615 1944 1645 se

162 1668 406 1726 imperium,
449 1669 527 1714 sed
562 1678 611 1714 ut
644 1685 802 1729 negare
841 1679 884 1716 et
918 1673 1059 1730 rogari
1088 1673 1317 1719 desineret.
1375 1682 1540 1720 constat
1568 1676 1808 1727 Haterium,
1847 1690 1945 1720 cum

227 1795 259 1828 3.
285 1795 504 1838 quamquam]
531 1806 633 1838 quam
653 1798 689 1831 Μ
713 1815 749 1822 -
775 1798 807 1832 4.
831 1798 983 1840 publicae
1004 1801 1038 1834 M
1057 1818 1092 1824 -
1118 1800 1151 1833 7.
1175 1799 1232 1834 Μ’.
1249 1801 1405 1843 Lipsius:
1428 1802 1477 1835 Μ.
1503 1803 1537 1835 Μ
1561 1820 1598 1826 -
1623 1803 1656 1836 9.
1676 1803 1743 1835 CN.
1767 1803 1801 1836 M
1827 1820 1861 1826 —
1889 1803 1942 1835 ⁴2.

157 1852 363 1893 perstrinxere
383 1853 435 1893 M,
459 1851 572 1886 littera
594 1862 617 1886 n
638 1854 675 1886 in
697 1854 854 1897 margine
877 1856 1009 1889 addita.
1034 1874 1071 1880 —
1098 1856 1150 1889 ⁴3.
1171 1860 1272 1897 caput
1294 1857 1500 1890 Rhenanus:
1527 1859 1620 1899 apud
1641 1859 1673 1891 ιδ
1695 1859 1728 1892 M
1753 1876 1790 1883 —
1817 1858 1870 1892 ⁴4.
1886 1867 1945 1891 sa-

161 1910 260 1941 natus
280 1908 315 1942 M
340 1927 375 1933 —
396 1917 534 1950 praeces
553 1909 606 1951 M,
631 1909 697 1944 sed
719 1919 742 1943 a
764 1913 895 1954 puncto
917 1913 1048 1946 notata.
1077 1930 1113 1936 —
1139 1912 1191 1946 ⁴8.
1217 1913 1332 1955 royori
1354 1913 1510 1947 disineret
1529 1914 1574 1949 M.

161 2026 252 2060 dius.
290 2026 376 2061 Plin.
401 2028 488 2071 Epp.
514 2029 546 2069 7,
571 2028 605 2063 4.
651 2030 796 2064 Sueton.
823 2029 945 2064 Claud.
970 2031 1026 2065 4⁴.
1079 2032 1206 2065 artibus
1228 2032 1379 2075 eyreyiis]
1408 2032 1459 2066 Cf.
1485 2033 1517 2073 6,
1541 2033 1574 2066 7.
1600 2034 1653 2074 ⁴⁴,
1679 2033 1710 2066 6.
1740 2050 1774 2056 -—
1798 2029 1858 2066 Μ’.
1881 2032 1945 2066 Le-

162 2075 247 2110 Gell.
273 2078 326 2118 ⁴7,
352 2078 384 2110 ⁴.
410 2095 447 2102 —
478 2079 533 2111 cui
549 2080 779 2122 --eoecusaril
812 2083 1027 2115 constructio
1073 2082 1203 2125 pidum]
1228 2091 1300 2115 cos.
1324 2091 1356 2115 a.
1381 2082 1456 2116 764.
1490 2082 1541 2116 Cf.
1566 2083 1605 2124 3,
1629 2083 1682 2116 22.
1708 2082 1762 2115 35.
1787 2099 1823 2105 —
1850 2091 1946 2115 casus

160 2126 229 2160 hoc
262 2135 335 2160 uno
368 2127 446 2161 loco
479 2128 600 2169 obvia;
636 2138 719 2163 nam
752 2130 847 2172 apud
879 2130 1028 2165 Plinium
1078 2133 1101 2165 i.
1127 2141 1160 2165 e.
1191 2133 1451 2174 opportunitas;
1488 2132 1532 2166 cf.
1559 2133 1619 2173 ⁴⁴,
1644 2133 1675 2166 9.
1713 2133 1771 2172 42,
1796 2132 1849 2165 50.
1888 2132 1941 2173 43,

160 2178 289 2218 Paneg.
314 2178 356 2210 57
388 2179 459 2211 iam
490 2183 666 2212 emmasatus
698 2180 876 2214 honoribus
907 2185 938 2214 et
965 2190 1029 2214 ea>-

159 2226 288 2267 plotus,
326 2236 435 2269 quem
471 2227 592 2262 locum
628 2230 833 2272 Nipperdey
869 2231 1026 2272 contulit,

160 2276 338 2309 honoribus
364 2277 537 2311 ablativus
559 2278 699 2312 videtur
727 2288 828 2321 esse,
863 2290 935 2314 non
964 2281 1029 2314 da-

162 2327 265 2359 tivus.
293 2344 329 2350 —
354 2328 482 2360 addidit
502 2328 635 2363 taudem
657 2330 697 2361 de
716 2329 873 2373 Augusto]
903 2331 1028 2364 Docuit

162 2375 259 2409 haud
296 2376 403 2410 dubie
437 2376 573 2417 Gallus,
613 2377 888 2413 saluberrimum
923 2381 1027 2413 unius

162 2426 351 2468 imperium
372 2428 528 2468 Augusto
550 2429 722 2469 regnante
750 2428 856 2463 fuisse
885 2431 937 2463 rei
959 2439 1028 2472 pu-

161 2475 294 2515 blicae,
325 2478 364 2509 ut
386 2485 428 2509 ea
455 2476 558 2510 laude
582 2478 628 2511 ad
656 2479 901 2521 accipiendum
930 2479 1026 2513 idem

161 2526 350 2568 imperium
373 2525 614 2568 impelleretur
632 2527 802 2569 Tiberius,
821 2538 930 2571 quem
944 2530 1027 2562 huic

161 2576 300 2609 muneri
330 2584 453 2618 parem
481 2585 560 2610 esse
591 2578 652 2618 iis,
685 2587 776 2620 quae
806 2582 842 2612 et
871 2579 967 2612 domi
992 2581 1028 2612 et

162 2624 303 2658 militiae
326 2634 392 2668 per
413 2628 464 2659 tot
485 2635 598 2661 annos
619 2629 759 2670 egregie
781 2629 923 2669 fecerit,
953 2629 1028 2662 vult

162 2674 325 2717 probare.
364 2677 574 2710 Scnuonmn.
608 2695 643 2701 —-
675 2679 722 2711 M.
756 2678 926 2721 Aprippae
954 2679 1027 2721 filia

162 2725 245 2766 cet.]
262 2726 404 2758 Sueton.
419 2725 493 2759 Tib.
508 2727 545 2760 7:
569 2726 800 2769 Agrippinam,
816 2730 864 2762 M.
877 2729 1028 2771 Ayrippa

161 2775 327 2816 genitam,
360 2779 489 2816 neptem
519 2777 557 2817 Q.
588 2777 723 2810 Caecilii
757 2779 805 2819 (Τ.
833 2779 1025 2821 Pomponii)

161 2825 270 2865 Attici,
290 2826 406 2866 equitis
420 2827 578 2867 Romani,
603 2828 648 2860 ad
662 2836 758 2867 quem
771 2832 848 2861 sunt
861 2829 1027 2862 Ciceronis

162 2874 316 2915 epistolae
339 2875 394 2916 (cf.
412 2874 456 2908 ad
471 2877 540 2909 Att.
558 2876 590 2915 3,
615 2877 672 2918 20,
697 2878 742 2919 4),
767 2879 864 2911 duxit
884 2888 1026 2912 uxorem

161 2923 353 2964 sublatoque
374 2933 418 2957 ew
438 2934 480 2958 ea
498 2924 568 2967 filio
593 2927 701 2959 Druso
723 2927 886 2961 dimittere
906 2938 947 2961 ac
967 2929 1027 2961 lu-

162 2973 260 3013 liam,
294 2974 433 3015 Augusti
457 2974 583 3016 tiliam,
618 2977 787 3017 confestim
818 2981 952 3010 coaetus
980 2980 1027 3010 est

162 3023 289 3055 ducere.
330 3022 435 3056 Pleno
467 3024 608 3058 nomine
639 3025 883 3068 appellabatur
915 3029 1026 3068 Vipsa-

161 3073 222 3104 nia
251 3072 448 3114 Agrippina.
486 3089 522 3096 —-
561 3074 666 3107 Asinii
702 3077 810 3115 patris
852 3077 1023 3118 ferociam]

162 3120 282 3154 Vellei.
299 3122 332 3160 2,
357 3122 410 3155 86.
444 3123 581 3155 Seneca
603 3123 649 3156 de
672 3125 727 3157 Ira
743 3125 775 3166 3,
801 3125 854 3158 23.
879 3127 1023 3160 Sueton.

163 3172 281 3204 Octav.
305 3171 359 3205 43.

206 3221 260 3254 43.
283 3221 322 3254 L.
346 3221 537 3265 Amantius]
562 3222 684 3256 consul
710 3231 742 3256 a.
765 3232 801 3256 u.
827 3224 909 3265 759,
933 3223 1024 3258 filius

163 3271 200 3302 L.
217 3272 371 3303 Arruntii
393 3279 467 3304 cos.
492 3280 524 3304 a.
550 3271 625 3304 732.
660 3274 812 3305 Auctore
834 3274 945 3306 Dione
968 3274 1022 3314 58,

162 3320 217 3351 27.
242 3328 274 3352 a.
293 3320 368 3353 790.
393 3328 432 3353 se
455 3320 629 3354 interfecit
650 3322 738 3363 ipse.
773 3321 949 3356 Alteruter
971 3324 1026 3356 est

1078 2183 1132 2216 36.
1157 2183 1266 2216 Exin.
1293 2200 1329 2206 —
1356 2184 1414 2216 Cn.
1431 2182 1591 2225 Pisonem]
1614 2183 1811 2215 Germanici
1833 2182 1946 2215 inimi-

1079 2241 1175 2265 cum.
1212 2232 1262 2265 Cf.
1288 2233 1326 2272 2,
1358 2231 1413 2266 43.
1444 2233 1487 2265 55
1511 2234 1578 2265 cet.
1625 2233 1676 2265 De
1700 2229 1776 2266 eius
1803 2233 1944 2265 interitu

1077 2291 1110 2315 v.
1134 2284 1224 2315 Ann.
1249 2281 1286 2322 3,
1312 2283 1365 2314 ⁴5.
1392 2298 1428 2305 —
1456 2283 1494 2323 Q.
1518 2282 1684 2324 Haterius]
1711 2281 1761 2315 Cf.
1793 2282 1883 2314 Ann.
1909 2280 1942 2322 4,

1078 2331 1131 2363 64.
1158 2348 1194 2355 -
1220 2331 1379 2373 Scaurus]
1404 2340 1478 2364 cos.
1503 2331 1583 2364 suff.
1601 2341 1632 2364 a.
1651 2330 1733 2371 774;
1760 2331 1804 2364 cf.
1830 2331 1941 2364 Inscr.

1077 2381 1164 2413 Latt.
1189 2390 1225 2413 n.
1251 2381 1336 2414 74⁴9
1353 2381 1430 2414 da.
1477 2382 1559 2414 Eius
1593 2381 1755 2414 interitus
1783 2385 1874 2414 Ann.
1908 2380 1941 2421 6,

1077 2430 1131 2462 29.
1168 2431 1219 2463 Cf.
1245 2432 1326 2464 Seu.
1352 2432 1452 2464 Suas.
1476 2431 1509 2464 2.
1545 2432 1626 2464 Sen.
1651 2430 1696 2464 de
1719 2431 1804 2463 Ben.
1829 2430 1862 2471 4,
1887 2430 1941 2463 34.

1076 2480 1140 2512 Dio
1162 2481 1223 2521 58,
1252 2480 1309 2514 24.
1336 2498 1373 2504 —
1405 2484 1505 2522 caput
1532 2481 1582 2514 rei
1599 2480 1761 2523 publicae]
1797 2480 1884 2513 Hist.
1909 2481 1941 2520 4,

1076 2528 1119 2563 84
1153 2530 1241 2563 Otho
1271 2533 1435 2564 senatum
1462 2533 1567 2564 vocat
1588 2535 1689 2573 caput
1709 2531 1850 2571 imperii.
1889 2530 1940 2563 Cf.

1075 2579 1148 2612 Liv.
1166 2580 1198 2620 4,
1224 2580 1278 2613 ⁴7.
1296 2597 1333 2605 --
1358 2580 1515 2613 relationi
1536 2579 1715 2622 consulum]
1740 2578 1943 2613 consulibus

1076 2627 1121 2661 de
1143 2629 1292 2671 imperio
1316 2629 1363 2662 ad
1377 2629 1556 2663 TiberIum
1580 2629 1773 2663 deferendo
1790 2628 1944 2662 referen-

1075 2677 1182 2711 tibus.
1218 2679 1327 2712 Huius
1343 2679 1488 2721 quidem
1510 2678 1687 2713 relationis
1702 2679 1841 2712 Tacitus
1856 2687 1943 2712 nus-

1076 2736 1184 2769 quam
1206 2730 1327 2770 aperte
1357 2730 1574 2762 mentionem
1603 2729 1702 2769 facit,
1734 2729 1800 2762 sed
1830 2738 1873 2761 ex
1901 2736 1943 2761 ea

1075 2777 1171 2810 haud
1186 2777 1291 2811 dubie
1307 2781 1411 2811 natae
1427 2780 1510 2811 sunt
1524 2787 1651 2820 preces
1666 2780 1827 2821 patrum,
1849 2786 1942 2819 quae

1075 2835 1108 2860 c.
1133 2829 1187 2860 44.
1219 2829 1557 2861 commemorantur.
1583 2829 1686 2862 Semi.
1716 2846 1750 2852 —
1776 2828 1944 2870 fessusque

1074 2872 1219 2910 clamore
1242 2877 1324 2919 cet]
1348 2876 1469 2910 Vellei.
1495 2878 1535 2917 2,
1561 2877 1643 2918 ⁴24,
1667 2878 1705 2910 2:
1739 2878 1811 2910 Una
1833 2881 1943 2909 tamen

1074 2926 1174 2959 veluti
1202 2926 1339 2959 luctatio
1371 2926 1516 2959 civitatis
1543 2927 1623 2969 fuit,
1655 2927 1838 2969 pugnantis
1866 2934 1942 2958 cum

1075 2976 1216 3009 Caesare
1242 2980 1374 3009 senatus
1398 2977 1580 3018 populique
1607 2977 1767 3018 Romani,
1802 2979 1839 3008 ut
1869 2978 1942 3008 sta-

1073 3026 1155 3057 tioni
1183 3028 1348 3066 paternae
1379 3027 1579 3067 succederet,
1618 3026 1724 3066 illius,
1764 3029 1800 3058 ut
1831 3025 1943 3066 potius

1074 3074 1246 3116 aequalem
1267 3076 1370 3108 civem
1385 3085 1488 3117 quam
1509 3076 1701 3109 eminentem
1716 3076 1826 3108 liceret
1841 3083 1942 3116 agere

1069 3124 1267 3165 principem.
1288 3126 1420 3158 tandem
1433 3126 1543 3168 magis
1556 3127 1687 3158 ratione
1704 3133 1805 3165 quam
1819 3124 1942 3158 honore

1072 3173 1177 3206 victus
1199 3178 1262 3215 est,
1286 3184 1362 3207 cum
1384 3175 1542 3217 quicquid
1563 3176 1718 3208 tuendum
1741 3182 1814 3206 non‘
1829 3182 1940 3207 susce-

1069 3223 1186 3264 pisset,
1207 3225 1397 3265 periturum
1410 3225 1546 3265 videret,
1570 3224 1693 3263 solique
1714 3223 1789 3255 huic
1804 3224 1940 3266 contipit

1069 3282 1177 3314 paene
1213 3274 1337 3307 diutius
1369 3284 1524 3308 recusare
1553 3274 1802 3315 principatum,
1837 3282 1941 3314 quam

1073 3326 1110 3355 ut
1124 3326 1322 3364 occuparent
1336 3332 1428 3364 eum,
1453 3324 1514 3356 alii
1529 3323 1633 3356 armis
1641 3326 1886 3364 pugnaverant.
1900 3340 1937 3347 —

164 3368 203 3400 L.
226 3369 408 3402 Arruntius
439 3368 515 3409 ille,
551 3378 659 3412 quem
692 3371 826 3404 Seneca
858 3372 922 3414 Ep.
948 3371 1022 3406 444.
1073 3376 1199 3405 constat
1212 3373 1385 3406 Haterium
1401 3373 1484 3415 cet.]
1509 3373 1650 3406 sueton.
1669 3371 1743 3404 Tib.
1762 3371 1823 3405 27:
1849 3371 1942 3406 Adu-

164 3417 204 3449 ut
223 3417 381 3459 ineptum
402 3417 553 3452 Sallustii
573 3420 787 3454 imitatorem
809 3420 960 3455 deridet.
985 3439 1021 3446 —
1073 3422 1211 3457 cationes
1232 3423 1313 3456 adeo
1336 3426 1509 3457 aversatus
1530 3424 1593 3463 est,
1617 3424 1654 3455 ut
1667 3421 1942 3461 neminemsena-

252 3471 392 3507 TAcirus
413 3474 440 3507 1.

1601 3475 1628 3521 2
