2254 3770
235 281 316 325 ’174-

713 284 757 327 Ρ.
791 282 1042 327 CORNELII
1071 282 1242 327 TACITI
1271 282 1539 327 ANNALIUM

234 402 364 446 quam
402 389 444 432 in
481 388 734 447 Capitolium
774 388 909 433 aliave
949 388 1069 432 urbis
1105 388 1262 446 templa
1301 388 1548 446 perfugere,
1589 394 1715 432 uteo
1745 386 1940 432 subsidio
1969 386 2023 432 ad

232 462 391 522 flagitia
419 471 570 508 utatur.
612 464 790 508 abolitas
825 464 943 522 leges
973 470 1016 508 et
1044 464 1231 507 funditus
1260 476 1428 512 versas,
1467 463 1542 506 ubi
1577 463 1618 506 in
1649 463 1760 514 foro,
1802 463 1845 506 in
1880 462 2024 506 limine

233 540 377 584 curiae
415 539 468 583 ab
499 540 632 583 Annia
662 539 829 588 Rufina,
870 553 1000 597 quam
1038 539 1197 583 fraudis
1235 538 1315 582 sub
1345 538 1487 582 iudice
1519 538 1824 587 damnavisset,
1865 537 2025 596 probra

208 614 313 658 vsibi
346 621 387 659 et
422 615 561 659 minae
600 614 890 665 intendantur,
933 628 1076 673 neque
1117 614 1211 671 ipse
1250 613 1406 657 audeat
1442 613 1509 657 ius
1539 614 1724 671 experiri
1754 613 1810 658 ob
1840 612 2025 670 effigiem
2057 661 2059 664 Α

200 690 501 748 simperatoris
532 691 785 748 oppositam.
833 689 918 733 hau
949 689 1172 733 dissimilia
1200 688 1290 739 alii,
1328 695 1370 733 et
1399 689 1575 747 quidam
1603 689 1815 734 atrociora
1844 688 2026 733 circum-

231 765 497 823 strepebant,
544 765 918 823 precabanturque
964 766 1170 816 Drusum,
1212 764 1334 808 daret
1376 763 1546 808 ultionis
1583 764 1844 823 exemplum,
1885 763 2025 808 donec

231 841 411 884 accitam
447 841 772 899 convictamque
809 840 976 884 attineri
1012 840 1185 897 publica
1217 839 1409 884 custodia
1438 840 1574 884 iussit.
1611 840 1693 897 (37)
1725 846 1767 884 et
1797 839 2024 884 Considius

230 917 404 974 Aequus
435 922 477 960 et
508 915 676 960 Caelius
708 916 877 966 Cursor,
910 915 1078 974 equites
1109 915 1297 966 Romani,
1335 914 1454 973 quod
1482 915 1592 959 fictis
1621 915 1853 960 maiestatis
1884 915 2027 959 crimi-

230 991 356 1035 nibus
394 992 578 1050 Magium
615 991 902 1036 Caecilianum
940 997 1185 1048 praetorem
1221 991 1490 1048 petivissent,
1531 996 1706 1035 auctore
1741 991 1936 1049 principe
1974 1003 2026 1034 ac

181 1078 218 1108 ⁴0
232 1067 406 1112 decreto
438 1074 611 1112 senatus
640 1067 787 1125 puniti.
819 1073 1049 1125 utrumque
1079 1066 1122 1109 in
1151 1065 1323 1110 laudem
1352 1066 1479 1109 Drusi
1509 1066 1774 1110 trahebatur:
1811 1066 1865 1111 ab
1896 1080 1950 1110 eo
1980 1065 2025 1109 in

230 1143 351 1194 urbe,
383 1143 493 1187 inter
521 1149 669 1187 coetus
700 1148 744 1186 et
772 1156 993 1186 sermones
1024 1141 1244 1185 hominum
1269 1141 1525 1186 obversante
1555 1148 1723 1186 secreta
1752 1141 1884 1200 patris
1914 1141 2026 1186 miti-

231 1219 334 1277 gari.
378 1233 518 1277 neque
559 1218 683 1261 luxus
719 1218 763 1260 in
801 1217 957 1261 iuvene
996 1217 1106 1261 adeo
1145 1216 1418 1275 displicebat:
1459 1216 1543 1261 huc
1582 1217 1724 1274 potius
1768 1215 2022 1268 intenderet,

231 1294 349 1338 diem
385 1293 769 1345 aedificationibus,
809 1299 980 1336 noctem
1019 1292 1224 1337 conviviis
1263 1291 1452 1344 trahere,
1494 1305 1623 1350 quam
1662 1291 1780 1336 solus
1821 1298 1864 1336 et
1899 1290 2025 1335 nullis

230 1369 517 1428 voluptatibus
563 1374 766 1413 avocatus
808 1374 1016 1412 maestam
1059 1367 1319 1426 vigilantiam
1356 1373 1400 1412 et
1442 1367 1575 1411 malas
1619 1380 1746 1412 curas
1789 1372 2023 1411 exerceret.

181 1455 217 1484 ⁴5
233 1445 314 1502 (38)
345 1459 431 1489 non
452 1445 567 1489 enim
596 1444 801 1495 Tiberius,
833 1457 919 1487 non
945 1450 1219 1488 accusatores
1239 1443 1501 1487 fatiscebant.
1533 1449 1576 1487 et
1595 1442 1830 1487 Ancharius
1851 1442 2023 1487 Priscus

297 1573 330 1605 5.
355 1571 598 1604 haudissimilia
624 1580 678 1613 pr.
706 1571 757 1609 M3
792 1570 884 1603 haud
910 1570 1083 1603 dissimilia
1113 1579 1205 1604 corr.
1232 1570 1266 1603 M
1299 1588 1335 1593 —
1366 1570 1399 1603 8.
1423 1569 1547 1603 caelius
1568 1570 1621 1603 M:
1660 1569 1788 1603 Coelius
1808 1569 1958 1612 Lipsius.
1986 1586 2023 1592 —

226 1629 285 1661 io.
311 1628 467 1661 trabatur
488 1629 521 1662 M
547 1627 757 1669 (trahebatur
778 1626 919 1668 margo)
946 1645 982 1650 —
1016 1627 1069 1659 43.
1096 1626 1380 1669 aedificationibus
1403 1627 1454 1660 M:
1487 1625 1682 1659 editionibus
1703 1625 1858 1668 Lipsius3
1890 1625 2027 1658 ludicris

229 1685 430 1727 factionibus
450 1685 560 1718 Raim.
586 1683 756 1725 Seyffert3
783 1684 1021 1726 aquationibus
1043 1683 1197 1722 Urlichs3
1224 1684 1402 1716 «Tacitum
1427 1684 1567 1716 nomine
1591 1691 1672 1716 raro
1696 1684 1732 1716 et
1754 1682 1891 1716 novicio
1918 1689 2025 1715 usum

232 1751 311 1775 esse
336 1751 378 1774 ex
401 1742 475 1783 ipsa
500 1741 746 1773 terminatione
764 1740 956 1783 (ationibus)
979 1740 1092 1773 conici
1116 1749 1180 1782 par
1202 1742 1275 1779 est;
1301 1740 1346 1773 ad
1369 1740 1581 1773 sententiam
1604 1740 1726 1782 aptum
1750 1739 1847 1772 esset
1869 1738 2027 1781 laetifica-

230 1798 372 1831 tionibus
393 1796 450 1830 vel
473 1796 769 1839 ludificationibus,
796 1796 826 1829 si
849 1797 989 1830 veteres
1012 1796 1060 1828 ita
1084 1796 1214 1829 dixisse
1239 1798 1463 1840 compertum
1486 1795 1738 1829 haberemusn»
1763 1796 1872 1828 HALu.
1893 1812 1929 1818 —
1956 1797 2028 1827 tra·-

229 1854 306 1886 here
327 1854 376 1887 M:
401 1854 546 1886 traheret
568 1854 720 1895 Lipsius3
748 1854 804 1885 «at
827 1854 883 1886 est
905 1853 1038 1886 trahere
1052 1853 1244 1887 infinitivus
1260 1854 1526 1896 epexegeticus,
1553 1853 1653 1886 cuius
1668 1852 1746 1886 loco
1762 1852 1900 1895 priores
1915 1850 2026 1884 dixis-

231 1911 328 1944 sent:
354 1910 416 1943 huc
436 1910 619 1943 intenderet
639 1913 676 1943 ut
689 1928 709 1934 -
721 1928 738 1934 -
755 1910 933 1944 traheret.»
958 1911 1067 1944 HALM.

198 2024 304 2059 ’dito
328 2024 372 2058 cf.
399 2025 430 2064 4,
456 2024 510 2056 75.
542 2024 581 2064 2,
606 2023 660 2056 27.
691 2023 729 2064 4,
756 2023 809 2056 3⁴.
839 2024 875 2063 6,
902 2024 933 2056 7.
959 2023 1012 2057 38.
1048 2024 1100 2064 Μ,

230 2076 285 2109 35.
312 2076 371 2114 ⁴2,
397 2074 450 2107 42.
484 2074 540 2114 ⁴3,
567 2074 620 2106 40.
649 2092 684 2097 —
720 2074 756 2105 in
790 2074 1007 2116 Capitolium]
1041 2074 1103 2106 ubi

157 2127 164 2133 “
229 2126 321 2158 Iovis
345 2126 383 2158 Ο.
410 2126 468 2165 M.,
500 2124 659 2164 Iunonis,
690 2124 868 2157 Minervae
893 2123 1099 2163 simulacra;

229 2176 266 2209 hi
289 2176 450 2208 homines
474 2174 602 2216 perditi
626 2175 787 2207 Caesaris
811 2174 1002 2215 imaginem
1025 2183 1103 2207 am-

229 2225 487 2269 plectebantur.
509 2243 545 2248 —
570 2233 672 2264 quam
687 2241 737 2247 --
753 2224 984 2265 damnavisset]
1010 2233 1102 2265 quae

175 2301 177 2303 .
230 2276 275 2309 ab
312 2277 389 2318 ipso
424 2275 557 2308 fraudis
586 2276 751 2307 accusata
784 2283 802 2306 a
832 2274 1006 2307 iudicibus
1039 2275 1103 2307 da-

229 2328 349 2359 mnata
374 2327 480 2359 esset.
508 2324 558 2358 Cf.
584 2324 617 2365 4,
643 2324 697 2358 42.
725 2325 795 2357 Cic.
822 2325 935 2357 Divin.
961 2325 996 2357 in
1018 2325 1104 2357 Cae-

231 2376 286 2410 cil.
312 2377 331 2419 5
355 2377 412 2409 30;
447 2385 505 2417 eqo
533 2376 592 2407 hoc
616 2384 683 2407 uno
706 2375 844 2407 crimine
866 2375 959 2407 illum
982 2376 1103 2407 conde-

228 2436 338 2460 mnem
360 2435 484 2465 necesse
506 2429 563 2458 est.
595 2426 737 2458 Sueton.
764 2424 838 2457 Tib.
864 2425 902 2458 8:
932 2425 1102 2466 (Tiberius

229 2476 449 2517 adulescens)
468 2475 633 2508 Fannium
645 2492 662 2499 -
673 2493 688 2499 -
702 2484 798 2507 reum
813 2475 998 2507 maiestatis
1011 2476 1104 2516 apud

228 2529 351 2561 iudices
378 2527 454 2569 fecit
476 2530 506 2559 et
528 2526 758 2559 condemnavit
788 2526 810 2557 i.
837 2534 869 2558 e.
894 2525 1043 2568 perfecit
1064 2526 1103 2558 ut

230 2578 540 2612 condemnaretur.
568 2594 604 2599 —
629 2577 682 2608 ius
703 2576 866 2616 experiri]
896 2576 1101 2608 iniuriarum

230 2637 326 2662 nunc
356 2628 507 2661 Anniam
537 2634 726 2665 accusare,
759 2627 799 2658 ut
828 2627 930 2658 antea
955 2625 1100 2658 fraudis.

234 2697 270 2703 —
293 2677 427 2720 publica
449 2676 609 2718 custodia]
634 2684 799 2715 carcere;
826 2676 1015 2718 opponitur
1038 2684 1102 2709 cu-

230 2728 366 2763 stodiae
390 2726 528 2759 militari
553 2727 594 2767 (c.
613 2726 678 2766 22).

274 2779 328 2811 37.
346 2777 483 2818 secreta]
504 2776 705 2815 saevitiam,
724 2784 830 2817 quam
847 2776 948 2818 pater
962 2777 1100 2809 secreto

231 2829 379 2871 tegeret.
404 2827 531 2860 Dtmms.
567 2825 728 2866 Intelligit
753 2827 962 2867 praesertim
986 2826 1101 2859 edicta

231 2889 251 2913 e
276 2877 467 2920 Campania
491 2877 574 2908 tunc
597 2876 685 2908 mitti
708 2873 820 2907 solita.
840 2893 876 2898 —
902 2876 1103 2918 aedificatio-

229 2925 335 2970 nibus]
352 2926 507 2970 privatis,
525 2924 667 2967 profusa
683 2933 765 2957 cum
781 2923 916 2958 luxuria
931 2925 976 2958 ad
992 2925 1099 2959 finem

229 2978 423 3022 perductis.
463 2975 648 3017 Ingeniosa
678 2976 732 3007 est
762 2975 866 3017 Lipsii
897 2976 1098 3009 coniectura

230 3028 442 3068 editionibus,
478 3025 523 3058 ab
553 3024 610 3057 illo
640 3024 777 3057 firmata
806 3034 849 3058 ex
878 3026 968 3059 Ann.
1001 3027 1033 3067 i,
1058 3026 1100 3058 76

232 3079 375 3121 (edendis
396 3075 636 3120 aladiatoribus
650 3076 842 3107 --Drusus
860 3076 1041 3118 praesedit)
1065 3077 1101 3109 et

231 3130 342 3162 Dione
367 3128 420 3168 57,
437 3125 496 3160 lli:
520 3128 603 3166 τοῖς
626 3121 835 3170 ὀρχησταῖς
859 3120 958 3157 οὕτω
978 3135 1100 3172 προσ-

230 3179 371 3218 έκειτο,
406 3171 505 3209 ὥστε
532 3176 598 3208 καὶ
629 3172 846 3215 στασιάζειν
871 3170 1012 3216 αὐτοὺς
1034 3175 1100 3208 καὶ

230 3227 318 3271 μηδ’
344 3224 420 3261 ὑπὸ
442 3224 518 3260 τῶν
539 3222 690 3268 νόμων,
716 3219 785 3265 οὓς
808 3221 830 3255 ὁ
848 3223 1019 3271 Τιβέριος
1042 3225 1098 3259 ἐπ’

231 3276 371 3320 αὐτοὺς
402 3275 642 3321 ἑσενηνόχει,
677 3275 950 3308 καθίστασθαι.
989 3277 1100 3309 Num-

232 3337 341 3371 quam
368 3330 489 3361 tamen
516 3327 627 3369 recipi
650 3324 824 3363 debebat3
856 3333 938 3356 nam
966 3324 1097 3358 codicis

230 3377 335 3411 lectio
372 3378 545 3419 significat
577 3377 730 3410 Drusum
766 3375 940 3407 acerrimo
974 3373 1098 3406 aedifi-

233 3428 337 3462 candi
359 3427 475 3462 studio
497 3426 685 3470 abreptum
707 3424 855 3460 nimium
878 3426 1019 3467 tempus
1042 3424 1098 3457 in-

1154 2023 1348 2066 sumpsisse
1372 2023 1407 2055 in
1430 2031 1541 2062 nova,
1567 2030 1658 2064 quae
1683 2020 1897 2054 exstruenda
1920 2027 2025 2054 cura·-

1153 2073 1233 2113 bat,
1259 2073 1419 2106 aedificia
1443 2071 1597 2113 quotidie
1621 2070 1872 2114 inspectanda;
1896 2070 1931 2103 in
1954 2070 2024 2104 hoc

1153 2122 1263 2156 multo
1297 2122 1460 2155 diversus
1493 2131 1514 2154 a
1547 2123 1670 2164 patre,
1706 2122 1764 2163 qui
1798 2119 2023 2163 improbante

1153 2172 1282 2215 populo
1315 2173 1462 2205 modicus
1488 2172 1637 2213 privatis
1668 2170 1950 2214 aedificationibus
1981 2178 2023 2203 ne

1149 2223 1278 2264 publice
1306 2223 1437 2264 quidem
1466 2223 1531 2255 nisi
1553 2223 1617 2255 duo
1641 2231 1744 2263 opera
1765 2222 1907 2262 struxit,
1939 2224 2023 2253 tem-

1148 2275 1243 2315 plum
1274 2274 1422 2316 Augusto
1455 2276 1486 2306 et
1517 2282 1651 2305 scenam
1682 2272 1872 2313 Pompeiani
1900 2271 2023 2304 theatri

1154 2325 1197 2365 (6,
1222 2324 1288 2364 45).
1316 2341 1352 2346 —
1376 2326 1505 2356 noctem
1527 2323 1687 2355 conviviis
1709 2323 1768 2363 tr.]
1790 2322 1855 2355 Dio
1877 2322 1933 2362 57,
1958 2320 2020 2354 ⁴4:

1151 2372 1198 2421 τῇ
1221 2384 1262 2407 τε
1282 2373 1384 2421 μέθῃ
1404 2371 1624 2419 κατακορὴς
1640 2372 1818 2416 ἐγίγνετο.
1838 2389 1875 2396 -
1901 2369 2022 2414 maias]

1153 2424 1290 2458 civibus
1312 2424 1507 2467 perniciem
1530 2423 1732 2457 afferentes.

1195 2524 1249 2558 38.
1274 2533 1341 2557 non
1356 2541 1406 2549 --
1419 2522 1625 2565 fatiscebant]
1654 2522 1719 2556 sed
1742 2522 1778 2555 in
1800 2530 2023 2565 persequen-

1152 2575 1206 2608 dis
1229 2575 1300 2608 reis
1323 2574 1491 2608 ardenter
1511 2573 1803 2616 perseverabant.
1830 2591 1867 2597 —
1893 2573 2021 2617 cretae]

1152 2626 1291 2659 senatui
1323 2624 1525 2668 populoque
1560 2623 1605 2656 ab
1628 2624 1785 2666 Augusto
1813 2631 2020 2657 concessae.

1151 2675 1238 2708 Vide
1266 2675 1312 2708 ad
1341 2677 1373 2716 4,
1398 2674 1452 2708 74.
1485 2692 1529 2698 —
1555 2674 1785 2716 postulaverat
1815 2673 2019 2717 repetundis]

1151 2735 1216 2768 pro
1247 2725 1347 2759 solito
1375 2726 1636 2767 repetundarum
1662 2723 1718 2757 vel
1747 2724 1786 2757 de
1807 2723 1904 2757 rebus
1923 2732 2022 2765 repe-

1150 2777 1270 2809 tundis.
1295 2775 1428 2809 Eadem
1445 2775 1705 2809 constructione
1717 2775 1929 2816 Papinianus
1942 2775 2018 2816 Dig.

1150 2825 1204 2865 48,
1222 2826 1254 2866 3,
1272 2825 1310 2858 2:
1335 2826 1364 2858 si
1384 2834 1500 2858 servus
1520 2824 1658 2866 capitali
1672 2824 1811 2856 crimine
1820 2824 2018 2864 postuletur.

1149 2875 1203 2908 Ad
1226 2884 1302 2908 rem
1319 2875 1362 2907 cf.
1382 2883 1414 2908 c.
1432 2875 1485 2908 70.
1506 2891 1542 2898 —
1568 2874 1749 2906 maiestatis
1762 2874 1910 2916 crimine]
1932 2873 2018 2907 Plin.

1149 2928 1276 2967 Paneg.
1303 2924 1363 2959 42:
1397 2924 1656 2965 Locupletabant
1675 2926 1707 2957 ct
1727 2925 1843 2966 fiscum
1864 2927 1897 2957 et
1917 2933 2020 2958 aera-

1147 2977 1238 3008 rium
1270 2975 1354 3017 (sub
1367 2974 1590 3016 Domitiano)
1620 2983 1687 3006 non
1709 2977 1781 3007 tam
1806 2974 1968 3008 Voconiae
1989 2978 2020 3008 et

1147 3025 1252 3058 Iuliae
1273 3025 1358 3067 leges
1380 3033 1482 3066 quam
1494 3024 1677 3057 maiestatis
1698 3023 1870 3066 singulare
1891 3027 1923 3057 ot
1944 3024 2020 3057 uni-

1148 3084 1224 3108 cum
1253 3075 1377 3108 crimen
1405 3084 1519 3108 eorum
1540 3074 1599 3115 qui
1619 3074 1756 3106 crimine
1780 3077 1951 3108 vacarent.
1978 3091 2016 3098 —

1149 3135 1166 3159 e
1185 3125 1388 3167 primoribus
1407 3123 1633 3166 Macedoniae]
1668 3123 1803 3165 Verba,
1828 3125 1865 3157 in
1887 3122 2018 3165 quibus

1149 3176 1324 3208 haesitant
1345 3175 1571 3217 interpretes,
1596 3172 1733 3206 facilem
1749 3174 1866 3206 tamen
1883 3173 2018 3206 habent

1150 3225 1379 3268 explicatum3
1405 3226 1482 3257 erat
1504 3225 1533 3257 is
1556 3225 1734 3257 Romanus
1756 3221 1931 3265 locuples,
1956 3223 2017 3265 qui

1149 3277 1294 3317 propter
1315 3274 1495 3308 latifundia
1516 3274 1588 3306 iam
1609 3272 1743 3306 dudum
1758 3271 1882 3306 stabile
1899 3272 2016 3306 domi-

1149 3324 1267 3359 cilium
1300 3324 1456 3358 habebat
1488 3324 1524 3357 in
1557 3323 1760 3360 Macedonia
1793 3324 1900 3365 atque
1923 3323 2016 3356 inter

1148 3374 1224 3409 illos
1245 3373 1478 3418 provinciales
1500 3381 1628 3415 magna
1650 3372 1855 3405 auctoritate
1875 3372 2016 3406 frueba-

1147 3426 1222 3466 tur,
1247 3424 1338 3458 adeo
1360 3426 1400 3458 ut
1420 3422 1547 3458 saltem
1569 3431 1640 3457 non
1661 3420 1894 3466 improbabile
1917 3424 2015 3458 esset
