2254 3770
734 253 889 297 LIBER
923 253 986 298 lv.
1033 252 1134 312 Cap.
1165 253 1232 297 34.
1262 253 1330 298 35.
1361 254 1430 300 36.
1905 248 1980 297 234

210 372 291 404 nec
319 358 508 409 deerunt,
539 358 575 402 si
606 358 818 402 damnatio
849 359 1014 416 ingruit,
1045 359 1118 418 qui
1147 373 1230 403 non
1250 360 1379 404 modo
1401 360 1535 405 Cassii
1557 366 1599 405 et
1617 360 1746 411 Bruti,
1777 366 1843 403 set
1862 359 1989 404 etiam

209 434 291 478 mei
327 433 638 478 meminerint.»
686 447 885 491 egressus
916 434 1015 478 dein
1046 441 1195 478 senatu
1223 434 1350 478 vitam
1387 434 1638 480 abstinentia
1666 433 1810 478 finivit.
1855 433 1987 477 libros

208 521 286 567 per
313 507 476 552 aediles
500 508 753 552 cremandos
777 522 984 553 censuere
1014 515 1178 567 patres:
1210 515 1276 553 set
1303 516 1561 560 manserunt,
1593 508 1789 554 occultati
1810 513 1854 552 et
1872 507 1988 552 editi.

207 597 293 641 quo
322 582 458 641 magis
487 582 729 627 socordiam
748 597 898 628 eorum
922 582 1112 640 inridere
1128 583 1241 634 libet,
1273 585 1347 642 qui
1367 585 1581 642 praesenti
1601 584 1790 643 potentia
1810 582 1989 627 credunt

207 656 391 715 extingui
422 672 551 716 posse
580 658 708 701 etiam
737 659 955 716 sequentis
994 658 1088 703 aevi
1124 659 1386 703 memoriam.
1432 673 1531 703 nam
1561 665 1707 703 contra
1737 657 1894 717 punitis
1924 657 2018 700 ἰπὶ-5

205 732 341 790 geniis
370 732 508 790 gliscit
536 733 784 786 auctoritas3
826 747 966 790 neque
996 733 1098 777 aliut
1127 735 1287 778 externi
1321 748 1464 792 reges,
1502 740 1575 778 aut
1603 734 1677 792 qui
1708 733 1861 778 eadem
1891 745 1988 776 sae-

204 807 303 851 vitia
332 808 398 851 usi
429 814 537 859 sunt,
569 808 648 851 nisi
679 807 868 852 dedecus
898 808 978 852 sibi
1009 815 1136 867 atque
1167 808 1247 851 illis
1278 808 1455 867 gloriam
1483 823 1708 867 peperere.

317 881 396 938 (36)
430 882 626 926 Ceterum
660 882 923 940 postulandis
957 884 1043 927 reis
1071 890 1157 927 tam
1187 884 1410 928 continuus
1440 897 1575 928 annus
1603 883 1681 927 fuit
1707 888 1755 927 ut
1786 875 1986 927 feriarum

204 957 442 1001 Latinarum
473 956 626 1001 diebus
664 958 923 1015 praefectum
965 958 1081 1002 urbis
1117 960 1319 1009 Drusum,
1357 957 1607 1016 auspicandi
1642 958 1774 1015 gratia
1803 956 1986 1001 tribunal

204 1032 453 1090 ingressum,
486 1031 636 1075 adierit
666 1032 917 1090 Calpurnius
943 1033 1164 1077 Salvianus
1194 1033 1237 1076 in
1257 1034 1432 1077 Sextum
1452 1033 1641 1076 Marium.
1686 1032 1804 1090 quod
1832 1046 1858 1076 a
1878 1033 1986 1077 Cae-
1998 1041 2035 1072 io

203 1120 300 1151 sare
340 1106 479 1164 palam
517 1107 767 1165 increpitum
799 1121 928 1152 causa
957 1108 1068 1152 exilii
1100 1107 1296 1152 Salviano
1326 1107 1414 1150 fuit.
1459 1107 1626 1151 obiecta
1659 1107 1830 1165 publice
1860 1106 1986 1166 Cyzi-

204 1181 321 1226 cenis
357 1181 519 1226 incuria
548 1182 902 1226 caerimoniarum
933 1182 1018 1226 divi
1047 1185 1243 1240 Augusti,
1285 1182 1440 1226 additis
1475 1181 1701 1226 violentiae
1736 1181 1983 1226 criminibus

268 1333 298 1366 4.
330 1333 448 1366 demant
476 1334 509 1367 M
541 1351 575 1358 —
611 1333 667 1366 sed
695 1337 726 1367 et
755 1335 856 1367 etiam
883 1334 917 1368 M
947 1351 984 1358 —
1020 1335 1052 1367 3.
1081 1335 1138 1367 sed
1172 1334 1323 1377 Lipsius:
1361 1337 1391 1367 et
1420 1333 1454 1367 M
1486 1352 1531 1357 —
1564 1333 1597 1366 4.
1625 1334 1778 1366 socordia
1803 1340 1857 1375 pr.
1883 1332 1918 1367 M
1942 1327 1978 1357 ’-

202 1391 234 1423 5.
258 1393 410 1432 sequente
431 1390 524 1423 saeui
545 1390 579 1423 Μ
593 1388 766 1433 (sequentis
780 1391 857 1423 aeui
873 1391 1004 1432 margo)
1023 1408 1058 1414 —
1085 1391 1116 1423 6.
1142 1390 1259 1423 saeuiti
1282 1391 1356 1423 ausi
1379 1390 1413 1424 M
1437 1406 1473 1413 -
1499 1390 1532 1423 8.
1554 1389 1695 1422 reistam
1716 1390 1750 1423 M
1775 1406 1811 1413 —
1838 1389 1891 1422 Η.
1913 1397 1981 1431 pu-

201 1444 304 1479 blicae
325 1446 370 1479 M.
1272 1461 1275 1463 ,

199 1573 299 1603 rant:
334 1569 417 1602 adeo
449 1569 516 1603 illis
550 1570 675 1603 Cordus
706 1570 880 1604 videbatur
909 1573 1062 1614 effugere.

199 1622 327 1662 Maqna
353 1629 406 1653 res
437 1624 509 1653 erat
531 1620 567 1652 in
589 1623 793 1662 quaestione,
824 1631 869 1654 an
890 1626 996 1655 morte
1015 1623 1065 1655 rei

194 1671 416 1712 perderentur
438 1670 497 1712 (an
516 1674 654 1703 mortem
667 1672 716 1703 rei
728 1672 912 1712 perderent.
932 1671 1061 1713 cinos).

199 1721 290 1753 Dum
309 1719 526 1760 deliberatur,
551 1720 630 1752 dum
644 1724 852 1754 accusatores
865 1723 987 1754 iterum
1002 1723 1064 1754 ad-

199 1773 293 1815 eunt,
324 1770 379 1803 ille
399 1778 434 1802 se
455 1769 651 1803 absolverat.
680 1788 716 1794 —
745 1781 807 1812 per
834 1771 969 1813 aediles]
1004 1772 1064 1813 qui

200 1820 236 1852 id
260 1820 438 1861 negotium
469 1820 659 1853 triumviris
687 1821 892 1864 capitalibus
916 1822 1064 1855 deman-

200 1869 333 1902 dabant
345 1870 469 1911 (Agric.
483 1870 529 1909 Ξ).
549 1870 599 1903 Cf.
618 1871 750 1903 Seneca
768 1872 878 1904 Praei.
897 1872 1062 1904 ContrOV.

200 1920 274 1953 Lib.
300 1921 339 1952 5:
372 1921 410 1952 In
431 1920 611 1953 Labienum
635 1922 783 1961 primum
804 1923 996 1963 excogitata
1018 1925 1066 1954 est

199 1978 288 2002 nova
307 1978 440 2010 poena,·
469 1971 617 2012 effectum
648 1974 693 2002 est
714 1972 802 2003 enim
817 1980 881 2012 per
901 1972 1062 2011 inimicos,

198 2022 235 2052 ut
266 2028 375 2052 omnes
405 2020 474 2052 eius
496 2019 572 2052 libri
592 2020 853 2053 incenderentur.
888 2021 949 2053 Res
975 2030 1062 2053 nova

198 2073 229 2103 et
255 2069 401 2110 insueta,
435 2070 598 2110 supplicia
627 2070 666 2103 de
692 2071 808 2103 studiis
840 2071 934 2103 sumi.
971 2072 1063 2103 Bono

198 2120 328 2152 hercule
348 2120 480 2160 publico
507 2121 572 2152 ista
593 2121 629 2152 in
644 2129 772 2161 poenas
793 2121 962 2163 inqeniosa
984 2130 1063 2153 cru-

198 2170 314 2202 delitas
330 2172 408 2210 post
429 2170 614 2203 Ciceronem
637 2171 772 2203 inventa
794 2175 850 2203 est.
878 2172 962 2212 Quid
977 2172 1064 2203 enim

196 2221 348 2262 futurum
366 2220 448 2260 fuit,
472 2221 500 2253 si
515 2221 685 2262 inqenium
701 2221 865 2254 Ciceronis
879 2222 1065 2254 triumviris

198 2270 338 2302 libuisset
354 2270 585 2310 proscribere?
611 2289 646 2294 —
681 2271 850 2313 occultati]
878 2272 1017 2304 interim
1042 2281 1062 2304 a

199 2319 268 2353 filia
291 2321 327 2352 et
347 2320 495 2362 posthac
518 2320 563 2353 ab
588 2320 714 2353 eadem
737 2330 859 2354 rursus
883 2321 978 2354 editi.
1004 2323 1061 2354 Se-

199 2379 286 2403 neca
310 2369 355 2402 ad
378 2371 482 2402 Marc.
509 2371 540 2409 l,
559 2370 597 2403 3:
631 2371 668 2403 Ut
691 2372 840 2411 aliquam
862 2373 1063 2404 occasionem

198 2420 337 2453 mutatio
359 2423 541 2460 temporum
565 2421 669 2461 dedit,
697 2422 866 2462 inqenium
874 2423 986 2463 patris
999 2423 1060 2462 tui,

200 2470 238 2502 de
267 2478 332 2511 quo
353 2472 518 2510 sumptum
538 2474 611 2502 erat
641 2471 858 2511 supplicium,
889 2472 924 2503 in
954 2472 1061 2503 visum

198 2520 365 2551 hominum
386 2520 550 2552 reduxisti
571 2523 602 2551 et
628 2529 650 2551 a
671 2529 753 2552 vera
773 2521 869 2553 illum
890 2520 1063 2552 vindicasti

198 2572 303 2601 morte
335 2578 375 2601 ac
407 2569 577 2602 restituisti
610 2570 646 2602 in
681 2570 814 2610 publica
851 2574 1062 2603 monumenta

199 2618 315 2658 libros,
350 2626 431 2657 quos
451 2619 507 2650 vir
528 2619 583 2651 ille
603 2619 799 2659 fortissimus
820 2620 981 2661 sanquine
1002 2628 1062 2651 suo

199 2667 388 2708 scripserat.
414 2667 539 2708 Optime
552 2669 700 2700 meruisti
715 2670 754 2701 de
766 2670 920 2702 Romanis
934 2669 1060 2708 studiis,

198 2727 324 2759 maqna
345 2718 478 2750 illorum
503 2727 588 2759 pars
616 2723 768 2758 arserat;
799 2721 918 2760 optime
940 2720 979 2751 de
998 2728 1061 2759 po-

198 2768 310 2807 steris,
334 2768 378 2799 ad
401 2777 482 2807 quos
501 2771 610 2800 veniet
630 2769 827 2809 incorrupta
840 2778 954 2801 rerum
969 2769 1060 2810 fldeS,

199 2817 328 2850 auctori
350 2826 408 2849 suo
431 2826 554 2859 maqno
576 2818 740 2859 imputata
748 2827 759 2857 ,·
784 2819 903 2859 optime
918 2819 956 2851 de
977 2819 1060 2859 ipso,

198 2867 292 2899 cuius
312 2867 399 2908 viqet
422 2867 607 2909 vigebitque
628 2870 801 2908 memoria,
826 2877 927 2909 quarm
949 2869 1006 2900 diu
1027 2869 1062 2900 in

193 2918 303 2957 pretio
323 2916 425 2957 fuerit
442 2918 593 2949 Romana
607 2918 770 2959 cognosci,
785 2927 886 2958 quam
898 2919 955 2950 diu
971 2917 1063 2959 quis-

200 2975 301 3007 quam
321 2966 401 3005 erit,
427 2967 484 3007 qui
504 2967 626 2999 reverti
640 2967 717 2999 velit
731 2968 776 2999 ad
790 2971 868 2999 acta
882 2968 1060 2999 maiorum.

200 3016 341 3048 Sueton.
377 3015 481 3057 Calig.
514 3017 574 3048 ⁴6:
612 3017 645 3048 T.
669 3016 822 3056 Labieni,
855 3016 954 3049 Cordi
983 3016 1062 3049 Cre—

198 3066 315 3105 mutii,
344 3065 448 3097 Cassii
470 3065 581 3097 Severi
609 3066 733 3106 scripta
758 3069 890 3097 senatus
911 3066 1065 3097 consultis

200 3114 325 3147 abolita
346 3115 474 3155 requiri
495 3118 527 3147 et
547 3123 613 3147 esse
634 3115 670 3147 in
688 3115 839 3147 manibus
860 3116 1064 3156 lectitarique

197 3165 367 3205 permisit,·
398 3164 530 3205 quando
557 3164 706 3196 maxime
732 3173 794 3196 sua
821 3165 1003 3203 interesset,
1028 3167 1065 3195 ut

200 3214 292 3255 sacta
314 3223 462 3255 quaeque
482 3207 621 3255 posteris
644 3215 832 3246 tradantur.
869 3215 1064 3255 Supersunt

203 3264 296 3306 apud
325 3265 496 3297 Senecam
525 3265 662 3297 Suasor.
689 3264 709 3295 7
734 3263 901 3296 Cremutii
930 3262 995 3295 loci
1018 3263 1063 3296 de

205 3314 382 3347 Ciceronis
404 3315 530 3348 morte.

247 3365 300 3400 36.
318 3367 475 3412 Drusum]
492 3366 688 3400 Germanici
703 3365 824 3400 fllium,
845 3366 951 3399 Moris
969 3365 1063 3399 enim

1114 1572 1206 1611 erat,
1236 1571 1275 1603 ut
1303 1578 1368 1612 per
1397 1570 1564 1612 quattuor
1591 1570 1792 1602 Latinarum
1815 1568 1892 1602 dies
1914 1566 1981 1604 ab-

1113 1620 1270 1655 sentibus
1294 1619 1498 1653 consulibus
1521 1621 1557 1653 in
1579 1621 1700 1653 monte
1715 1618 1867 1659 Albano,
1893 1618 1981 1652 dicis

1113 1680 1219 1704 causa
1242 1670 1496 1713 praeficeretur
1523 1669 1603 1702 urbi
1626 1668 1835 1703 adulescens
1857 1667 1981 1710 aliquis

1113 1730 1154 1754 ex
1178 1721 1291 1763 prima
1315 1718 1506 1752 nobilitate.
1540 1718 1668 1753 Gellius
1691 1718 1752 1760 44,
1777 1719 1815 1752 8:
1845 1718 1982 1760 Praefe-

1111 1775 1199 1804 ctum
1220 1770 1296 1803 urbi
1316 1771 1517 1803 Latinarum
1537 1779 1644 1803 causa
1659 1770 1812 1803 relictum
1829 1771 1981 1802 senatum

1111 1821 1229 1854 habere
1246 1829 1342 1861 posse
1363 1821 1478 1853 Iunius
1493 1818 1741 1861 (Gracchanus)
1759 1822 1870 1862 negat,
1894 1827 1981 1860 quo—

1110 1872 1203 1903 niam
1225 1878 1265 1902 ne
1287 1873 1421 1902 senator
1443 1869 1574 1910 quidem
1599 1871 1642 1903 sit
1662 1878 1768 1910 neque
1788 1869 1841 1902 ius
1861 1868 1980 1902 habeat

1110 1920 1286 1953 sententiae
1315 1920 1489 1959 dicendae,
1520 1928 1595 1952 cum
1616 1928 1662 1952 ex
1687 1928 1727 1952 ea
1750 1922 1857 1952 aetate
1873 1927 1980 1960 prae-

1109 1971 1211 2012 fectus
1226 1971 1304 2011 fiat,
1328 1978 1413 2010 quae
1427 1978 1494 2001 non
1508 1969 1551 2002 sit
1565 1969 1745 2002 senatoria.
1772 1968 1822 2002 Cf.
1840 1968 1905 2001 Dio
1920 1967 1976 2009 49,

1111 2015 1268 2054 42:²21)
1290 2018 1330 2052 δὲ
1353 2021 1437 2060 ταῖς
1460 2015 1622 2061 ἀνοχαῖς
1643 2019 1787 2078 αἱρετοὶ
1809 2015 1885 2052 ὑπὸ
1907 2016 1977 2051 τοῦ

1111 2071 1306 2117 Καίσαρος
1329 2068 1533 2116 πολίαρχοι
1554 2068 1685 2111 παῖδες
1699 2064 1843 2113 ανηβοι
1857 2066 1899 2111 ἐξ
1915 2069 1977 2101 ἱπ-

1112 2122 1228 2160 πέων,
1261 2118 1341 2153 ἀλλ’
1367 2117 1438 2153 οὐκ
1461 2120 1504 2153 ἐκ
1526 2118 1743 2160 βουλευτῶν
1765 2116 1974 2164 γεγονότες,

1111 2165 1242 2218 ἧρξαν.
1268 2171 1321 2204 Ad
1337 2172 1440 2204 Drusi
1456 2172 1716 2213 praefecturam
1728 2172 1879 2213 pertinet
1893 2171 1977 2203 titu-

1110 2222 1164 2255 lus
1181 2220 1439 2262 Burdigalensis
1455 2222 1583 2255 Inscrr.
1601 2223 1688 2254 Latt.
1707 2231 1742 2254 n.
1757 2222 1841 2254 667·
1834 2246 1841 2253 .
1865 2222 1977 2254 Druso

1113 2272 1263 2312 Caesari,
1290 2271 1479 2304 Germanici
1504 2271 1657 2304 Caesaris
1677 2272 1718 2312 f.,
1746 2271 1791 2303 Ti.
1816 2270 1902 2312 Auq.
1925 2281 1975 2312 n.,

1111 2323 1177 2355 divi
1198 2322 1282 2364 Auq.
1304 2331 1418 2362 pron„
1440 2322 1608 2363 praefecto
1623 2321 1715 2362 urbi,
1740 2321 1846 2354 sodali
1859 2321 1977 2363 Λαρα-

1109 2372 1198 2405 stali.
1226 2390 1261 2394 —
1293 2371 1490 2412 auspicandi
1511 2371 1642 2413 qratia]
1673 2372 1729 2404 Sic
1751 2372 1844 2404 Nero
1869 2370 1975 2410 (teste

1111 2421 1274 2454 Suetonio
1298 2421 1328 2460 7)
1364 2420 1555 2461 auspicatus
1584 2424 1629 2453 est
1660 2423 1691 2453 et
1718 2419 1976 2453 iurisdictionem

1104 2470 1292 2512 praefectus
1313 2470 1388 2502 urbi
1404 2479 1502 2502 sacro
1516 2471 1735 2511 Latinarum,
1759 2469 1978 2503 celeberrimis

1105 2522 1260 2562 patronis
1273 2529 1340 2553 non
1356 2521 1564 2560 tralaticias,
1590 2524 1629 2553 ut
1642 2521 1780 2560 assolet,
1805 2523 1837 2553 et
1851 2519 1975 2560 breves,

1109 2573 1163 2604 sed
1192 2573 1362 2604 maximas
1385 2571 1614 2611 plurimasque
1639 2571 1881 2612 postulationes
1902 2578 1976 2602 cer-

1110 2621 1207 2653 tatim
1227 2620 1461 2661 ingerentibus.
1487 2620 1628 2652 Dictum
1643 2620 1763 2653 autem
1779 2619 1976 2661 (inimicandi

1111 2672 1165 2703 est
1188 2670 1232 2702 de
1260 2670 1356 2702 initio
1386 2669 1635 2702 iurisdictionis
1666 2671 1702 2702 et
1727 2670 1841 2711 primo
1864 2668 1975 2711 gradu

1112 2721 1283 2753 honorum
1315 2719 1553 2761 gerendorum
1585 2720 1620 2752 et
1646 2720 1698 2752 rei
1729 2718 1890 2761 publicae
1914 2727 1976 2751 ca-

1110 2769 1318 2812 pessendae.
1340 2787 1375 2792 —
1400 2771 1438 2801 in
1459 2770 1539 2801 Sem.
1557 2770 1719 2812 Marium]
1745 2769 1794 2802 Cf.
1814 2769 1846 2809 6,
1864 2769 1916 2801 ⁴9.
1934 2785 1972 2792 —

1109 2820 1321 2860 increpitum]
1354 2820 1435 2860 quia
1467 2827 1595 2851 causae
1619 2818 1784 2861 capitales
1807 2818 1872 2851 diri
1894 2818 1976 2851 sunt

1112 2870 1249 2902 ominis.
1279 2887 1310 2893 —
1345 2869 1476 2910 publice
1506 2869 1689 2912 Cyzicenis]
1725 2870 1747 2903 i.
1780 2878 1813 2910 q.
1846 2866 1974 2910 populo

1112 2920 1298 2960 Cyziceno,
1323 2917 1374 2962 τῷ
1391 2916 1507 2962 κοινῷ
1522 2917 1598 2951 τῶν
1614 2916 1844 2962 Κυζικηνῶν.
1870 2917 1920 2950 Cf.
1939 2918 1975 2950 et

1111 2969 1156 3000 ad
1180 2967 1287 3001 verba
1312 2970 1347 3001 et
1369 2969 1414 3001 ad
1437 2977 1515 3001 rem
1545 2970 1688 3002 Sueton.
1714 2968 1790 3002 Tib.
1815 2967 1876 3000 37:
1909 2967 1974 3007 Gy-

1110 3019 1250 3058 zicenis,
1273 3020 1309 3051 in
1331 3019 1418 3050 cives
1439 3019 1603 3051 Romanos
1622 3018 1798 3051 violentius
1811 3016 1976 3057 quaedam

1112 3068 1220 3107 ausis,
1246 3068 1377 3108 publice
1404 3068 1589 3101 libertatem
1610 3069 1751 3107 ademit,
1784 3075 1885 3107 quam
1905 3066 1975 3099 Mi-

1112 3117 1287 3150 thridatico
1309 3117 1389 3150 bello
1410 3121 1613 3151 meruerant.
1641 3135 1677 3140 —
1707 3117 1843 3149 incuria
1863 3116 1975 3148 caeri-

1111 3167 1303 3198 moniarum
1325 3167 1394 3199 divi
1415 3166 1567 3209 Auqusti]
1599 3166 1662 3199 Dio
1686 3166 1740 3204 57,
1764 3164 1827 3198 24:
1861 3163 1974 3206 Κυζι-

1111 3214 1237 3259 κηνῶν
1261 3212 1284 3259 ἡ
1309 3215 1504 3275 ἐλευθερια
1526 3210 1657 3257 αὖθις,
1682 3210 1742 3248 ὅτι
1764 3224 1804 3248 τε
1818 3211 1974 3258 Ῥωμαι-

1113 3276 1180 3324 ους
1208 3276 1312 3307 τινας
1341 3262 1484 3310 ε’δησαν
1506 3266 1574 3299 καὶ
1597 3260 1657 3298 ὅτι
1678 3265 1743 3298 καὶ
1764 3261 1808 3297 τὸ
1832 3262 1972 3322 ἡρῷον,

1113 3312 1135 3348 ὃ
1158 3314 1208 3360 τῷ
1230 3312 1437 3360 Αὐγούστω
1461 3317 1583 3348 ποιεῖν
1605 3311 1782 3362 ἤρξαντο,
1806 3310 1879 3348 οῦκ
1893 3312 1975 3358 ἔξεο

1111 3364 1286 3407 τέλεσαν,
1318 3361 1510 3414 ἀφῃρέθη.
1537 3381 1574 3389 -
1601 3365 1777 3399 violentiae
1797 3373 1826 3399 c.
1851 3365 1974 3400 adver-
