2254 3770
680 266 837 313 nnan
862 267 965 313 xlv.
1010 266 1111 326 Cap.
1140 267 1208 314 4⁴.
1237 267 1305 315 42.
1334 267 1404 314 43.
1860 266 1942 312 469

161 375 317 421 exoleti
345 374 545 420 incensus
574 381 617 420 et
635 374 854 419 dominum
883 373 1097 420 aemulum
1124 388 1210 419 non
1237 374 1436 420 tolerans.
1468 380 1659 420 ceterum
1678 388 1776 420 cum
1794 380 1939 421 vetere

160 465 214 496 ex
241 464 362 495 more
389 449 589 495 familiam
619 464 807 503 omnem,
841 464 952 509 quae
982 449 1062 494 sub
1092 449 1246 495 eodem
1274 456 1386 495 tecto
1415 450 1733 503 mansitaverat,
1765 450 1819 495 ad
1840 465 1940 509 sup-

159 526 330 586 plicium
367 526 433 584 agi
473 531 709 584 oporteret,
755 539 966 570 concursu
1003 525 1163 584 plebis,
1206 540 1318 584 quae
1355 532 1417 570 tot
1452 526 1649 571 innoxios
1677 526 1938 585 protegebat,

158 616 297 660 usque
326 601 381 646 ad
410 600 664 647 seditionem
694 608 868 647 ventum
896 607 962 646 est
990 607 1251 661 senatusque
1271 601 1476 658 obsessus,
1507 603 1551 646 in
1581 616 1668 661 quo
1697 602 1792 661 ipso
1820 607 1942 647 erant

157 676 297 721 studia
326 677 499 721 nimiam
529 678 796 722 severitatem
827 677 1164 736 aspernantium,
1207 677 1400 736 pluribus
1429 677 1529 721 nihil
1561 677 1811 722 mutandum
1839 691 1971 723 cen-s

156 752 359 798 sentibus.
403 766 456 797 ex
485 753 582 811 quis
613 754 656 798 C.
688 753 861 798 Cassius
900 753 1135 798 sententiae
1170 751 1266 798 loco
1296 753 1340 796 in
1367 753 1482 799 hunc
1509 753 1686 798 medum
1714 753 1938 798 disseruit:

157 828 239 886 (43)
275 841 638 886 «saepenumero,
670 835 812 887 patres
843 829 1091 887 conscripti,
1123 828 1166 872 in
1188 829 1270 874 hoc
1291 829 1439 874 ordine
1459 829 1645 882 interfui,
1677 842 1775 874 cum
1796 835 1940 875 contra

155 904 342 948 instituta
385 910 428 948 et
468 904 587 962 leges
623 905 831 949 maiorum
868 919 980 949 nova
1009 911 1181 949 senatus
1211 904 1386 950 decreta
1414 905 1752 963 postularentur3
1796 919 1939 964 neque

155 993 251 1024 sum
279 979 549 1033 adversatus,
580 994 666 1025 non
692 981 793 1040 quia
812 980 1051 1025 dubitarem
1071 994 1203 1039 super
1221 980 1418 1025 omnibus
1438 981 1619 1039 negotiis
1639 981 1791 1026 melius
1810 988 1939 1041 atque

155 1055 313 1100 rectius
343 1055 444 1099 olim
471 1056 691 1114 provisum
721 1063 781 1109 et,
815 1070 929 1115 quae
958 1062 1326 1108 converterentur,
1362 1057 1406 1099 in
1434 1056 1623 1101 deterius
1652 1057 1827 1110 mutari,
1859 1057 1988 1102 sedlo

153 1144 208 1175 ne
244 1131 374 1175 nimio
411 1145 557 1176 amore
596 1131 757 1190 antiqui
786 1131 918 1175 moris
948 1132 1135 1176 studium
1163 1146 1307 1177 meum
1337 1131 1542 1177 extollere
1570 1131 1754 1177 viderer.
1799 1133 1935 1185 simul,

155 1206 360 1266 quicquid
389 1206 474 1252 hoc
503 1207 545 1250 in
565 1206 689 1251 nobis
709 1207 968 1252 auctoritatis
984 1197 1071 1260 est,
1104 1207 1267 1252 crebris
1288 1207 1694 1253 contradictionibus
1714 1208 1939 1253 destruen-

153 1283 257 1326 dum
285 1296 370 1327 non
403 1282 711 1335 existimabam,
744 1289 791 1327 ut
818 1289 1010 1327 maneret
1039 1283 1266 1342 integrum,
1309 1284 1345 1328 si
1375 1283 1548 1342 quando
1577 1297 1648 1327 res
1676 1298 1718 1342 p.
1749 1284 1937 1329 consiliis

155 1358 355 1416 eguisset.
402 1358 519 1417 quod
548 1358 676 1403 hodie
707 1359 848 1403 evenit
876 1358 1087 1404 consulari
1114 1359 1207 1404 viro
1236 1359 1352 1404 domi
1382 1373 1488 1404 suae
1517 1359 1736 1404 interfecto
1764 1373 1846 1417 per
1873 1360 1938 1403 in-

219 1479 252 1512 ⁴.
276 1479 427 1513 incensus
448 1479 620 1513 Pichena:
644 1480 790 1522 infensus
809 1481 844 1515 M
861 1499 897 1505 -
922 1481 954 1513 2.
973 1489 1035 1522 que
1057 1481 1091 1515 M
1117 1498 1151 1505 -
1178 1480 1211 1514 4.
1236 1483 1435 1522 senatusque
1456 1479 1618 1521 obsessus,
1642 1479 1678 1512 in
1701 1488 1765 1521 quo
1785 1481 1858 1522 ipso
1879 1481 1934 1514 Fr.

152 1535 278 1570 Iacob:
302 1540 500 1578 senatusque
521 1536 557 1569 in
579 1545 644 1578 quo
665 1537 736 1578 ipso
752 1538 804 1577 M;
829 1541 1009 1578 senatuque
1029 1537 1066 1570 in
1087 1537 1157 1578 ipso
1172 1537 1326 1579 Lipsius;
1350 1540 1467 1570 senatu
1488 1545 1616 1578 quoque
1636 1536 1673 1569 in
1692 1536 1763 1578 ipso
1778 1537 1938 1570 Doeder-

154 1592 237 1626 lein.
264 1610 300 1615 —
326 1593 358 1625 5.
382 1592 484 1626 nichil
504 1593 538 1627 M
559 1610 603 1616 —
624 1594 821 1626 mutandum
843 1595 890 1627 G:
912 1594 1122 1627 multandum
1143 1594 1178 1628 M
1202 1612 1239 1617 —-
1265 1593 1298 1626 6.
1324 1593 1373 1635 C.]
1398 1593 1439 1626 G.
1455 1593 1491 1627 Μ
1510 1609 1544 1617 -
1564 1593 1597 1626 7.
1620 1594 1656 1627 Ρ.
1671 1593 1707 1627 C.
1723 1594 1757 1627 M
1775 1610 1811 1616 -—
1830 1593 1884 1627 ⁴0.
1900 1594 1937 1627 in

155 1648 213 1682 ed.
237 1649 430 1692 Spirensis:
456 1657 526 1682 om.
545 1649 590 1683 Μ.
614 1649 702 1683 Vide
725 1650 771 1683 ad
793 1649 825 1692 3,
850 1650 904 1685 34.
932 1668 967 1674 -
993 1651 1049 1684 sed
1069 1650 1177 1684 nemio
1198 1658 1254 1692 pr.
1271 1650 1306 1684 M
1323 1667 1359 1673 —
1385 1649 1439 1682 43.
1464 1652 1619 1684 manaret
1639 1650 1674 1684 M
1697 1667 1735 1674 —
1761 1649 1813 1683 l4.
1830 1650 1938 1683 evenit

153 1706 198 1738 G:
222 1705 314 1739 uenit
334 1705 380 1739 M.

1067 1813 1125 1846 tus
1155 1820 1241 1845 sane
1270 1810 1327 1844 ille
1355 1819 1453 1852 mos,
1485 1811 1585 1844 cuius
1608 1811 1754 1853 vestigia
1776 1809 1878 1854 plura
1899 1813 1936 1846 in

1067 1862 1204 1902 Plauto,
1236 1862 1276 1894 ut
1299 1862 1423 1904 Gripus
1447 1870 1574 1895 servus
1601 1862 1637 1894 in
1659 1861 1819 1895 Rudente
1842 1861 1875 1902 4,
1899 1863 1933 1904 2,

156 1811 319 1845 actionem
351 1812 512 1853 instituit,
547 1816 649 1846 extra
682 1814 830 1847 ordinem
859 1814 1019 1855 punitur,-

155 1871 265 1895 omnes
292 1862 380 1895 enim
407 1864 666 1898 calumniatores
687 1865 796 1898 exsilii
817 1865 868 1898 vel
892 1865 1021 1898 insulae

152 1913 353 1955 relegatione
386 1917 447 1946 aut
467 1915 594 1947 ordinis
615 1916 789 1948 amissione
808 1916 923 1957 puniri
940 1916 1019 1957 pla-

152 1964 232 1996 cuit.
268 1962 322 1996 Ad
352 1964 510 1996 Tacitum
540 1963 671 1998 utiliter
697 1965 857 1999 conferas
883 1966 1016 2007 Digest.

151 2012 206 2052 48,
233 2012 292 2045 ⁴6:
325 2012 375 2046 Aa
402 2017 535 2046 senatus
561 2015 744 2048 consultum
774 2016 1016 2057 Turpilianum.

150 2063 367 2097 Marcianus:
390 2062 630 2097 Accusatorum
645 2066 812 2098 temeritas
827 2066 932 2098 tribus
945 2074 1019 2098 mo-

151 2113 202 2145 dis
223 2113 397 2155 detegitur,
425 2117 456 2146 et
478 2114 582 2147 tribus
597 2116 714 2156 poenis
734 2116 927 2149 subiicitur:
957 2120 1017 2149 aut

152 2163 240 2196 enim
270 2163 604 2205 calumniantur,
630 2169 690 2198 aut
713 2167 1018 2207 praevarican-

152 2216 239 2254 tur,
271 2216 331 2246 aut
353 2214 714 2256 tergiversantur.
751 2216 1016 2251 Calumniari

151 2266 198 2297 est
218 2263 307 2305 falsa
328 2264 473 2297 crimina
494 2265 680 2306 intendere,·
703 2267 1016 2307 praevaricari

149 2322 231 2346 vera
253 2314 398 2346 crimina
420 2313 636 2355 abscondere,·
667 2317 959 2358 tergiversari
979 2317 1016 2349 in

150 2363 342 2397 universum
357 2364 398 2396 ab
413 2366 623 2399 accusatione
635 2366 796 2401 desistere.
826 2367 1016 2400 Calumnia-

149 2413 274 2446 toribus
292 2423 401 2455 poena
422 2415 492 2457 lege
516 2416 665 2449 Remmia
691 2417 876 2459 irrogatur.
913 2417 1010 2450 Conf.

150 2464 258 2506 etiam
281 2463 368 2496 Cod.
393 2463 425 2504 9,
450 2463 505 2498 45.

191 2512 247 2546 42.
269 2513 451 2546 Pedanium
472 2514 675 2556 Secundum]
699 2514 882 2549 consulem
904 2515 1014 2549 suffe-

150 2563 247 2596 ctum
268 2571 360 2596 anno
383 2564 519 2605 ignoto,
556 2564 705 2598 fortasse
734 2574 838 2606 eum,
874 2565 919 2599 de
943 2574 1013 2608 quo

149 2612 279 2646 Plinius
300 2614 342 2658 N.
360 2614 401 2646 H.
423 2615 464 2647 40
488 2613 582 2656 §352
608 2615 750 2656 Capitoli
771 2616 886 2649 sellam
905 2618 1015 2658 ipsam

148 2663 290 2696 intravit
309 2659 431 2706 (bubo)
459 2664 540 2697 Sem.
571 2665 728 2706 Palpellio
757 2666 870 2699 Histro
891 2667 929 2699 L.
952 2667 1014 2699 Pe-

148 2713 250 2746 danio
270 2721 372 2754 coss,
391 2717 531 2755 propter
552 2716 639 2756 quod
665 2717 762 2749 nonis
782 2716 915 2750 Martiis
935 2715 1015 2748 urbs

147 2764 292 2796 lustrata
314 2767 360 2797 est
380 2773 418 2798 eo
440 2773 540 2798 anno.
575 2766 775 2800 Praefectos
798 2768 893 2801 enim
915 2766 1014 2800 urbis

148 2813 351 2848 consulares
379 2814 486 2848 fuisse
518 2815 623 2849 docet
653 2817 730 2859 ipse
753 2818 891 2851 Tacitus
913 2818 946 2858 6,
972 2817 1007 2850 44

149 2865 185 2897 et
213 2863 388 2897 Pedanius
415 2866 601 2899 consularis
627 2867 683 2899 vir
710 2867 838 2900 dicitur
865 2867 953 2901 infra
979 2877 1010 2901 c.

149 2910 265 2946 43.'—
287 2914 341 2946 cui
359 2915 505 2955 pretium
522 2916 710 2958 pepiqerat]
734 2917 889 2951 Moribus
911 2925 1015 2950 rece-

148 2964 266 3006 ptum,
302 2964 352 3005 uti
385 2973 510 2998 servus
543 2966 720 3000 interdum
754 2976 836 3000 cum
869 2967 1013 3000 domino

149 3015 251 3056 quasi
273 3015 514 3057 pacisceretur
530 3016 565 3049 in
584 3018 721 3050 certum
735 3018 899 3060 pretium,
918 3017 1013 3059 quod

149 3065 179 3098 si
213 3063 440 3106 exsolvisset,
475 3064 565 3098 liber
598 3069 703 3100 esset.
749 3068 790 3101 Id
816 3068 969 3110 pretium
992 3077 1012 3101 e

148 3113 287 3157 peculio
316 3116 411 3148 servi
434 3114 489 3148 vel
512 3116 710 3150 adventicio
732 3117 842 3151 lucro.
878 3118 1012 3151 Seneca

147 3164 210 3206 Ep.
228 3164 289 3197 80:
317 3165 404 3205 Quid
424 3164 539 3198 melius
556 3170 649 3207 potes
668 3167 748 3201 velle
763 3175 865 3208 quam
887 3168 1014 3209 eripere

148 3216 179 3246 te
204 3213 280 3246 huic
308 3215 476 3255 servituti,
505 3223 593 3255 quae
615 3225 724 3249 omnes
741 3218 881 3258 premit,
911 3227 1012 3258 quam

146 3263 317 3305 mancipia
347 3273 477 3306 quoque
503 3265 703 3299 condicionis
735 3270 904 3300 extremae
925 3271 956 3300 et
976 3269 1012 3301 in

147 3312 197 3345 his
225 3314 376 3347 sordibus
406 3318 491 3347 nata
514 3316 603 3348 omni
624 3317 720 3349 modo
742 3326 863 3350 exuere
884 3326 1011 3351 conan-

148 3360 233 3394 tur?
267 3364 432 3397 Peculium
464 3373 580 3405 suum,
616 3366 703 3406 quod
735 3370 1012 3408 comparaverunt

147 3413 259 3446 ventre
277 3412 457 3456 fraudato,
477 3424 543 3457 pro
557 3415 664 3458 capite
678 3419 867 3451 numerant.
894 3417 937 3451 Et
950 3426 1010 3452 ve-

1067 1913 1129 1946 23:
1155 1913 1200 1945 ad
1221 1921 1316 1945 erum
1336 1912 1468 1945 veniam
1491 1912 1594 1952 docte,
1615 1915 1734 1952 astute,
1758 1913 1936 1946 Pauvilla-

1068 1963 1127 1995 tim
1148 1962 1361 2004 pollicitabor
1379 1970 1445 2003 pro
1467 1962 1574 2003 capite
1598 1965 1791 2004 arqentum,
1815 1965 1854 1995 ut
1873 1963 1935 1995 sim

1067 2013 1158 2046 liber.
1194 2013 1237 2045 Et
1264 2013 1300 2045 in
1322 2013 1415 2045 hanc
1444 2012 1657 2045 sententiam
1681 2012 1822 2055 scripsit
1843 2012 1936 2045 Her-

1048 2054 1299 2105 ‘mogenianus
1322 2063 1359 2095 in
1372 2062 1449 2104 Dig.
1467 2063 1500 2102 ὅ,
1519 2062 1551 2103 4,
1569 2062 1629 2095 53:
1653 2062 1694 2094 In
1715 2062 1812 2095 certis
1825 2063 1936 2096 causis

1067 2114 1225 2146 adversus
1247 2112 1396 2145 dominos
1417 2112 1522 2145 servis
1543 2112 1718 2145 consistere
1733 2113 1935 2154 permissum

1065 2166 1112 2195 est
1118 2171 1132 2202 ‚·
1147 2180 1166 2187 -
1177 2180 1196 2186 -
1209 2164 1237 2196 si
1259 2163 1318 2203 qui
1339 2162 1407 2195 suis
1420 2163 1566 2195 nummis
1578 2163 1763 2204 redemptos
1775 2171 1810 2195 se
1824 2165 1935 2196 elnon

1065 2213 1284 2246 manumissos
1315 2216 1434 2246 contra
1460 2213 1582 2255 placiti
1610 2214 1709 2256 fidem
1738 2217 1932 2247 asseverent.

1065 2264 1152 2296 L1Ps.
1173 2281 1208 2287 -
1227 2262 1359 2305 exoleti]
1381 2263 1484 2306 pueri
1500 2263 1682 2305 impudici,
1700 2261 1834 2297 alienae
1853 2262 1935 2296 libi-

1065 2313 1137 2346 dini
1153 2314 1351 2347 servientis.
1369 2331 1405 2337 —
1422 2317 1533 2346 vetere
1546 2322 1590 2346 ea>
1604 2313 1706 2356 more]
1722 2315 1811 2347 Nam
1827 2314 1935 2347 etiam

1064 2363 1174 2397 libera
1198 2372 1238 2396 re
1262 2362 1402 2406 publica
1425 2363 1462 2396 id
1485 2363 1682 2397 obtinuisse
1706 2362 1876 2405 colligitur
1891 2373 1934 2398 ex

1065 2412 1212 2457 epistola
1228 2414 1338 2447 Servii
1361 2412 1502 2456 Sulpicii
1525 2414 1570 2447 de
1595 2414 1707 2447 caede
1722 2413 1876 2449 Marcelli
1897 2415 1935 2448 in

1065 2465 1137 2497 Cic.
1167 2464 1258 2507 Epp.
1290 2463 1337 2497 ad
1366 2464 1463 2497 Fam.
1488 2463 1530 2505 4,
1557 2465 1616 2497 ⁴2:
1652 2464 1725 2507 Ερο
1753 2467 1863 2498 tamen
1890 2465 1936 2498 ad

1064 2514 1315 2548 tabernaculum
1337 2514 1407 2547 eius
1423 2515 1583 2555 perreoei:
1606 2514 1717 2548 inveni
1732 2515 1813 2548 duos
1834 2513 1935 2548 liber-

1063 2568 1114 2598 tos
1134 2568 1165 2598 et
1182 2565 1345 2607 pauculos
1365 2573 1495 2604 servos;
1527 2565 1673 2606 reliquos
1695 2565 1828 2598 aiebant
1847 2574 1934 2606 pro-

1061 2615 1183 2657 fugisse
1204 2618 1294 2648 metu
1313 2615 1523 2656 perterritos,
1548 2615 1636 2656 quod
1655 2616 1806 2649 dominus
1820 2624 1934 2648 eorum

1063 2668 1141 2699 ante
1163 2664 1415 2698 tabernaculum
1429 2665 1620 2707 interfectus
1633 2670 1724 2699 esset.
1749 2666 1849 2699 Hunc
1863 2667 1934 2709 pri-

1063 2723 1146 2748 scae
1169 2715 1367 2748 severitatis
1388 2715 1496 2748 ritum
1518 2715 1671 2749 firmavit
1693 2717 1817 2759 postea
1832 2725 1933 2750 sena-

1063 2766 1119 2798 tus
1135 2764 1335 2798 consultum
1351 2763 1567 2798 Silanianum
1579 2765 1646 2799 suh
1657 2767 1826 2808 Augusto.
1842 2767 1930 2799 Lirs.

1064 2814 1115 2848 Cf.
1142 2815 1201 2854 ⁴3,
1226 2814 1280 2847 32.
1311 2831 1347 2838 -
1382 2815 1418 2848 G.
1444 2815 1593 2858 Cassius]
1615 2816 1811 2858 Longinus,
1846 2816 1932 2849 iuris

1064 2863 1243 2897 consultus
1266 2864 1424 2905 insignis.
1450 2864 1502 2898 Cf.
1527 2865 1582 2906 ⁴2,
1608 2865 1644 2898 Η
1667 2866 1703 2899 et
1721 2866 1775 2898 ⁴2.
1794 2882 1831 2889 —
1855 2873 1931 2898 sen-

1063 2915 1184 2948 tentiae
1205 2913 1287 2955 loco]
1313 2913 1363 2946 Cf.
1388 2914 1427 2955 2,
1453 2914 1495 2947 33
1519 2915 1556 2948 et
1577 2915 1631 2949 38.

1105 2964 1160 2998 43.
1177 2964 1320 2996 studium
1333 2963 1453 3006 meum]
1470 2964 1555 2998 iuris
1571 2963 1809 3008 prudentiam.
1836 2963 1929 2997 «Ob-

1062 3014 1271 3048 versabatur
1293 3014 1411 3047 animo
1427 3013 1564 3049 Sallust.
1581 3016 1655 3057 lug.
1673 3014 1712 3048 4:
1736 3023 1777 3048 ne
1794 3023 1857 3056 per
1871 3014 1929 3047 in-

1061 3065 1231 3098 solentiam
1253 3064 1327 3106 quis
1348 3064 1514 3098 emistimet
1527 3068 1644 3098 memet
1657 3064 1804 3097 studium
1817 3072 1929 3097 meiem

1061 3115 1229 3148 laudando
1256 3114 1445 3148 extollere.»
1474 3116 1583 3149 Dosn.
1612 3133 1647 3139 —
1678 3115 1835 3156 quiequid
1855 3114 1925 3157 hoc]

1060 3165 1121 3197 hoc
1141 3173 1213 3197 non
1235 3165 1291 3197 est
1311 3163 1501 3207 ablativus,
1526 3166 1566 3198 ut
1587 3164 1751 3207 opinatur
1772 3163 1929 3197 Doeder-

1061 3215 1148 3256 lein,
1172 3214 1237 3248 sed
1259 3216 1513 3256 nominativus,
1545 3209 1568 3247 ὅ
1590 3224 1627 3247 τι
1649 3212 1790 3257 δήποτε
1811 3212 1927 3248 τοῦτο

1060 3263 1130 3299 τοῦ
1152 3263 1248 3309 ἐμοῦ
1264 3261 1484 3309 ἀξιώματός
1499 3264 1614 3298 ἐστιν.
1638 3265 1700 3298 Est
1713 3265 1833 3298 autem
1847 3265 1884 3298 h.
1900 3264 1924 3299 l.

1060 3325 1126 3358 per
1147 3316 1359 3350 modestiam
1384 3324 1486 3349 suam
1510 3315 1754 3348 auctoritatem
1777 3316 1926 3350 extenu—
1994 3325 1998 3329 ·

1060 3366 1162 3401 antis.
1191 3367 1246 3400 Ad
1268 3366 1416 3400 modum
1439 3365 1606 3408 loquendi
1630 3365 1674 3399 cf.
1696 3373 1726 3399 c.
1744 3366 1805 3400 ὅδε
1834 3367 1926 3408 quie-

1058 3418 1139 3459 quid
1158 3418 1240 3453 illud
1254 3421 1286 3452 et
1300 3418 1538 3460 quamcumque
1552 3416 1729 3452 tribuisset.
1746 3435 1783 3442 —
1800 3420 1838 3452 ut
1851 3426 1923 3452 ma-
