2254 3770
305 261 388 307 398
593 320 598 326 .
785 264 832 307 Ρ.
864 263 1115 308 CORNELII
1145 264 1316 309 TACITI
1345 264 1613 326 ANNALIUM

304 373 473 425 patrum
502 367 719 422 laudibus,
758 376 804 413 ut
834 370 1028 414 iuvenilis
1064 371 1232 415 animus
1262 370 1420 416 levium
1450 385 1626 431 quoque
1656 386 1801 418 rerum
1831 372 1965 430 gloria
1994 373 2097 418 sub-

304 442 414 488 latus
439 445 623 489 maiores
646 446 924 490 continuaret.
956 454 1190 506 secutaque
1210 447 1361 491 lenitas
1383 447 1426 490 in
1445 446 1656 492 Plautium
1679 450 1944 501 Lateranum,
1965 462 2095 507 quem
2128 476 2130 478 -

303 519 360 563 ob
390 519 647 579 adulterium
677 521 930 566 Messalinae
961 523 1112 567 ordine
1142 523 1358 567 demotum
1395 523 1582 567 reddidit
1611 525 1794 578 senatui,
1828 524 2095 571 clementiam

304 608 426 639 suam
461 595 730 654 obstringens
771 597 936 642 crebris
973 598 1253 650 orationibus,
1293 612 1400 657 quas
1439 599 1623 652 Seneca,
1668 600 1935 645 testificando
1965 614 2095 659 quam

271 669 482 715 5honesta
512 673 800 730 praeciperet,
832 672 899 717 vel
931 673 1115 718 iactandi
1146 674 1321 730 ingenii,
1354 688 1461 718 voce
1491 675 1695 734 principis
1725 675 1934 735 vulgabat.

420 747 451 803 (4
463 747 502 803 2)
545 748 745 792 Ceterum
784 748 958 793 infracta
995 749 1198 807 paulatim
1235 750 1424 808 potentia
1463 751 1608 796 matris
1640 750 1817 810 delapso
1854 753 2022 796 Nerone
2051 751 2094 801 in

302 836 494 866 amorem
524 822 720 875 libertae,
753 824 821 868 cui
851 824 1107 870 vocabulum
1129 827 1230 869 Acte
1260 825 1353 878 fuit,
1386 825 1512 870 simul
1542 827 1772 885 assumptis
1802 827 1845 870 in
1872 827 2095 872 consciem

302 899 403 942 tiam
441 899 500 943 M.
532 892 714 944 Othone*
731 906 774 944 et
804 900 980 945 Claudio
1021 901 1278 953 Senecione,
1317 901 1649 946 adulescentulis
1680 901 1869 956 decoris,
1911 917 2094 962 quorum

302 974 414 1019 Otho
452 974 608 1019 familia
647 975 879 1028 consulari,
928 977 1111 1021 Senecio
1149 976 1300 1020 liberto
1333 977 1529 1022 Caesaris
1564 984 1686 1036 patre
1717 979 1897 1036 genitus.
1947 978 2095 1036 ignara

251 1062 287 1092 10
303 1057 454 1102 matre,
486 1050 585 1094 dein
615 1051 769 1095 frustra
800 1051 1038 1104 obnitente,
1071 1053 1240 1111 penitus
1271 1052 1508 1111 inrepserat
1536 1067 1614 1112 per
1643 1053 1790 1098 luxum
1819 1061 1863 1099 et
1891 1054 2094 1112 ambigua

302 1133 489 1178 secreta,
522 1141 576 1172 ne
607 1127 849 1172 senioribus
870 1127 1046 1186 quidem
1068 1128 1274 1186 principis
1295 1129 1442 1173 amicis
1463 1129 1809 1182 adversantibus,
1842 1129 2093 1175 muliercula

302 1202 416 1246 nulla
452 1203 707 1261 cuiusquam
748 1203 900 1247 iniuria
931 1203 1155 1261 cupidines
1189 1204 1393 1262 principis
1424 1204 1639 1263 explente,
1671 1204 1845 1264 quando
1875 1219 2009 1250 uxore
2038 1205 2093 1255 ab

302 1278 497 1331 Octavia,
539 1278 671 1323 nobili
711 1278 888 1337 quidem
927 1285 970 1323 et
1007 1279 1230 1337 probitatis
1268 1287 1503 1338 spectatae,
1545 1281 1628 1325 fato
1660 1280 1869 1339 quodam,
1908 1295 1962 1326 an
1991 1281 2092 1340 quia

301 1354 548 1412 praevalent
576 1354 753 1407 inlicita,
794 1354 1072 1408 abhorrebat3
1112 1355 1469 1414 metuebaturque
1499 1370 1554 1400 ne
1591 1356 1635 1399 in
1665 1363 1812 1415 stupra
1839 1356 2091 1410 feminarum

252 1441 287 1470 ⁴5
301 1430 541 1475 inlustrium
569 1438 887 1489 prorumperet,
920 1431 956 1474 si
986 1430 1057 1474 illa
1080 1430 1258 1475 libidine
1287 1431 1600 1490 prohiberetur.
1648 1432 1727 1489 (43)
1760 1432 1838 1477 sed
1862 1432 2092 1490 Agrippina

299 1506 495 1551 libertam
533 1506 765 1558 aemulam,
805 1520 960 1549 nurum
989 1506 1204 1558 ancillam,
1248 1507 1418 1566 aliaque
1449 1508 1635 1552 eundem
1663 1508 1707 1551 in
1736 1507 1912 1552 modum
1940 1508 2103 1558 mulie--¹¹

299 1582 432 1627 briter
461 1583 657 1628 fremere.
688 1597 830 1641 neque
861 1582 1162 1640 paenitentiam
1190 1582 1264 1626 filii
1294 1590 1366 1627 aut
1396 1584 1634 1628 satietatem
1668 1583 1879 1645 opperiri3
1910 1590 2092 1643 quanto-

363 1737 395 1770 2.
419 1736 587 1769 Plautium
608 1734 820 1769 Beroaldus:
847 1735 993 1776 placium
1015 1736 1049 1769 M
1074 1753 1109 1759 —
1145 1735 1176 1769 3.
1203 1735 1368 1769 demotum
1391 1735 1427 1779 (d
1450 1745 1542 1769 corr.
1569 1745 1613 1770 ex
1634 1736 1667 1780 r)
1691 1737 1743 1771 M:
1776 1740 1940 1772 remotum
1962 1736 2087 1780 vulgo;

297 1796 423 1826 motum
446 1791 631 1826 Acidalius.
662 1810 698 1816 —
730 1792 762 1825 6.
792 1791 942 1833 potentia
969 1793 1003 1825 M
1033 1810 1069 1815 —
1108 1792 1140 1824 7.
1166 1801 1280 1825 amore
1309 1792 1423 1826 liberte
1445 1793 1479 1826 M
1512 1811 1547 1817 —
1585 1793 1781 1826 bocabulwm
1802 1795 1836 1828 M
1858 1813 1903 1820 -—
1935 1797 2008 1828 acte
2035 1794 2087 1828 M:

297 1850 397 1884 Actae
420 1849 487 1883 alii.
516 1868 551 1874 —
577 1851 609 1884 8.
633 1851 680 1884 M.
705 1850 875 1883 Ritterus:
903 1858 973 1883 om.
999 1850 1044 1883 M.
1076 1849 1164 1882 Vide
1188 1849 1234 1883 ad
1258 1851 1311 1889 44,
1337 1851 1369 1883 4.
1407 1868 1444 1874 -
1478 1850 1509 1884 9.
1542 1851 1683 1893 yenitus.
1713 1846 1838 1894 iynara
1866 1849 2087 1885 waltherus:

297 1908 442 1950 qenitus,
467 1907 592 1950 ignara
618 1906 731 1949 vulgo.
759 1925 795 1931 -
829 1907 882 1940 40.
908 1903 1068 1940 obnitente
1093 1907 1126 1941 M
1153 1925 1189 1930 —
1224 1907 1277 1940 43.
1302 1907 1433 1940 octabia
1454 1908 1489 1941 M
1513 1925 1550 1931 —
1576 1908 1667 1950 facto
1689 1909 1723 1942 M
1748 1926 1785 1932 —
1811 1907 1863 1942 44.
1889 1907 2090 1942 aborrebant

298 1974 390 1999 corr.
415 1964 460 1999 ab
485 1964 613 1999 eadem
635 1973 744 1999 manu
766 1965 802 1998 in
825 1964 1003 1998 aborrebat
1024 1965 1059 1999 M
1083 1982 1119 1988 —
1147 1964 1201 1998 46.
1226 1965 1344 1998 liberta
1366 1965 1400 1999 M
1426 1982 1462 1988 -
1493 1964 1547 1999 47,
1569 1964 1785 2006 penitentiam
1807 1964 1853 1999 M.

298 2106 382 2146 «ut,
412 2113 495 2138 cum
523 2103 734 2146 intelligeret
765 2105 872 2137 etiam
896 2113 915 2137 e
940 2105 1013 2137 tam
1035 2103 1104 2137 levi
1126 2113 1166 2137 re

296 2157 431 2189 tantam
454 2154 599 2197 gloriam
618 2155 717 2188 nasci
732 2155 919 2196 tantasque
936 2153 1077 2194 laudes,
1103 2163 1167 2186 cu-

297 2206 380 2249 pido
410 2206 614 2238 iniiceretur
635 2204 744 2238 rebus
769 2204 962 2238 maioribus
986 2204 1166 2246 patrandis

297 2267 403 2300 porro
420 2257 592 2290 maiorem
608 2255 751 2289 laudem
767 2256 987 2299 petendi.»—
1000 2256 1167 2289 Plautium

295 2309 514 2351 Lateranum]
547 2308 597 2341 Cf.
624 2308 677 2347 44,
704 2307 758 2340 36.
787 2325 823 2330 -
854 2307 968 2340 ordine
991 2307 1164 2349 demotzom]

297 2361 432 2393 dictum
456 2361 510 2393 est
532 2360 571 2391 ut
593 2359 631 2399 2,
657 2358 718 2391 43:
747 2358 938 2391 demoverat
958 2358 1063 2390 Suria
1086 2358 1166 2391 Cre-

296 2413 417 2451 ticum,
443 2412 479 2443 et
500 2409 590 2442 infra
614 2417 645 2441 c.
662 2409 723 2441 20:
750 2409 918 2440 demovere
938 2408 1163 2449 praefectura.

299 2482 336 2487 -
362 2459 575 2503 obstringens]
601 2460 723 2492 sancte
747 2457 955 2500 pollicitans.
982 2458 1032 2491 Cf.
1059 2459 1090 2498 4,
1110 2458 1162 2491 44.

296 2514 335 2555 Is,
361 2513 420 2546 3⁴:
453 2515 490 2544 ut
521 2514 552 2544 et
577 2511 651 2543 iure
679 2510 824 2542 iurando
854 2509 1069 2551 obstringeret
1091 2518 1108 2542 e
1129 2518 1166 2542 re

290 2564 429 2606 publica
450 2563 485 2595 id
499 2571 575 2595 esse.
601 2560 686 2594 Plin.
706 2561 793 2603 Epp.
811 2560 843 2600 4,
864 2560 924 2593 43:
947 2561 1045 2603 fldem
1058 2569 1166 2593 meam

297 2615 510 2656 obstringam.
531 2629 567 2635 -
587 2620 688 2653 quam
702 2611 837 2643 honesta
847 2610 1066 2653 praeciperet]
1092 2610 1167 2652 qui·

295 2666 364 2699 bus
387 2662 527 2707 publice
551 2661 740 2694 recitandis
765 2662 945 2694 Neronem
969 2661 1014 2693 ad
1038 2669 1079 2693 ea
1103 2669 1166 2693 ex-

295 2713 478 2758 sequenda
507 2711 615 2745 veluti
644 2711 891 2753 obstringeret.
929 2709 1165 2745 Memorabilis

297 2767 351 2799 est
372 2764 471 2798 locus
494 2761 608 2796 Schol.
634 2763 754 2794 Iuven.
779 2762 812 2802 5,
838 2761 918 2794 409:
946 2761 1070 2793 Seneca
1091 2769 1166 2793 eru-

295 2816 413 2849 diendo
442 2814 567 2847 Neroni
597 2812 632 2844 in
658 2812 824 2845 Palatium
846 2812 1009 2844 adductus
1029 2820 1166 2843 saevum

295 2867 538 2906 immanemque
560 2867 591 2896 et
612 2864 711 2896 sensit
725 2863 788 2895 cito
805 2866 835 2895 et
849 2862 941 2895 miti
947 2862 1083 2905 qavit,
1107 2863 1164 2895 in-

295 2921 347 2950 ter
374 2916 559 2959 familiares
589 2915 703 2947 solitus
730 2915 854 2954 dicere,
884 2922 950 2946 non
972 2914 1044 2954 fore
1065 2921 1164 2945 saevo

294 2969 344 3001 illi
376 2967 462 3000 leoni
494 2966 576 3007 quin
604 2968 736 3007 qustato
759 2965 856 2997 semel
885 2964 1025 2996 hominis
1047 2971 1165 2995 cruore

294 3019 445 3061 ingenita
473 3017 588 3050 redeat
616 3015 768 3048 saevitia.
804 3016 918 3057 Atque
943 3015 1032 3048 duos
1055 3013 1163 3047 libros

295 3068 340 3101 de
359 3067 552 3102 Clementia
570 3065 638 3099 sub
654 3065 760 3098 finem
773 3065 876 3098 huius
894 3065 977 3097 anni
993 3065 1052 3097 aut
1067 3064 1163 3097 initio

294 3118 493 3161 sequentis,
519 3117 558 3150 ut
580 3125 623 3149 ex
647 3116 678 3155 4,
704 3115 724 3147 9
747 3115 860 3157 patet,
891 3114 1090 3157 composuit
1113 3114 1165 3147 ei-

296 3178 365 3211 que
389 3168 517 3202 frustra
540 3175 626 3200 sane
649 3165 837 3207 inscripsit.
866 3182 901 3187 —
935 3165 1084 3197 iactandi
1108 3164 1163 3196 in-

294 3218 393 3262 =qenii]
416 3217 506 3251 Vide
530 3217 575 3250 ad
597 3217 638 3257 2,
656 3216 716 3249 59:
741 3214 922 3257 Aeqyplum
938 3215 1164 3258 proficiscitur

294 3263 536 3312 cognoscendae
557 3266 779 3308 antiquitatis.

338 3320 392 3351 42.
416 3318 564 3360 infracta
583 3316 751 3358 paulatim
767 3314 918 3356 potentia
939 3315 1058 3347 matris
1080 3314 1161 3357 cet]

295 3369 358 3401 Dio
382 3369 436 3409 64,
461 3369 500 3402 7:
532 3364 729 3401 Ἐλυπεΐτο
750 3364 791 3399 δὲ
813 3365 878 3398 καὶ
901 3361 926 3407 ἢ
946 3361 1163 3412 Ἀγριππίνα

293 3418 432 3462 μηκέτι
452 3416 528 3451 τῶν
550 3417 591 3452 ἐν
614 3416 665 3463 τῷ
687 3415 857 3462 παλατὶῳ
872 3412 934 3449 διὰ
950 3415 1020 3459 τὴν
1031 3411 1162 3458 Ἀκτὴν

1216 2101 1388 2147 μάλιστα
1409 2100 1653 2150 κυριεύουσα.
1684 2121 1720 2127 —-
1744 2102 1834 2144 Acte]
1856 2103 1921 2136 Dio
1944 2101 1967 2136 l.
1991 2101 2035 2136 l.:
2061 2098 2086 2147 ἢ

1216 2153 1258 2187 δὲ
1280 2151 1326 2198 δὴ
1347 2151 1455 2198 Ἀκτὴ
1479 2153 1669 2201 ἐπέπρατο
1691 2152 1763 2196 μὲν
1786 2152 1829 2187 ἐκ
1852 2151 1921 2197 τῆς
1938 2148 2084 2195 Ἄσίας·

1216 2201 1463 2250 ἀγαπηθεῖσα
1485 2202 1526 2237 δὲ
1549 2201 1623 2238 ὑπὸ
1647 2202 1717 2237 τοῦ
1732 2204 1908 2251 Νέρωνος
1929 2198 1971 2246 ῗές
1985 2213 2026 2238 τε
2041 2200 2087 2238 τὸ

1216 2255 1284 2290 τοῦ
1304 2252 1481 2289 Ἀττάλου
1504 2255 1614 2299 γένος
1636 2252 1788 2298 ἐσήχθη
1811 2255 1876 2288 καὶ
1900 2251 1996 2289 πολὺ
2020 2255 2089 2289 καὶ

1217 2303 1311 2354 ὑπὲρ
1338 2306 1408 2350 τὴν
1433 2301 1658 2339 Ὀκταουίαν
1687 2302 1757 2348 τὴν
1779 2307 1943 2350 γυναῖκα
1965 2300 2086 2339 αὑτοῦ

1216 2354 1414 2402 ἠγαπήθη.
1461 2356 1512 2390 Cf.
1538 2357 1681 2388 Sueton.
1707 2357 1789 2388 Ner.
1814 2356 1868 2389 28.
1906 2356 2087 2398 Frequens

1217 2409 1292 2441 eius
1322 2408 1454 2441 mentio
1485 2407 1520 2439 in
1543 2405 1662 2439 titulis.
1703 2405 1753 2439 Cf.
1779 2406 1908 2439 Inscrr.
1934 2406 2022 2438 Latt.
2048 2415 2083 2438 n.

1215 2459 1290 2492 735.
1306 2457 1362 2491 54⁴
1371 2459 1402 2490 2.
1417 2457 1515 2496 54433
1531 2465 1574 2489 ex
1589 2455 1718 2498 quibus
1730 2458 1878 2498 apparet
1892 2463 1971 2489 eam
1986 2454 2095 2489 Clau-⁴

1216 2509 1263 2541 dii
1286 2508 1449 2541 libertam
1469 2507 1588 2540 fuisse.
1611 2525 1646 2531 —
1663 2508 1711 2540 M.
1731 2506 1863 2549 Othone]
1880 2507 1940 2549 qui
1961 2507 2085 2549 postea

1215 2560 1409 2602 imperator
1432 2558 1543 2592 factus
1568 2558 1632 2591 est.
1659 2557 1710 2590 Cf.
1737 2566 1768 2590 c.
1793 2557 1835 2592 45
1858 2565 1913 2599 sq.
1938 2557 2025 2591 Hist.
2051 2557 2084 2598 4,

1216 2611 1270 2644 43.
1298 2629 1333 2634 -
1361 2609 1498 2643 Claudio
1520 2607 1705 2650 Senecione]
1731 2607 1781 2641 Cf.
1802 2608 1855 2647 45,
1873 2607 1926 2640 50.
1949 2607 2004 2640 56.
2028 2606 2084 2640 157.

1215 2661 1270 2694 70.
1305 2679 1341 2684 -
1377 2660 1493 2694 liberto
1523 2659 1692 2700 Caesaris]
1727 2657 1971 2692 Manumisisse
2002 2665 2085 2696 eum

1214 2711 1354 2744 videtur
1368 2711 1562 2753 imperator
1574 2709 1756 2749 Claudius,
1783 2717 1852 2751 quo
1868 2709 2008 2741 mortuo
2024 2705 2084 2741 filii

1216 2762 1368 2795 Caesaris
1384 2761 1553 2803 (Neronis)
1574 2759 1722 2793 libertus
1738 2759 1807 2792 dici
1830 2758 1954 2801 potuit.
1975 2775 2011 2782 -—
2029 2757 2085 2790 in-

1213 2812 1374 2853 repserat]
1399 2810 1473 2844 scii.
1492 2811 1595 2849 Acte,
1621 2810 1665 2843 de
1691 2818 1760 2852 qua
1782 2817 1851 2842 una
1874 2808 1932 2841 hic
1950 2816 2086 2841 sermo-

1215 2871 1297 2895 nem
1333 2870 1431 2902 esse,
1469 2869 1539 2893 non
1575 2859 1619 2892 de
1644 2860 1778 2892 Othone
1811 2859 1846 2891 et
1874 2857 2082 2897 Senecione,

1215 2912 1346 2945 docent
1377 2911 1412 2943 et
1441 2918 1610 2942 numerus
1642 2908 1828 2951 singularis
1853 2909 1888 2941 et
1910 2916 2001 2950 quae
2024 2915 2084 2940 se-

1214 2963 1369 3005 quuntur
1384 2959 1495 2993 verba
1513 2959 1714 2993 muliercula
1727 2977 1746 2984 -
1757 2977 1776 2983 -
1791 2958 1951 3000 emplenle.
1975 2958 2084 2991 Acce-

1214 3013 1265 3046 dit
1295 3010 1392 3054 quod
1425 3010 1660 3043 adulescentuli
1693 3010 1822 3051 decori,
1859 3017 1949 3052 quos
1976 3008 2083 3041 modo

1213 3066 1396 3104 assumptos
1418 3061 1569 3102 dixerat,
1595 3069 1721 3104 parum
1745 3062 1825 3103 apte
1846 3058 2018 3101 inrepsisse
2033 3058 2084 3092 di-

1214 3114 1390 3147 cerentur.
1411 3129 1448 3135 —
1460 3120 1525 3152 per
1539 3111 1668 3154 luxum]
1693 3110 1910 3152 Interpretor
1928 3107 2081 3142 maxime

1213 3164 1258 3197 de
1283 3164 1381 3198 cenis
1403 3160 1605 3204 voluptariis
1633 3163 1739 3204 atque
1762 3157 2080 3204 compotationibus

1214 3222 1297 3247 cum
1319 3214 1457 3246 Nerone
1482 3212 1517 3245 et
1537 3213 1688 3253 utroque
1704 3211 1780 3244 eius
1795 3209 1922 3243 amico.
1943 3226 1979 3233 -
2004 3217 2081 3241 am-

1212 3264 1313 3307 biyua
1334 3261 1469 3305 secreta]
1494 3262 1598 3295 Actes
1622 3260 1889 3303 congressiones
1909 3267 1992 3291 cum
2006 3258 2080 3291 Ne-

1212 3322 1299 3347 rone
1322 3321 1387 3355 per
1408 3312 1503 3345 hunc
1517 3310 1573 3344 vel
1596 3310 1693 3344 illum
1708 3309 1931 3353 praetextum
1944 3306 2078 3342 velatas

1213 3366 1319 3407 atque
1343 3362 1530 3396 artificiose
1547 3360 1759 3401 occultatas,
1785 3357 1914 3401 quibus
1930 3357 2078 3392 secretis

1212 3413 1449 3449 adolescentis
1477 3411 1585 3446 libido
1615 3411 1711 3445 tanto
1737 3409 1849 3452 magis
1873 3407 2077 3452 exstimula-
