2254 3770
297 240 352 284 42
771 244 817 286 Ρ.
850 242 1099 287 CORNELII
1128 241 1299 287 TACITI
1327 240 1595 286 ANNALIUM

296 361 402 405 pero
440 347 589 391 silvam
619 349 814 393 Caesiam
851 348 1112 407 limitemque
1144 361 1168 391 a
1199 347 1366 391 Tiberio
1403 353 1603 405 coeptum
1643 348 1815 400 scindit,
1858 355 1996 393 castra
2037 349 2080 392 in

296 422 427 466 limite
456 422 582 474 locat,
614 424 791 467 frontem
821 437 871 467 ac
900 430 1065 480 tergum
1096 422 1225 473 vallo,
1256 422 1388 466 latera
1418 422 1708 466 concaedibus
1737 425 1936 467 munitus.
1981 423 2080 468 inde

296 497 429 542 saltus
470 498 678 542 obscuros
718 504 910 556 permeat
951 497 1247 554 consultatque
1292 511 1346 540 ex
1385 496 1555 541 duobus
1599 498 1820 542 itineribus
1870 499 2001 543 breve
2039 505 2082 543 et

297 572 467 616 solitum
497 581 719 631 sequatur,
752 587 805 616 an
835 571 1064 630 inpeditius
1085 579 1126 615 et
1156 573 1448 630 intemptatum
1474 586 1616 630 eoque
1638 572 1830 618 hostibus
1852 575 2080 618 incautum.

265 647 464 694 adelecta
492 647 683 706 longiore
714 648 782 691 via
811 654 951 691 cetera
983 647 1300 692 adcelerantur:
1348 647 1504 690 etenim
1535 647 1761 692 attulerant
1789 649 2082 707 exploratores

297 722 446 766 festam
476 737 572 766 eam
603 723 823 767 Germanis
862 728 1031 766 noctem
1062 736 1112 766 ac
1142 722 1419 766 sollemnibus
1450 722 1590 780 epulis
1619 722 1838 768 ludicram.
1900 724 2083 769 Caecina

297 811 395 841 cum
426 797 634 856 expeditis
665 797 910 842 cohortibus
949 798 1116 855 praeire
1148 804 1189 841 et
1219 797 1429 841 obstantia
1466 797 1667 841 silvarum
1697 799 1861 843 amoliri
1892 799 2080 842 iubetur:

296 872 489 930 legiones
519 874 689 917 modico
720 872 941 916 intervallo
972 880 1222 931 sequuntur.
1256 873 1358 915 iuvit
1385 887 1470 916 nox
1499 873 1712 917 sideribus
1744 874 1948 926 inlustris,
1979 888 2084 918 ven-

296 955 473 1006 tumque
503 948 557 992 ad
587 949 703 992 vicos
733 949 988 998 Marsorum,
1030 955 1072 991 et
1101 948 1388 992 circumdatae
1419 948 1622 992 stationes
1661 950 1800 993 stratis
1831 950 1958 993 etiam
1994 955 2084 993 tum

247 1038 283 1068 ⁴0
296 1037 375 1082 per
404 1023 559 1068 cubilia
579 1031 841 1082 propterque
865 1037 1052 1073 mensas,
1086 1023 1201 1066 nullo
1223 1031 1354 1073 metu,
1388 1038 1472 1067 non
1493 1025 1740 1082 antepositis
1761 1024 1926 1083 vigiliis.
1972 1024 2082 1069 adeo

297 1106 449 1143 cuncta
477 1099 638 1143 incuria
671 1099 847 1142 disiecta
879 1105 1015 1148 erant,
1049 1112 1191 1156 neque
1221 1098 1320 1142 belli
1350 1099 1493 1151 timor3
1525 1113 1575 1143 ac
1604 1114 1658 1143 ne
1687 1115 1771 1158 pax
1800 1100 1976 1158 quidem
2001 1100 2083 1144 nisi

296 1174 498 1232 languida
528 1181 570 1219 et
599 1175 755 1225 soluta,
795 1174 904 1218 inter
933 1173 1201 1218 temulentos.
1262 1174 1344 1230 (5⁴)
1378 1175 1538 1218 Caesar
1567 1175 1714 1218 avidas
1743 1175 1954 1232 legiones,
1995 1189 2083 1234 quo

296 1250 420 1294 latior
448 1249 666 1308 populatio
697 1250 821 1300 foret,
854 1256 1054 1308 quattuor
1083 1249 1125 1292 in
1155 1263 1319 1293 cuneos
1340 1250 1553 1308 dispertit3
1585 1250 1893 1308 quinquaginta
1923 1250 2084 1293 milium

297 1325 480 1391 spatium
509 1326 622 1369 ferro
651 1325 920 1382 flammisque
949 1332 1176 1382 pervastat.
1221 1339 1306 1368 non
1336 1339 1483 1375 sexus,
1515 1339 1601 1369 non
1621 1332 1738 1369 aetas
1768 1326 2086 1370 miserationem

340 1486 371 1518 2.
398 1487 544 1518 munitus
565 1485 620 1518 M:
655 1485 763 1517 munit
782 1492 918 1526 margo.
947 1502 982 1506 —
1019 1485 1095 1517 inde
1117 1484 1162 1517 ad
1183 1484 1287 1517 saltus
1310 1484 1502 1517 Wurmius.
1531 1501 1566 1507 —
1594 1484 1647 1517 ⁴⁴.
1671 1488 1746 1517 erat
1768 1485 1813 1519 M.

341 1631 395 1663 50.
438 1630 556 1662 silvam
587 1629 748 1671 Caesiam]
781 1628 871 1661 Silva
895 1630 949 1661 est
971 1637 1062 1670 quae
1087 1637 1166 1662 me—

299 1681 355 1714 dio
380 1689 468 1713 aevo
493 1680 596 1713 Heissi
620 1680 693 1713 sive
717 1680 797 1712 Hese
820 1679 966 1719 dicitur,
998 1681 1031 1713 in
1064 1681 1166 1722 aqui-

297 1731 408 1764 lonari
445 1733 545 1772 parte
592 1730 687 1763 fluvii
727 1731 853 1762 Rurae.
910 1732 1044 1763 Nomen
1083 1730 1166 1763 inde

298 1782 396 1815 duxit
419 1782 611 1823 Heisinyen,
642 1782 742 1814 vicus
766 1782 854 1814 situs
882 1781 974 1813 inter
1000 1781 1166 1823 oppidula

297 1833 398 1864 Essen
431 1834 466 1863 et
497 1832 650 1864 Werden.
691 1830 740 1863 Cf.
769 1832 792 1863 1.
820 1832 953 1863 Grimm
985 1831 1168 1863 Geschichte

298 1883 357 1915 der
389 1882 572 1914 Deutschen
605 1882 770 1922 Sprache,
803 1881 860 1913 ed.
887 1882 918 1913 ⁴.
955 1890 990 1923 p.
1024 1882 1100 1914 620.
1129 1899 1164 1904 -—

297 1932 450 1972 limitem]
489 1931 539 1964 Cf.
565 1934 654 1964 Ann.
679 1933 718 1971 2,
750 1931 781 1963 7.
822 1931 1026 1972 Spartianus
1059 1931 1167 1964 Hadr.

298 1984 357 2015 ⁴2:
393 1983 428 2014 in
447 1982 601 2023 plurimis
623 1982 716 2021 locis,
745 1982 781 2014 in
804 1982 920 2021 quibus
942 1982 1079 2014 barbari
1101 1992 1167 2014 non

295 2033 486 2076 fluminibus
507 2033 563 2065 sed
584 2032 739 2065 limitibus
766 2032 975 2071 dividuntur,
1008 2032 1168 2073 stipitibus

246 2112 248 2114 ,
295 2084 427 2125 magnis
440 2084 475 2116 in
494 2092 619 2115 morem
635 2083 774 2115 muralis
788 2084 895 2123 saepis
911 2084 1059 2124 funditus
1074 2084 1168 2115 iactis

298 2138 397 2175 atqu-c
419 2134 552 2166 conexis
575 2133 735 2165 barbaros
751 2134 930 2174 separavit.
950 2151 985 2156 —
1004 2134 1164 2175 coeptum]

297 2185 333 2217 h.
360 2194 395 2217 e.
421 2184 573 2224 factum,
609 2184 777 2225 anqeteqt,
802 2185 841 2216 ut
865 2185 917 2223 ⁴⁴,
944 2184 983 2215 ⁴:
1012 2184 1123 2216 hortos
1144 2193 1166 2215 a

297 2235 432 2269 Lucullo
454 2239 599 2276 coeptos,
625 2235 756 2267 omissa
779 2235 897 2277 operis
921 2243 992 2267 non
1015 2233 1165 2268 absoluti

297 2286 450 2318 notione.
475 2286 583 2317 Dosn.
613 2302 648 2307 -
676 2284 804 2326 scindit]
830 2284 880 2317 Cf.
907 2294 938 2319 c.
964 2285 1023 2317 65:
1050 2285 1166 2316 scindit

298 2344 427 2378 agmen.
453 2334 613 2368 Nonnulli
639 2335 683 2367 de
709 2334 895 2368 arboribus
919 2335 1031 2368 caesis
1056 2334 1165 2376 expli—

299 2388 398 2425 cant;
432 2385 574 2425 melius,
607 2387 646 2417 ut
669 2385 826 2424 videtur,
852 2385 907 2417 alii
930 2395 996 2428 per
1017 2394 1163 2427 zeugma

299 2436 343 2468 ad
367 2445 400 2468 v.
423 2437 559 2476 silvam,
585 2437 624 2468 ut
637 2436 786 2477 τέμνειν
802 2431 904 2475 ὁδόν,
930 2437 1102 2477 permeat,
1121 2435 1165 2466 ad

300 2486 435 2518 limitem
457 2486 619 2527 proprie,
649 2487 851 2526 perrumpit,
884 2486 1002 2525 aperit.
1034 2483 1163 2524 (Vellei.

298 2537 332 2575 2,
358 2536 433 2569 ⁴20.
457 2536 572 2567 Amm.
600 2536 704 2567 Marc.
731 2535 784 2574 23,
807 2535 853 2576 3.)
879 2534 1038 2567 Walther
1061 2533 1166 2575 expli-

300 2587 375 2618 cat:
412 2594 477 2627 per
509 2585 663 2618 mediam
694 2585 816 2618 silvam
853 2587 889 2618 et
921 2594 986 2627 per
1019 2584 1165 2617 limitem

300 2636 414 2675 vadit3
441 2636 505 2669 sed
528 2636 630 2668 huius
654 2635 779 2669 saltem
804 2638 940 2678 partem
955 2633 1090 2668 amoliri
1107 2631 1167 2666 de>

300 2686 426 2726 bebat,
451 2688 490 2719 ut
512 2688 654 2729 pervius
678 2687 789 2719 fieret.
816 2705 852 2710 —
877 2687 1081 2728 frontem-·-
1096 2694 1168 2717 mu-

299 2738 402 2778 nitus]
431 2738 526 2770 Haec
556 2737 666 2770 verba
696 2737 890 2776 adduntur,
923 2739 962 2769 ut
991 2737 1079 2769 ratio
1111 2744 1168 2768 ca-

301 2789 454 2821 strorum
479 2789 558 2820 ante
582 2787 756 2820 dictorum
780 2786 1018 2826 describatur,
1044 2794 1114 2818 non
1129 2788 1168 2818 ut

300 2837 381 2869 novi
406 2836 490 2878 quid
515 2838 698 2869 enarretur
721 2837 870 2869 sactum:
904 2845 970 2869 nec
992 2835 1091 2869 locus
1114 2837 1168 2868 est

301 2887 512 2929 capiendus,
544 2888 726 2928 tamquam
755 2887 982 2919 Germanicus
1013 2886 1166 2927 primum

300 2937 444 2970 sciderit
468 2936 589 2970 silvam
613 2936 852 2979 limitemque,
878 2937 959 2970 dein
976 2938 1089 2969 castra
1114 2934 1167 2967 lo-

301 2988 450 3027 caverit,
477 2989 657 3030 postremo
680 2988 864 3025 munierit;
891 2987 955 3020 sed
976 2987 1091 3019 castra
1114 2984 1167 3017 lo-

302 3039 393 3070 cavit
415 3038 460 3070 ita
484 3038 524 3069 ut
546 3038 700 3070 munitus
724 3038 818 3070 esset
841 3036 931 3068 vallo
955 3038 991 3069 et
1015 3043 1168 3069 concae-

301 3086 416 3119 dibus.
454 3088 506 3119 De
540 3087 716 3119 structura
752 3086 794 3118 cf.
829 3085 883 3127 [(2,
909 3086 969 3118 ⁴3:
1006 3088 1169 3118 contectus

299 3146 430 3169 umeros
458 3137 568 3178 ferina
595 3137 687 3179 pelle]
718 3137 755 3176 6,
786 3135 845 3169 43:
888 3137 1064 3168 adlevatur
1096 3135 1169 3167 ani-

300 3196 400 3219 mum.
419 3187 452 3225 2,
472 3188 528 3218 ⁴7:
557 3186 674 3219 oblitus
687 3186 817 3227 facim.
842 3186 926 3218 Hist.
945 3185 977 3224 3,
996 3185 1055 3218 74:
1074 3194 1169 3217 casus

300 3246 374 3268 suos
389 3238 423 3268 in
439 3246 607 3269 marmore
622 3245 823 3277 expressum.
847 3237 964 3268 Germ.
985 3236 1040 3266 ⁴7:
1060 3236 1169 3268 nudae

301 3286 440 3318 brachia
474 3297 514 3319 ac
544 3288 700 3327 lacertos,
738 3287 774 3318 et
803 3284 880 3317 elia.
916 3286 1099 3318 WALrnEn.
1129 3304 1163 3309 —-

300 3336 524 3379 concaedibus]
545 3338 666 3378 Veget.
686 3336 730 3369 de
747 3344 785 3368 re
802 3333 899 3367 milit.
918 3334 950 3372 3,
966 3335 1025 3366 22:
1051 3344 1168 3367 rursus

298 3389 372 3427 post
386 3395 419 3419 se
434 3388 594 3428 praecisis
609 3386 782 3420 arboribus
796 3385 869 3418 vias
883 3385 1059 3426 claudunt,
1083 3393 1167 3425 quas

1214 1629 1450 1661 concaedes
1478 1632 1616 1668 vocant,
1648 1632 1685 1661 ut
1715 1629 1918 1661 adversariis
1937 1628 2085 1670 faculta-

1216 1682 1278 1711 tem
1301 1679 1453 1710 adimant
1473 1679 1699 1719 persequendi.
1732 1697 1764 1701 —
1795 1679 1899 1710 saltus
1920 1678 2083 1720 obscuros]

1216 1732 1312 1762 trans
1341 1728 1508 1767 limitem3
1541 1730 1768 1771 opponuntur
1799 1729 1902 1761 silvae
1936 1729 2083 1770 Onesiae,

1216 1788 1281 1821 per
1325 1787 1433 1820 quam
1478 1779 1612 1812 dudum
1658 1780 1712 1811 via
1759 1780 1892 1811 munita
1931 1780 2016 1812 erat.
2045 1797 2079 1803 -

1214 1830 1355 1862 hostibus
1387 1830 1575 1872 incautum]
1615 1830 1636 1862 i.
1669 1839 1699 1862 e.
1737 1830 1782 1862 ab
1817 1829 1979 1863 hostibus
2013 1839 2084 1863 non

1216 1883 1358 1914 cautum
1382 1882 1456 1914 sive
1482 1880 1707 1914 custoditum.
1744 1880 1888 1914 Notabis
1903 1882 1975 1913 vim
1999 1889 2084 1923 pas-

1216 1933 1328 1966 sivam
1369 1940 1389 1964 a
1428 1931 1606 1973 prioribus
1643 1931 1875 1974 scriptoribus
1912 1930 2081 1972 alienam,

1216 1983 1309 2014 Livio
1341 1983 1461 2014 tamen
1490 1983 1638 2023 excepto
1662 1983 1723 2022 25,
1753 1982 1811 2023 38,
1845 1981 1930 2014 alias
1959 1984 2085 2024 poeta-

1215 2040 1295 2064 rum
1319 2032 1453 2064 tantum
1478 2031 1584 2063 modo
1609 2032 1801 2073 propriam.
1832 2032 1937 2064 BAcu.
1979 2031 2081 2064 conf.

1216 2083 1270 2121 ⁴⁴,
1296 2082 1357 2114 36:
1384 2082 1512 2113 insidiis
1529 2083 1717 2122 incautum,
1743 2081 1915 2114 adversus
1939 2082 2084 2115 insidias

1216 2141 1286 2164 non
1310 2132 1538 2165 custoditum.
1578 2131 1703 2165 Salust.
1730 2133 1814 2165 Hist.
1842 2132 1882 2165 fr.
1908 2133 1976 2164 inc.
2001 2132 2080 2165 Kr.:

1214 2186 1345 2224 repente
1366 2183 1517 2215 incautos
1539 2192 1640 2224 aqros
1661 2183 1793 2215 invasit.
1815 2201 1851 2208 —
1876 2184 2082 2224 Marsorum]

1216 2234 1257 2267 Ut
1290 2235 1394 2265 antea
1429 2232 1620 2274 Sigambri,
1661 2233 1712 2265 sie
1746 2234 1831 2265 tunc
1865 2233 1909 2267 M.
1943 2234 2083 2274 praeci-

1214 2292 1304 2324 puus
1328 2283 1431 2315 huius
1455 2284 1586 2315 tractus
1614 2282 1764 2324 populus
1788 2291 1869 2314 cum
1894 2282 2082 2316 Cheruscis

1214 2334 1249 2365 et
1273 2333 1417 2365 Chattis.
1450 2332 1662 2365 Habitabant
1684 2333 1775 2365 inter
1790 2333 1936 2375 Lupiam
1961 2334 1996 2365 et
2011 2333 2083 2365 Ru-

1215 2391 1291 2414 ram
1322 2391 1444 2414 amnes
1476 2383 1512 2414 et
1540 2383 1664 2424 postea
1696 2382 1843 2415 sortasse
1867 2383 2083 2415 transierunt

1215 2433 1250 2464 in
1273 2433 1423 2464 Francos
1448 2433 1483 2464 et
1505 2431 1626 2465 Salios.
1665 2432 1752 2465 Vide
1777 2432 1822 2464 ad
1846 2434 1965 2465 Germ.
1996 2441 2028 2465 c.
2046 2433 2079 2465 2.

1219 2501 1251 2506 —
1279 2483 1505 2514 circumdatae
1537 2484 1692 2515 stationes
1725 2483 1848 2525 stratis]
1883 2483 1996 2515 stratis
2027 2483 2084 2516 est

1215 2532 1353 2565 dativus
1366 2558 1373 2572 ,
1398 2533 1437 2564 ut
1460 2533 1543 2564 Hist.
1563 2532 1599 2572 4,
1619 2534 1654 2565 ⁴⁴
1671 2542 1678 2564 :
1705 2534 1762 2573 qui
1779 2534 1989 2573 principatus
2008 2533 2083 2565 ina-

1214 2592 1288 2615 nem
1310 2583 1340 2615 ei
1361 2584 1491 2624 famam
1513 2583 1767 2615 circumdarent.
1795 2600 1831 2606 -
1857 2583 2003 2626 disiecta]
2029 2583 2083 2616 ci·

1216 2641 1298 2665 cero
1328 2632 1486 2664 dissoluta
1515 2632 1677 2672 dixisset,
1710 2633 1845 2674 opinor.
1871 2633 1951 2665 ERN.
1980 2650 2016 2656 -
2041 2641 2083 2664 ac

1215 2692 1256 2715 ne
1281 2692 1356 2723 pax
1385 2683 1516 2722 quidem
1547 2683 1628 2725 cet]
1661 2691 1702 2715 ac
1730 2692 1774 2715 ne
1805 2684 1976 2715 securitas
2003 2683 2083 2724 qui-

1217 2733 1301 2765 dem
1324 2732 1389 2765 illis
1412 2741 1496 2765 vera
1521 2734 1611 2771 erat,
1636 2733 1701 2765 sed
1723 2732 1884 2774 languida
1905 2733 2082 2774 quaedam

1217 2785 1252 2816 et
1274 2783 1404 2823 soluta,
1438 2782 1577 2824 qualem
1608 2782 1690 2815 tacit
1716 2783 1862 2824 languor
1885 2784 1920 2815 et
1942 2784 2082 2816 animus

1217 2832 1406 2866 dissolutus
1444 2841 1486 2865 ex
1524 2832 1739 2865 temulentia.
1777 2834 1903 2865 Durus.
1942 2849 1978 2855 —
2017 2833 2082 2864 nisi

1217 2884 1299 2925 cet.]
1331 2882 1426 2916 Alius
1455 2883 1618 2915 dixisset:
1655 2884 1683 2914 si
1711 2884 1809 2915 modo
1835 2884 1926 2922 quies
1953 2886 1983 2915 et
2004 2883 2081 2915 lan-

1215 2943 1323 2975 0uor,
1364 2937 1479 2974 torpor
1515 2934 1788 2973 temulentormn,
1827 2942 1902 2973 pax
1944 2934 2082 2966 dicenda

1216 2988 1280 3022 est;
1327 2983 1451 3017 saltem
1496 2983 1641 3016 dixisset
1684 2987 1721 3015 ut
1756 2984 1842 3015 inter
1878 2984 2077 3016 temulentos.

1216 3035 1334 3067 WOLF.
1372 3035 1422 3067 Cf.
1448 3034 1533 3067 Hist.
1558 3034 1597 3073 Ξ,
1622 3033 1681 3065 9⁴:
1706 3033 1793 3066 velut
1814 3034 1900 3066 inter
1921 3034 2081 3067 temulen-

1217 3088 1265 3117 tos
1287 3085 1415 3126 aqebat.

1260 3186 1313 3218 5⁴.
1339 3183 1465 3226 avidas]
1490 3183 1628 3221 caedis:
1659 3182 1819 3216 absolute
1842 3184 1881 3215 ut
1904 3184 2020 3216 Horat.
2045 3183 2078 3224 3,

1217 3234 1254 3274 4,
1279 3234 1340 3266 58:
1371 3235 1454 3266 Hinc
1476 3234 1594 3266 avidus
1616 3233 1774 3275 (pugnae)
1797 3233 1883 3265 stetit
1908 3233 2078 3266 Volcanus.

1220 3302 1254 3307 —
1281 3285 1408 3325 cuneos]
1443 3284 1564 3325 Veget.
1595 3283 1635 3322 3,
1668 3283 1728 3316 ⁴9:
1765 3283 1927 3315 Cuneus
1959 3284 2081 3315 dicitur

1216 3335 1387 3367 multitudo
1418 3335 1580 3375 peditum,
1616 3342 1700 3374 quac
1732 3333 1845 3366 iuncta
1872 3334 1944 3366 acie
1969 3335 2079 3374 primo

1216 3385 1406 3428 αηριιεῑίον,
1438 3385 1552 3418 deinde
1573 3384 1674 3417 latior
1698 3384 1847 3424 procedit
1868 3387 1899 3418 et
1919 3385 2080 3418 adversa-
