2254 3770
339 306 387 350 l4

804 309 848 351 Ρ.
881 306 1131 351 CORNELII
1161 306 1330 350 TACITI
1360 305 1628 350 ANNALIUM

332 410 465 456 lianas
495 413 785 471 Varianasque
815 412 974 462 clades,
1009 411 1251 456 interfectos
1280 412 1438 455 Romae
1467 412 1698 462 varrones,
1730 411 1949 468 Egnatius,
1982 410 2109 456 Iulos.

331 501 412 531 nec
441 487 686 532 domesticis
717 487 1024 532 abstinebatur:
1057 486 1239 530 abducta
1267 486 1422 530 Neroni
1453 499 1579 534 uxor,
1611 492 1654 528 et
1683 485 1861 529 consulti
1891 499 1971 544 per
2000 486 2111 530 ludi-

330 562 470 605 brium
499 562 720 620 pontifices
751 576 804 606 an
834 568 1040 620 concepto
1071 561 1256 605 necdum
1286 561 1399 604 edito
1430 568 1555 618 partu
1586 561 1665 604 rite
1690 560 1889 614 nuberet;
1921 562 1969 614 Q.
1992 561 2109 604 Tedii

330 644 371 681 et
399 637 516 682 Vedii
548 637 747 681 Pollionis
777 636 921 689 luxus3
956 643 1174 694 postremo
1206 635 1321 679 Livia
1352 636 1493 693 gravis
1523 636 1564 677 in
1595 649 1686 678 rem
1715 635 1933 693 publicam
1960 643 2107 687 mater,

296 712 467 769 agravis
498 711 640 755 domui
673 712 904 756 Caesarum
934 725 1132 755 noverca.
1182 710 1282 753 nihil
1304 710 1483 754 deorum
1514 710 1746 754 honoribus
1767 709 1978 761 relictum,
2011 725 2108 755 cum

328 800 375 830 se
405 787 573 844 templis
603 793 645 830 et
673 786 811 844 effigie
841 786 1061 829 numinum
1089 800 1168 843 per
1197 785 1389 829 flamines
1421 792 1462 829 et
1492 785 1738 829 sacerdotes
1769 784 1848 829 coli
1870 785 2009 830 vellet.
2054 800 2109 830 ne

326 861 541 905 Tiberium
570 861 746 919 quidem
775 862 947 905 caritate
986 869 1057 904 aut
1086 861 1147 904 rei
1178 860 1374 918 publicae
1412 874 1514 904 cura
1552 874 1850 904 successorem
1878 860 2108 904 adscitum:

326 937 403 980 sed
435 938 636 994 quoniam
666 936 957 994 adrogantiam
985 935 1292 993 saevitiamque
1318 935 1410 979 eius
1444 935 1758 993 introspexerit,
1791 936 2107 994 comparatione

327 1011 554 1055 deterrima
583 1011 663 1055 sibi
694 1011 871 1069 gloriam
901 1011 1182 1069 quaesivisse.

1243 1011 1399 1054 etenim
1423 1012 1637 1068 Augustus
1665 1011 1814 1068 paucis
1844 1018 1940 1054 ante
1972 1011 2105 1060 annis,

276 1105 313 1135 ω
326 1100 423 1130 cum
445 1086 611 1130 Tiberio
632 1086 900 1130 tribuniciam
929 1092 1182 1143 potestatem
1202 1099 1227 1129 a
1247 1085 1438 1143 patribus
1469 1099 1640 1128 rursum
1668 1085 1924 1143 postularet,
1957 1100 2107 1144 quam-

325 1176 455 1219 quam
483 1161 647 1205 honora
676 1161 888 1210 oratione,
930 1161 1144 1218 quaedam
1182 1160 1236 1204 de
1275 1160 1418 1204 babitu
1461 1159 1665 1218 cultuque
1702 1167 1744 1204 et
1781 1160 1979 1204 institutis
2010 1161 2104 1204 eius

324 1237 501 1286 iecerat,
533 1251 645 1295 quae
675 1236 789 1280 velut
809 1235 1055 1279 excusando
1077 1236 1367 1293 exprobraret.
1413 1243 1605 1279 ceterum
1625 1234 1842 1292 sepultura
1863 1249 1984 1280 more
2004 1249 2106 1293 per-

294 1313 297 1315 ’
323 1312 431 1356 fecta
461 1311 666 1369 templum
696 1319 736 1355 et
765 1311 972 1355 caelestes
1003 1309 1230 1367 religiones
1261 1311 1562 1354 decernuntur.

389 1433 420 1466 4.
444 1433 531 1465 Iulos
553 1432 704 1474 Lipsius:
738 1431 834 1463 iulios
856 1432 889 1464 M
911 1449 955 1455 —
977 1431 1009 1463 2.
1035 1431 1180 1463 adducta
1202 1431 1235 1463 M
1257 1430 1414 1470 (abducta
1438 1430 1575 1471 margo)
1601 1448 1635 1453 —
1670 1430 1702 1462 3.
1726 1430 1871 1463 nuberet.
1904 1431 1942 1471 Q.
1969 1431 2056 1464 Tedii
2076 1434 2107 1464 et

326 1489 414 1522 Vedii
435 1489 641 1522 Rhenanus:
667 1487 864 1526 nuber-etque
885 1487 963 1519 tedii
985 1490 1014 1519 et
1035 1487 1124 1519 uedii
1146 1487 1197 1526 Μ;
1222 1487 1373 1525 nubent,-
1398 1486 1432 1518 C.
1450 1486 1549 1519 Matii
1570 1489 1600 1518 et
1626 1486 1714 1519 Vedii
1737 1486 2016 1525 Freinshemius;
2041 1496 2108 1520 nu-

322 1544 427 1584 beret‚·
463 1546 502 1585 Q.
525 1544 641 1577 Alledii
663 1547 693 1576 et
719 1543 809 1576 Vedii
832 1543 870 1575 C.
896 1543 985 1575 Roth
1008 1542 1053 1574 ad
1076 1543 1196 1574 Iuven.
1222 1544 1291 1575 Sat.
1310 1542 1349 1582 5,
1376 1542 1456 1580 448;
1492 1542 1643 1580 nuberet‚·
1681 1542 1771 1575 Vedii
1799 1541 1938 1585 (mediis
1969 1541 2106 1588 deletis)

321 1601 383 1634 Th.
408 1602 617 1634 Mommsen.
636 1617 672 1623 —
698 1601 730 1632 5.
747 1600 863 1641 gravis
883 1598 1093 1631 Beroaldus:
1117 1598 1259 1640 grauius
1280 1598 1313 1630 M
1339 1616 1374 1621 —
1400 1597 1587 1640 domu(tum
1611 1599 1726 1631 hiatus
1749 1599 1784 1631 in
1806 1599 2108 1641 pergamenamui

321 1657 355 1690 M
380 1672 416 1680 —
443 1656 474 1689 6.
499 1656 602 1697 efficie
623 1664 677 1698 pr.
702 1656 735 1688 M
760 1673 797 1678 —
819 1655 1004 1697 flammines
1026 1655 1060 1688 M
1086 1671 1121 1678 —
1148 1655 1202 1687 43.
1223 1651 1373 1695 perfecta
1397 1655 1441 1688 M.

320 1750 360 1790 2,
394 1750 446 1782 97.
473 1750 535 1782 447
559 1758 659 1791 seqq.
688 1767 723 1772 —
761 1750 936 1789 Varrones]
972 1750 1007 1781 L.
1035 1749 1185 1781 Licinius
1236 1747 1425 1780 coherede.
1460 1748 1602 1780 Sueton.
1630 1748 1730 1780 Caes.
1749 1747 1803 1780 83.
1833 1766 1867 1772 —
1894 1748 1928 1781 C.
1947 1748 2102 1789 Matium,

321 1801 483 1840 Murena,
516 1809 580 1842 per
606 1799 830 1841 adoptionem
854 1801 892 1832 A.
918 1799 1101 1831 Terentius
1133 1800 1182 1838 (A.
1236 1807 1343 1839 quem
1365 1807 1407 1830 ex
1424 1798 1512 1829 Ann.
1533 1798 1585 1837 42,
1604 1798 1656 1830 60.
1683 1797 1731 1839 (C.
1748 1798 1871 1838 Oppius
1885 1801 1916 1830 et
1933 1797 2102 1831 Cornelius

319 1850 342 1883 f.
363 1851 471 1883 Inscr.
491 1851 562 1882 Lat.
582 1859 615 1883 n.
634 1849 729 1890 5344)
758 1850 889 1882 Varro
913 1850 1055 1882 Murena
1081 1850 1181 1889 (Fast.
1234 1848 1355 1880 Balbus
1363 1847 1466 1888 primi
1473 1847 1623 1880 Caesaris
1635 1847 1749 1888 opibus
1755 1851 1894 1888 potuere
1903 1849 2103 1881 conditiones

321 1898 466 1941 Capitol.
494 1908 526 1931 a.
551 1899 639 1938 734.)
674 1895 917 1931 cum'Fannio
954 1899 1129 1939 Caepione
1164 1906 1183 1930 a

319 1949 457 1981 Tiberio
481 1957 563 1981 reus
586 1948 698 1981 factus
715 1949 749 1980 et
764 1949 910 1981 necatus
926 1947 982 1980 illo
999 1948 1075 1989 ipso
1092 1956 1183 1980 anno

319 1998 402 2039 734,
436 2007 506 2040 quo
535 1996 658 2030 consul
682 1998 758 2029 erat
781 1998 962 2031 suffectus.
1002 1996 1123 2030 Vellei.
1147 1999 1179 2037 2,

319 2047 374 2080 94.
410 2048 552 2080 sueton.
578 2048 652 2079 Oct.
678 2047 718 2079 49
742 2048 777 2079 et
799 2047 853 2080 56.
893 2048 956 2080 Dio
980 2046 1033 2086 54,
1060 2047 1091 2079 3.
1130 2047 1182 2080 Ad

319 2105 402 2129 eum
431 2099 486 2130 est
509 2097 639 2129 Horatii
663 2097 701 2129 C.
726 2097 764 2136 2,
790 2098 842 2130 40.
870 2114 905 2119 -
934 2096 1101 2139 Ερηαιίοε]
1134 2097 1180 2130 Μ.

318 2146 481 2188 Egnatius
512 2147 619 2180 Rufus
652 2146 784 2179 aedilis.
824 2146 944 2179 Vellei.
973 2147 1013 2185 2,
1047 2146 1098 2179 91.
1126 2147 1179 2179 93.

317 2197 381 2229 1)ὶο
404 2196 457 2236 53,
483 2196 537 2229 24.
571 2197 713 2228 Sueton.
733 2197 806 2229 Oct.
827 2196 878 2228 49.
906 2213 941 2218 -
967 2195 1063 2236 Iulos]
1088 2195 1181 2228 Iulus

315 2246 506 2286 Antonius,
531 2246 668 2278 Antonii
692 2246 861 2278 triumviri
885 2254 928 2278 ex
943 2244 1058 2277 Fulvia
1076 2244 1178 2286 filius,

316 2294 512 2334 Marcellae,
531 2296 691 2328 Octaviae
708 2295 810 2335 filiae,
837 2295 992 2334 maritus,
1011 2295 1055 2326 ad
1073 2304 1178 2336 quem

317 2346 372 2378 est
394 2345 524 2377 Horatii
548 2345 586 2377 C.
605 2344 642 2385 4,
667 2346 718 2383 2.,
745 2343 867 2377 consul
882 2353 914 2376 a.
933 2344 1007 2378 744.
1034 2344 1180 2376 violavit

316 2394 461 2427 domum
476 2395 638 2436 Augusti,
663 2394 775 2427 affinis
791 2395 862 2434 sui,
889 2395 1078 2426 commisso
1097 2402 1177 2426 cum

315 2443 397 2476 Iulia
422 2443 593 2476 adulterio
616 2453 647 2475 a.
666 2444 748 2481 752;
774 2443 857 2476 Iulia
880 2443 913 2475 in
935 2443 1177 2476 Pandatariam

314 2492 464 2526 insulam
494 2492 647 2534 relegata
677 2494 748 2531 est3
785 2492 878 2525 Iulus
906 2494 1051 2534 Augusti
1080 2493 1177 2525 iussu

315 2551 354 2576 se
370 2543 444 2585 ipse
460 2543 644 2575 interiecit.
662 2541 781 2574 Vellei.
796 2544 828 2582 2,
847 2543 921 2575 400.
947 2542 1034 2575 Plut.
1049 2544 1175 2575 Anton.

315 2592 369 2625 87.
398 2593 461 2625 Dio
484 2591 538 2632 54,
563 2592 605 2625 26
628 2593 663 2624 et
684 2593 738 2631 55,
765 2592 816 2624 40.
850 2592 983 2624 Seneca
1007 2592 1050 2624 de
1075 2591 1174 2624 brev.

314 2642 406 2680 vitae
430 2641 463 2675 4.
500 2642 600 2674 Iulios
629 2643 747 2673 autem
776 2650 896 2674 merus
926 2643 979 2674 est
1008 2650 1109 2674 error
1142 2642 1176 2674 in

313 2691 383 2724 hoc
403 2691 542 2724 Antonii
565 2691 709 2723 minoris
733 2691 884 2722 nomine.
909 2709 953 2714 -
974 2690 1176 2723 abducta--

309 2740 489 2783 pontifices]
514 2749 546 2772 a.
565 2741 639 2773 746.
672 2740 734 2772 Dio
751 2739 803 2779 48,
829 2739 890 2773 44:
912 2734 977 2772 Ην
999 2738 1039 2772 δὲ
1054 2738 1176 2783 θυγά-

313 2799 384 2837 τηρ
413 2790 530 2831 (Livia)
559 2788 630 2832 μὲν
658 2788 819 2822 Λιουίου
848 2788 1043 2836 Δρούσου,
1079 2791 1174 2833 γυνὴ

313 2837 354 2872 δὲ
371 2839 582 2897 Νέρωνος,
615 2838 699 2881 μεθ’
734 2831 780 2871 οὗ
800 2838 1078 2894 συνδιέφυγεν·
1110 2840 1176 2872 καὶ

313 2886 416 2922 ἐκύει
427 2898 469 2932 γε
482 2886 522 2930 ἐξ
533 2885 652 2921 αὐτοῦ
664 2886 770 2931 μῆνα
787 2883 909 2921 ἕκτον.
932 2887 1175 2931 διστάζοντος

315 2932 385 2972 οὖν
417 2936 487 2972 τοῦ
512 2938 707 2994 Καίσαρος
743 2939 810 2971 καὶ
844 2939 1064 2982 πυθομένου
1099 2938 1175 2972 τῶν

313 2989 559 3030 ποντιφίκων,
576 2987 615 3021 εἴ
625 2988 664 3020 οἱ
679 2983 789 3021 ὅσιον
801 2988 841 3021 ἐν
856 2986 1017 3036 γαστρὶ
1007 2986 1175 3028 έχουσαν

312 3035 434 3082 αὐτὴν
459 3034 673 3098 ἀγαγέσθαι
696 3035 775 3081 εἴη,
811 3034 1078 3097 ἀπεκρίναντο,
1116 3034 1174 3073 ὅτι

312 3089 347 3121 εἰ
366 3088 438 3131 μὲν
460 3088 501 3122 ἐν
523 3083 729 3131 ἀμφιβόλῳ
752 3085 797 3120 τὸ
828 3086 959 3131 κύημα
982 3083 1047 3131 ἦν,
1078 3085 1173 3121 ἁνα-

311 3136 504 3182 βληθῆναι
530 3135 598 3170 τὸν
618 3134 756 3195 γάμον
786 3136 920 3195 ἐχρῆν,
957 3134 1172 3182 ὁμολογου-

311 3189 429 3231 μένου
452 3186 493 3221 de
516 3184 635 3221 αὑτοῦ
661 3183 772 3220 οὐδὲν
794 3184 933 3220 κωλύει
956 3183 1029 3230 ἤδη
1053 3185 1172 3221 αὐτὸν

311 3237 499 3281 γενέσθω.
534 3256 579 3263 —·
617 3239 654 3278 Q.
697 3237 793 3277 Tedit]
832 3237 983 3270 hominis
1019 3237 1171 3279 alioquin

311 3288 436 3328 ignoti,
469 3287 598 3320 diversi
627 3295 712 3320 sane
736 3295 754 3318 a
778 3286 885 3318 Tedio
908 3287 1008 3324 Afro,
1043 3288 1171 3320 consule

311 3337 496 3378 designato,
532 3338 590 3377 qui
617 3336 813 3369 conterritus
844 3336 942 3367 minis
970 3336 1106 3377 Augusti
1138 3345 1172 3370 se

306 3386 550 3426 praecipitavit.
579 3386 721 3418 Sueton.
739 3385 854 3417 octav.
872 3385 926 3417 27.
951 3383 1097 3417 Wolfius
1114 3394 1171 3418 co-

311 3433 443 3476 gitabat
464 3434 509 3467 de
532 3433 775 3467 substituendo
799 3434 843 3475 Q:
854 3434 968 3474 Pedio,
993 3434 1169 3467 Octaviani

1231 1898 1325 1938 pacis
1347 1901 1377 1930 et
1399 1897 1543 1929 arbitria
1558 1897 1630 1930 belli
1645 1901 1804 1931 tractare.
1829 1898 1951 1931 Matios
1962 1899 2100 1939 posthae

1233 1951 1264 1980 et
1282 1948 1394 1980 Vedios
1416 1950 1447 1979 et
1468 1950 1577 1979 cetera
1599 1947 1746 1989 equitum
1762 1949 1986 1980 Romanorum
1996 1957 2101 1989 prae-

1232 1998 1346 2030 valida
1375 1998 1512 2030 nomina
1540 1997 1665 2038 referre
1694 1997 1775 2029 nihil
1804 1997 1996 2039 attinuerit,
2029 2007 2099 2041 quo

1235 2049 1354 2080 tamen
1377 2047 1454 2080 loco
1478 2047 1649 2088 potentia
1682 2055 1752 2079 non
1775 2046 1877 2080 luxus
1900 2048 2028 2081 horum
2052 2049 2101 2081 vi-

1232 2106 1354 2129 rorum
1367 2096 1592 2138 significatur,
1596 2097 1605 2137 )
1622 2096 1679 2129 hic
1691 2096 1906 2130 substituunt
1918 2097 2102 2131 Freinshe-

1234 2147 1325 2179 mius
1357 2148 1392 2179 et
1416 2147 1584 2188 Ryckius,
1617 2146 1798 2179 diversum
1827 2154 1907 2180 esse
1935 2146 2056 2181 volunt
2078 2157 2099 2180 a
2146 2184 2153 2191 ,

1233 2197 1270 2229 C.
1291 2197 1409 2236 Matio,
1434 2196 1507 2228 Iulii
1525 2197 1686 2229 Caesaris
1709 2198 1841 2236 amico,
1867 2197 1967 2230 cuius
1984 2199 2100 2231 exstat

1231 2246 1385 2287 Epistula
1408 2246 1442 2278 in
1463 2246 1534 2279 Cic.
1552 2246 1598 2278 ad
1614 2246 1708 2279 Fam.
1729 2247 1782 2282 44.
1807 2247 1860 2279 28.
1886 2247 1963 2279 Fuit
1978 2248 2097 2280 tamen

1230 2296 1259 2328 is
1275 2297 1483 2338 procurator
1497 2294 1660 2329 ludorum
1678 2296 1866 2329 Octaviani.
1891 2296 1936 2328 ad
1952 2297 2021 2329 Ait.
2039 2297 2092 2336 45,

1229 2346 1261 2384 2,
1288 2345 1319 2377 3.
1346 2347 1382 2378 et
1403 2344 1531 2378 Plinius
1554 2346 1594 2377 N.
1621 2346 1660 2377 Η.
1688 2346 1741 2385 42,
1768 2346 1786 2387 5
1813 2345 1872 2378 ⁴3:
1904 2346 2036 2386 primus
2058 2345 2094 2380 C.

1228 2396 1353 2427 Matius
1367 2404 1410 2427 ecc
1422 2396 1562 2437 equestri
1573 2395 1699 2436 ordine,
1724 2396 1791 2427 divi
1805 2396 1944 2437 Augusti
1956 2396 2094 2437 amicus,

1227 2446 1351 2478 invenit
1371 2454 1510 2477 nemora
1533 2445 1677 2478 tonsilia.
1698 2462 1733 2467 —
1757 2446 1808 2478 De
1831 2446 1867 2478 P.
1887 2446 1924 2487 (Ι,
1942 2446 1980 2478 R.
1998 2446 2037 2479 N.
2058 2454 2093 2479 n.

1229 2494 1328 2535 4406)
1351 2495 1439 2527 Vedii
1452 2495 1605 2527 Pollionis
1620 2495 1705 2527 luxu
1719 2494 1762 2527 cf.
1781 2495 1915 2528 Seneca
1932 2494 1977 2528 de
1992 2495 2043 2527 ira
2060 2493 2093 2536 3,

1227 2543 1281 2577 40.
1307 2544 1392 2577 Plin.
1406 2546 1446 2578 N.
1462 2545 1503 2577 H.
1519 2545 1550 2585 9,
1571 2545 1590 2587 g
1604 2545 1665 2577 77:
1690 2545 1816 2577 Invenit
1830 2545 1865 2578 iu
1879 2545 1939 2577 hoc
1955 2544 2095 2578 animali

1227 2596 1273 2636 (in
1289 2595 1446 2636 murena)
1463 2595 1659 2627 documenta
1673 2595 1830 2628 saevitiae
1851 2596 1965 2628 Vedius
1978 2595 2092 2636 Pollio,

1225 2653 1322 2685 eques
1344 2645 1510 2678 Romanus
1541 2653 1585 2677 θα.-
1612 2644 1729 2677 amicis
1758 2645 1826 2676 divi
1847 2645 2004 2687 Augusti,
2038 2643 2093 2677 vi-

1224 2695 1330 2727 variis
1353 2703 1470 2727 earum
1497 2695 1694 2736 immeryens
1720 2695 1880 2727 damnata
1909 2695 2092 2736 mancipia.

1227 2745 1289 2777 Dio
1305 2744 1359 2783 54,
1385 2745 1447 2777 23;
1471 2743 1533 2777 ἐπὶ
1555 2741 1607 2788 τῷ
1631 2741 1781 2787 πλούτῳ
1804 2742 1850 2791 τῇ
1868 2754 1908 2777 τε
1923 2740 2094 2788 ὠμότητι

1226 2789 1539 2837 ὀνομαστότατος
1574 2791 1790 2837 γενόμενος.
1838 2793 1999 2827 Pollionis
2027 2794 2094 2827 do-

1225 2852 1324 2877 mum
1347 2844 1391 2876 ab
1417 2845 1571 2885 Augusto
1595 2843 1727 2876 herede
1752 2843 1906 2876 funditus
1929 2851 2091 2877 eversam

1224 2894 1259 2926 in
1282 2895 1429 2935 eiusque
1446 2893 1521 2927 loco
1538 2894 1668 2926 Liviam
1683 2894 1858 2935 porticum
1876 2895 2091 2926 exstructam

1225 2952 1305 2976 esse
1340 2945 1482 2986 praeter
1515 2944 1663 2976 Dionem
1695 2942 1716 2975 1.
1742 2941 1764 2974 1.
1795 2944 1914 2975 narrat
1947 2941 2089 2976 Ovidius

1225 2993 1313 3025 Fast.
1341 2994 1372 3033 6,
1399 2993 1462 3026 639
1485 3001 1563 3034 sqq.
1592 3010 1627 3016 -
1654 2991 1780 3032 templis
1802 2995 1831 3024 et
1853 2991 1959 3034 effigio
1975 2992 2088 3024 numi-

1222 3042 1313 3084 num]
1339 3042 1388 3075 Cf.
1408 3042 1579 3084 imprimis
1601 3042 1664 3074 Dio
1687 3042 1741 3081 54,
1766 3041 1819 3074 20.
1851 3042 1992 3074 sueton.
2011 3041 2085 3074 Oct.

1222 3093 1281 3124 52:
1317 3092 1439 3132 templa
1453 3092 1552 3123 --in
1580 3091 1674 3124 nulla
1698 3091 1875 3132 provincia
1903 3091 1967 3123 uisi
1995 3098 2087 3123 eom-

1221 3141 1314 3174 muni
1336 3150 1394 3173 suo
1413 3142 1599 3183 Romaeque
1620 3141 1751 3173 nomine
1771 3141 1904 3181 recepit.
1939 3139 2028 3172 Nam
2049 3139 2085 3172 in

1220 3191 1301 3223 urbe
1322 3191 1452 3231 quidem
1474 3190 1736 3232 pertinacissime
1758 3189 1914 3222 abstinuit
1943 3189 2003 3221 hoc
2023 3189 2086 3222 ho-

1220 3249 1311 3272 nore.
1360 3240 1410 3272 Cs.
1436 3241 1544 3272 inser.
1576 3248 1624 3272 m.
1650 3240 1722 3272 Lat.
1754 3248 1788 3271 n.
1814 3238 1895 3271 606:
1935 3238 2084 3271 ROMAE

1222 3289 1277 3321 ET
1306 3289 1509 3322 AVGVSTO.
1547 3288 1733 3322 CAESARI.
1768 3288 1862 3320 DIVI
1891 3287 1928 3320 F.
1964 3287 2085 3320 PATRI

1220 3338 1394 3370 PATRIAE
1427 3338 1541 3370 Polae.
1572 3339 1612 3371 N.
1641 3337 1741 3371 4048:
1783 3337 1821 3377 0.
1844 3336 2082 3370 ADGINNIVS

1220 3387 1471 3427 --SEQuanus
1496 3386 1715 3420 SACERDOS
1737 3385 1883 3418 ROMAE
1904 3386 1961 3418 ET
1979 3385 2076 3419 AVG.

1219 3436 1277 3468 AD
1304 3436 1423 3469 ARAM
1442 3437 1500 3469 AD
1530 3434 1836 3469 CONFLVENTES
1855 3435 2006 3469 ARARIS
2025 3434 2083 3468 Er
