2254 3770
287 270 371 313 346
767 277 811 319 P.
844 276 1095 320 CORNELII
1124 277 1295 322 TACITI
1324 277 1591 323 ANNALIUM

289 378 577 436 coniungeret,
601 395 654 424 ne
674 381 828 425 femina
848 389 1049 440 expertae
1069 383 1347 435 fecunditatis,
1379 384 1541 443 integra
1561 385 1748 438 iuventa,
1781 386 2075 431 claritudinem

289 454 522 498 Caesarum
551 456 677 499 aliam
707 457 748 499 in
769 456 944 501 domum
972 458 1113 502 ferret.
1152 459 1204 515 (3)
1227 458 1506 516 praevaluere
1527 459 1634 504 haec
1651 461 1798 505 adiuta
1817 461 2075 520 Agrippinae

287 528 533 582 inlecebris,
572 545 678 589 quae
715 532 769 575 ad
807 546 905 576 eum
944 547 1023 591 per
1058 535 1249 591 speciem
1285 535 1616 579 necessitudinis
1646 536 1800 581 crebro
1830 537 2075 581 ventitando

286 604 446 662 pellicit
474 612 689 663 patruum,
722 614 769 650 ut
797 607 986 666 praelata
1017 610 1172 653 ceteris
1202 616 1246 653 et
1277 609 1462 653 nondum
1485 624 1592 654 uxor
1611 612 1799 669 potentia
1820 613 1970 656 uxoria
1990 612 2076 656 iam

255 686 488 726 suteretur.
536 696 634 725 nam
664 682 735 726 ubi
767 684 831 727 sui
864 684 1116 728 matrimonii
1147 692 1263 729 certa
1292 685 1386 737 fuit,
1430 691 1597 730 struere
1627 687 1788 731 maiora
1817 687 2075 746 nuptiasque

287 755 475 807 Domitii,
508 771 638 814 quem
668 772 722 802 ex
752 759 824 802 Cn.
847 759 1128 804 Ahenobarbo
1158 768 1381 818 genuerat,
1414 768 1455 804 et
1475 761 1696 814 Octaviae,
1731 763 1927 807 Caesaris
1948 762 2073 814 filiae,

285 830 446 884 moliri;
477 833 594 890 quod
625 834 718 877 sine
746 834 912 878 scelere
942 836 1178 893 perpetrari
1208 850 1291 879 non
1320 843 1505 894 poterat,
1537 837 1638 895 quia
1656 838 1702 880 L.
1725 837 1868 882 Silano
1889 837 2076 896 despon-

286 905 408 950 derat
438 908 659 952 Octaviam
689 910 846 954 Caesar
887 910 1168 968 iuvenemque
1199 917 1241 954 et
1269 911 1352 954 alia
1382 911 1544 955 clarum
1573 913 1728 970 insigni
1758 912 2074 970 triumphalium

286 988 328 1024 et
357 982 594 1039 gladiatorii
625 985 812 1028 muneris
842 985 1154 1042 magnificentia
1185 985 1418 1043 protulerat
1447 986 1499 1030 ad
1531 987 1671 1031 studia
1700 988 1827 1045 vulgi.
1868 988 1945 1032 sed
1973 987 2074 1032 nihil

237 1068 273 1097 io
285 1057 468 1101 arduum
496 1059 721 1103 videbatur
749 1060 791 1103 in
822 1061 962 1104 animo
992 1061 1212 1119 principis,
1244 1062 1314 1106 cui
1344 1076 1428 1105 non
1457 1062 1678 1114 iudicium,
1712 1077 1796 1106 non
1818 1063 1965 1108 odium
1982 1070 2077 1108 erat

285 1133 365 1176 nisi
398 1133 529 1177 indita
558 1141 600 1178 et
629 1135 758 1179 iussa.
805 1137 857 1192 (4)
890 1136 1016 1193 igitur
1046 1136 1252 1187 Vitellius,
1284 1137 1455 1180 nomine
1477 1138 1668 1181 censoris
1690 1139 1869 1182 serviles
1889 1139 2075 1184 fallacias

285 1208 492 1266 obtegens
530 1210 903 1269 ingruentiumque
942 1210 1278 1255 dominationum
1307 1212 1518 1270 provisor,
1561 1227 1647 1271 quo
1677 1214 1855 1270 gratiam
1883 1214 2076 1272 Agrippi-

286 1297 367 1326 nae
403 1291 591 1341 pararet‚
633 1286 822 1329 consiliis
859 1287 953 1331 eius
991 1286 1215 1344 implicari,
1259 1287 1368 1331 ferre
1411 1288 1588 1331 crimina
1629 1289 1672 1331 in
1703 1288 1911 1341 Silanum,
1951 1289 2074 1333 cuius

286 1372 389 1402 sane
434 1359 594 1404 decora
634 1368 677 1404 et
715 1375 875 1419 procax
914 1376 1056 1411 soror,
1104 1363 1222 1406 Iunia
1257 1362 1448 1414 Calvina,
1492 1363 1603 1407 haud
1634 1363 1766 1407 multo
1797 1372 1894 1408 ante
1924 1363 2074 1409 Vitellii

236 1445 272 1473 ⁴5
286 1448 419 1477 nurus
458 1434 607 1479 fuerat.
666 1436 765 1480 hinc
803 1437 965 1480 initium
1006 1438 1313 1490 accusationis3
1350 1438 1614 1496 fratrumque
1643 1453 1728 1482 non
1759 1439 1966 1484 incestum
1995 1439 2072 1484 sed

285 1509 589 1553 incustoditum
632 1525 822 1555 amorem
867 1512 951 1564 ad„
966 1513 1179 1556 infamiam
1219 1513 1356 1556 traxit.
1402 1520 1444 1557 et
1477 1514 1714 1571 praebebat
1745 1515 1904 1559 Caesar
1933 1528 2072 1566 aures,

285 1585 548 1643 accipiendis
579 1586 786 1630 adversus
816 1602 1024 1645 generum
1053 1588 1370 1646 suspicionibus
1399 1590 1573 1632 caritate
1604 1589 1717 1634 filiae
1749 1590 1996 1648 promptior.
2032 1597 2076 1633 at

351 1708 381 1739 l.
406 1708 604 1749 coniungere
627 1707 888 1742 Freinshemius
911 1709 979 1741 hac
1002 1710 1196 1742 structura:
1224 1709 1361 1751 dignum
1383 1709 1603 1750 imperatoria
1624 1709 1764 1750 fortuna
1787 1709 1872 1752 (scil.
1894 1710 1974 1753 esse)
1995 1710 2076 1743 slir-

280 1772 356 1803 pem
378 1763 517 1796 nobilem
531 1782 579 1788 --
595 1766 806 1807 coniungere.
835 1783 870 1789 —
897 1770 1055 1806 expertae
1078 1766 1158 1799 cod.
1183 1765 1381 1807 Agricolae:
1414 1769 1556 1807 experta
1579 1767 1630 1805 M,
1664 1767 1787 1808 «quod
1810 1768 1970 1800 Latinum
1994 1768 2076 1809 qui·

285 1820 387 1859 dem,
413 1822 451 1853 ut
473 1825 631 1862 expertus
653 1822 726 1854 belli
752 1823 848 1863 (Hist.
868 1823 905 1862 4,
931 1823 1002 1864 76),
1029 1824 1092 1856 sed
1118 1824 1261 1865 respicit
1276 1824 1417 1866 proprie
1435 1824 1707 1865 experientiam,
1734 1832 1840 1865 quam
1858 1823 1983 1866 aliquis
1998 1824 2074 1866 ipse

284 1876 394 1909 habet
416 1878 466 1910 rei
490 1877 648 1911 alieuius.
675 1879 736 1911 Hic
760 1888 844 1911 vero
869 1879 914 1912 de
939 1880 1171 1921 experientia,
1198 1888 1305 1922 quam
1329 1878 1385 1911 alii
1408 1878 1589 1912 habebant
1612 1879 1656 1912 de
1680 1880 1890 1922 Agrippinae
1914 1880 2075 1913 fecundi·
2134 1896 2139 1901 .

285 1934 374 1974 tate,
400 1943 519 1967 sermo
543 1937 631 1968 est.»
655 1937 809 1968 vaxms.
841 1954 871 1959 -
901 1937 932 1970 3.
958 1946 1045 1977 quae
1067 1937 1124 1969 ed.
1142 1937 1333 1978 Spirensis:
1360 1945 1432 1969 om.
1451 1937 1483 1969 M
1509 1954 1545 1959 —
1571 1935 1604 1969 4.
1625 1936 1798 1977 pumentia
1819 1936 1852 1969 M
1879 1955 1913 1960 —
1939 1937 1973 1970 5.
1996 1945 2075 1969 ma—

281 1989 362 2023 lora
384 1991 416 2023 M
444 2009 477 2013 -
505 1991 536 2024 6.
564 1992 626 2024 Gn.
653 1993 683 2025 M
711 2010 745 2014 —
771 1992 956 2025 henobarbo
981 1994 1029 2030 M;
1054 1992 1245 2025 Aenobarbo
1267 1991 1382 2033 vulgo.
1410 1992 1459 2025 Cf.
1488 1992 1594 2025 fastos
1619 1991 1832 2034 Capitolinos
1855 2000 1954 2025 cons.
1979 2001 2014 2024 u.
2040 2001 2071 2026 c.

282 2047 358 2080 56⁴.
383 2048 458 2080 59⁴.
485 2049 558 2081 657.
593 2049 667 2081 664.
705 2050 872 2091 triumph.
899 2050 973 2082 635.
1007 2068 1043 2073 —
1080 2050 1110 2082 8.
1144 2050 1215 2082 alia
1232 2044 1298 2092 ‘pr.
1323 2051 1374 2082 M:
1413 2050 1501 2082 alias
1530 2058 1621 2082 corr.
1655 2050 1686 2082 Μ
1720 2067 1757 2072 -
1794 2049 1826 2081 9.
1849 2048 1951 2080 nichil
1977 2048 2011 2081 M
2036 2065 2073 2072 —

284 2103 335 2136 ⁴3.
359 2104 448 2144 serre
470 2105 520 2136 M:
545 2114 653 2137 serere
674 2105 897 2138 Puteolanus.
925 2124 960 2129 —
986 2107 1080 2139 cuius
1103 2106 1158 2139 ed.
1185 2106 1376 2145 Spirensis:
1409 2107 1464 2138 cui
1486 2106 1518 2138 M
1545 2122 1581 2128 —
1609 2104 1661 2138 l4.
1685 2105 1829 2147 qaluina
1850 2105 1883 2138 M
1908 2120 1945 2128 —
1969 2103 2074 2138 nnlllo

284 2158 458 2193 Halmius:
490 2161 630 2193 multum
655 2163 697 2195 M.
729 2161 816 2194 Vide
840 2162 885 2195 ad
908 2164 948 2202 5,
974 2163 1005 2195 3.
1035 2179 1071 2186 -
1105 2163 1157 2195 ⁴5.
1182 2149 1342 2204 1¹55qu
1368 2180 1403 2186 -
1435 2149 1596 2209 incestum
1617 2161 1651 2194 M
1684 2177 1719 2185 —
1754 2161 1807 2194 47.
1833 2161 1996 2194 aduersus
2017 2161 2069 2195 M:

282 2217 460 2249 adversum
482 2216 597 2258 vulgo.

270 2317 387 2359 'bilemJ
428 2318 618 2350 Domitium
651 2320 840 2351 Neronem.
877 2337 917 2342 ——
955 2319 1150 2360 Caesarum]
1175 2325 1266 2360 lpro
1289 2319 1429 2351 lasciva.
1459 2333 1494 2341 ·-
1528 2317 1626 2349 Iunia
1650 2316 1806 2359 Calvina]
1839 2316 1890 2349 Cf.
1916 2326 1947 2349 c.
1972 2316 2005 2349 8.
2033 2332 2070 2340 —

283 2368 413 2409 quippe
438 2368 624 2410 Agrippina
654 2369 834 2410 proneptis
860 2370 1002 2410 Augusti
1027 2371 1112 2402 erat.

326 2417 357 2449 3.
382 2418 587 2459 Ayrippinae
603 2419 787 2459 inlecebris,
806 2429 890 2459 quae
907 2420 988 2461 cet]
1006 2421 1149 2452 sueton.

286 2466 405 2499 Claud.
433 2468 490 2499 26:
526 2468 694 2500 inlecebris
715 2470 936 2510 Ayrippinae,
963 2470 1152 2502 Germanici

282 2517 400 2558 fratris
423 2519 474 2550 sui
494 2519 603 2558 filiae,
635 2528 697 2559 per
722 2519 774 2550 ius
796 2519 897 2551 osculi
918 2522 950 2551 el
972 2519 1152 2552 blanditia-

282 2576 359 2599 rum
382 2568 567 2599 occasiones
583 2569 739 2608 pellectus
761 2570 796 2601 in
818 2578 976 2602 amorem.
994 2587 1028 2592 —
1056 2578 1153 2609 quem

283 2627 327 2651 ex
356 2618 412 2651 Cn.
438 2618 650 2650 Ahenobarbo
678 2620 849 2661 genuerat]
879 2620 965 2652 Vide
990 2620 1035 2653 ad
1059 2630 1091 2653 c.
1117 2620 1149 2653 2.

287 2687 322 2692 ——-
348 2669 385 2701 L.
403 2668 529 2710 Silano]
553 2669 616 2710 Ap.
640 2668 743 2701 Silani
767 2668 836 2702 [ilio
852 2670 1006 2711 (Sueton.
1027 2669 1148 2703 Claud.

284 2718 351 2758 29),
370 2719 412 2750 M.
432 2718 517 2750 lunii
532 2717 655 2757 Silani,
682 2719 834 2752 consulis
851 2729 881 2751 a.
898 2729 929 2751 u.
945 2719 1021 2759 799,
1042 2719 1149 2759 fratri,

283 2768 427 2810 Augusti
463 2767 629 2809 abnepoti
665 2769 729 2809 (43,
756 2770 799 2809 i).
836 2770 886 2802 De
912 2769 1107 2802 honoribus
1131 2778 1151 2802 a

285 2817 428 2850 Claudio
458 2819 493 2850 in
524 2827 606 2850 eum
631 2817 763 2851 collatis
788 2818 830 2851 cf.
856 2820 1000 2852 Sueton.
1027 2820 1148 2852 Claud.

283 2867 338 2901 24.
364 2869 428 2900 Dio
452 2868 505 2906 60,
531 2869 550 2900 5
568 2870 603 2899 et
617 2868 670 2900 34.
696 2869 822 2901 Natum
847 2869 954 2902 fuisse
971 2878 1002 2901 a.
1021 2878 1054 2901 u.
1074 2869 1150 2909 776,

284 2918 428 2951 fratrem
451 2917 613 2951 Arvalem
639 2928 670 2951 a.
696 2919 771 2957 795,
797 2920 1008 2961 Borghesius
1033 2919 1153 2952 docuit

282 2969 406 3002 Annali
438 2967 508 3000 dell*
534 2969 686 3001 Instituta
716 2969 807 3007 XXI.
842 2978 876 3011 p.
903 2970 943 3002 30
972 2971 1008 3002 et
1030 2969 1086 3002 34.
1111 2987 1147 2993 —

282 3020 406 3060 insiyni
429 3018 690 3059 triumphalium]
717 3020 766 3051 De
790 3019 1009 3052 substantivo
1025 3020 1152 3060 insigne

284 3069 364 3101 vide
388 3077 461 3101 var.
486 3067 566 3101 lect.
591 3068 635 3100 ad
661 3069 713 3107 lt,
739 3069 792 3100 20.

328 3118 359 3152 4.
389 3119 548 3158 Vitellius,
579 3119 710 3150 nomine
731 3119 884 3159 censoris]
914 3119 1001 3151 Vide
1026 3118 1070 3151 ad
1095 3119 1149 3158 Μ,

287 3169 338 3201 43.
358 3186 392 3192 —-
417 3169 704 3210 inyruentiumque
719 3169 750 3200 d.
768 3168 931 3209 provisor]
958 3168 1009 3201 Cf.
1028 3169 1147 3200 Horat.

285 3220 322 3250 A.
342 3221 378 3252 P.
399 3219 479 3251 ⁴64:
509 3218 643 3251 Utilium
665 3218 782 3250 tardus
798 3219 966 3257 provisor.
990 3236 1023 3240 —
1050 3217 1148 3259 ferre]

285 3268 306 3299 i.
327 3277 357 3300 e.
387 3268 544 3309 proferre
569 3275 691 3300 coram
708 3266 851 3299 Claudio
876 3267 1022 3308 eiusque
1046 3266 1151 3300 liber—

285 3318 347 3353 tis3
373 3318 505 3350 dictum
530 3318 648 3350 autem
672 3318 728 3350 est
750 3319 789 3348 ut
807 3317 839 3355 6,
857 3315 918 3349 49:
944 3325 1151 3357 quamquam

284 3370 411 3399 maesta
425 3385 474 3391 -—
489 3368 546 3399 diu
567 3367 686 3408 ferret,
719 3366 754 3399 id
777 3367 849 3405 est,
881 3365 1040 3405 afferret,
1066 3375 1149 3407 pro-

286 3416 403 3449 ferret.
435 3436 468 3441 —
491 3417 638 3459 procax]
669 3416 846 3459 aliquanto
874 3416 992 3448 mitius
1015 3415 1148 3449 dictum

1200 2368 1424 2410 fratrumque]
1449 2368 1564 2400 fratris
1580 2369 1615 2399 et
1631 2367 1775 2400 sororis.
1802 2366 1929 2400 Paulus
1945 2367 1980 2399 in
1994 2367 2070 2409 Dig.

1203 2419 1256 2458 40,
1275 2419 1306 2457 2,
1326 2418 1384 2450 38:
1412 2418 1532 2450 Lucius
1552 2421 1583 2449 et
1608 2417 1692 2449 Titia
1715 2417 1838 2457 fratres
1860 2417 2070 2458 emancipati.
2135 2433 2137 2436 ⁴

1201 2469 1333 2501 Nonius
1366 2477 1398 2509 p.
1426 2468 1509 2499 557:
1544 2467 1700 2507 Amitini,
1731 2467 1879 2508 fratrum
1907 2467 2014 2499 maris
2042 2469 2074 2499 el

1200 2519 1342 2559 feminae
1368 2517 1442 2559 sitii.
1481 2516 1532 2549 Cf.
1560 2517 1620 2555 42..
1638 2517 1658 2549 2
1683 2517 1860 2559 privignis.
1885 2535 1931 2542 —
1957 2517 2073 2550 Vitellii

1201 2567 1317 2609 nurus]
1342 2567 1443 2599 alteri
1462 2566 1614 2599 filiorum
1630 2568 1706 2599 eius
1722 2568 1842 2609 nupta,
1867 2567 1903 2599 L.
1922 2565 2070 2607 Vitellio,

1202 2619 1262 2660 qui
1285 2618 1353 2650 hoc
1377 2626 1468 2649 anno
1493 2615 1614 2648 consul
1634 2616 1802 2649 suffectus
1820 2618 1909 2649 teste
1925 2617 2070 2649 sueton.

1204 2667 1313 2700 Vitell.
1334 2667 1364 2700 3,
1390 2668 1478 2699 Nam
1502 2675 1547 2699 ne
1563 2665 1668 2705 Aulo,
1695 2666 1753 2708 qui
1772 2667 1894 2708 postea
1915 2666 2071 2707 impera—

1201 2719 1266 2755 vit.
1303 2717 1544 2758 suspicemur,
1580 2716 1661 2748 facit
1691 2715 1849 2748 Suetonii
1879 2714 2069 2748 silentium.

1201 2769 1303 2800 chx.
1334 2785 1366 2789 ——
1399 2765 1650 2807 incustoditum]
1679 2773 1805 2807 parum
1835 2767 1977 2798 cautum
2001 2765 2071 2797 cir-

1201 2818 1531 2859 cumspectumque.
1550 2814 1634 2848 Plin.
1651 2816 1738 2857 Epp.
1754 2815 1786 2854 6,
1800 2815 1854 2854 29,
1871 2815 1930 2847 ⁴0:
1958 2815 2072 2848 Tuitus

1199 2876 1272 2899 sum
1290 2867 1413 2899 Iulium
1427 2865 1587 2905 Bassum,
1611 2868 1649 2897 ut
1670 2866 1904 2897 incustoditum
1926 2866 2026 2898 nimis
2039 2868 2072 2898 et

1198 2919 1390 2955 incautum,
1423 2916 1474 2947 ita
1500 2916 1635 2947 minime
1667 2915 1805 2947 malum.
1842 2931 1877 2938 -
1910 2915 2068 2957 amarent]

1200 2969 1335 3000 Seneca
1359 2967 1392 2999 in
1418 2965 1516 2999 Ludo
1533 2966 1571 3006 8,
1598 2967 1636 2998 2:
1661 2967 1699 2999 L.
1718 2966 1888 3007 Silanum,
1912 2975 2070 3009 amm

1198 3027 1315 3057 suum,
1340 3018 1467 3050 occidit.
1511 3016 1595 3056 Oro,
1619 3020 1757 3057 propter
1779 3016 1885 3058 quid?
1914 3017 2070 3049 Sororem

1199 3076 1295 3099 suam
1308 3093 1315 3105 ,
1331 3067 1575 3107 festivissimam
1591 3068 1737 3099 omnium
1749 3067 1952 3107 puellarum,
1966 3074 2069 3108 quan

1199 3126 1309 3149 omnes
1328 3118 1480 3149 Venerem
1495 3120 1672 3156 vocarent,
1697 3117 1815 3149 maluit
1837 3117 1994 3148 Iunonem
2006 3124 2068 3147 vo-

1199 3176 1288 3199 care.
1314 3185 1357 3191 --
1386 3166 1600 3208 accipiendis]
1632 3175 1723 3208 quae
1751 3165 2000 3199 offerebantur.
2029 3182 2063 3188 ——

1198 3217 1360 3257 edictum]
1388 3216 1484 3258 quod
1515 3224 1643 3249 censor
1664 3214 1891 3248 conscribere
1915 3215 2063 3256 poterat.

1200 3266 1250 3299 Cf.
1277 3267 1349 3298 Liv.
1375 3265 1429 3306 43,
1456 3266 1509 3298 46.
1534 3264 1619 3299 Plin.
1645 3266 1684 3298 N.
1703 3265 1745 3297 Η.
1764 3264 1804 3297 ⁴4
1830 3265 1848 3306 5
1870 3264 1924 3295 95.
1945 3281 1981 3287 —
2006 3272 2066 3296 or-

1197 3317 1273 3348 dine
1304 3317 1471 3348 senatorio
1503 3314 1670 3356 movetur]
1705 3316 1734 3347 A
1765 3314 1888 3347 senatu
1923 3321 2064 3355 quoque

1198 3366 1384 3398 decretum
1407 3365 1556 3407 legimus
1580 3367 1618 3398 ut
1641 3364 1764 3406 aliquis
1786 3364 1952 3396 mitteret
1970 3364 2064 3396 ordi-

1197 3425 1271 3449 nem
1291 3416 1496 3449 senatorium
1519 3415 1562 3458 (6,
1580 3414 1647 3455 48),
1672 3415 1708 3447 et
1730 3415 1769 3446 ut
1789 3411 1914 3454 aliquis
1930 3413 1963 3446 ei
1976 3412 2062 3447 red-
