2254 3770
318 278 400 321 578
444 343 447 346 ἢ
741 279 1112 324 MONUMENTUM
1141 280 1462 326 ANCYRANUM
1492 282 1692 327 LATINE.

374 385 580 437 Pecunia,
626 399 752 444 quam
783 401 865 444 pro
903 386 1033 444 agris,
1080 400 1189 445 quos
1229 388 1272 430 in
1313 387 1535 432 consulatu
1572 402 1670 432 meo
1701 395 1853 447 quarto
1882 395 1925 433 et
1958 397 2109 448 postea

1637 463 1885 508 consulibus

376 537 427 580 M.
450 537 601 581 Crasso
625 543 663 580 et
684 537 756 581 Cn.
778 536 955 580 Lentulo
976 539 1145 595 Augure
1166 536 1385 594 adsignavi
1409 537 1622 590 militibus,
1654 539 1760 582 solvi
1794 539 2028 598 municipis,
2055 554 2107 585 ea

376 612 621 655 sestertium
651 612 821 656 circiter
851 612 1044 656 sexsiens
1075 612 1256 656 milliens
1288 612 1379 664 fuit,
1412 626 1541 671 quam
1570 628 1624 657 ew
1653 613 1947 660 collationibus
1970 630 2052 673 pro

270 699 309 729 25
377 687 546 745 praedis
573 688 811 739 numeravi,
846 694 888 731 et
908 688 1076 731 circiter
1097 687 1162 731 bis
1182 687 1365 732 milliens
1386 694 1428 732 et
1449 689 1724 742 sescentiens,
1756 690 1872 748 quod
1894 705 1972 748 pro
1993 691 2107 748 agris

269 1228 306 1259 30

267 1607 305 1637 35

265 1986 303 2018 40

378 762 709 820 provincialibus
740 762 860 807 solvi.
909 763 954 806 Id
985 763 1148 821 primus
1179 770 1220 807 et
1249 762 1367 807 solus
1397 764 1585 807 omnium
1616 765 1690 822 qui
1721 765 1991 809 deduxerunt

376 837 565 882 colonias
596 838 774 882 militum
803 837 845 881 in
877 838 993 882 [talia
1023 844 1095 881 aut
1124 838 1166 881 in
1195 838 1427 896 provinciis
1458 839 1512 882 ad
1542 840 1790 883 memoriam
1821 841 1971 885 aetatis

377 928 499 958 meae
538 914 636 966 feci,
676 920 719 958 et
757 921 907 972 postea
948 914 1001 956 Ti.
1033 914 1202 957 Nerone
1240 920 1283 958 et
1312 914 1385 958 Cn.
1416 915 1571 959 Pisone
1611 915 1880 968 consulibus,
1920 917 2108 976 itemque

1639 991 1684 1035 C.
1714 991 1891 1035 Antistio

377 1072 420 1109 et
449 1066 497 1108 D.
520 1064 665 1109 Laelio
695 1078 783 1109 cos.
813 1071 855 1108 et
885 1064 929 1108 C.
962 1063 1146 1108 Calvisio
1176 1070 1218 1108 et
1247 1065 1291 1108 L.
1313 1065 1495 1109 Pasieno
1527 1066 1775 1110 consulibus
1805 1073 1848 1110 et
1874 1068 1919 1110 L.
1940 1067 2109 1112 Lentulo

616 1186 622 1193 ,
1635 1147 1674 1184 et
1703 1141 1753 1184 M.
1784 1142 2010 1187 Messalino

375 1216 623 1261 consulibus
651 1222 693 1260 et
717 1217 762 1259 L.
786 1215 961 1260 Caninio
992 1221 1033 1259 et
1058 1216 1108 1268 Q.
1130 1215 1325 1260 Fabricio
1350 1215 1599 1260 consulibus
1618 1218 1832 1271 veteranis,
1862 1232 1971 1276 quos
1993 1232 2107 1264 eme-

374 1293 493 1337 riteis
523 1291 731 1350 stipendis
768 1291 809 1334 in
841 1304 919 1334 sua
948 1291 1179 1349 municipia
1206 1292 1360 1344 remisi,
1391 1292 1583 1349 praemia
1613 1307 1708 1336 aere
1735 1300 1957 1337 numerato

374 1368 580 1426 persolvi,
614 1382 744 1426 quam
774 1367 816 1410 in
847 1380 937 1410 rem
968 1367 1207 1410 sestertium
1236 1368 1395 1411 circiter
1421 1369 1604 1412 seaesiens
1632 1369 1807 1413 milliens

375 1443 577 1503 impendi.

298 1518 1264 1589 WmussmitaQuater
1294 1526 1339 1562 ut
1368 1520 1612 1563 sestertium
1640 1520 1822 1565 milliens
1852 1528 1895 1566 et

374 1595 667 1653 quingentiens
697 1594 752 1639 ad
783 1609 858 1639 eos
889 1595 962 1653 qui
992 1600 1221 1652 praeerant
1249 1595 1417 1638 aerario
1447 1595 1672 1640 detulerim
1703 1603 1745 1640 et
1774 1598 1824 1640 Μ.
1854 1597 2024 1641 Aemilio

375 1676 417 1715 et
446 1672 490 1714 L.
521 1671 719 1715 Arruntio
750 1684 837 1715 cos.
870 1670 909 1713 in
940 1670 1155 1714 aerarium
1183 1669 1379 1722 militare,
1411 1671 1527 1729 quod
1560 1686 1612 1715 ex
1642 1672 1819 1716 consilio
1848 1687 1938 1717 meo

373 1747 644 1791 constitutum
674 1752 756 1798 est,
789 1760 842 1790 ex
871 1758 949 1803 quo
979 1746 1172 1803 praemia
1201 1745 1405 1789 darentur
1433 1746 1654 1799 militibus,
1687 1748 1761 1806 qui
1792 1748 1936 1806 viyinti

372 1822 573 1881 stipendia
603 1822 908 1873 emeruissent,
943 1822 1009 1864 HS
1040 1820 1220 1864 milliens
1251 1827 1294 1864 et
1323 1822 1650 1880 septingentiens
1682 1823 1736 1866 Ti.
1760 1823 1947 1868 Caesaris

371 1899 533 1942 nomine
562 1905 599 1942 et
626 1911 724 1942 meo
755 1896 900 1942 detuli.
946 1897 1063 1939 Anno
1093 1909 1171 1954 quo
1200 1897 1258 1941 M.
1292 1896 1487 1941 Claudius
1516 1905 1553 1941 et
1582 1899 1626 1941 L.
1647 1899 1871 1943 Arruntius
1898 1906 1938 1943 et
1965 1913 2074 1942 anno

372 1989 417 2017 eo
442 1988 524 2033 quo
543 1974 615 2018 Cn.
635 1980 677 2018 et
691 1975 736 2017 P.
754 1972 957 2017 Lentulus
978 1971 1169 2016 consules
1191 1972 1371 2025 fuerunt,
1395 1987 1492 2018 cum
1514 1973 1742 2031 deficerent
1763 1975 1912 2019 horrea
1928 1975 2106 2034 publica,
2131 1977 2140 1982 '

369 2051 586 2108 pecuniam
615 2056 786 2094 centum
815 2048 1001 2093 millibus
1032 2048 1250 2092 hominum
1279 2063 1333 2092 ew
1359 2050 1460 2103 meis
1488 2050 1638 2108 opibus
1661 2065 1746 2109 pro
1777 2051 1976 2096 frumento
2001 2051 2105 2095 dedi.

1089 2242 1220 2304 TAB.
1255 2243 1335 2305 IV.

317 2372 486 2417 Curiam
516 2379 559 2416 et
588 2372 808 2416 continens
839 2371 879 2415 ei
911 2370 1199 2416 Chalcidicum
1230 2371 1521 2430 templumque
1551 2370 1755 2429 Apollinis
1786 2372 1827 2415 in

370 2448 530 2492 Palatio
560 2461 658 2492 cum
687 2447 944 2505 porticibus,
987 2447 1140 2491 aedem
1171 2447 1257 2491 divi
1287 2447 1382 2499 Iuli,
1423 2446 1650 2505 Lupercal,
1683 2448 1896 2505 porticum
1933 2447 1989 2491 ad
2025 2447 2107 2492 cir-

325 2517 328 2520 *
371 2538 469 2569 cum
499 2523 766 2574 Flaminium,
799 2537 930 2582 quam
960 2537 1055 2567 sum
1086 2523 1291 2581 appellari
1321 2537 1476 2581 passus
1507 2536 1560 2567 ex
1590 2523 1760 2567 nomine
1791 2523 1884 2567 eius
1915 2523 1989 2581 qui
2019 2523 2107 2582 pri-

371 2614 491 2644 orem
522 2599 678 2644 eodem
709 2601 752 2643 in
781 2598 874 2643 solo
905 2599 1064 2644 fecerat
1093 2599 1336 2651 Octaviam,
1369 2598 1565 2656 pulvinar
1593 2598 1648 2642 ad
1679 2599 1839 2643 circum
1865 2599 2104 2650 Maximum,

313 2759 469 2793 deduxit.
502 2759 553 2792 Cf.
578 2760 644 2798 Dio
667 2759 722 2799 55,
741 2759 794 2792 40.
815 2776 849 2782 ——
875 2759 930 2791 22.
956 2766 1123 2792 mcvmu
1143 2783 1150 2791 .
1167 2783 1175 2791 .
1193 2783 1200 2791 .
1218 2766 1314 2791 AGRIS
1329 2758 1355 2791 T
1375 2775 1406 2782 -
1436 2757 1490 2791 24.
1515 2765 1668 2792 saxosus
1690 2754 1737 2798 B3
1760 2765 1847 2792 sm.
1865 2782 1873 2790 .
1891 2781 1900 2790 .
1915 2782 1923 2791 .
1937 2764 2037 2792 8181ae
2059 2757 2104 2796 1.;

310 2823 377 2858 sii-x
389 2839 522 2848 ......
540 2816 584 2854 Τ;
616 2823 687 2848 om.
714 2815 758 2854 C;
789 2815 966 2857 sexagiens
994 2813 1150 2848 Chishull
1180 2814 1217 2847 iu
1240 2814 1479 2848 adnotatione.
1511 2831 1546 2837 —
1576 2822 1678 2854 quam
1699 2822 1743 2846 σω
1765 2812 1994 2846 collationibus
2012 2821 2048 2855 ρ.
2065 2821 2104 2854 p.

311 2872 359 2914 η.]
386 2871 436 2905 Cf.
455 2872 519 2904 Dio
535 2872 589 2912 5⁴,
608 2871 640 2904 4.
667 2871 720 2911 54,
738 2871 792 2904 25.
822 2887 857 2894 —
885 2872 936 2905 28.
963 2879 1089 2904 ΝΕιιοΝι
1104 2879 1281 2904 --ΡιεοΝι
1303 2871 1407 2904 CLT
1433 2888 1468 2894 —
1495 2870 1549 2903 29.
1574 2878 1610 2903 ι.
1634 2877 1779 2903 nassau
1803 2870 1850 2909 C3
1874 2877 2035 2904 ιεεεΔιιΔ
2058 2869 2105 2909 L;

312 2937 383 2961 om.
401 2929 439 2961 B.
464 2928 511 2961 M.
529 2927 684 2962 Messalla
706 2926 764 2960 hie
781 2926 903 2960 consul
926 2928 1125 2960 nominatur
1148 2928 1277 2960 Inscrr.
1303 2927 1389 2959 Latt.
1416 2935 1450 2959 n.
1468 2926 1565 2959 7300.
1588 2943 1623 2948 —
1650 2925 1703 2958 34.
1730 2934 1807 2958 aero
1828 2925 2016 2968 numerato]
2040 2925 2106 2958 Dio

310 2983 365 3023 54,
390 2984 451 3017 25:
484 2980 532 3016 τὰ
554 2981 736 3031 χρήματα
758 2981 953 3026 (διέταξεν)
983 2978 1060 3016 ὅσα
1089 2980 1330 3026 παυσάμενοι
1359 2980 1429 3026 τῆς
1458 2982 1675 3029 στρατείας,
1704 2977 1788 3015 ἀντὶ
1813 2980 1883 3026 τῆς
1905 2979 2035 3029 χώρας
2057 2978 2106 3024 ἢν

310 3035 372 3073 ἀεί
394 3048 486 3072 ποτε
507 3035 638 3087 ᾔτουν,
663 3037 868 3083 λήψοιντο.
897 3057 932 3063 -—
965 3039 1018 3073 34.
1045 3040 1182 3082 Qualer]
1211 3040 1366 3081 primum
1389 3047 1421 3071 a.
1449 3047 1483 3071 u.
1508 3038 1572 3072 726
1597 3039 1670 3080 (Dio
1693 3038 1748 3079 53,
1772 3039 1825 3080 2);
1858 3039 1988 3071 iterum
2010 3046 2042 3070 a.
2066 3045 2102 3070 u.

311 3096 375 3130 738
400 3095 540 3137 (Eckhel
564 3097 605 3130 D.
631 3097 671 3129 N.
697 3097 753 3137 Vl,
778 3105 813 3139 p.
838 3096 933 3137 ⁴05);
966 3096 1110 3129 tertium
1134 3104 1166 3128 a.
1192 3104 1227 3129 u.
1253 3095 1316 3129 742
1349 3094 1424 3137 (Dio
1447 3094 1502 3135 54,
1527 3094 1602 3134 30);
1635 3096 1802 3137 quartum
1831 3103 1925 3127 anno
1952 3094 2101 3128 incerto.

312 3170 348 3176 -
375 3152 429 3186 35.
461 3160 718 3192 ρνιΝοΕΝτΑυευ
745 3153 791 3192 Β;
825 3160 1024 3192 ρνιΝρνιΕΝε
1055 3161 1097 3185 An
1127 3159 1189 3185 uos
1219 3151 1301 3190 CT;
1333 3159 1579 3191 or11ve1....s
1607 3159 1650 3183 ,ω
1680 3159 1743 3185 Eos
1766 3152 1791 3184 1.
1830 3168 1864 3174 —
1901 3151 1947 3183 ad
1971 3158 2025 3183 00⁸
2045 3149 2104 3190 qul

305 3211 490 3249 praeerant
511 3208 658 3251 aoram'o]
684 3208 736 3242 Cf.
758 3208 896 3241 Tacitus
919 3210 1009 3241 Anu.
1028 3208 1082 3248 43,
1099 3208 1142 3241 28
1158 3216 1213 3249 sq.
1239 3207 1381 3239 sueton.
1399 3208 1487 3249 Aug.
1506 3207 1560 3241 36.
1581 3223 1618 3230 -
1644 3207 1697 3240 36.
1723 3215 1821 3240 mua
1840 3230 1847 3239 .
1865 3230 1874 3239 .
1893 3214 1950 3240 rm
1971 3229 1979 3238 .
1997 3230 2004 3239 .
2019 3213 2040 3238 o
2062 3206 2100 3247 L,

310 3264 406 3297 unde
429 3273 561 3298 nomen
583 3274 649 3308 per
671 3263 850 3308 duplicem
871 3273 892 3296 r
915 3263 1152 3297 exhibuimus.
1173 3281 1209 3287 —
1232 3263 1270 3295 in
1292 3263 1465 3295 aerarium
1485 3263 1633 3296 militare
1655 3262 1736 3304 cet]
1762 3262 1813 3296 Cf.
1831 3262 1896 3295 Dio
1914 3261 1969 3302 55,
1986 3260 2041 3294 25.
2061 3278 2097 3285 -

310 3319 364 3353 39.
382 3321 428 3354 Μ.
455 3320 614 3354 Claudius
635 3324 666 3354 et
688 3321 724 3354 L.
742 3320 932 3363 Arruntius]
957 3329 988 3353 a.
1015 3329 1050 3353 u.
1077 3319 1152 3353 732.
1179 3318 1232 3352 Cf.
1258 3319 1323 3351 Dio
1345 3318 1400 3360 54,
1427 3320 1457 3352 4.
1486 3335 1522 3342 —
1547 3318 1603 3352 40.
1630 3319 1688 3352 Cn.
1714 3322 1746 3352 ot
1766 3319 1802 3352 P.
1822 3316 1988 3359 Leonam]
2012 3325 2044 3350 a.
2061 3325 2098 3351 u.

310 3375 386 3408 736.
412 3375 462 3410 Cl'.
481 3377 546 3410 Dio
569 3377 623 3418 54,
643 3378 695 3411 47.
721 3376 880 3420 (imno
902 3376 945 3415 B;
972 3383 1119 3411 zamma
1135 3375 1180 3416 C;
1203 3381 1349 3409 mmm?
1363 3375 1410 3415 1.;
1435 3374 1516 3408 fort.
1538 3374 1694 3418 Lentuli.)
1712 3391 1748 3399 -
1774 3373 1829 3408 44.
1854 3370 1979 3417 εξεως]
2003 3368 2100 3421 ὑπὲρ

311 3426 501 3474 σιτήσεως
525 3432 700 3467 Franzius.
