2254 3770
262 304 347 349 262

743 306 790 350 Ρ.
822 304 1073 350 CORNELII
1102 304 1274 350 TACITI
1302 303 1572 351 ANNALIUM

264 411 609 456 coniunctionem
646 410 905 469 Agrippinae
941 416 984 455 et
1023 410 1262 455 Germanici
1301 409 1468 455 adnexa
1505 424 1754 456 communes
1796 418 2056 471 pronepotes

263 486 422 531 habuit.
457 486 678 531 sanctitate
708 484 862 529 domus
891 486 1081 544 priscum
1111 486 1166 530 ad
1194 499 1379 536 morem,
1412 486 1545 530 comis
1575 486 1684 531 ultra
1713 502 1843 547 quam
1873 489 2057 548 antiquis

263 562 431 606 feminis
467 562 712 620 probatum,
755 567 891 605 mater
928 562 1145 621 inpotens,
1181 575 1291 605 uxor
1326 561 1459 606 facilis
1490 568 1533 607 et
1570 577 1668 607 cum
1703 564 1867 608 artibus
1903 564 2056 616 mariti,

265 636 535 681 simulatione
565 636 639 679 filii
669 636 782 680 bene
814 637 1063 696 composita.
1110 637 1235 681 sunus
1265 637 1359 681 eius
1388 638 1623 690 modicum,
1655 644 1957 684 testamentum
1986 638 2060 684 diu

232 712 438 756 sinritum
467 712 554 755 fuit.
599 710 772 755 laudata
801 718 866 757 est
903 727 982 771 pro
1019 713 1169 757 rostris
1199 726 1226 757 a
1256 712 1300 757 C.
1333 713 1517 758 Caesare
1556 721 1810 773 pronepote,
1851 714 1926 774 qui
1961 728 2060 759 mox

265 802 411 832 rerum
439 787 600 845 potitus
631 792 708 830 est.

379 863 432 920 (2)
463 864 514 906 At
547 861 761 914 Tiberius,
805 862 923 921 quod
960 863 1174 922 supremis
1209 864 1252 907 in
1292 869 1471 908 matrem
1507 863 1658 908 officiis
1695 864 1919 915 defuisset,
1959 842 2062 909 nihil

265 943 427 982 mutata
456 937 713 982 amoenitate
743 938 856 982 vitae
886 938 1223 996 magnitudinem
1254 939 1522 998 negotiorum
1542 955 1622 999 per
1642 939 1801 985 litteras
1822 941 2062 994 excusavit3

266 1014 540 1071 honoresque
569 1013 805 1058 memoriae
826 1014 919 1058 eius
940 1014 995 1058 ab
1026 1021 1178 1059 senatu
1208 1014 1325 1073 large
1346 1014 1544 1059 decretos
1566 1016 1690 1074 quasi
1711 1030 1790 1074 per
1809 1016 2063 1061 modestiam

216 1101 253 1132 ω
266 1089 487 1140 imminuit,
518 1089 670 1147 paucis
700 1089 933 1133 admodum
964 1091 1149 1148 receptis
1180 1097 1222 1134 et
1251 1090 1397 1134 addito
1428 1105 1482 1135 ne
1513 1091 1710 1135 caelestis
1739 1091 1889 1150 religio
1910 1091 2063 1136 decer-

265 1171 459 1209 neretur:
499 1164 562 1208 sic
590 1164 729 1222 ipsam
758 1164 974 1208 maluisse.
1019 1166 1122 1223 quin
1154 1171 1196 1209 et
1230 1172 1352 1224 parte
1383 1166 1579 1210 eiusdem
1608 1166 1817 1224 epistulae
1852 1167 2064 1226 increpuit

267 1239 474 1285 amicitias
517 1238 772 1292 muliebres,
813 1240 979 1284 Fufium
1022 1240 1242 1285 consulem
1283 1240 1456 1300 oblique
1499 1243 1804 1300 perstringens.
1853 1242 1890 1286 is
1931 1243 2063 1301 gratia

266 1318 483 1375 Augustae
521 1314 743 1366 floruerat,
784 1322 909 1373 aptus
948 1315 1185 1360 alliciendis
1220 1316 1473 1360 feminarum
1508 1318 1677 1368 animis,
1721 1318 1844 1362 dicax
1879 1317 1994 1362 idem
2023 1323 2066 1362 et

267 1391 485 1436 Tiberium
514 1390 683 1434 acerbis
713 1390 878 1435 facetiis
909 1391 1098 1435 inridere
1128 1391 1297 1444 solitus,
1330 1405 1511 1450 quarum
1543 1392 1658 1450 apud
1687 1399 1992 1451 praepotentes
2021 1393 2064 1437 in

219 1479 255 1509 ⁴5
268 1466 443 1525 longum
471 1464 681 1510 memoria
710 1466 788 1510 est.

383 1543 437 1600 (3)
470 1542 671 1587 Ceterum
701 1555 755 1586 ex
784 1555 837 1585 eo
874 1549 1108 1605 praerupta
1142 1543 1226 1586 iam
1258 1548 1301 1587 et
1334 1525 1493 1600 urgens
1523 1542 1770 1587 dominatio.
1814 1557 1915 1587 nam
1949 1543 2067 1589 inco-

269 1618 373 1662 lumi
393 1619 583 1676 Augusta
602 1623 694 1662 erat
714 1617 855 1661 adhuc
875 1618 1127 1675 perfugium,
1154 1620 1255 1677 quia
1276 1618 1444 1662 Tiberio
1466 1617 1746 1662 inveteratum
1767 1632 1871 1676 erga
1888 1625 2067 1663 matrem

271 1693 543 1752 obsequium,
575 1707 720 1752 neque
742 1693 923 1737 Seianus
947 1693 1135 1738 audebat
1164 1694 1403 1738 auctoritati
1433 1694 1623 1752 parentis
1653 1694 1801 1738 antire.
1832 1701 1933 1739 tunc
1953 1694 2070 1739 velut

270 1769 401 1814 frenis
423 1768 604 1814 exsoluti
625 1774 926 1827 proruperunt,
959 1769 1206 1828 missaeque
1230 1770 1272 1813 in
1292 1769 1568 1828 Agrippinam
1587 1782 1639 1813 ac
1656 1770 1871 1814 Neronem
1889 1769 2066 1822 litterae,

336 1893 369 1926 5.
393 1891 514 1925 rostris
535 1899 713 1924 accaesare
734 1891 781 1925 M.

270 2000 361 2033 Nam
390 1997 622 2031 Germanicus
651 1997 768 2030 Druso
798 1997 895 2030 ortus
919 1997 1035 2030 Liviae
1060 2005 1144 2030 san-

271 2049 367 2092 guis,
403 2048 594 2090 Agrippina
622 2055 664 2080 ex
697 2045 783 2079 Iulia
812 2047 955 2088 sanguis
985 2047 1142 2087 Augusti.

270 2100 359 2131 Lirs.
388 2116 424 2123 —-
447 2101 557 2130 mater
578 2096 739 2139 inpotens]
766 2095 923 2138 Intellige
947 2096 992 2129 de
1016 2097 1145 2129 immo-

271 2149 351 2182 dico
381 2148 517 2188 studio,
550 2156 621 2190 quo
651 2147 842 2189 imperium
865 2146 935 2179 filio
960 2148 1146 2188 paraverat

273 2200 309 2232 et
331 2198 580 2232 dominationis
611 2197 820 2230 societatem
847 2195 915 2229 sibi
938 2196 1143 2238 adrogabat.

272 2249 324 2283 Cf.
350 2250 384 2289 4,
409 2247 450 2281 4:
485 2247 641 2280 accedere
679 2246 743 2288 (ad
772 2245 971 2287 Tiberium)
1005 2250 1148 2278 matrem

272 2298 429 2343 (Liviam)
453 2297 606 2331 muliebri
628 2297 834 2338 inpotentia:
865 2297 1074 2330 serviendum
1095 2297 1147 2338 fe-

271 2350 383 2383 minae
406 2349 475 2381 cet.
511 2347 550 2389 4,
575 2348 638 2381 57:
676 2348 834 2380 Traditur
865 2348 967 2380 etiam
996 2348 1148 2379 matris

272 2399 517 2441 inpotentia
551 2402 746 2438 extrusum,
783 2407 885 2439 quam
915 2397 1149 2430 dominationis

272 2450 397 2483 sociam
425 2449 671 2490 aspernabatur
691 2457 796 2489 neque
818 2448 976 2489 depellere
1003 2451 1146 2489 poterat,

272 2509 349 2533 cum
381 2500 639 2532 dominationem
672 2499 781 2539 ipsam
809 2499 932 2531 donum
962 2499 1030 2530 eius
1052 2507 1148 2530 acce-

269 2550 381 2592 pisset.
408 2549 576 2582 Ceterum
601 2548 645 2581 de
668 2548 763 2580 Livia
789 2548 830 2582 cf.
852 2548 959 2581 etiam
976 2549 1147 2581 Senecam

275 2598 320 2633 de
346 2598 457 2633 Clem.
484 2599 516 2639 i,
539 2598 572 2631 9.
600 2597 741 2631 Consol.
767 2598 812 2630 ad
829 2599 937 2632 Mare.
955 2598 1053 2630 2—4.
1079 2598 1150 2631 Ma-

276 2649 374 2684 crob.
401 2650 540 2681 Saturn.
565 2648 598 2689 2,
623 2648 655 2680 ὅ.
684 2666 720 2671 -—
745 2657 838 2681 umor
858 2648 979 2691 facilis]
1005 2649 1068 2680 Dio
1091 2648 1146 2688 58,

275 2702 316 2734 2:
352 2696 586 2741 Πυθομένου
618 2695 722 2740 τινὸς
745 2697 885 2741 αὐτῆς,
923 2696 1002 2739 πῶς
1025 2698 1090 2730 καὶ
1113 2698 1150 2729 τί

276 2746 408 2798 δρῶσα
436 2743 537 2782 οὕτω
564 2747 633 2782 τοῦ
666 2745 892 2793 Αὐγούστου
916 2746 1150 2795 κατεκράτη-

277 2811 363 2842 σεν,
387 2796 618 2847 ἀπεκρίνατο
641 2795 701 2832 ὅτι
717 2796 815 2843 αὐτή
831 2809 871 2833 τε
886 2795 1055 2846 ἀκριβῶς
1072 2810 1150 2832 σω-

277 2863 308 2894 φ
334 2849 483 2885 ονοῦσα
515 2850 581 2883 καὶ
611 2849 735 2883 πάντα
764 2847 812 2883 τὰ
834 2848 1025 2884 δοκοῦντα
1047 2847 1150 2893 αὐτῷ

278 2897 303 2947 ἦ
328 2902 399 2943 έως
438 2898 607 2934 ποιοῦσα
643 2900 709 2933 καὶ
744 2899 845 2944 μήτε
878 2896 974 2933 ἄλλο
1007 2911 1043 2934 τι
1076 2898 1151 2932 τῶν

280 2952 429 2986 ἐκείνου
460 2949 840 3008 πολυπραγμονοῦσα
866 2951 933 2984 καὶ
955 2948 1003 2984 τὰ
1025 2947 1152 2997 ἀφρο-

279 3001 386 3035 δίσια
421 2997 542 3035 αὐτοῦ
578 2999 785 3047 αθύρματα
821 2998 919 3045 μήτε
957 2999 1152 3034 διώκουσα

279 3051 380 3097 μήτε
409 3049 669 3085 αἰσθάνεσθαι
699 3052 1027 3098 προσποιουμένη.
1063 3053 1153 3084 Sue-

281 3100 356 3137 ton.
381 3104 469 3145 Aug.
495 3103 555 3135 7⁴:
593 3101 693 3135 Circa
714 3101 863 3134 libidines
884 3102 1005 3142 haesit;
1038 3105 1153 3143 postea

282 3161 433 3195 quoque,
471 3155 510 3186 ut
543 3151 675 3194 ferunt,
723 3152 767 3184 ad
803 3152 971 3184 vitiandas
1007 3152 1155 3194 virgines

278 3204 484 3246 promptior,
509 3211 596 3246 quae
617 3200 679 3234 sibi
700 3201 846 3242 undique
868 3203 969 3235 etiam
989 3202 1031 3234 ab
1047 3211 1154 3235 uxore

282 3254 568 3295 conquirerentur.
596 3270 632 3277 —
664 3251 741 3284 bene
763 3253 961 3294 composita]
994 3261 1068 3294 par,
1094 3262 1152 3285 re-

283 3312 476 3346 sponsans,
513 3302 560 3335 ita
593 3302 633 3335 ut
661 3309 778 3343 neque
808 3301 942 3334 artibus
972 3301 1061 3335 illius
1086 3311 1153 3335 nec

283 3353 388 3386 huius
422 3352 644 3387 simulatione
679 3350 869 3394 caperetur
898 3359 939 3382 ac
963 3347 1150 3392 falleretur,

284 3412 352 3436 nec
374 3409 460 3436 vero
482 3402 702 3436 contumacia
719 3409 781 3434 eos
797 3398 1012 3437 offenderem
1040 3403 1154 3434 meta-

283 3452 397 3495 phora
421 3450 525 3486 ducta
549 3461 570 3485 a
592 3450 826 3494 gladiatorum
847 3449 1006 3493 paribus,
1032 3450 1150 3483 Horat.

1195 1997 1265 2029 sat.
1291 1997 1323 2036 ⁴,
1349 1996 1382 2036 7,
1409 1996 1468 2028 ⁴9:
1498 2005 1568 2036 par
1586 2000 1737 2038 pugnat,
1762 1997 1813 2029 uli
1835 2006 1902 2030 non
1920 1997 2068 2039 'Corripe-

1194 2046 1249 2078 siti
1275 2045 1390 2078 melius
1419 2055 1494 2078 cum
1517 2047 1612 2078 Bitho
1636 2047 1810 2079 Bacchius.
1852 2047 1894 2079 Et
1923 2049 2070 2089 propter

1195 2097 1286 2129 hanc
1309 2096 1474 2129 astutiam
1499 2095 1652 2138 Caligula
1676 2098 1791 2130 aviam
1817 2092 1946 2130 Ulixem
1967 2098 2069 2130 stola-

1194 2150 1266 2179 tum
1295 2146 1511 2178 nominabat.
1543 2147 1685 2179 Sueton.
1713 2146 1821 2188 Calig.
1847 2148 1900 2180 23.
1938 2164 1972 2171 —
2011 2149 2071 2181 diu

1194 2195 1344 2238 inritum]
1369 2197 1511 2229 Sueton.
1537 2196 1611 2229 Tib.
1630 2198 1667 2229 54
1686 2206 1693 2228 ε
1721 2197 1962 2230 Testamentum
1985 2207 2071 2239 quo-

1196 2251 1258 2287 que
1279 2247 1349 2279 eius
1364 2247 1511 2287 (matris)
1533 2253 1597 2286 pro
1619 2247 1720 2279 irrito
1739 2246 1854 2280 habuit
1869 2246 2067 2289 (Tiberius).

1195 2299 1309 2338 Atque
1332 2294 1483 2337 Caligula
1509 2295 1655 2329 demum
1682 2297 1793 2339 legata
1814 2306 1859 2330 ex
1881 2301 2071 2331 testamento

1195 2347 1301 2379 Iuliae
1326 2346 1511 2388 Augustae,
1543 2347 1630 2387 quod
1654 2347 1799 2380 Tiberius
1828 2350 2068 2388 suppresserat,

1196 2406 1271 2429 cum
1292 2397 1356 2438 fide
1378 2405 1419 2428 ac
1441 2397 1511 2428 sine
1525 2396 1699 2430 calumnia
1718 2401 1970 2438 repraesentata
1988 2407 2070 2439 per-

1196 2447 1310 2486 solvit,
1335 2448 1372 2479 ut
1396 2445 1505 2479 refert
1525 2447 1711 2480 Suetonius
1729 2446 1835 2489 Calig.
1857 2448 1909 2480 46.
1935 2447 1987 2481 Cf.
2005 2447 2069 2481 Dio

1241 2548 1273 2579 2.
1299 2556 1331 2588 q.
1355 2547 1519 2588 supremis
1539 2546 1576 2579 in
1597 2555 1642 2580 m.
1668 2547 1784 2590 officiis
1806 2547 1969 2590 defuisset]
2005 2547 2070 2581 Dio

1198 2598 1252 2636 58,
1270 2598 1310 2629 2:
1336 2597 1401 2630 καὶ
1423 2592 1546 2639 αὐτὴν
1570 2593 1592 2629 ὁ
1617 2596 1791 2644 Τιβέριος
1814 2592 1904 2630 οὔτε
1926 2594 2070 2630 νοσοῦ-

1200 2657 1274 2680 σαν
1297 2647 1543 2689 ἐπεσκέψατο
1564 2643 1642 2681 οὔτ’
1657 2643 1937 2681 ἀποθανοῦσαν
1952 2643 2071 2690 αὐτὸς

1200 2698 1385 2744 προέθετο
1400 2697 1479 2731 κτλ.
1506 2699 1648 2731 Sueton.
1667 2698 1743 2730 Tib.
1760 2699 1797 2730 5⁴
1812 2707 1819 2729 τ
1848 2698 1924 2730 Toto
1939 2698 2071 2738 quidem

1199 2748 1361 2788 triennio,
1387 2757 1452 2788 quo
1474 2749 1601 2781 vivente
1621 2751 1731 2781 matre
1752 2748 1855 2790 afuit,
1880 2748 1978 2781 semel
1997 2757 2071 2782 ont-

1199 2798 1278 2830 nino
1301 2807 1375 2830 eam
1397 2807 1457 2830 nec
1479 2798 1623 2839 amptius
1638 2807 1740 2838 quam
1761 2806 1828 2830 uno
1851 2798 1903 2831 die
1926 2807 1967 2830 ac
1985 2807 2072 2839 pau-

1199 2849 1336 2881 cissimis
1368 2848 1452 2880 vidit
1483 2848 1590 2888 horis,
1627 2856 1669 2880 ac
1701 2857 1782 2880 mox
1814 2857 1919 2889 neque
1947 2857 2072 2890 aegrae

1201 2898 1312 2931 adesse
1333 2898 1465 2930 curavit
1487 2898 1740 2940 defunctamque
1762 2901 1811 2938 et,
1845 2898 1923 2930 dum
1945 2899 2072 2930 adven—

1200 2952 1252 2981 tus
1274 2948 1326 2980 sui
1348 2957 1438 2989 spem
1455 2947 1556 2989 facit,
1581 2947 1800 2988 complurium
1816 2948 1946 2980 dierum
1958 2957 2069 2989 mora,

1200 3002 1357 3039 corrupto
1379 2998 1511 3031 demum
1532 3001 1563 3030 et
1585 2997 1696 3030 tabido
1717 3006 1857 3038 corpore
1875 2998 2072 3040 funeratam

1196 3048 1367 3091 prohibuit
1388 3047 1593 3088 consecrari,
1619 3047 1717 3088 quasi
1732 3047 1767 3079 id
1781 3047 1854 3088 ipsa
1868 3048 2069 3081 mandasset.

1206 3117 1240 3123 —-
1263 3099 1382 3140 paucis
1403 3098 1582 3130 admodum
1603 3097 1751 3140 receptis]
1778 3097 1839 3130 Dio
1862 3095 1884 3129 l.
1911 3096 1953 3130 l.:
1980 3092 2070 3130 οὐδὲ

1201 3149 1241 3191 ἐς
1263 3146 1378 3192 τιμὴν
1400 3144 1495 3181 ἄλλο
1517 3157 1553 3181 τι
1569 3145 1665 3194 αὐτῇ
1683 3143 1782 3190 πλὴν
1796 3145 1865 3190 τῆς
1878 3144 2071 3190 δημοσίας

1202 3198 1372 3246 ἐκφορᾶς
1395 3199 1459 3231 καὶ
1483 3195 1642 3231 εἰκόνιον
1663 3198 1729 3231 καὶ
1751 3196 1887 3244 ἑτέρων
1903 3206 1943 3230 τε
1958 3195 2071 3230 τινῶν

1202 3246 1358 3292 οὐδενὸς
1387 3245 1505 3292 ἀξίων
1527 3244 1687 3292 ἔνειμεν.
1725 3266 1751 3272 -
1783 3257 1825 3280 ne
1846 3248 1993 3281 caelestis
2013 3256 2071 3281 re-

1201 3301 1280 3343 liqio
1303 3299 1542 3342 decerneretur]
1567 3299 1630 3332 Dio
1650 3298 1671 3331 l.
1691 3298 1734 3331 1.:
1759 3293 2070 3342 ἀθανατισθῆναι

1202 3347 1325 3394 αὐτὴν
1347 3346 1525 3396 ἄντικρυς
1547 3345 1822 3395 ἀπηγόρευσεν.
1856 3349 1998 3381 Divinos
2021 3347 2071 3381 ta-

1203 3410 1285 3434 men
1310 3401 1464 3433 honores
1489 3401 1610 3442 postea
1634 3399 1666 3431 ei
1693 3397 1813 3431 tribuit
1835 3407 1947 3440 nepos
1971 3395 2072 3432 clau-

1203 3448 1300 3492 dius,
1326 3449 1440 3491 effigie
1465 3450 1540 3482 eius
1563 3449 1598 3482 in
1622 3447 1753 3491 templo
1772 3442 1918 3490 Augusti
1941 3453 2071 3482 conse-
