2254 3770
272 298 299 341 4
745 298 789 340 P.
822 296 1069 340 CORNELII
1099 295 1268 340 TACITI
1295 294 1563 338 ANNALIUM

273 402 437 447 socium
478 403 698 461 geminatis
727 401 1017 447 consulatibus
1047 401 1210 452 extulit,
1256 415 1355 444 mox
1382 400 1580 444 defuncto
1611 398 1808 444 Marcello
1838 410 2043 456 generum

271 477 469 536 sumpsit3
499 478 710 523 Tiberium
738 479 948 522 Neronem
978 484 1020 522 et
1049 476 1271 521 Claudium
1301 477 1485 519 Drusum
1514 475 1731 534 privignos
1761 472 2044 533 imperatoriis

271 552 512 597 nominibus
556 554 671 598 auxit
711 553 874 610 integra
917 553 1043 596 etiam
1085 559 1172 595 tum
1213 552 1340 595 domo
1378 565 1467 594 sua.

1527 564 1624 593 nam
1661 549 1824 608 genitos
1861 549 2045 607 Agrippa

271 627 421 672 Gaium
451 642 502 672 ac
530 629 706 673 Lucium
733 628 773 670 in
793 627 991 671 familiam
1013 628 1243 672 Caesarum
1270 625 1494 669 induxerat
1521 625 1704 668 necdum
1731 625 1869 683 posita
1893 622 2046 682 puerili

239 709 487 761 fipraetexta
516 703 731 761 principes
761 703 987 747 iuventutis
1018 702 1243 760 appellari,
1284 700 1485 744 destinari
1516 699 1714 744 consules
1744 699 1889 758 specie
1920 712 2047 742 recu-

269 778 400 822 santis
435 777 759 836 flagrantissime
796 778 1025 835 cupiverat.
1071 784 1116 820 ut
1145 777 1330 834 Agrippa
1359 777 1440 818 vita
1470 775 1699 826 concessit,
1743 775 1788 818 L.
1820 774 2047 818 Caesarem

269 860 440 898 euntem
469 853 524 897 ad
554 852 844 911 Hispaniensis
866 852 1098 904 exercitus,
1130 852 1280 895 Gaium
1300 857 1561 895 remeantem
1580 849 1780 893 Armenia
1799 856 1842 893 et
1871 848 2047 893 vulnere

267 927 498 972 invalidum
529 942 645 972 mors
666 928 749 971 fato
770 941 954 985 propera
973 926 1040 971 vel
1062 940 1271 970 novercae
1292 926 1436 969 Liviae
1459 924 1583 970 dolus
1603 923 1788 976 abstulit,
1819 925 2048 982 Drusoque

267 1003 434 1061 pridem
464 1004 646 1048 extincto
674 1004 784 1047 Nero
814 1001 930 1046 solus
961 1016 984 1046 e
1013 1001 1217 1060 privignis
1246 1008 1353 1052 erat,
1386 1000 1484 1044 illuc
1513 1007 1663 1044 cuncta
1690 1013 1891 1057 vergere:
1921 998 2045 1050 filius,

217 1088 255 1119 ιο
269 1078 431 1137 collega
461 1079 646 1137 imperii,
683 1091 859 1122 consors
889 1076 1140 1121 tribuniciae
1177 1077 1397 1134 potestatis
1435 1075 1671 1119 adsumitur
1708 1075 1933 1133 omnisque
1970 1088 2049 1133 per

268 1154 480 1198 exercitus
509 1159 759 1204 ostentatur,
793 1167 877 1196 non
907 1152 1122 1203 obscuris,
1162 1159 1207 1195 ut
1237 1158 1379 1202 antea,
1412 1152 1557 1195 matris
1588 1150 1768 1202 artibus,
1800 1151 1879 1195 sed
1906 1149 2048 1208 palam

269 1228 449 1273 hortatu.
508 1243 605 1272 nam
636 1242 782 1272 senem
811 1230 1044 1285 Augustum
1085 1227 1333 1270 devinxerat
1371 1227 1498 1276 adeo,
1538 1227 1596 1270 uti
1632 1232 1832 1284 nepotem
1861 1225 2046 1276 unicum,

267 1303 496 1362 Agrippam
525 1305 790 1354 Postumum,
822 1303 865 1346 in
896 1302 1075 1346 insulam
1105 1302 1342 1345 Planasiam
1372 1302 1620 1359 proiecerit,
1657 1301 1808 1345 rudem
1838 1314 1942 1344 sane
1971 1301 2049 1344 bo-

269 1393 419 1423 narum
449 1378 600 1423 artium
630 1385 673 1422 et
701 1378 856 1422 robore
887 1379 1078 1435 corporis
1108 1376 1260 1420 stolide
1290 1377 1493 1427 ferocem,
1538 1376 1697 1420 nullius
1732 1383 1873 1420 tamen
1903 1375 2050 1433 flagitii

220 1469 258 1502 45
271 1460 532 1512 conpertum.
590 1460 632 1498 at
674 1452 856 1497 Hercule
894 1452 1191 1496 Germanicum
1230 1453 1370 1495 Druso
1410 1459 1548 1496 ortum
1583 1459 1679 1496 octo
1717 1458 1819 1509 aput
1855 1450 2050 1496 Rhenum

270 1529 508 1588 legionibus
538 1528 743 1587 inposuit,
783 1527 1024 1586 adscirique
1056 1541 1132 1585 per
1162 1526 1434 1585 adoptionem
1464 1541 1489 1571 a
1519 1527 1686 1572 Tiberio
1718 1526 1859 1579 iussit,
1899 1539 2051 1584 quam-

336 1683 368 1716 3.
392 1685 462 1714 tum
482 1679 647 1714 Wolfius:
673 1681 751 1713 dum
774 1680 817 1713 M.
843 1680 893 1713 Cf.
913 1680 943 1720 ⁴,
966 1680 1020 1712 77.
1044 1680 1077 1720 2,
1099 1679 1153 1713 36.
1179 1679 1210 1720 3,
1237 1680 1291 1713 48.
1319 1698 1355 1704 -
1379 1680 1507 1722 qenieus
1528 1688 1583 1722 pr.
1608 1680 1641 1713 M
1665 1696 1701 1702 —
1728 1679 1762 1712 ὅ.
1787 1678 1946 1712 destinari
1967 1678 2050 1711 Aci-

273 1736 402 1771 dalius:
428 1737 590 1770 destinare
614 1737 648 1770 M
663 1754 705 1761 —
726 1737 824 1777 spetie
839 1736 873 1769 M
888 1752 924 1758 -
951 1735 983 1767 7.
1007 1736 1221 1777 hispaniensis
1234 1745 1288 1778 pr.
1307 1737 1357 1770 M:
1382 1736 1603 1777 hispanienses
1618 1744 1710 1769 corr.
1727 1736 1762 1770 M
1784 1735 1912 1768 eadem
1926 1742 2046 1768 manu.

273 1811 310 1818 —
338 1793 390 1827 43,
411 1794 594 1835 planesiam
615 1801 669 1836 pr.
694 1793 728 1826 M
753 1811 788 1816 —
819 1791 873 1824 ⁴3.
893 1792 1069 1832 proiecerit
1096 1792 1206 1824 Ritter
1236 1793 1273 1825 et
1293 1792 1565 1825 Weissenborn:
1602 1792 1781 1834 proiecerat
1802 1792 1855 1831 M;
1887 1791 2050 1833 proiceret

271 1848 476 1884 Beroaldus.
503 1868 539 1874 —-
565 1850 618 1882 ⁴5.
642 1848 794 1883 herculae
815 1849 850 1882 M
874 1866 910 1872 -
934 1847 1071 1881 rhenum
1094 1849 1138 1882 M.

271 1976 422 2021 Aqrippa
435 1974 550 2007 navali
564 1982 689 2006 corona
703 1973 840 2015 insignis
853 1973 988 2005 unicum
1000 1973 1134 2014 adeptus

272 2028 359 2060 inter
380 2025 469 2058 aona
482 2024 645 2057 militaria
660 2024 781 2056 decus?
805 2040 841 2045 -—-
865 2024 1040 2065 qeminatis
1054 2032 1134 2055 con--

272 2075 443 2118 sulatibus]
477 2074 685 2107 continuatis
715 2082 747 2105 a.
778 2073 853 2106 726.
887 2074 922 2105 et
951 2073 1039 2113 727„
1076 2073 1136 2115 qui

273 2127 387 2160 honos
410 2125 515 2158 etiam
537 2125 660 2166 postea
685 2123 850 2164 (exceptis
869 2122 1045 2155 interdum
1068 2124 1136 2154 im-

274 2174 506 2220 peratoribus)
523 2173 626 2216 plane
641 2171 798 2206 insolitus
815 2174 901 2205 erat.
915 2190 950 2195 —
966 2171 1136 2213 Marcello]

276 2227 337 2269 qui
359 2224 481 2258 Iuliam
503 2225 538 2256 in
560 2222 782 2256 matrimonio
798 2221 988 2263 habuerat,
1012 2223 1137 2264 Agrip—

275 2285 341 2319 pae
371 2277 494 2318 postea
522 2274 565 2315 (a.
590 2272 698 2314 733.)‚
733 2273 950 2314 postremum
980 2273 1022 2314 (a.
1048 2271 1136 2313 743.)

275 2326 415 2360 Tiberio
439 2326 596 2367 nuptam.
617 2341 652 2347 —
666 2322 850 2365 priviqnos]
875 2322 1002 2355 Tiberii
1025 2324 1138 2355 Nero-

277 2377 332 2410 nis
354 2378 390 2409 et
404 2375 519 2408 Liviae
534 2371 706 2407 Drusillae
722 2371 822 2405 filios.
844 2390 879 2396 -
904 2372 1136 2415 imperatoriis]

277 2435 321 2460 ea
349 2425 617 2467 significatione,
655 2432 745 2464 quae
767 2424 910 2467 ⁸veteris
943 2422 1063 2465 populi
1096 2424 1135 2455 R.

275 2475 496 2518 temporibus
529 2472 721 2507 obtinebat.
767 2471 870 2506 Velut
902 2472 1060 2506 Tiberius
1094 2472 1138 2505 de

278 2525 460 2559 Germanis
488 2525 679 2567 imperator
710 2522 904 2565 appellatus
929 2524 983 2556 est
1005 2531 1036 2555 a.
1061 2523 1137 2555 759.

278 2577 346 2609 cet.
376 2576 440 2608 Dio
456 2575 510 2615 55,
535 2574 588 2607 28.
622 2574 672 2606 De
689 2570 792 2606 Drusi
807 2582 891 2605 vero
915 2573 1140 2615 imperatorio

280 2625 423 2659 nomine
439 2622 522 2657 nihil
538 2624 788 2665 praeterquam
805 2632 847 2655 ex
863 2623 931 2655 hoc
943 2623 1048 2655 Taciti
1063 2621 1140 2654 loco

278 2675 429 2709 constat.
446 2691 482 2696 —
496 2673 621 2715 qenitos
635 2672 795 2714 Agrippa]
820 2672 943 2704 Gaium
965 2674 1086 2705 natum
1107 2680 1139 2705 a.

278 2724 369 2764 734„
394 2724 531 2756 Lucium
548 2722 690 2755 biennio
706 2723 778 2754 toto
793 2722 979 2756 minorem.
1003 2723 1066 2754 Dio
1083 2721 1137 2762 54,

279 2774 334 2807 ⁴8.
367 2774 510 2806 Sueton.
544 2773 663 2805 octav.
688 2771 747 2805 64:
788 2772 909 2805 Gaium
943 2775 973 2804 et
1003 2772 1141 2804 Lucium

278 2823 466 2864 adoptavit,
501 2822 589 2855 domi
605 2830 669 2863 per
691 2830 795 2854 assem
823 2825 853 2854 et
879 2821 998 2854 libram
1020 2825 1142 2863 emptos

279 2882 303 2906 a
321 2876 420 2915 patre
439 2872 590 2914 Agrippa
613 2872 654 2912 (a.
673 2871 759 2912 737).
805 2872 856 2904 De
880 2871 934 2904 his
957 2871 1047 2904 conf.
1072 2871 1141 2904 im-

278 2923 401 2966 primis
423 2922 546 2955 Norisii
570 2921 770 2962 cenotaphia
791 2921 922 2953 Pisana.
944 2939 978 2944 —
1003 2922 1141 2954 necdum

276 2973 386 3014 posita
409 2970 532 3013 puerili
555 2970 745 3012 praetexta]
774 2971 866 3003 Mon.
890 2972 1020 3011 Ancyr.
1053 2970 1137 3003 Tab.

279 3022 326 3063 ΙΙ,
350 3021 411 3055 44:
436 3021 536 3054 Filios
549 3029 652 3061 meos,
675 3028 754 3060 quos
765 3020 899 3052 sinistra
911 3020 1047 3061 fortuna
1061 3020 1141 3052 mihi

279 3072 417 3112 eripuit,
454 3078 568 3103 eorum
602 3069 724 3102 Gaium
758 3073 787 3101 et
816 3069 954 3101 Lucium
984 3070 1142 3102 Caesares

280 3121 412 3154 honoris
431 3120 495 3153 mei
517 3127 621 3152 causa
642 3122 773 3151 senatus
790 3119 995 3159 populusque
1017 3120 1139 3151 Roma-

279 3179 358 3211 nus,
380 3172 556 3211 postquam
575 3172 754 3208 utrumque
774 3168 887 3200 consul
901 3169 968 3208 ipse
982 3168 1017 3200 in
1030 3169 1140 3209 forum

281 3220 420 3260 deduxi,
456 3227 580 3252 annum
608 3218 759 3260 quintum
781 3221 811 3250 et
833 3218 992 3250 decimum
1015 3219 1141 3259 ayenlis

282 3270 427 3303 consules
448 3269 648 3311 desiqnavit,
671 3271 708 3300 ut
729 3276 804 3300 eum
825 3268 1058 3309 maqistratum
1079 3268 1141 3299 ini-

281 3322 355 3353 rent
386 3322 460 3359 post
494 3317 753 3360 quinquennium
786 3320 816 3350 et
850 3325 893 3349 ex
923 3326 959 3349 eo
993 3317 1043 3348 die
1076 3326 1140 3358 quo

283 3369 411 3402 Mucii
438 3372 513 3401 sunt
540 3369 576 3401 in
602 3368 713 3410 forum
733 3370 771 3400 ut
791 3367 978 3399 interessent
999 3367 1142 3399 consiliis

280 3418 437 3461 publicis,
460 3418 600 3451 decrevit
620 3420 762 3451 senatus.
795 3416 929 3457 Equites
951 3419 1061 3449 autem
1075 3416 1140 3449 Ro·

1185 1974 1278 2006 mani
1298 1974 1444 2007 universi
1463 1974 1647 2016 principem
1676 1974 1852 2008 iuventutis
1871 1977 2051 2016 utrumque

1185 2032 1299 2057 eorum
1332 2025 1462 2065 parmis
1494 2028 1524 2057 et
1555 2025 1658 2057 hastis
1690 2025 1853 2066 arqenteis
1890 2025 2051 2057 donatum

1186 2074 1447 2115 appellaverunt.
1474 2091 1510 2097 —
1535 2077 1572 2106 ut
1592 2074 1744 2116 Ayrippa
1763 2084 1796 2108 v.
1820 2074 1863 2117 c.]
1897 2074 2050 2117 Agrippa

1187 2124 1340 2157 decessit
1362 2125 1635 2166 quinquaqesimo
1656 2134 1723 2157 uno
1744 2127 1863 2166 raptus
1884 2133 1990 2164 anno,
2013 2124 2051 2156 in

1187 2175 1355 2208 tormentis
1365 2174 1604 2206 adulteriorum
1615 2175 1763 2217 coniugis
1776 2174 1943 2216 socerique
1950 2182 2052 2216 prae-

1185 2224 1284 2266 9ravi
1317 2224 1460 2257 servitio.
1507 2222 1590 2256 Plin.
1617 2226 1656 2257 N.
1682 2225 1724 2257 H.
1749 2225 1788 2265 7,
1824 2223 1844 2266 5
1867 2223 1921 2257 45.
1950 2242 1986 2249 -—
2009 2225 2049 2257 L.

1188 2274 1525 2307 Caesarem--mors
1545 2274 1570 2315 f.
1582 2275 1744 2315 propera]
1767 2275 1912 2307 Sueton.
1930 2274 2049 2307 Octav.

1188 2324 1246 2356 65:
1271 2324 1393 2357 Gaium
1406 2327 1436 2356 et
1449 2324 1590 2356 Lucium
1604 2324 1639 2356 in
1654 2324 1876 2366 duodeviginti
1891 2324 2052 2356 mensium

1186 2375 1293 2415 spatio
1316 2374 1427 2406 amisit
1445 2373 1574 2414 ambos,
1600 2374 1685 2407 Gaio
1708 2375 1744 2407 in
1765 2375 1873 2415 Lycia
1895 2373 2053 2417 (Limyris

1188 2423 1308 2457 Vellei.
1326 2424 1359 2465 2,
1385 2424 1460 2456 ⁴02.
1479 2433 1510 2456 a.
1529 2423 1564 2456 d.
1581 2424 1637 2457 IX.
1655 2423 1728 2459 Kal.
1745 2425 1844 2459 Mart.
1861 2433 1893 2458 a.
1910 2425 1986 2458 757.
2008 2432 2052 2457 ex

1188 2473 1332 2507 volnere
1356 2473 1401 2507 ad
1423 2475 1619 2516 Artagiram
1641 2476 1818 2518 accepto),
1842 2475 1945 2508 Lucio
1957 2475 2053 2509 Ma:-

1187 2524 1281 2557 siliae
1311 2524 1354 2565 (a.
1388 2523 1423 2556 d.
1456 2524 1542 2557 XIII.
1572 2523 1645 2558 Kal.
1677 2526 1773 2567 Sept.
1806 2534 1838 2558 a.
1869 2524 1962 2566 755.)
1994 2525 2053 2558 do-

1187 2574 1320 2615 functis.
1347 2591 1384 2597 —
1409 2574 1523 2606 Liviae
1545 2574 1648 2616 dolus]
1682 2576 1835 2608 Zonaras
1856 2574 1905 2617 X,
1929 2573 1985 2608 36.
2014 2582 2051 2616 p.

1190 2624 1271 2656 559:
1297 2618 1323 2667 ἧ
1345 2633 1386 2656 τε
1409 2617 1478 2656 οὖν
1500 2623 1617 2664 Λιβία
1639 2623 1701 2658 ἐπὶ
1722 2622 1775 2668 τῷ
1790 2621 1948 2669 θανάτῳ
1961 2620 2055 2657 τού-

1189 2683 1264 2706 των
1293 2674 1342 2714 (C.
1369 2674 1404 2706 et
1430 2675 1469 2706 L.
1496 2674 1697 2715 Caesarum)
1730 2670 1960 2717 ὑπωπτεύθη
1987 2673 2055 2708 καὶ

1191 2718 1212 2755 ὁ
1242 2721 1414 2770 Τιβέριος
1449 2719 1495 2756 οὐ
1530 2722 1655 2768 πολλῷ
1691 2721 1875 2781 πρότερον
1908 2723 1953 2758 ἐκ
1984 2722 2055 2767 τῆς

1186 2770 1322 2806 Ῥόδου
1347 2771 1442 2820 πρὸς
1463 2771 1533 2817 τὴν
1544 2770 1697 2817 Ῥώμην
1712 2771 1997 2817 υπονοστήσας.
2013 2790 2050 2797 -

1189 2824 1364 2864 Drusoque
1375 2824 1505 2864 pridem
1515 2824 1670 2866 extincto]
1685 2825 1775 2856 Ante
1788 2832 1900 2857 annos
1915 2823 2056 2856 circiter

1189 2873 1260 2905 X11.
1285 2874 1320 2906 in
1345 2875 1528 2906 Germania
1552 2883 1595 2906 ex
1617 2873 1788 2914 fractura,
1825 2881 1917 2915 equo
1946 2880 2055 2915 super

1190 2930 1270 2955 crus
1305 2924 1379 2956 eius
1414 2922 1588 2965 collapso,
1623 2925 1783 2956 mortuus
1815 2923 1891 2956 erat
1917 2931 1951 2955 a.
1975 2921 2052 2956 745.

1153 3004 1157 3008 .
1190 2972 1262 3004 Liv.
1288 2973 1375 3014 Epit.
1395 2972 1469 3005 ⁴40.
1494 2973 1558 3005 Dio
1574 2974 1628 3006 55.
1652 2973 1761 3005 initio.
1786 2971 1885 3006 ovid.
1909 2971 2001 3005 Fast.
2019 2972 2051 3012 4,

1190 3022 1273 3053 597:
1307 3023 1351 3055 Et
1371 3026 1509 3055 mortem
1537 3025 1568 3055 et
1594 3031 1712 3055 nomen
1735 3022 1848 3055 Druso
1870 3020 2054 3055 Germania

1187 3071 1285 3112 fecit:
1317 3074 1371 3105 Me
1391 3073 1565 3112 miserum,
1596 3073 1703 3105 virtus
1731 3080 1834 3114 quam
1861 3070 1968 3104 brevis
1992 3070 2053 3103 illa

1188 3120 1275 3162 fuit!
1310 3122 1361 3155 De
1377 3123 1481 3156 Drusi
1504 3121 1611 3156 rebus
1633 3122 1740 3164 gestis
1762 3123 1868 3164 atque
1892 3119 1990 3154 obitu
2005 3119 2050 3154 cf.

1191 3171 1295 3203 etiam
1311 3172 1438 3205 Uckert
1460 3172 1657 3205 Germanien
1679 3180 1713 3214 p.
1731 3171 1786 3204 29.
1805 3188 1842 3195 —
1857 3170 1947 3213 nlius
1969 3168 2052 3212 cen]

1191 3219 1375 3262 adoptatus
1405 3223 1441 3253 et
1468 3222 1597 3254 iterum
1629 3220 1835 3254 tribuniciae
1867 3219 2052 3262 potestatis

1191 3277 1335 3302 consors
1359 3270 1471 3304 factus
1495 3272 1550 3304 est
1571 3279 1602 3304 a.
1620 3271 1709 3311 757„
1734 3271 1773 3303 ut
1790 3270 1894 3302 antea
1909 3277 1941 3302 a.
1959 3267 2050 3308 748..

1190 3320 1314 3359 postea
1330 3319 1404 3351 766.
1422 3337 1458 3343 -
1475 3320 1601 3362 colleqa
1612 3319 1756 3361 imperii]
1780 3317 1901 3352 Vellei.
1917 3318 1951 3359 2,
1970 3317 2027 3350 ⁴2⁴
2041 3325 2050 3351 τ

1187 3368 1372 3408 postulante
1400 3372 1499 3409 patre
1526 3370 1612 3409 eius,
1647 3372 1686 3402 ut
1712 3377 1856 3410 aequum
1883 3367 1915 3401 ei
1941 3367 1994 3400 ius
2018 3366 2054 3399 in

1192 3417 1340 3450 omnibus
1356 3418 1538 3458 provinciis
1559 3418 1819 3463 exercitibusque
1831 3420 1928 3460 estol,
1953 3424 2055 3460 quam
