2254 3770
0 2734 9 2784 .,--
0 2671 10 2712 ...υ
0 2520 8 2653 v--v-r-r
0 2491 4 2504 -«
0 2456 6 2473 -
0 2425 3 2442 -
0 2390 15 2398 3

745 283 900 328 LIBER
927 284 1015 327 XII.
1059 283 1159 342 Cap.
1190 284 1257 328 67.
1287 285 1354 328 68.
1384 285 1452 329 69.
1915 285 1998 329 389

211 391 341 450 plexu
368 390 670 443 Britannicum,
702 404 849 435 veram
876 390 1041 449 paterni
1062 391 1149 453 osis
1171 391 1353 449 effigiem
1374 391 1590 450 appellare
1610 406 1662 437 ac
1680 392 1809 437 variis
1829 393 1992 437 artibus

212 466 446 517 demorari,
478 480 533 510 ne
562 465 759 510 cubiculo
790 466 1079 524 egrederetur.
1119 467 1341 510 Antoniam
1370 482 1545 526 quoque
1575 474 1618 512 et
1647 468 1887 518 Octaviam,
1919 482 1991 512 so-

210 555 331 586 rores
360 541 474 592 eius,
507 542 690 593 attinuit,
724 547 767 585 et
787 548 962 586 cunctos
989 542 1128 585 aditus
1150 542 1355 586 custodiis
1377 542 1603 594 clauserat,
1636 542 1877 601 crebroque
1896 543 1990 587 vul-

210 616 336 675 gabat
363 617 425 660 ire
454 617 496 660 in
526 616 680 660 melius
708 616 982 661 valitudinem
1012 618 1234 676 principis,
1267 632 1354 676 quo
1384 618 1505 662 miles
1534 618 1646 661 bona
1667 618 1708 660 in
1729 632 1808 676 spe
1829 624 1985 676 ageret,

207 699 464 750 tempusque
508 706 762 750 prosperum
809 706 861 736 ex
904 693 1073 736 monitis
1118 692 1429 737 Chaldaeorum
1466 693 1726 738 adventaret.
1776 693 1857 748 (69)
1888 699 2015 739 tunes

206 767 350 811 medio
380 766 481 818 diei,
514 768 682 812 tertium
714 774 811 811 ante
842 767 942 811 Idus
972 767 1188 818 Octobris,
1220 767 1381 812 foribus
1412 768 1556 812 Palatii
1588 775 1763 827 repente
1790 768 1984 819 diductis,

206 843 432 887 comitante
462 843 597 886 Burro
626 844 738 887 Nero
769 842 987 900 egreditur
1014 843 1067 887 ad
1089 843 1307 887 cohortem
1329 857 1440 902 quae
1460 858 1579 888 more
1599 844 1772 888 militiae
1794 843 1986 887 excubiis

205 917 338 962 adest.
384 917 442 961 ibi
481 924 681 962 monente
720 918 935 976 praefecto
969 918 1116 963 faustis
1151 919 1329 963 vocibus
1369 926 1572 977 exceptus
1612 919 1768 963 inditur
1795 918 1983 963 lecticae.

204 993 464 1037 dubitavisse
504 993 714 1051 quosdam
754 993 909 1044 ferunt,
950 1001 1241 1052 respectantes
1270 995 1588 1053 rogitantesque
1617 995 1690 1038 ubi
1719 995 1983 1039 Britannicus

203 1075 339 1113 esset:
379 1082 478 1112 mox
520 1068 633 1112 nullo
663 1069 704 1112 in
735 1068 954 1112 diversum
983 1076 1175 1119 auctore,
1218 1084 1329 1129 quae
1360 1069 1668 1122 offerebantur,
1708 1071 1842 1115 secuti
1872 1076 2029 1119 sunnio

202 1143 430 1202 illatusque
460 1144 610 1188 castris
638 1145 751 1188 Nero
772 1151 814 1188 et
833 1146 1110 1202 congruentia
1137 1146 1318 1203 tempori
1349 1145 1582 1203 praefatus,
1614 1146 1826 1203 promisso
1850 1145 1984 1190 dona-

202 1220 288 1264 tivo
319 1218 374 1263 ad
404 1219 645 1278 exemplum
673 1226 877 1278 paternae
906 1220 1158 1278 largitionis,
1199 1221 1432 1279 imperator
1467 1220 1767 1265 consalutatur.
1811 1227 1982 1265 senten-

131 1331 134 1334 .
202 1295 300 1339 tiam
330 1295 508 1339 militum
537 1302 684 1341 secuta
714 1302 882 1354 patrum
901 1295 1111 1347 consulta,
1145 1309 1224 1340 nec
1244 1296 1480 1340 dubitatum
1501 1302 1567 1340 est
1585 1297 1700 1354 apud
1724 1297 1980 1354 provincias.

202 1370 497 1429 caelestesque
532 1370 715 1414 honores
747 1371 923 1415 Claudio
954 1371 1258 1423 decernuntur,
1298 1379 1341 1415 et
1378 1371 1536 1416 funeris
1566 1371 1772 1416 sollemne
1800 1372 1979 1430 perinde

200 1460 251 1490 ac
280 1446 379 1489 divo
399 1447 588 1503 Augusto
618 1445 875 1497 celebratur,
907 1446 1146 1491 aemulante
1167 1447 1396 1505 Agrippina
1425 1447 1626 1505 proaviae
1645 1447 1789 1492 Liviae
1818 1448 2027 1506 magni-⁴5

198 1520 423 1566 ficentiam.
468 1527 766 1565 testamentum
794 1529 936 1566 tamen
966 1522 1080 1566 haud
1111 1523 1351 1573 recitatum,
1393 1537 1446 1567 ne
1478 1523 1742 1581 antepositus
1771 1522 1857 1567 filio
1891 1523 1979 1582 pri-

198 1597 350 1655 vignus
380 1596 532 1640 iniuria
561 1603 603 1640 et
631 1597 788 1641 invidia
818 1598 980 1642 animos
1010 1597 1123 1656 vulgi
1152 1598 1352 1642 turbaret.

262 1706 294 1738 4.
319 1704 554 1738 brittannicum
576 1706 608 1738 M
636 1723 670 1729 —
696 1706 728 1738 5.
754 1705 964 1738 chaldeorum
985 1707 1018 1739 M
1050 1725 1083 1730 —
1115 1707 1146 1740 6.
1172 1709 1248 1740 ante
1269 1707 1402 1739 tertium
1423 1678 1702 1749 l3ezzenberger.
1729 1708 1779 1742 Cf.
1806 1707 1838 1748 6,
1863 1707 1917 1741 25.
1937 1724 1973 1731 -

198 1760 230 1793 8.
255 1760 374 1802 faustis
395 1761 575 1794 Ernestius
598 1760 690 1803 (coll.
715 1762 747 1801 5,
772 1761 822 1801 4):
852 1762 942 1802 festis
971 1763 1004 1795 M
1030 1780 1063 1787 --
1100 1762 1131 1794 9.
1157 1762 1378 1796 brittannie-us
1398 1764 1432 1796 M
1463 1781 1499 1788 -
1531 1763 1583 1796 42.
1603 1767 1746 1805 paterne
1767 1764 1802 1798 M
1826 1781 1862 1788 —
1894 1772 1976 1797 con-

195 1817 341 1849 sultatur
361 1817 396 1850 Μ
420 1834 456 1840 -
482 1818 535 1849 45.
553 1817 705 1858 proauia
725 1817 820 1849 elibie
839 1818 873 1851 M
899 1836 933 1841 —
961 1819 1014 1851 47.
1039 1819 1151 1851 αηίηιο
1174 1819 1207 1852 Μ
1233 1837 1269 1844 -·
1293 1819 1446 1860 Explicit
1466 1819 1603 1853 cornelii
1624 1821 1717 1853 taciti
1733 1820 1831 1854 Liber
1852 1821 1976 1854 deode-

195 1873 615 1914 cimus.Incip.X111.1n
640 1874 710 1905 ima
733 1874 908 1915 margine:
933 1875 1022 1907 Nero
1043 1875 1226 1916 imperator
1246 1876 1399 1918 efficitur.

192 1963 439 2012 Ὀκτωβρίου,
463 1965 583 2010 ζήσας
598 1965 785 2011 ἑξήκοντα
799 1969 865 2002 καὶ
879 1965 999 2016 τρία*
981 1980 1059 2013 ετη,
1110 1971 1171 2003 29:
1197 1970 1341 2004 cohortis
1357 1979 1442 2012 quae
1463 1971 1499 2004 in
1513 1971 1642 2005 Palatio
1656 1971 1829 2004 stationem
1842 1970 1973 2014 agebat.

195 2013 443 2063 αὕταρχήσας
464 2013 546 2050 δὲ”
527 2027 593 2061 ετη
613 2017 706 2051 δέκα
719 2019 785 2051 καὶ
800 2020 886 2065 τρία
902 2021 967 2053 καὶ
981 2018 1062 2063 μῆ-
1113 2038 1149 2044 -
1170 2024 1333 2062 paternae
1362 2021 1564 2063 largitionis]
1593 2022 1737 2055 Sueten.
1764 2020 1884 2055 Claud.
1911 2022 1971 2054 ⁴0:

196 2078 265 2110 νας
299 2064 399 2101 ὀκτώ
429 2069 495 2102 καὶ
525 2065 671 2115 ἡμέρας
701 2067 858 2102 εἴκοσιν.
1102 2071 1256 2112 promisit
1277 2071 1415 2113 smqults
1427 2070 1615 2114 (militibus)
1633 2072 1738 2113 quina
1752 2072 1837 2104 dena
1855 2075 1976 2105 sester-

237 2118 290 2151 68.
315 2118 492 2152 Antoniam
514 2127 546 2158 q
571 2122 602 2151 et
625 2120 810 2162 Octaviam]
836 2120 887 2153 Cf.
914 2129 945 2153 c.
966 2121 998 2153 2.
1021 2138 1055 2144 -

194 2168 444 2211 Chaldaeorum]
470 2168 556 2202 Vide
580 2169 626 2202 ad
647 2170 687 2210 2,
705 2170 759 2202 32.

235 2218 289 2252 69.
314 2219 434 2261 Burro]
458 2219 638 2261 praefecto
660 2221 837 2262 praetorii.
865 2221 915 2254 Ct'.
942 2229 973 2253 c.
999 2220 1054 2254 42.

194 2287 231 2294 -
263 2269 353 2301 Nero
392 2270 559 2311 egreditur
601 2270 690 2312 cet.]
724 2271 868 2303 Sueton.
906 2272 987 2304 Ner.
1016 2271 1053 2304 8.

190 2319 424 2360 Septemdecim
448 2323 548 2352 natus
567 2329 691 2359 annos,
718 2323 756 2351 ut
775 2321 814 2352 de
836 2320 975 2353 Claudio
994 2330 1057 2362 pa-

190 2368 260 2401 lam
287 2369 414 2409 sactum
441 2372 505 2408 est,
539 2370 626 2402 inter
653 2370 772 2402 horam
800 2374 932 2403 sextam
953 2372 1056 2411 septi-

190 2428 343 2460 mamque
361 2421 519 2460 processit
540 2421 585 2452 ad
602 2421 825 2461 excubitores,
847 2430 974 2462 proque
995 2423 1058 2454 Pa-

189 2469 263 2502 latii
297 2470 456 2511 qradtbus
479 2471 661 2511 imperator
690 2472 915 2504 consalutatus
940 2473 1056 2505 lectica

189 2519 227 2551 in
254 2523 367 2552 castra
394 2523 425 2552 et
453 2520 528 2552 inde
555 2522 682 2561 raptim
705 2522 880 2562 appellatis
900 2522 1056 2555 militibus

191 2569 227 2601 in
240 2570 372 2602 curiam
386 2570 513 2603 delatus
527 2574 591 2611 est,
612 2571 817 2612 discessitque
830 2573 900 2604 iam
913 2574 1054 2613 vesperi,

191 2627 236 2651 σω
256 2619 420 2651 immensis
442 2620 560 2661 quibus
580 2621 859 2654 adcumulabatur
879 2622 1056 2655 honoribus

191 2671 322 2700 tantum
341 2669 449 2709 patris
464 2670 599 2710 patriae
611 2671 742 2703 nemim
755 2675 907 2703 recusato
918 2675 1055 2712 propter

191 2721 343 2751 aetatem.
367 2736 411 2743 —
441 2720 606 2752 cohortem
639 2729 724 2761 quae
752 2730 797 2753 m.
833 2731 878 2754 m.
909 2722 1056 2755 excubiis

190 2767 293 2811 adest]
311 2768 361 2801 Cf.
380 2769 464 2802 nist.
483 2770 515 2810 4,
533 2769 592 2803 24:
617 2771 744 2804 cohorti
758 2771 916 2805 excubias
930 2774 1052 2814 agenti.

1107 2122 1166 2154 tia.
1191 2122 1330 2164 Ioseph.
1356 2122 1472 2163 Antiq.
1498 2122 1551 2162 49,
1570 2122 1607 2162 4,
1624 2123 1662 2155 2:
1688 2121 1861 2169 δωρεῖται
1883 2119 1975 2164 τοὺς

1108 2169 1443 2213 σωματοφύλακας
1455 2171 1778 2214 πεντακισχιλίαις
1785 2171 1975 2219 δραχμαῖς

1106 2219 1204 2253 κατὰ
1216 2216 1380 2254 ἕκαστον
1388 2217 1508 2269 ἄνδρα
1515 2224 1617 2264 (quae
1625 2223 1836 2256 suntvicena
1845 2224 1974 2256 sester-

1106 2273 1176 2311 tia).
1196 2289 1232 2295 —
1251 2272 1465 2313 caelestesque
1485 2273 1633 2315 honores]
1658 2273 1746 2305 Hinc
1764 2273 1798 2305 in
1815 2273 1972 2306 Senecae

1106 2321 1214 2362 Ludo,
1240 2323 1275 2354 in
1297 2323 1426 2356 Inscrr.
1449 2324 1537 2356 Latt.
1555 2333 1589 2356 n.
1609 2323 1684 2356 748.
1702 2323 1766 2356 749
1789 2324 1824 2356 et
1845 2323 1880 2356 in
1903 2324 1973 2356 Ne-

1106 2373 1200 2404 ronis
1225 2380 1369 2405 nummo
1392 2373 1522 2405 DIVVS
1537 2372 1756 2406 CLAVDIVS.
1782 2373 1832 2406 Cf.
1850 2373 1971 2406 Marini

1103 2422 1171 2454 Atti
1199 2422 1231 2461 1,
1269 2430 1303 2463 p.
1336 2422 1412 2455 442.
1456 2423 1538 2455 Eius
1571 2421 1744 2465 templum
1777 2421 1973 2464 appellatur

1106 2471 1281 2504 Claudium
1303 2471 1388 2504 ibid.
1406 2481 1441 2514 p.
1460 2472 1524 2505 648
1540 2472 1575 2505 1).
1602 2473 1775 2511 Quocirca
1796 2473 1889 2505 Nero
1912 2472 1972 2505 bo·-

1105 2522 1185 2554 letos
1199 2522 1336 2554 deorum
1350 2522 1459 2555 cibum
1472 2522 1603 2556 dixisse
1619 2522 1740 2556 fertur.
1762 2523 1826 2556 Dio
1843 2523 1896 2562 60,
1914 2523 1968 2556 35:

1105 2569 1196 2612 τούς
1222 2570 1396 2615 μύκητας
1427 2571 1528 2605 θεῶν
1550 2571 1690 2619 βρῶμα
1710 2568 1836 2618 §leyen
1859 2570 1967 2614 εἶναι,

1105 2618 1166 2655 ὅτι
1187 2623 1252 2655 καὶ
1270 2622 1416 2664 ἐκεῖνος
1432 2623 1620 2666 (Claudius)
1636 2621 1699 2657 διὰ
1713 2623 1782 2657 τοῦ
1797 2621 1970 2667 μύκητος

1103 2670 1195 2714 θεὸς
1218 2672 1395 2717 ἐγεγόνει.
1421 2674 1474 2707 Cf.
1499 2675 1641 2708 Sueton.
1667 2676 1748 2708 Ner.
1774 2675 1828 2708 33.
1852 2694 1888 2700 -
1914 2676 1969 2708 in—

1102 2724 1195 2756 iuria
1216 2728 1246 2756 et
1268 2724 1407 2766 invidia]
1430 2725 1560 2758 invidia
1584 2727 1620 2758 et
1642 2725 1722 2758 odio
1744 2726 1891 2768 propter
1913 2726 1968 2758 in-

1103 2774 1228 2806 iuriam
1250 2775 1448 2808 Britannico
1471 2773 1613 2808 illatam.
