2254 3770
243 274 283 316 θ’
718 272 763 314 P.
798 270 1048 316 CORNELII
1078 270 1248 314 TAClTI
1279 267 1548 312 ANNALIUM

243 376 460 435 multaque
499 375 654 421 indicia
693 377 910 426 saevitiae,
954 389 1213 434 quamquam
1251 379 1517 432 premantur,
1559 385 1797 431 erumpere.
1843 371 1956 416 hunc
1986 377 2028 415 et

243 452 382 511 prima
410 451 463 495 ab
495 450 666 495 infantia
695 451 895 495 eductum
927 452 967 494 in
998 451 1125 494 domo
1156 449 1413 506 regnatrice3
1446 454 1671 504 congestos
1702 447 1844 491 iuveni
1872 460 2028 491 consu-

244 527 376 578 latus,
419 527 673 585 triumphos;
715 541 768 570 ne
808 527 858 570 iis
899 526 1073 584 quidem
1111 525 1250 573 annis,
1294 523 1451 582 quibus
1487 523 1622 566 Rhodi
1653 522 1798 581 specie
1828 535 2028 566 secessus

245 601 343 646 exul
381 601 531 658 egerit,
575 601 735 659 aliquid
774 615 902 659 quam
943 602 1045 644 iram
1084 606 1126 644 et
1164 599 1474 643 simulationem
1511 604 1553 641 et
1589 604 1777 644 secretas
1815 596 2029 640 lubidines

212 676 503 720 smeditatum.
562 676 769 720 accedere
802 682 976 719 matrem
1014 675 1208 718 muliebri
1247 673 1498 732 inpotentia:
1545 672 1818 716 serviendum
1847 672 2028 716 feminae

245 751 501 807 duobusque
531 750 706 808 insuper
739 750 1102 799 adulescentibus.
1144 750 1217 808 qui
1248 763 1338 792 rem
1368 748 1584 806 publicam
1619 747 1786 792 interim
1822 753 2026 806 premant,

246 825 506 884 quandoque
526 825 770 869 distrahant.
818 827 870 883 (5)
890 825 995 869 haec
1016 832 1142 883 atque
1164 824 1262 867 talia
1283 824 1536 882 agitantibus
1557 836 1811 880 gravescere
1829 822 2028 867 valetudo

245 900 438 958 Augusti,
471 907 513 944 et
542 900 717 958 quidam
742 900 883 944 scelus
906 900 1049 943 uxoris
1071 899 1386 957 suspectabant.
1432 899 1595 956 quippe
1615 911 1762 942 rumor
1781 897 2026 949 incesserat,

246 989 407 1034 paucos
455 981 551 1019 ante
591 989 761 1019 menses
799 978 1032 1033 Augustum
1076 974 1221 1018 electis
1266 974 1448 1018 consciis
1489 980 1531 1017 et
1574 973 1727 1017 comite
1771 986 1857 1020 uno
1895 972 2026 1016 Fabio

198 1065 234 1095 ιο
246 1050 425 1094 Maximo
453 1049 690 1094 Planasiam
719 1059 888 1094 vectum
919 1050 973 1093 ad
999 1049 1220 1093 visendum
1243 1050 1493 1107 Agrippam;
1524 1048 1677 1091 multas
1703 1047 1788 1092 illic
1814 1048 2026 1106 utrimque

246 1125 441 1169 lacrimas
472 1131 514 1168 et
543 1125 663 1182 signa
692 1125 896 1175 caritatis,
930 1139 1137 1183 spemque
1169 1138 1221 1167 ex
1250 1138 1302 1167 eo
1333 1124 1423 1167 sore
1455 1130 1499 1166 ut
1528 1122 1693 1166 iuvenis
1714 1122 1939 1180 penatibus
1959 1123 2026 1166 avi

247 1200 511 1244 redderetur.
562 1199 679 1257 quod
709 1200 934 1243 Maximum
963 1200 1084 1242 uxori
1109 1199 1291 1242 Marciae
1312 1200 1552 1256 aperuisse,
1585 1198 1698 1241 illam
1719 1198 1876 1242 Liviae.
1923 1212 2028 1256 gna-

246 1289 339 1318 rum
370 1273 414 1317 id
436 1275 625 1328 Caesari;
656 1289 797 1332 neque
827 1274 956 1319 multo
987 1281 1083 1333 post
1110 1275 1292 1318 extincto
1314 1275 1510 1324 Maximo,
1544 1273 1720 1332 dubium
1750 1286 1804 1316 an
1834 1273 2028 1330 quaesita

246 1356 401 1400 morte,
443 1350 610 1393 auditos
641 1350 682 1393 in
711 1350 858 1394 funere
889 1350 980 1394 eius
1011 1350 1192 1393 Marciae
1229 1349 1408 1406 gemitus
1447 1355 1583 1392 semet
1618 1348 1870 1398 incusantis,
1911 1347 2026 1405 quod

198 1438 377 1470 iscausa
407 1425 520 1468 exitii
550 1426 699 1468 marito
720 1425 880 1468 suisset.
925 1431 1155 1483 utcumque
1186 1439 1233 1467 se
1256 1438 1306 1468 ea
1328 1439 1398 1467 res
1418 1423 1582 1473 habuit,
1614 1423 1788 1466 vixdum
1809 1423 2028 1481 ingressus

247 1500 462 1560 Illyricum
492 1500 684 1543 Tiberius
716 1500 909 1557 properis
939 1501 1083 1543 matris
1112 1499 1259 1543 litteris
1282 1499 1460 1551 accitur;
1486 1512 1632 1556 ⁴neque
1654 1499 1756 1543 satis
1778 1506 2028 1557 conpertum

249 1582 329 1626 est,
373 1575 603 1633 spirantem
634 1575 772 1619 adhuc
802 1578 1035 1632 Augustum
1074 1582 1174 1632 aput
1212 1574 1362 1618 urbem
1392 1573 1540 1618 Nolam
1570 1588 1622 1616 an
1660 1573 1909 1617 exanimem.
1930 1588 2028 1632 rep-

248 1652 418 1709 pererit.
459 1650 628 1694 acribus
652 1665 834 1709 namque
856 1650 1060 1694 custodiis
1081 1650 1255 1694 domum
1277 1657 1318 1693 et
1334 1652 1423 1693 vias
1445 1658 1666 1707 saepserat
1685 1650 1820 1701 Livia;
1842 1649 2027 1708 laetique

248 1725 461 1769 interdum
490 1726 621 1769 nuntii
650 1726 945 1782 vulgabantur,
978 1725 1115 1769 donec
1145 1725 1326 1783 provisis
1357 1739 1468 1783 quae
1489 1731 1657 1782 tempus
1678 1724 1878 1769 monebat
1901 1724 2028 1770 simul

199 1815 236 1845 20
250 1801 489 1845 excessisse
518 1803 752 1858 Augustum
782 1808 824 1845 et
852 1815 994 1845 rerum
1025 1801 1149 1859 potiri
1179 1802 1391 1844 Neronem
1419 1800 1529 1843 fama
1558 1799 1710 1843 eadem
1739 1799 1843 1843 tulit.

316 1930 347 1960 4.
370 1931 590 1968 praemantur
605 1929 638 1961 M
656 1944 691 1952 —
719 1928 750 1961 3.
775 1928 874 1969 spetie
889 1928 922 1961 M
938 1946 973 1951 —
993 1928 1025 1961 4.
1051 1928 1129 1960 eoeul
1145 1928 1317 1960 Muretus:
1343 1927 1472 1960 exulem
1488 1927 1521 1960 M
1539 1943 1574 1950 -
1600 1926 1746 1969 aliquid]
1772 1926 1864 1958 aliud
1878 1926 2030 1968 Nipper-

249 1984 332 2025 dey.
359 2001 395 2006 —
421 1984 580 2023 lapidines
595 1984 627 2016 M
652 1984 825 2024 (Libidines
847 1984 977 2025 margo)
1005 2002 1039 2007 -—
1066 1985 1097 2016 5.
1122 1984 1265 2025 faemina
1286 1984 1319 2016 M
1343 2001 1378 2006 —
1405 1985 1437 2016 6.
1451 1983 1570 2025 {imant
1591 1983 1625 2016 M
1650 2001 1686 2006 —
1711 1983 1743 2015 7.
1767 1982 1917 2014 ualitudo
1940 1983 1971 2015 M
1990 2000 2026 2006 —

249 2040 281 2072 9.
306 2040 429 2072 conse-is
451 2039 484 2072 M
509 2056 543 2062 —
571 2040 623 2071 ⁴2.
648 2048 794 2080 quarum
817 2039 968 2081 Lipsius:
996 2040 1034 2072 G.
1054 2048 1180 2071 nauum
1196 2040 1229 2071 M
1251 2039 1407 2079 (inferior
1428 2047 1509 2082 pars
1523 2038 1658 2071 litterae
1683 2038 1711 2071 G
1732 2038 1871 2076 videtur
1886 2046 1906 2071 a
1922 2046 2030 2071 manu

249 2094 356 2136 sec.);
381 2096 538 2137 ignarum
560 2095 684 2128 Haase.
713 2113 747 2118 —
775 2096 826 2127 ⁴5.
852 2104 915 2127 aea
938 2104 991 2137 pr.
1017 2097 1062 2130 M.

252 2200 399 2234 tribunos
410 2201 495 2242 plebi
507 2201 721 2240 pulsaverint.
744 2219 779 2224 —
805 2203 900 2234 domo
915 2203 1114 2244 regnati-icc]

252 2252 331 2284 Sen.
358 2251 402 2283 de
425 2250 545 2283 Benef.
565 2251 597 2290 6,
623 2251 683 2283 32:
704 2253 902 2293 principalis
924 2253 1047 2285 domus.
1077 2270 1110 2275 -—

250 2300 452 2342 consulatus]
479 2309 510 2332 a.
544 2299 618 2333 74⁴.
651 2300 724 2333 746.
759 2302 833 2334 750.
860 2319 895 2324 —
922 2302 1113 2344 triumphos]

253 2350 297 2383 de
321 2350 506 2385 Pannoniis
530 2359 562 2382 a.
582 2349 672 2390 745„
698 2350 742 2382 de
768 2352 949 2384 Germanis
973 2362 1003 2384 a.
1023 2351 1112 2390 747„

252 2399 297 2435 de
313 2399 454 2440 Illyriis,
472 2400 675 2439 Pannoniis,
698 2399 863 2433 Delmatis
882 2403 916 2433 et
932 2402 1114 2434 Germanis

252 2459 284 2482 a.
311 2450 387 2482 765.
415 2467 451 2473 —-
476 2450 580 2489 specie
611 2450 759 2491 secessus]
794 2451 832 2483 A.
859 2451 933 2483 748.
966 2451 1112 2483 invidiae

253 2500 291 2532 C.
308 2500 344 2531 et
355 2500 390 2531 L.
407 2500 599 2531 Caesarum
612 2499 819 2532 devitandae
836 2509 941 2533 causa
955 2501 1113 2533 Rhodum

252 2549 370 2590 specie
394 2548 590 2581 studiorum
613 2550 775 2582 secessit:
803 2551 948 2582 Romam
965 2551 1066 2582 rediit
1081 2560 1111 2582 a.

252 2599 327 2631 755.
347 2597 397 2630 Ci'.
416 2598 480 2631 Dio
496 2598 549 2636 55,
575 2598 606 2630 9.
632 2615 666 2620 -
694 2599 771 2630 eoeul
794 2600 905 2641 eyerit]
930 2600 1114 2632 manifesto

251 2648 321 2681 hoc
344 2648 530 2689 opponitur
551 2656 607 2679 vv.
633 2648 736 2688 specie
757 2658 914 2681 secessus:
947 2659 1004 2682 are
1029 2658 1113 2681 vera

251 2698 293 2730 ut
314 2696 394 2730 exul
416 2697 585 2734 vixerit;»
611 2706 692 2729 nam
711 2699 854 2730 Romani
872 2708 952 2731 eum
978 2708 1040 2740 pro
1058 2698 1114 2731 tali

253 2746 444 2780 habebant.
467 2747 607 2779 Sueton.
623 2746 696 2778 Tib.
715 2747 770 2779 ⁴3:
791 2749 891 2780 Rhodi
903 2749 1116 2790 contemptior

251 2798 288 2830 in
310 2798 376 2830 dies
398 2800 428 2829 et
441 2797 579 2829 invisior
592 2796 673 2837 fuit:
698 2799 732 2828 et
748 2797 906 2830 inimicus
924 2799 1005 2830 Gaio
1024 2799 1116 2831 Cae-

253 2847 323 2881 sari
346 2847 521 2889 promisit,
548 2855 580 2879 se
595 2847 668 2878 inde
683 2851 782 2887 caput
798 2848 904 2879 eaeulis
918 2848 1113 2880 relaturum.

252 2898 366 2938 Atque
390 2895 484 2928 idem
509 2896 540 2928 ei
565 2896 796 2937 exprobratur
827 2898 862 2929 in
886 2899 1038 2930 carmine
1064 2898 1114 2930 fa-

254 2955 373 2984 moso,
396 2947 536 2979 servato
561 2955 579 2978 a
603 2946 766 2978 Suetonio
791 2946 864 2979 Tib.
891 2948 950 2980 59:
977 2952 1006 2980 ct
1031 2948 1112 2988 (tibi)

252 2997 378 3029 Rhodos
406 2996 544 3028 exilium
566 2999 621 3028 est.
649 3012 683 3018 —
710 2996 837 3037 aliquid
860 2998 971 3037 quam]
1008 2998 1114 3030 Devi-

255 3045 351 3078 tabat
366 3054 492 3080 sonum
509 3045 611 3078 nimis
630 3053 795 3086 asperum
820 3046 911 3078 aliud
934 3047 1114 3088 quidquam

255 3105 372 3136 quam,
403 3096 442 3128 ut
465 3095 538 3128 Cic.
564 3094 608 3128 de
631 3095 764 3126 Invent.
794 3096 822 3133 l,
847 3095 900 3134 54,
931 3096 990 3129 ⁴04
1015 3097 1115 3129 alicui

253 3154 412 3186 umquam
434 3145 572 3187 scripsit
594 3153 658 3187 pro
682 3144 741 3176 alii
762 3145 918 3186 cuiquam
940 3154 1111 3185 umquam.

255 3213 298 3220 —-
321 3195 454 3237 duobus]
482 3196 595 3228 Druso
619 3196 655 3228 et
677 3194 895 3226 Germanico.
924 3212 957 3217 —-
983 3195 1114 3228 interim

254 3245 333 3277 vivo
357 3247 453 3286 patre
478 3244 627 3278 Tiberio.

298 3295 329 3327 5.
354 3295 455 3327 scelus
475 3294 603 3336 uxoris]
627 3294 747 3335 Tangit
768 3294 1004 3335 suspicionem
1021 3293 1112 3327 illam

257 3343 301 3378 de
331 3343 467 3377 ficubus
498 3345 610 3377 Liviae
641 3344 736 3377 iussu
760 3344 939 3375 venenatis
968 3344 1000 3375 in
1030 3345 1113 3385 ipsis

256 3393 440 3428 arboribus
463 3396 568 3436 atque
590 3393 634 3428 ab
657 3395 811 3435 Augusto
833 3392 943 3426 lectis.
979 3394 1042 3425 Dio
1058 3395 1111 3433 56,

1165 2202 1232 2242 30„
1258 2201 1332 2241 ubi,
1358 2211 1464 2243 quem
1482 2202 1618 2236 Tacitus
1634 2210 1802 2237 rumorem
1818 2200 1915 2241 dicit,
1941 2201 2030 2237 tam,

1165 2261 1271 2294 quam
1288 2252 1522 2284 indubitatum
1540 2252 1669 2285 sactum
1686 2247 1860 2283 narratur.
1878 2269 1913 2275 -
1927 2251 2030 2285 uxori

1163 2302 1326 2344 Marciae]
1362 2301 1520 2334 Eandem
1550 2309 1626 2333 rem
1657 2300 1760 2342 paulo
1787 2299 1887 2333 aliter
1909 2301 2030 2335 narrat

1163 2351 1367 2387 Plutarchus
1396 2351 1479 2397 περὶ
1502 2347 1730 2391 ἀδολεσχίας
1754 2359 1784 2383 c.
1811 2351 1863 2382 Μ.
1889 2359 1925 2392 p.
1950 2349 2028 2386 508.

1163 2402 1202 2433 A.
1231 2403 1261 2437 ls
1277 2401 1429 2438 Fulvium
1449 2402 1622 2441 nominat,
1649 2409 1758 2442 quem
1781 2398 1949 2440 <Paullum
1966 2400 2030 2437 Fa-

1166 2451 1276 2490 bium)
1299 2452 1488 2484 Maximum
1505 2454 1591 2492 (cos.
1611 2460 1642 2484 a.
1661 2450 1752 2491 743.)
1775 2451 1924 2483 Tacitus.
1949 2449 2031 2485 Plu-

1167 2502 1275 2534 tarchi
1306 2511 1406 2533 error
1435 2503 1531 2534 ortus
1556 2503 1610 2533 est
1633 2510 1675 2534 ex
1699 2500 1854 2534 confusis
1877 2500 1972 2537 Fabii
1995 2501 2031 2535 et

1164 2551 1273 2583 Fulvii
1295 2551 1509 2584 nominihus:
1547 2550 1642 2584 Fabii
1665 2551 1806 2583 nomine
1831 2550 1939 2587 utitur
1962 2549 2031 2585 Pli-

1165 2601 1242 2635 nius
1266 2602 1304 2640 7,
1340 2601 1466 2642 5⁴50,
1501 2601 1561 2633 ubi
1593 2602 1736 2641 Augusti
1771 2609 1829 2633 res
1863 2599 2030 2639 adversas

1167 2653 1361 2684 enumerat.
1396 2652 1455 2683 Est
1470 2653 1587 2684 autem
1605 2651 1700 2683 idem
1716 2651 1906 2690 Maximus,
1932 2650 2032 2683 cuius

1167 2700 1333 2742 frequens
1368 2702 1497 2734 mentio
1528 2701 1622 2742 apud
1655 2700 1814 2733 Ovidium
1843 2700 1877 2732 in
1909 2699 2028 2741 Epistt.

1168 2760 1210 2782 ex
1232 2752 1360 2783 Ponto:
1398 2752 1456 2792 qui
1480 2752 1584 2783 etiam
1608 2751 1771 2784 Marciam
1797 2751 1974 2782 memorat
1996 2749 2028 2790 i,

1166 2801 1201 2838 ἓ,
1234 2799 1306 2832 438.
1345 2800 1465 2842 (Corp.
1499 2802 1608 2833 Inscr.
1640 2801 1695 2831 Gr.
1722 2799 1824 2831 2629:
1864 2798 2029 2844 Μαρκίᾳ,

1167 2848 1350 2882 Φιλίππου
1368 2850 1540 2895 θυγατρί,
1564 2846 1711 2893 niveum}
1724 2849 1919 2895 Καίσαρος
1934 2846 2028 2882 θεοῦ

1165 2898 1384 2939 Σεβαστοῦ,
1415 2901 1566 2944 γυναικί
1592 2897 1749 2932 Παύλου
1774 2898 1921 2938 Φαβίου
1945 2898 2030 2931 Μα-

1165 2946 1296 2990 ξίμου,
1328 2949 1527 2992 Σεβαστῆς
1550 2947 1692 2989 Πάφου
1716 2945 1740 2991 ἡ
1763 2946 1888 2991 βουλὴ
1915 2948 1981 2981 καὶ
2004 2943 2027 2980 ὅ

1165 2997 1299 3041 δῆμος.
1336 3001 1527 3039 Βοηοεεει.)
1551 3018 1594 3025 —
1624 2999 1784 3041 quaesita]
1821 2997 2025 3037 voluntaria,

1165 3052 1289 3089 sponte
1325 3052 1474 3092 sumpta.
1508 3066 1542 3072 —
1574 3050 1754 3090 spirantem
1786 3048 2030 3080 adhuc--an

1164 3100 1362 3141 exanimem]
1376 3097 1742 3142 priustraduntVellei.
1754 3099 1786 3137 2,
1800 3098 1871 3130 ⁴23.
1883 3097 2026 3133 Sueton.

1165 3149 1282 3181 Octav.
1309 3150 1359 3182 98.
1387 3149 1461 3181 Tib.
1487 3150 1539 3182 Ἡ.
1573 3149 1693 3187 (statim
1722 3157 1765 3180 av
1794 3148 1910 3179 itinero
1930 3155 2028 3178 revo-

1164 3202 1258 3230 catus
1287 3201 1355 3230 iam
1385 3200 1515 3241 quidem
1545 3200 1715 3240 affectum,
1751 3198 1806 3231 sod
1826 3201 1936 3231 tamen
1957 3197 2028 3237 spi—

1163 3251 1293 3280 rantem
1315 3249 1421 3280 adhuc
1438 3250 1619 3290 Augustum
1634 3248 1794 3289 repperit,
1816 3246 1944 3288 fuitque
1957 3255 2028 3279 uua

1163 3300 1283 3329 secreto
1303 3307 1364 3337 per
1385 3302 1487 3331 totum
1503 3298 1616 3339 diem)
1653 3298 1714 3330 Dio
1730 3296 1784 3335 56,
1811 3296 1847 3328 3⁴
1864 3305 1872 3335 ;
1898 3303 2026 3336 quam-

1165 3354 1270 3385 quam
1287 3347 1343 3379 bic
1360 3348 1564 3388 prudentius
1581 3346 1728 3380 dubitat.
1754 3346 1871 3379 Wouv.
1907 3345 2026 3379 verba

1166 3396 1281 3428 Dionis
1304 3396 1393 3429 baec
1417 3399 1514 3429 sunt:
1549 3393 1596 3444 τῇ
1619 3392 1932 3442 ἐννεακωδεκάτῃ
1954 3404 2023 3430 vov
