2254 3770
386 308 431 352 P.
462 305 711 352 CORNELII
739 304 910 349 TACITI
939 304 1206 350 ANNALIUM
1237 305 1332 348 LIB.
1352 303 1454 349 XVI.
1486 302 1530 348 C.
1553 301 1592 346 4.
1614 302 1654 347 2.
1675 301 1714 345 3.

169 423 258 460 tum
293 421 551 466 emereatus,
591 413 801 472 expromit
838 417 1055 471 repertum
1092 411 1135 454 in
1175 425 1278 469 agro
1316 425 1396 456 suo
1431 425 1608 470 specum
1639 407 1855 453 altitudine
1886 407 1948 451 in-

167 505 335 542 mensa,
365 505 453 550 quo
484 504 636 548 magna
666 490 730 533 vis
760 489 850 533 auri
882 487 1186 538 contineretur,
1220 500 1304 530 non
1334 487 1375 530 in
1406 487 1583 530 formam
1611 484 1838 543 pecuniae,
1870 483 1947 526 sed

168 566 263 611 rudi
303 572 345 610 et
385 566 558 624 antiquo
588 565 793 623 pondere.
846 563 1003 608 lateres
1032 562 1193 621 quippe
1223 575 1482 620 praegraves
1511 562 1673 611 iacere,
1716 558 1950 603 astantibus

168 647 288 700 parte
317 641 398 685 alia
427 640 658 692 columnis;
689 654 801 698 quae
830 653 910 697 per
939 644 1099 683 tantum
1124 637 1217 682 aevi
1239 637 1405 682 occulta
1425 636 1631 694 augendis
1653 634 1951 694 praesentibus

170 717 306 761 bonis.
353 722 561 766 ceterum,
602 723 649 759 ut
677 716 923 759 coniectura
953 714 1234 763 demonstrat,
1265 713 1375 756 Dido
1404 713 1680 756 Phoenissam
1711 711 1823 768 Tyro
1854 722 1980 767 pro-5

169 792 309 849 fugam
338 791 508 835 condita
537 790 787 848 Carthagine
818 790 910 833 illas
940 803 1047 847 opes
1077 788 1317 838 abdidisse,
1362 802 1416 831 ne
1447 801 1582 831 novus
1611 785 1797 845 populus
1825 784 1954 827 nimia

170 867 352 925 pecunia
380 866 610 918 lasciviret,
641 872 713 910 aut
741 879 867 923 reges
897 864 1196 915 Numidarum,
1228 870 1271 907 et
1300 863 1403 907 alias
1433 863 1604 914 infensi,
1637 861 1837 920 cupidine
1861 860 1954 903 auri

170 943 224 986 ad
256 941 410 987 bellum
441 941 787 986 accenderentur.
844 940 896 996 (2)
929 940 1207 996 igitur-Nero,
1240 953 1325 982 non
1355 939 1562 990 auctoris,
1601 952 1684 981 non
1714 937 1850 995 ipsius
1881 949 1956 980 ne-

170 1018 271 1076 gotii
300 1017 386 1061 fide
415 1017 518 1061 satis
548 1022 755 1074 spectata,
787 1029 868 1060 nec
896 1015 1039 1058 missis
1068 1028 1146 1072 per
1175 1027 1285 1072 quos
1315 1021 1514 1058 nosceret
1542 1027 1595 1057 an
1616 1026 1717 1058 vera
1739 1012 1958 1056 adferren-

170 1100 255 1144 tur,
286 1099 414 1150 auget
441 1092 552 1135 ultro
583 1105 800 1135 rumorem
829 1090 1037 1148 mittitque
1069 1090 1143 1147 qui
1172 1088 1289 1133 velut
1317 1096 1508 1147 paratam
1537 1088 1742 1146 praedam
1770 1086 1957 1131 advehe·
1970 1095 2007 1124 ⁴0

170 1175 275 1212 rent.
321 1167 474 1211 dantur
513 1167 707 1210 triremes
745 1174 787 1210 et
825 1165 1037 1210 delectum
1071 1165 1295 1222 remigium
1325 1164 1536 1208 iuvandae
1566 1163 1834 1208 festinationi.
1878 1176 1959 1206 nec

172 1243 285 1287 aliud
318 1257 395 1301 per
424 1242 518 1286 illos
548 1242 641 1286 dies
681 1241 865 1300 populus
896 1240 1167 1292 credulitate,
1205 1239 1439 1298 prudentes
1469 1239 1641 1283 diversa
1670 1239 1780 1282 fama
1809 1238 1957 1282 tulere.

174 1333 225 1363 ac
255 1319 360 1363 forte
391 1316 709 1377 quinquennale
738 1316 950 1360 ludicrum
980 1316 1172 1360 secundo
1200 1315 1333 1359 lustro
1356 1315 1664 1367 celebrabatur,
1695 1314 1749 1359 ab
1781 1314 1959 1358 oratori-

174 1395 344 1453 busque
377 1394 612 1452 praecipua
649 1393 826 1436 materia
863 1392 905 1434 in
936 1391 1104 1435 laudem
1133 1392 1339 1450 principis
1368 1391 1594 1448 adsumpta
1623 1397 1700 1434 est.
1731 1404 1815 1434 non
1845 1390 1958 1434 enim

174 1469 319 1513 solitas
348 1475 510 1513 tantum
540 1468 682 1526 fruges
712 1481 794 1511 nec
819 1466 1042 1511 confusum
1062 1466 1243 1511 metallis
1264 1481 1416 1510 aurum
1436 1466 1571 1525 gigni,
1604 1465 1680 1510 sed
1702 1479 1813 1509 nova
1831 1465 2011 1509 uber-⁴5

173 1552 258 1589 tate
287 1545 516 1603 provenire
546 1535 702 1588 terram
733 1550 774 1587 et
803 1542 950 1587 obvias
980 1556 1087 1600 opes
1117 1542 1285 1586 deferre
1315 1542 1438 1593 deos,
1472 1555 1672 1600 quaeque
1695 1540 1777 1585 alia
1797 1554 1961 1584 summa

174 1621 370 1665 facundia
414 1634 496 1664 nec
539 1620 702 1663 minore
742 1618 984 1662 adulatione
1023 1617 1194 1662 servilia
1232 1616 1466 1676 fingebant,
1507 1617 1649 1661 securi
1681 1616 1736 1660 de
1765 1615 1962 1660 facilitate

175 1696 401 1741 credentis.
462 1695 516 1752 (3)
554 1694 762 1753 gliscebat
799 1695 966 1738 interim
1004 1693 1171 1737 luxuria
1209 1707 1287 1751 spe
1331 1692 1469 1745 inani,
1516 1691 1962 1749 consumebanturque

1865 300 1947 344 545

243 1830 272 1862 4.
300 1836 402 1870 aqros
423 1828 456 1861 M
482 1845 517 1850 —
544 1828 575 1860 3.
602 1827 801 1860 asstantibus
823 1827 856 1861 M
883 1845 919 1851 —
944 1826 1054 1867 4.,εαί
1077 1828 1109 1859 M
1134 1844 1169 1850 —
1195 1827 1228 1860 5.
1253 1829 1397 1873 ceterum
1420 1826 1455 1860 M
1473 1843 1510 1849 —
1535 1826 1802 1859 demonstratM:
1829 1826 1966 1858 dernen-

177 1889 300 1920 straret
322 1886 516 1919 Ernestius.
536 1903 571 1908 —
597 1885 753 1926 fenissam
770 1885 804 1918 Μ
831 1902 865 1907 -
892 1884 923 1916 6.
949 1884 1123 1926 cartagine
1143 1884 1178 1918 M
1204 1902 1239 1908 —
1265 1884 1297 1917 7.
1318 1884 1466 1931 pecunia
1486 1885 1520 1918 M
1539 1902 1574 1923 :—
1594 1884 1623 1917 9.
1642 1884 1749 1916 missis
1764 1882 1964 1916 Ernestius:

175 1943 284 1976 missis
303 1941 468 1975 uisoribus
490 1942 535 1975 M.
567 1941 643 1973 Vox
673 1941 763 1974 visor
789 1940 941 1982 antiquis
971 1940 1126 1973 inaudita
1154 1949 1220 1983 per
1245 1940 1401 1974 mediam
1423 1940 1571 1974 demum
1594 1941 1748 1973 aetatem
1769 1939 1965 1981 reperitur;

178 1999 222 2033 cf.
248 1999 371 2041 cangii
393 1998 509 2031 Lexic.
534 2006 564 2031 s.
588 1997 624 2030 h.
648 2005 683 2031 v.
713 2014 748 2021 —
778 1995 1064 2039 adferrent-entur
1086 1997 1119 2031 M
1148 2014 1179 2020 -
1217 1997 1270 2030 40.
1290 2000 1454 2039 paratam
1484 1996 1679 2030 Acidalius:
1706 1999 1845 2038 partam
1867 1996 1901 2029 M
1926 2013 1962 2019 —

177 2053 376 2089 aduenerant
397 2056 451 2088 M:
474 2054 648 2088 aveherent
667 2054 861 2087 Ernestius.
886 2071 922 2077 —
948 2055 1002 2087 44.
1026 2054 1203 2096 remiyium
1223 2055 1462 2088 Boxhornius:
1486 2055 1664 2096 nauigium
1685 2055 1720 2087 M
1743 2071 1777 2077 —
1806 2053 1858 2086 42.
1879 2062 1968 2094 pru-

177 2113 286 2145 dentes
306 2111 546 2144 Boxhornius:
567 2111 738 2152 prodentis
759 2111 794 2144 M
811 2127 848 2134 —
875 2111 928 2143 43.
952 2110 1184 2144 celebrabatur
1205 2110 1433 2144 Puteolanus:
1458 2111 1644 2144 celebratur
1666 2111 1700 2144 M
1724 2129 1760 2134 -
1786 2109 1828 2142 ab
1851 2112 1968 2142 orato-

175 2168 330 2209 ribusque
350 2168 528 2201 Baiterus:
552 2167 793 2201 auaratoribus
813 2167 1067 2209 oratoribusque
1081 2168 1157 2210 (per
1173 2168 1440 2211 dittographian)
1458 2169 1491 2202 M
1516 2185 1552 2192 -
1579 2169 1632 2201 45.
1652 2176 1774 2200 novam
1787 2167 1969 2200 ubertatem

173 2225 352 2267 provenire
372 2228 466 2259 terra
487 2225 567 2259 cod.
585 2224 778 2267 Agricolae.
801 2244 835 2250 —
861 2225 915 2259 47.
939 2226 1068 2259 minore
1090 2227 1135 2258 G:
1160 2225 1304 2259 minores
1324 2226 1359 2260 M
1382 2243 1419 2249 —
1444 2226 1581 2259 servilia
1602 2224 1747 2259 seclusit
1769 2224 1934 2257 Ritterus.

179 2349 348 2383 debebat.
367 2367 403 2372 —
429 2350 549 2383 lateres
563 2367 582 2375 -
592 2368 612 2374 -
626 2350 797 2391 columnis]
813 2349 893 2384 Illos
909 2359 974 2384 nos
989 2359 1052 2384 vo-

180 2408 304 2434 camus
332 2400 460 2433 PIatten
489 2400 653 2443 (linqots),
684 2401 750 2434 has
777 2402 921 2435 Barren.
949 2419 984 2426 -
1015 2405 1053 2435 ut

180 2452 373 2484 coniectura
394 2450 606 2492 demonstrat]
632 2449 822 2485 Caesellius
844 2453 985 2485 Bassus.
1012 2470 1047 2476 -

181 2500 280 2542 Dido]
312 2501 438 2533 Fo‘rma
466 2501 657 2534 accusativi
680 2502 820 2543 poetica
844 2510 888 2534 ex
910 2501 1051 2544 Vergilii

182 2551 269 2584 Aen.
296 2549 333 2591 4,
364 2550 428 2584 383
458 2551 494 2583 et
515 2549 646 2584 Velleio
670 2551 702 2591 4,
728 2551 765 2591 6,
790 2550 811 2584 4
839 2552 925 2584 satis
953 2554 1048 2584 nota.

182 2601 288 2633 BAcn.
314 2599 545 2640 Quintilianus
561 2602 592 2642 4,
609 2601 642 2641 ὃ,
660 2601 720 2634 63;
745 2601 844 2634 Nunc
856 2603 1053 2635 recentiores

183 2651 398 2683 instituerunt
419 2650 556 2683 Graecis
575 2651 762 2684 nominibus
783 2652 930 2686 Graecas
951 2653 1053 2686 deeli-

184 2700 335 2733 nationes
354 2700 464 2741 potius
485 2701 584 2742 dare,
617 2702 705 2742 quod
726 2704 837 2735 tamen
857 2702 967 2743 ipsum
986 2711 1054 2735 non

185 2759 313 2791 semper
337 2751 413 2792 fieri
436 2753 555 2791 potest.
591 2752 673 2785 Mihi
695 2755 807 2785 autem
827 2753 938 2793 placet
959 2753 1054 2785 Lati—

185 2809 267 2833 nam
286 2801 450 2833 rationem
462 2801 574 2842 sequi,
599 2810 768 2843 quousque
780 2803 930 2843 patietur
943 2803 1051 2835 decor.

186 2849 299 2890 Neque
327 2850 413 2882 enim
442 2851 513 2883 iam
541 2851 819 2892 Calypsonem
847 2853 992 2885 dioeerim
1017 2855 1055 2884 ut

187 2900 400 2940 Iunonem,
437 2908 642 2941 quamquam
676 2905 804 2934 secutus
832 2902 986 2943 antiquos
1016 2901 1051 2934 C.

189 2949 313 2983 Caesar
338 2950 446 2982 utitur
468 2950 532 2983 hac
553 2951 684 2984 ratione
705 2952 902 2985 declinandi.
927 2970 971 2976 —
994 2950 1056 2984 ab-

188 2998 318 3041 didisse]
342 3007 392 3032 sc.
414 3001 599 3042 expromit.
620 3018 655 3024 —
681 3001 779 3044 alias]
802 3010 867 3044 pro
890 3001 1053 3043 alioquin,

190 3051 229 3082 ut
251 3058 359 3092 saepe
382 3049 478 3092 apud
499 3050 647 3084 Plinium
669 3053 853 3085 maiorem.

231 3100 265 3132 2.
284 3099 459 3141 paratam]
490 3100 511 3132 i.
538 3109 570 3133 e.
590 3100 690 3134 -nullo
719 3096 841 3134 labore
869 3102 1057 3143 acquiren-

191 3148 286 3182 dam.
307 3167 343 3172 —
369 3149 574 3191 adveherent]
598 3151 763 3189 Romam;
792 3152 828 3183 et
849 3151 918 3183 hoc
940 3152 1057 3193 ipsum

191 3198 342 3232 verbum
366 3200 507 3241 egregie
529 3201 691 3234 insanam
713 3201 860 3235 Neronis
883 3201 1058 3243 cupidita-

193 3250 267 3282 tem
289 3250 469 3292 exprimit,
494 3250 635 3283 iamiam
658 3259 697 3284 se
712 3252 887 3284 thesauris
910 3250 975 3283 illis
998 3259 1059 3293 po-

194 3298 296 3331 titum
318 3307 398 3332 esse
421 3299 607 3342 opinantis.
631 3316 668 3324 -
694 3300 851 3334 delectum
871 3299 1058 3343 remiqium]

196 3347 323 3381 delecti
344 3350 509 3391 remiges.
535 3349 586 3383 Cf.
606 3349 660 3390 44,
677 3350 731 3383 39.
751 3368 787 3374 -
810 3351 988 3392 prudentes
1006 3350 1060 3383 di-

194 3406 293 3431 versa
312 3398 418 3441 fama]
441 3398 593 3442 Populus
616 3399 731 3433 fatuus
753 3408 892 3433 summa
911 3399 1061 3434 creduli-

197 3447 267 3480 tate
290 3446 336 3480 de
359 3449 481 3482 nuntio
504 3447 561 3482 illo
576 3450 668 3483 inter
682 3457 721 3483 se
737 3449 1058 3491 sermocinatium-3

266 3508 407 3544 nei-rus
427 3510 455 3544 1.

1099 2350 1295 2394 prudentes
1333 2351 1455 2384 contra
1488 2350 1691 2383 dubitanter
1724 2357 1805 2383 eam
1838 2349 1969 2383 tamam

1101 2401 1341 2444 accipiebant,
1375 2401 1537 2444 adeoque
1569 2401 1830 2434 diversissimae
1853 2401 1971 2433 homi-

1099 2461 1186 2484 num
1216 2453 1319 2484 erant
1344 2452 1414 2484 tota
1440 2451 1485 2484 de
1508 2460 1548 2484 re
1572 2452 1779 2484 sententiae.
1812 2451 1971 2493 (Pendant

1100 2512 1151 2536 ces
1167 2504 1282 2544 jours‚
1307 2512 1350 2536 on
1371 2511 1413 2535 ne
1428 2503 1534 2544 parta
1557 2511 1619 2543 que
1640 2504 1678 2536 de
1693 2506 1742 2536 cet
1758 2505 1969 2541 evertentem,-

1101 2554 1130 2586 le
1148 2554 1283 2595 peuple,
1305 2561 1408 2594 parce
1423 2553 1505 2594 qu'il
1517 2562 1540 2593 y
1555 2554 1697 2594 croyait,
1714 2554 1759 2586 les
1774 2562 1854 2595 qens
1868 2553 1972 2586 e‘clai-

1099 2606 1171 2644 res,
1194 2613 1282 2645 pour
1303 2604 1371 2636 s’en
1392 2612 1542 2644 moquer.
1568 2604 1773 2644 Loumnns.)
1806 2603 1856 2636 Cf.
1884 2604 1969 2636 Hist.

1101 2653 1133 2694 4,
1159 2653 1220 2687 4οι
1246 2654 1379 2686 diversa
1400 2652 1599 2695 (contraria)
1621 2653 1718 2695 fama
1734 2654 1911 2686 Demetrio.
1933 2671 1968 2676 —

1101 2704 1214 2745 tulere]
1241 2703 1329 2736 Vide
1352 2703 1399 2736 ad
1421 2703 1453 2744 6,
1478 2703 1532 2736 49.
1562 2721 1596 2726 -
1624 2705 1867 2745 quinquennale
1888 2704 1973 2736 ludi-

1102 2754 1207 2796 crum]
1239 2762 1332 2786 anno
1354 2763 1390 2787 u.
1417 2763 1448 2787 c.
1474 2753 1538 2786 843
1568 2754 1778 2787 institutum.
1813 2754 1903 2786 Vide
1926 2754 1972 2786 ad

1104 2803 1158 2844 44,
1182 2804 1237 2837 20.
1267 2822 1302 2827 —
1332 2813 1421 2836 nova
1451 2803 1600 2837 ubertate
1624 2806 1802 2845 provenire
1828 2804 1971 2846 terram]

1106 2861 1218 2887 «novo
1241 2862 1373 2895 genere
1396 2853 1488 2887 fetus
1503 2862 1583 2887 esse
1606 2854 1796 2887 fecundam
1819 2856 1854 2887 et
1876 2854 1973 2887 ferti—

1104 2902 1208 2937 lem».
1235 2904 1291 2935 Sic
1309 2902 1452 2936 Plautus
1474 2904 1510 2936 in
1531 2903 1742 2937 Truculento
1757 2905 1790 2944 2,
1809 2903 1846 2937 4:
1874 2905 1973 2937 Cum-

1106 2962 1167 2994 que
1189 2952 1267 2985 bene
1285 2953 1467 2994 provenisti
1485 2953 1598 2994 salva,
1623 2955 1764 2996 gaudeo.
1789 2955 1831 2987 Et
1846 2953 1973 2987 eadem

1105 3002 1222 3036 fabula
1244 3003 1277 3043 2,
1303 3003 1339 3035 ὃς
1366 3002 1448 3036 Cum
1469 3006 1507 3036 tu
1527 3007 1614 3036 recte
1629 3005 1814 3046 provenisti
1835 3012 1975 3045 cumque

1105 3061 1138 3085 es
1161 3054 1263 3085 aucta
1289 3051 1415 3093 liberis,
1441 3053 1614 3086 Gratulor.
1646 3055 1671 3086 I.
1698 3055 1732 3086 F.
1758 3055 1905 3086 Gnosov.
1934 3070 1970 3077 -

1106 3102 1231 3143 obvias]
1255 3102 1330 3135 sine
1352 3101 1475 3135 labore
1495 3103 1690 3145 parandas,
1714 3105 1754 3136 ut
1768 3111 1877 3136 aureo
1892 3112 1973 3136 sae-

1107 3150 1198 3184 culo.
1226 3169 1262 3175 -
1286 3151 1433 3195 servilia]
1464 3154 1547 3185 Post
1577 3153 1646 3186 hoc
1668 3152 1818 3186 verbum
1839 3154 1975 3195 ingenia

1108 3200 1280 3234 excidisse
1306 3203 1404 3235 ratus
1428 3203 1483 3234 est
1506 3202 1704 3242 Ernestius;
1736 3203 1845 3235 immo
1867 3204 1972 3245 iunge

1107 3251 1179 3284 alia
1192 3251 1338 3291 servilia,
1361 3253 1384 3284 i.
1400 3260 1431 3284 e.
1449 3251 1571 3294 putida
1588 3255 1802 3292 commenta,
1821 3253 1937 3294 qualia
1952 3263 1972 3286 a

1108 3301 1233 3342 servis,
1244 3310 1314 3344 quo
1326 3302 1420 3334 heris
1432 3300 1631 3342 adulentur,
1646 3303 1834 3344 excogitari
1845 3303 1973 3338 solent.

1152 3351 1184 3384 3.
1208 3351 1395 3394 gliscebat·
1411 3350 1562 3393 luzaria]
1591 3351 1788 3385 Referenda
1816 3353 1906 3386 haec
1929 3354 1973 3386 ad

1110 3400 1256 3434 domum
1279 3409 1436 3441 auream,
1462 3401 1633 3443 piscinam
1651 3401 1852 3445 fossamque
1867 3405 1976 3437 Nero-

1109 3448 1175 3484 nis.
1200 3450 1387 3484 Suetonius
1402 3449 1438 3483 34
1456 3458 1462 3483 :
1487 3450 1563 3483 Non
1586 3450 1622 3483 in
1643 3451 1714 3484 alia
1734 3461 1772 3486 re
1788 3456 1897 3487 tamen
1913 3455 1975 3487 da-

1639 3511 1694 3555 35
