2254 3770
284 280 341 324 90
764 284 809 327 Ρ.
840 281 1089 326 CORNELII
1118 280 1287 325 TACITI
1315 277 1583 323 ANNALIUM

286 401 398 445 quae
428 389 540 433 venti
571 395 614 433 et
641 387 814 439 fluctus,
856 386 969 431 nulla
999 386 1123 430 ducis
1153 384 1295 443 culpa,
1335 384 1482 441 gravia
1510 389 1652 428 tamen
1681 390 1724 428 et
1752 397 1882 428 saeva
1911 383 2066 428 damna

285 461 536 507 intulissent.
577 477 624 507 se
645 463 794 506 novies
815 475 839 506 a
861 461 959 505 divo
979 462 1168 520 Augusto
1189 460 1229 503 in
1253 458 1522 503 Germaniam
1543 458 1721 503 missum
1743 459 1867 517 plura
1887 458 2066 504 consilio

285 550 416 595 quam
444 538 485 580 vi
514 537 760 596 perfecisse.
810 536 872 580 sic
902 535 1162 594 Sugambros
1192 535 1234 578 in
1264 533 1524 578 deditionem
1556 539 1772 592 acceptos,
1804 534 1868 579 sic
1899 534 2066 578 Suebos

285 625 519 670 regemque
539 611 849 655 Maroboduum
879 624 986 669 pace
1016 610 1278 654 obstrictum.
1317 622 1446 667 posse
1476 614 1519 652 et
1539 608 1782 654 Cheruscos
1810 616 2066 668 ceterasque

234 698 253 728 5
285 685 509 730 rebellium
538 692 703 744 genteS,
737 686 939 745 quoniam
967 687 1183 730 Romanae
1212 683 1360 728 ultioni
1392 682 1631 728 consultum
1661 684 1750 735 sit,⁴
1772 684 1948 728 internis
1978 684 2068 728 dis-

284 761 442 805 cordiis
472 748 667 819 relinqui.
716 767 918 819 precante
949 760 1202 805 Germanico
1239 773 1398 802 annum
1435 757 1671 802 efficiendis
1703 760 1884 817 coeptis,
1925 759 2067 804 acrius

284 835 535 880 modestiam
565 837 659 880 eius
697 835 944 893 adgreditur
985 835 1162 879 alterum
1195 833 1462 878 consulatum
1491 832 1730 885 offerendo,
1771 835 1894 878 cuius
1922 835 2066 878 munia

283 924 490 969 praesens
511 911 661 955 obiret.
708 910 832 954 simul
855 909 1124 960 adnectebat,
1158 910 1192 953 si
1219 909 1327 952 foret
1347 908 1489 953 adbuc
1508 907 1772 959 bellandum,
1805 909 2067 968 relinqueret

285 986 503 1030 materiem
540 986 666 1030 Drusi
704 986 842 1029 fratris
880 985 1058 1043 gloriae,
1101 985 1174 1043 qui
1210 983 1325 1027 nullo
1365 990 1455 1028 tum
1493 983 1575 1028 alio
1615 984 1738 1029 hoste
1767 985 1935 1028 nonnisi
1964 991 2067 1043 aput

234 1074 270 1103 ⁴0
286 1061 534 1105 Germanias
564 1061 744 1120 adsequi
783 1074 940 1105 nomen
983 1059 1303 1118 imperatorium
1332 1066 1373 1102 et
1410 1058 1638 1117 deportare
1676 1058 1865 1104 lauream
1904 1066 2063 1118 posset.

284 1135 396 1179 haud
437 1143 657 1180 cunctatus
697 1143 762 1180 est
799 1136 909 1179 ultra
946 1135 1241 1182 Germanicus,
1288 1147 1548 1192 quamquam
1587 1134 1686 1192 fingi
1726 1149 1780 1180 ea
1815 1149 1950 1194 seque
1986 1148 2066 1194 per

283 1210 487 1254 invidiam
515 1218 636 1268 parto
665 1211 750 1254 iam
782 1210 927 1255 decori
959 1210 1144 1254 abstrahi
1175 1209 1451 1267 intellegeret.

398 1287 478 1343 (27)
510 1286 597 1330 Sub
629 1285 741 1329 idem
772 1292 940 1344 tempus
971 1299 995 1329 e
1025 1284 1180 1328 familia
1203 1284 1526 1329 Scriboniorum
1554 1284 1659 1328 Libo
1682 1285 1848 1329 Drusus
1877 1285 2067 1330 defertur

283 1361 421 1405 moliri
451 1375 520 1405 res
550 1375 695 1405 novas.
737 1362 829 1405 eius
860 1361 1014 1419 negotii
1046 1360 1211 1403 initium
1239 1359 1434 1419 ordinem
1467 1359 1596 1403 finem
1625 1359 1814 1404 curatius
1843 1361 2064 1411 disseram,

231 1445 269 1477 45
283 1437 384 1495 quia
404 1444 491 1480 tum
511 1436 695 1494 primum
715 1443 885 1494 reperta
905 1442 1003 1480 sunt
1023 1449 1136 1493 quae
1166 1449 1246 1493 per
1275 1442 1335 1478 tot
1361 1449 1494 1478 annos
1515 1448 1607 1479 rem
1626 1434 1844 1493 publicam
1863 1435 2064 1482 exedere.

282 1511 463 1556 Firmius
496 1512 623 1556 Catus
652 1518 840 1562 senator,
870 1525 923 1555 ex
952 1511 1098 1554 intima
1125 1510 1297 1554 Libonis
1328 1510 1533 1560 amicitia,
1565 1510 1766 1554 iuvenem
1795 1511 2067 1569 inprovidum

283 1593 325 1631 et
351 1586 516 1631 facilem
546 1586 741 1630 inanibus
772 1586 825 1630 ad
847 1586 1160 1630 Chaldaeorum
1189 1585 1421 1644 promissa,
1452 1599 1674 1643 magorum
1703 1599 1843 1636 sacra,
1876 1587 2067 1631 somnio-

282 1677 376 1706 rum
406 1662 533 1706 etiam
562 1662 815 1720 interpretes
839 1661 1019 1721 impulit,
1053 1661 1153 1704 dum
1174 1674 1382 1719 proavum
1402 1661 1670 1719 Pompeium,
1701 1661 1872 1705 amitam
1892 1661 2066 1706 Scribo-

347 1815 379 1847 2.
405 1814 543 1847 consilia
557 1823 609 1857 pr.
626 1815 658 1848 M
676 1832 713 1838 —
727 1814 759 1847 3.
777 1813 971 1857 suqambros
991 1815 1039 1847 M:
1066 1813 1255 1846 Sicambros
1276 1821 1410 1855 margo.
1432 1830 1468 1838 -
1493 1812 1607 1846 suebos
1628 1821 1682 1855 pr.
1707 1814 1758 1847 M:
1783 1822 1901 1847 sueuos
1923 1821 2014 1846 corr.
2032 1814 2067 1847 M

284 1890 319 1895 —
345 1869 378 1904 4.
413 1880 524 1913 regem
546 1874 610 1912 que
637 1872 843 1904 aroboduum
865 1872 898 1905 M
928 1871 1185 1914 (Maroboduum
1218 1870 1350 1912 margo)
1388 1888 1424 1898 -.-
1459 1871 1491 1903 5.
1528 1871 1687 1911 quoniam
1720 1866 1817 1913 (qub)
1846 1871 1895 1905 M:
1933 1871 2067 1913 quando

282 1935 414 1969 margo.
444 1945 480 1950 —
504 1928 546 1960 sit
568 1929 602 1961 F.
627 1928 684 1961 W.
711 1929 805 1961 Otto:
831 1931 879 1961 est
900 1929 950 1968 M;
983 1931 1062 1961 esset
1084 1929 1251 1962 Muretus.
1273 1945 1309 1950 —
1335 1927 1367 1959 6.
1390 1930 1571 1968 praecaute
1592 1935 1645 1969 pr.
1671 1927 1704 1961 M
1720 1943 1757 1951 -
1783 1927 1835 1960 44.
1859 1927 2069 1970 germanicos

280 1985 314 2018 M
336 2002 379 2008 -—
401 1985 492 2025 sequi
513 1993 567 2027 pr.
593 1985 626 2019 M
652 2002 687 2010 --
714 1986 766 2018 45.
793 1985 871 2017 dum
893 1985 927 2018 M
951 1985 1031 2026 (tum
1055 1983 1188 2027 margo)
1215 2001 1251 2010 --
1278 1983 1330 2017 48.
1355 1981 1511 2024 interiites
1533 1983 1574 2016 M.

277 2108 390 2150 phum]
417 2107 502 2141 Vide
519 2109 550 2149 4,
576 2109 629 2141 55.
651 2127 687 2133 -
712 2118 745 2142 se
761 2110 874 2142 novies
898 2109 980 2152 cet]
1005 2108 1148 2142 Dubitat

282 2158 417 2200 Lipsius
441 2167 485 2191 an
510 2159 631 2198 toties;
663 2168 772 2200 quare
797 2160 1015 2192 Boxhornius
1037 2160 1149 2192 novies

1198 2109 1337 2141 desdam
1358 2109 1479 2141 autem
1501 2106 1603 2141 solito
1626 2117 1735 2141 sensu
1750 2109 1970 2151 acceperim,
1995 2118 2066 2143 non

1198 2167 1281 2191 cum
1310 2158 1384 2191 aliis
1415 2167 1480 2200 pro
1509 2157 1694 2199 obsequio.
1721 2175 1758 2182 --
1783 2160 1961 2199 deportare
1987 2160 2067 2192 tau-
2099 2179 2106 2186 ·

282 2209 395 2241 mutat
424 2208 457 2241 in
487 2210 590 2241 toties.
636 2210 679 2242 At
712 2209 892 2251 vulgatum
922 2210 1006 2243 satis
1039 2209 1149 2242 habet

281 2258 441 2300 speciem
470 2259 637 2291 veritatis.
685 2260 773 2292 Nam
803 2260 962 2293 Tiberius
995 2260 1030 2292 in
1061 2261 1147 2292 Ger-

281 2308 434 2341 maniam
465 2308 643 2349 profectus
674 2310 729 2341 est
761 2310 795 2350 4)
818 2318 850 2342 a.
876 2310 950 2342 738.
997 2310 1060 2342 Dio
1091 2308 1144 2347 54,

281 2358 335 2390 20.
382 2358 413 2398 2)
439 2366 471 2390 a.
497 2357 572 2390 745.
605 2359 668 2390 Dio
692 2360 752 2398 55,
784 2359 816 2391 2.
864 2360 894 2400 3)
919 2369 950 2392 a.
977 2359 1052 2392 746.
1085 2360 1147 2391 Dio

281 2408 336 2446 55,
362 2408 393 2440 6.
439 2406 470 2446 4)
496 2416 526 2439 a.
546 2407 619 2440 747.
647 2409 709 2441 Dio
726 2410 779 2448 55,
805 2410 837 2442 8.
877 2410 907 2450 5)
932 2418 963 2441 a.
982 2410 1058 2442 757.
1084 2409 1147 2441 Dio

281 2457 336 2496 55,
362 2457 414 2489 43.
461 2457 497 2501 6)
521 2466 552 2489 a.
579 2458 653 2489 759.
682 2459 746 2490 Dio
770 2459 823 2498 55,
849 2459 903 2491 28.
951 2459 986 2501 7)
1011 2467 1043 2491 a.
1069 2458 1145 2491 763.

282 2507 346 2540 Dio
370 2507 430 2545 56,
460 2508 514 2539 23.
562 2507 598 2548 8)
623 2517 653 2540 a.
680 2508 755 2541 764.
788 2510 851 2541 Dio
881 2510 942 2547 56,
973 2510 1026 2541 25.
1075 2510 1147 2540 lam

283 2557 368 2598 quid
391 2556 493 2590 deest
515 2557 558 2590 ad
584 2567 770 2590 numerum
787 2558 1025 2600 explendum?
1058 2557 1147 2592 Nihil

282 2607 386 2648 igitur
408 2615 496 2649 opus
520 2610 590 2645 est,
624 2610 661 2640 ut
685 2609 926 2650 expeditiones
949 2610 984 2641 in
1008 2611 1148 2641 Panno-

282 2657 377 2689 niam
412 2658 447 2689 et
482 2656 655 2697 lllyrieum
696 2658 805 2691 factae
843 2659 913 2691 huc
951 2659 1145 2691 trahantur.

282 2707 424 2740 WALrn.
437 2723 472 2730 —
488 2707 699 2749 Suyambros]
718 2709 756 2740 V.
775 2710 884 2741 Zeuss
900 2710 951 2741 die
965 2709 1148 2741 Deutschen

281 2765 316 2798 p.
342 2755 384 2788 83
413 2758 449 2788 et
472 2756 545 2789 327.
586 2759 727 2790 Sueton.
754 2759 870 2790 octav.
897 2759 957 2790 24;
997 2758 1091 2791 Ubios
1118 2762 1150 2791 et

281 2805 484 2847 Sugambros
517 2807 664 2839 dedentes
692 2816 725 2839 se
755 2809 910 2840 traduxit
937 2809 973 2840 in
1001 2809 1148 2841 Galliam

281 2859 381 2897 atque
417 2856 453 2888 in
486 2858 652 2897 promimis
688 2858 795 2890 Rheno
832 2859 925 2899 ayris
961 2858 1145 2891 collocavit.

281 2906 355 2938 Tib.
382 2906 417 2938 9:
449 2905 645 2939 Germanico
677 2906 785 2948 (bello
808 2916 841 2939 a.
866 2907 930 2940 740
960 2909 1059 2949 gesto
1091 2909 1149 2941 Ti-

280 2955 418 2997 berius)
435 2957 662 2997 quadraginta
674 2957 768 2988 mitia
780 2957 1008 2990 dediticiorum
1019 2958 1150 2990 traiecit

281 3006 316 3037 in
339 3006 486 3038 Galliam
508 3006 671 3047 iuxtaque
692 3007 803 3046 ripam
820 3007 919 3039 Rheni
941 3008 1069 3040 sedibus
1090 3017 1149 3040 as-

281 3056 419 3097 signatis
441 3056 626 3088 collocavit.
653 3056 703 3087 Cf.
724 3057 775 3094 42,
803 3056 856 3088 39.·
875 3073 911 3079 -
937 3057 1068 3099 Suebos]
1095 3057 1146 3090 Cf.

282 3107 397 3138 Germ.
424 3104 563 3138 38—45.
601 3106 705 3139 Ukert
728 3105 926 3139 Germanien
952 3116 986 3149 p.
1012 3107 1087 3149 34⁴.
1104 3125 1149 3132 -

281 3155 534 3196 Maroboduum]
561 3155 612 3187 Cf.
631 3164 662 3187 c.
682 3154 734 3187 46.
766 3154 885 3187 Vellei.
911 3157 944 3195 2,
971 3157 1044 3189 408.
1071 3157 1147 3190 409.

283 3206 346 3237 Dio
371 3207 424 3244 55,
450 3205 492 3238 28
517 3207 552 3237 et
575 3205 615 3238 30
645 3205 679 3236 in
711 3204 798 3236 actis
822 3205 903 3237 anni
926 3206 1000 3237 759.
1028 3223 1064 3229 —
1090 3208 1150 3239 ad-

282 3255 442 3297 qreditur]
467 3256 583 3296 urget,
616 3262 830 3295 exsuperare
861 3257 1009 3287 conatur
1032 3255 1148 3288 oblato

283 3303 484 3343 consulatu,
516 3306 571 3337 cui
601 3313 640 3337 se
664 3304 825 3346 quamvis
849 3304 1031 3337 modestus
1055 3306 1148 3339 nullo

283 3356 384 3396 pacto
401 3363 569 3386 excusare
586 3356 740 3396 poterat,
766 3353 833 3386 nisi
849 3353 1026 3394 superbus
1039 3356 1148 3388 videri

284 3412 326 3436 ac
349 3403 489 3436 filialem
512 3405 679 3446 pietatem
703 3402 845 3436 laedere
868 3402 1046 3437 voluisset.
1079 3406 1149 3438 Mo-

1196 2207 1300 2250 ream]
1315 2208 1601 2249 Triumphatores
1613 2207 1771 2241 lauream
1781 2217 1883 2242 suam
1896 2218 2067 2242 coronam

1198 2259 1233 2291 in
1248 2259 1382 2300 gremio
1398 2258 1488 2290 Iovis
1502 2257 1683 2300 Capitolini
1699 2259 1936 2300 deponebant.
1963 2261 2068 2292 Prae-

1199 2311 1294 2341 terea
1318 2308 1438 2341 laurus
1462 2309 1552 2340 teste
1575 2307 1683 2341 Plinio
1707 2310 1747 2342 N.
1772 2309 1813 2341 H.
1841 2311 1902 2349 45,
1937 2311 1956 2352 S
1982 2311 2063 2344 ⁴33:

1196 2359 1301 2400 fasces
1329 2359 1569 2398 imperatorum
1591 2359 1736 2391 decorat.
1782 2359 1839 2391 Ea>
1859 2360 1910 2392 his
1929 2359 1966 2392 in
1986 2369 2067 2401 yre-

1197 2410 1264 2440 mio
1287 2408 1374 2440 Iovis
1396 2408 1433 2440 0.
1459 2408 1506 2440 Μ.
1524 2409 1711 2448 deponitur,
1736 2409 1883 2449 quotiens
1904 2410 2067 2443 laetitiam

1197 2467 1286 2491 nova
1307 2458 1451 2491 victoria
1474 2458 1596 2490 attulit.
1633 2459 1743 2491 Huius
1759 2459 1847 2492 ritus
1863 2459 2066 2502 exemplum

1198 2507 1349 2550 praebet
1378 2509 1554 2549 Augustus
1592 2508 1687 2549 apud
1725 2510 1875 2542 Dionem
1907 2509 1970 2550 54,
2009 2511 2064 2544 25.

1199 2558 1271 2599 (Sic
1303 2558 1338 2590 in
1372 2557 1515 2590 lucerna
1550 2557 1645 2590 fictili
1680 2558 1775 2600 apud
1808 2560 2009 2593 Passer-ium
2037 2561 2064 2592 1.

1198 2607 1283 2641 Tab.
1302 2608 1343 2640 27
1368 2616 1534 2649 expressa
1560 2610 1614 2640 est
1637 2608 1756 2641 laurea
1773 2609 1807 2641 in
1825 2610 1961 2650 gremio
1975 2610 2066 2643 Iovis

1197 2657 1386 2699 sedentis.)
1424 2656 1516 2690 Alias
1539 2658 1645 2690 etiam
1669 2659 1745 2691 sine
1772 2659 1863 2691 iusto
1886 2659 2066 2701 triumpho

1197 2706 1356 2740 lauream
1379 2707 1562 2740 dumtaxat
1583 2717 1626 2740 eo
1643 2708 1890 2750 deportabant.
1920 2709 2064 2742 Sueton.

1198 2758 1279 2790 Ner.
1306 2756 1359 2789 43.
1385 2757 1485 2789 Dom.
1511 2758 1543 2789 6.

1241 2807 1295 2839 27.
1320 2806 1399 2839 Libo
1420 2807 1552 2839 Drusus
1573 2808 1605 2839 d.
1623 2816 1669 2840 m.
1693 2817 1747 2840 res
1768 2807 1884 2850 novas]
1908 2807 2065 2841 Eandem

1200 2865 1275 2889 rem
1299 2857 1472 2897 attingunt
1495 2855 1645 2890 Velleius
1674 2857 1728 2898 (2,
1761 2858 1841 2890 429ε
1880 2859 1988 2899 Quam
2009 2867 2066 2890 ce-

1197 2906 1310 2939 leriter
1333 2906 1513 2947 (Tiberius)
1536 2907 1707 2949 inm-atum
1727 2911 1758 2940 et
1777 2917 1866 2940 nova
1880 2909 2066 2941 molientem

1198 2957 1356 2997 oppressit
1366 2957 1413 2997 J),
1452 2957 1588 2989 Seneca
1626 2957 1745 2999 (epist.
1776 2958 1837 2990 7οε
1876 2958 2063 2998 Scribonia,

1197 3006 1314 3048 oravis
1334 3006 1477 3047 femina,
1502 3007 1608 3039 amita
1622 3007 1726 3039 Drusi
1740 3007 1870 3039 Libonis
1882 3008 1958 3049 fuit,
1982 3009 2065 3040 adia—

1199 3056 1346 3088 leseentis
1377 3059 1448 3088 tam
1480 3056 1590 3089 stolidi
1623 3065 1725 3097 quam
1755 3057 1892 3097 nobilis,
1930 3058 2065 3090 maiora

1198 3107 1362 3148 sperantis
1384 3115 1485 3147 quam
1514 3107 1571 3139 illo
1597 3107 1704 3139 secuto
1726 3107 1904 3148 quisquam
1928 3116 2065 3148 sperare

1195 3159 1328 3197 poterat
1350 3160 1410 3188 aut
1431 3157 1499 3197 ipse
1519 3155 1636 3198 ullo),
1670 3157 1857 3190 Suetonius
1884 3157 1975 3199 (Tib.
2001 3158 2061 3191 25:

1198 3207 1235 3239 L.
1267 3206 1458 3239 Scribonius
1486 3206 1584 3247 Libo,
1619 3207 1673 3239 vir
1704 3207 1838 3247 nobilis,
1875 3216 1930 3240 res
1960 3217 2065 3240 novas

1199 3257 1286 3289 clam
1307 3256 1552 3299 moliebatur),
1583 3258 1648 3290 Dio
1671 3257 1726 3295 57,
1760 3258 1812 3290 45.
1839 3273 1875 3280 -
1900 3258 2063 3301 curatius]

1199 3306 1286 3338 Vide
1310 3306 1355 3338 ad
1379 3307 1415 3346 4,
1443 3306 1493 3339 43.
1523 3324 1558 3330 ·—-
1585 3306 1753 3348 disseram]
1785 3315 1850 3349 pro
1872 3307 2062 3348 edisseram,

1199 3359 1238 3388 ut
1260 3355 1396 3389 Sallust.
1425 3355 1521 3391 Catil.
1546 3358 1578 3389 5.
1605 3357 1676 3389 Liv.
1700 3357 1755 3396 4⁴,
1781 3357 1813 3389 6.
1835 3375 1877 3381 -
1900 3366 1986 3398 quae
2004 3367 2067 3399 por

1197 3410 1245 3440 tot
1267 3415 1372 3439 annos
1393 3416 1464 3440 rem
1482 3416 1519 3449 p.
1543 3407 1693 3450 eredere]
1720 3407 1742 3440 i.
1768 3415 1800 3440 e.
1826 3407 1973 3440 erimina
1989 3416 2063 3442 ma-
