2254 3770
213 273 295 318 ⁴72
695 276 741 319 Ρ.
773 272 1022 318 CORNELII
1050 272 1220 317 TACITI
1247 270 1515 316 ANNALIUM

213 379 374 425 audita:
410 380 556 439 plures
587 379 884 430 obturbabant,
922 393 1064 438 neque
1100 378 1281 424 relatum
1310 378 1365 421 de
1396 377 1568 435 negotio
1596 391 1739 437 neque
1772 377 1999 422 Caecinam

215 456 390 514 dignum
417 463 558 501 tantae
588 457 651 500 rei
683 469 919 500 censorem.
955 469 1054 499 mox
1082 454 1273 500 Valerius
1303 453 1573 506 Messalinus,
1606 454 1673 498 cui
1702 467 1859 512 parens
1889 453 2001 497 Mes-

215 531 305 576 sala
331 533 554 591 ineratque
573 532 713 589 imago
732 536 936 589 paternae
957 530 1193 582 facundiae,
1214 529 1438 587 respondit
1456 528 1587 573 multa
1607 529 1788 573 duritiae
1807 534 2001 573 veterum

213 608 257 651 in
284 607 437 652 melius
468 614 510 652 et
537 607 689 651 laetius
718 612 894 660 mutata;
925 620 1067 665 neque
1099 606 1228 655 enim,
1261 611 1307 648 ut
1335 603 1447 656 olim,
1479 603 1666 649 adsideri
1697 605 1850 649 urbem
1878 603 2001 648 bellis

182 690 288 727 saut
316 683 557 742 provincias
588 681 753 726 hostilis
783 696 894 726 esse.
926 689 967 726 et
995 696 1133 740 pauca
1167 681 1419 725 feminarum
1447 680 1777 725 necessitatibus
1808 679 2000 731 concedi,

217 773 330 818 quae
366 772 420 803 ne
456 758 686 815 coniugum
721 757 898 816 quidem
933 763 1130 815 penates,
1170 756 1280 801 adeo
1319 756 1459 801 socios
1495 769 1580 799 non
1617 762 1816 809 onerent;
1861 761 2004 800 cetera

217 835 431 894 promisca
461 848 558 878 cum
586 833 748 884 marito,
782 847 861 878 nec
889 833 1022 876 ullum
1051 834 1092 876 in
1112 847 1164 878 eo
1194 832 1313 890 pacis
1343 831 1706 890 impedimentum.
1737 830 1849 875 bella
1877 829 2004 888 plane

218 910 418 955 accinctis
449 908 668 953 obeunda:
701 908 777 952 sed
808 909 1120 953 revertentibus
1150 914 1248 966 post
1275 907 1466 952 laborem
1487 907 1604 965 quod
1634 906 1855 951 honestius
1877 919 2007 965 quam

217 986 413 1029 uxorium
443 984 759 1028 levamentum?
788 990 830 1028 at
850 984 1059 1043 quasdam
1080 984 1123 1026 in
1147 983 1421 1027 ambitionem
1440 989 1513 1027 aut
1532 983 1751 1027 avaritiam
1770 981 2006 1040 prolapsas.

168 1074 204 1104 ιο
219 1061 319 1119 quid
332 1061 353 1103 ‘?
382 1061 574 1118 ipsorum
592 1061 915 1118 magistratuum
935 1074 1075 1104 nonne
1095 1060 1328 1118 plerosque
1348 1059 1478 1102 variis
1498 1058 1746 1102 libidinibus
1769 1057 2007 1101 obnoxios?

217 1151 303 1180 non
332 1142 475 1180 tamen
503 1136 603 1180 ideo
634 1136 850 1180 neminem
877 1136 919 1178 in
950 1135 1214 1194 provinciam
1242 1135 1361 1178 mitti.
1402 1140 1624 1192 corruptos
1655 1147 1787 1191 saepe
1822 1133 2008 1191 pravita-

217 1212 331 1256 tibus
374 1226 557 1255 uxorum
597 1212 791 1255 maritos:
836 1226 938 1255 num
975 1225 1077 1269 ergo
1117 1211 1255 1254 omnis
1301 1210 1487 1255 caelibes
1528 1209 1748 1267 integros?
1790 1208 2006 1266 placuisse

217 1287 435 1346 quondam
456 1287 619 1346 Oppias
645 1287 764 1345 leges
795 1287 858 1331 sic
886 1286 1151 1344 temporibus
1182 1286 1245 1330 rei
1274 1285 1473 1344 publicae
1493 1284 1826 1343 postulantibus:
1856 1284 2008 1327 remis-

216 1378 312 1407 sum
340 1362 501 1421 aliquid
530 1369 682 1420 postea
713 1369 755 1406 et
783 1363 1034 1420 mitigatum,
1073 1362 1174 1420 quia
1203 1361 1451 1419 expedierit.
1490 1360 1645 1404 frustra
1674 1366 1863 1403 nostram
1890 1360 2010 1416 igna-

165 1451 200 1480 15
214 1439 328 1483 viam
348 1438 429 1483 alia
448 1438 501 1483 ad
523 1437 733 1482 vocabula
759 1438 999 1491 transferri3
1030 1452 1130 1482 nam
1148 1437 1228 1481 viri
1249 1438 1290 1480 in
1313 1451 1365 1481 eo
1387 1435 1566 1494 culpam,
1599 1436 1635 1479 si
1657 1435 1813 1479 femina
1833 1434 2010 1478 modum

216 1513 407 1558 excedat.
438 1527 568 1571 porro
601 1513 657 1558 ob
687 1514 813 1557 unius
844 1519 916 1557 aut
945 1513 1119 1557 alterius
1150 1512 1397 1558 inbecillum
1426 1512 1615 1556 animum
1643 1510 1754 1554 male
1784 1510 1893 1568 eripi
1919 1523 2011 1554 ma-

214 1590 306 1634 ritis
337 1590 550 1634 consortia
578 1603 722 1633 rerum
752 1589 1040 1633 secundarum
1079 1588 1458 1646 adversarumque.
1505 1585 1630 1630 simul
1672 1600 1822 1630 sexum
1860 1591 2011 1629 natura

216 1665 447 1710 invalidum
476 1666 619 1710 deseri
650 1672 692 1709 et
721 1665 877 1722 exponi
908 1679 987 1708 suo
1017 1664 1135 1716 luxu,
1178 1663 1452 1722 cupidinibus
1489 1661 1653 1706 alienis.
1690 1661 1761 1704 vix
1793 1660 2011 1719 praesenti

217 1741 412 1785 custodia
455 1755 628 1785 manere
672 1740 834 1785 inlaesa
871 1740 1091 1798 coniugia:
1130 1739 1234 1798 quid
1273 1739 1381 1790 fore,
1425 1737 1461 1781 si
1498 1751 1577 1796 per
1611 1736 1757 1795 plures
1794 1750 1928 1781 annos
1967 1737 2010 1779 in

167 1828 204 1859 20
217 1817 394 1860 modum
413 1816 582 1861 discidii
605 1815 911 1860 obliterentur‘?
941 1816 1004 1860 sic
1024 1816 1195 1860 obviam
1223 1815 1333 1859 irent
1362 1815 1414 1858 iis
1441 1827 1553 1872 quae
1583 1811 1682 1857 alibi
1713 1818 2007 1871 peccarentur,

284 1938 316 1971 3.
338 1941 482 1979 patenae
502 1946 556 1979 pr.
582 1938 616 1971 M
640 1954 676 1960 -
708 1937 815 1970 multa
848 1937 993 1969 duritiae
1019 1937 1070 1970 M:
1101 1936 1208 1969 multa
1231 1936 1352 1968 duritie
1373 1933 1587 1974 Beroaldus;
1613 1933 1720 1966 multa
1742 1942 1765 1965 a
1787 1933 1910 1966 duritie
1930 1933 2008 1967 Mu—

216 1995 315 2027 retus
340 1995 374 2027 et
396 1993 591 2033 Acidalius;
622 1994 730 2026 multa
751 2003 768 2025 e
790 1993 911 2025 duritie
933 1993 1128 2026 Ernestius.
1164 2011 1200 2017 -
1233 1992 1266 2026 4.
1290 1992 1326 2024 in
1348 1992 1504 2025 Muretus
1529 1991 1565 2023 et
1585 1988 1779 2023 Acidalius:
1814 1997 1885 2022 om.
1911 1989 1945 2023 M
1969 2005 2006 2013 —

216 2051 360 2084 adsideri
382 2051 559 2083 Baiterus:
586 2050 733 2083 absidere
749 2059 800 2092 pr.
819 2051 871 2090 M;
898 2050 1038 2083 obsideri
1052 2059 1145 2084 corr.
1162 2051 1213 2089 M,
1239 2049 1389 2082 adsidere
1411 2048 1538 2081 Haase.
1563 2048 1615 2080 De
1638 2046 1845 2089 permutatis
1862 2054 2010 2088 praepo-

217 2107 401 2140 sitionibus
423 2106 465 2139 ab
489 2108 525 2140 et
547 2107 592 2139 ad
614 2106 657 2139 cf.
683 2115 756 2140 var.
775 2106 855 2140 lect.
882 2108 914 2147 i,
935 2108 987 2140 40.
1007 2107 1059 2139 49.
1084 2107 1121 2147 2,
1139 2105 1171 2139 4.
1197 2106 1250 2139 37.
1271 2106 1307 2147 4,
1333 2105 1386 2138 35.
1407 2105 1439 2144 6,
1457 2104 1488 2137 3.
1511 2122 1546 2127 -
1573 2104 1606 2136 5.
1631 2106 1711 2136 esset
1731 2105 1764 2135 et
1785 2103 1818 2136 M
1835 2120 1872 2126 —
1899 2102 1932 2135 6.
1953 2103 2011 2144 pi-

216 2167 310 2196 nates
331 2172 385 2206 pr.
410 2164 444 2196 M
469 2182 505 2187 —
530 2163 562 2197 8.
588 2163 755 2196 accinctus
776 2172 830 2205 pr.
855 2163 889 2196 M
915 2181 950 2185 ——
975 2163 1008 2196 9.
1033 2163 1078 2195 ad
1099 2163 1133 2196 M
1158 2162 1210 2204 (At
1231 2160 1365 2204 margo)
1396 2178 1428 2184 -
1456 2159 1508 2193 ⁴4.
1533 2160 1654 2200 aliquit
1675 2160 1719 2193 M.

263 2270 317 2304 34.
343 2279 448 2312 neque
469 2269 623 2311 relatum]
648 2278 667 2301 a
691 2270 804 2302 Druso
820 2268 977 2302 consule.
1004 2269 1090 2302 Cae-
1138 2268 1263 2310 quarto
1280 2266 1528 2300 Historiarum:
1550 2265 1767 2307 nmisumque
1781 2264 1928 2297 adsideri
1942 2264 2013 2298 sine

220 2321 298 2354 cina
324 2322 418 2353 enim
442 2319 526 2352 illud
549 2321 738 2353 censuerat
759 2329 824 2362 per
847 2320 1089 2361 egressionem
1132 2319 1270 2361 proeliis
1300 2317 1465 2350 audiebat.
1500 2334 1536 2339 —
1562 2317 1644 2349 adeo
1677 2324 1743 2348 soc.
1767 2324 1834 2348 non
1857 2315 2011 2358 onerent]

220 2372 294 2404 sive
330 2379 518 2403 excessum
553 2379 572 2403 e
603 2371 794 2409 sententia3
830 2369 873 2402 cf.
900 2371 937 2408 2,
968 2369 1020 2402 38.
1051 2387 1086 2392 —-
1140 2369 1242 2402 Hand
1265 2369 1362 2401 Turs.
1389 2369 1422 2408 I,
1452 2376 1490 2410 p.
1515 2365 1596 2399 ⁴54:
1635 2365 1882 2399 «Peculiarem
1904 2373 2013 2399 usum

220 2424 334 2454 tantae
355 2421 404 2453 rei
426 2420 602 2463 censorem]
626 2420 797 2453 invidiose
821 2429 886 2462 pro
908 2420 1092 2461 castigato-

219 2481 291 2505 rem
313 2472 348 2503 et
371 2474 599 2503 correctorem,
638 2470 687 2503 Cf.
714 2471 750 2510 2,
776 2470 836 2503 33:
863 2479 929 2502 non
951 2470 986 2501 id
1007 2473 1091 2502 tem-

218 2530 283 2564 pus
311 2529 480 2553 censurae.
508 2538 544 2543 -—
579 2520 729 2553 Valerius
755 2519 968 2562 Messalinus]
1000 2519 1091 2552 filius

221 2570 392 2605 Messalae
411 2571 562 2610 Corvini,
588 2569 811 2602 celeberrimi
837 2570 926 2603 illius
943 2570 1091 2602 oratoris

223 2631 264 2654 ac
294 2621 438 2654 fautoris
469 2619 609 2660 Tibulli,
643 2619 796 2653 consulis
820 2629 851 2653 a.
877 2621 960 2660 723,
991 2621 1093 2661 pater

222 2672 267 2706 M.
292 2670 420 2703 Valerii
445 2669 613 2703 Messalae
638 2669 790 2703 consulis
815 2679 847 2703 a.
875 2670 939 2703 773
969 2670 1019 2711 (3,
1039 2669 1089 2711 2);

222 2722 331 2755 frater
362 2721 483 2753 Cottae
513 2719 688 2753 Messalini
720 2721 772 2761 (2,
798 2720 871 2762 32).
913 2720 965 2753 Ad
995 2728 1090 2759 eum,

223 2772 284 2814 qui
317 2771 375 2803 hic
409 2771 645 2810 memoratur,
689 2770 902 2812 interpretes
935 2769 1094 2802 referunt

223 2819 346 2855 Tibull.
371 2821 408 2860 2,
434 2820 467 2852 5.
493 2819 589 2852 Ovid.
617 2829 659 2852 ex
682 2821 792 2852 Ponto
817 2821 848 2859 i,
873 2820 904 2852 7.
929 2820 962 2860 2,
980 2821 1012 2853 2.
1039 2819 1090 2852 Cf.

224 2879 330 2914 supra
350 2879 381 2903 c.
401 2869 454 2902 ⁴8.
476 2887 511 2892 —
536 2869 643 2902 multa
665 2869 820 2911 duritiae]
849 2868 978 2902 «multa
1001 2878 1092 2911 quae

224 2922 364 2954 veteres
394 2919 498 2952 nimis
529 2919 617 2951 dure
641 2928 683 2951 ac
706 2928 830 2952 severe
854 2920 1092 2953 statuissent.»

223 2971 278 3005 Ad
308 2969 523 3012 singularem
554 2970 648 3002 hunc
679 2971 880 3010 genetivum
905 2970 949 3002 cf.
975 2978 1006 3002 e.
1031 2970 1090 3002 55:

224 3024 341 3054 nostra
369 3028 499 3062 quoque
528 3023 622 3052 aetas
651 3019 757 3051 multa
786 3019 895 3052 laudis
917 3023 948 3052 et
969 3020 1095 3052 artium

224 3072 390 3104 imitanda
410 3070 549 3111 posteris
571 3069 656 3102 tulit.
678 3087 713 3091 —
738 3069 774 3100 in
794 3070 909 3101 melius
932 3073 963 3102 et
978 3070 1097 3102 laetius

225 3120 367 3162 mutata]
404 3120 454 3154 Cf.
481 3128 512 3152 c.
537 3117 596 3152 54:
634 3119 670 3150 in
697 3118 812 3151 melius
838 3122 950 3152 mutet.
988 3119 1027 3158 4,
1054 3119 1094 3151 6:

225 3172 345 3203 mutati
368 3171 403 3203 in
426 3170 568 3202 deterius
587 3168 806 3209 principatus.
832 3168 871 3208 4,
889 3169 948 3201 20:
974 3169 1009 3200 in
1031 3177 1098 3201 me-

227 3222 290 3253 lius
303 3222 410 3263 sleaeit.
433 3239 469 3244 —
495 3219 640 3252 adsideri
653 3218 777 3260 urbem]
803 3218 853 3251 Cf.
872 3218 908 3258 4,
927 3219 985 3251 58:
1010 3227 1098 3251 moe-

227 3271 286 3302 nia
302 3271 393 3302 urbis
408 3271 570 3303 adsidens.
597 3269 629 3310 6,
647 3268 706 3302 43:
724 3268 901 3300 adsidendo
916 3269 1093 3300 castellum.

228 3321 425 3353 Priscianus
448 3321 485 3360 8,
511 3321 572 3360 45,
597 3319 638 3352 82
667 3320 716 3360 (p.
741 3317 805 3351 830
829 3318 899 3358 P.):
938 3318 1097 3350 «Obsideo

229 3379 314 3402 vero
347 3371 382 3401 et
411 3371 542 3402 adsideo
572 3369 684 3402 activa
715 3369 814 3408 sunt,
846 3367 977 3400 faciunt
1004 3369 1096 3400 enim

231 3420 378 3453 obsideor
414 3421 448 3452 et
490 3420 664 3458 adsideor;
711 3417 806 3452 unde
843 3416 1024 3452 sallustius
1062 3418 1098 3451 in

1141 2417 1442 2461 deprehendimus
1473 2417 1509 2449 in
1539 2415 1677 2456 Velleii,
1709 2416 1817 2448 Taciti
1847 2416 1883 2448 et
1905 2415 2013 2449 Curtii

1140 2469 1255 2509 libris,
1281 2469 1357 2510 qui,
1383 2468 1422 2499 ut
1443 2466 1584 2499 videtur
1603 2475 1622 2498 e
1640 2466 1694 2499 sui
1710 2466 1880 2508 temporis
1896 2474 2010 2505 more,

1140 2517 1439 2562 praecedentibus
1461 2515 1581 2550 verbis
1603 2524 1643 2548 ne
1657 2533 1676 2540 -
1692 2516 1824 2558 quidem
1842 2516 1889 2554 et,
1915 2515 2012 2557 quod

1142 2569 1215 2602 fere
1248 2568 1377 2601 eodem
1413 2575 1521 2600 sensu
1555 2566 1702 2606 dicitur,
1741 2574 1889 2606 quoque,
1923 2573 2012 2599 Δυιεο

1142 2619 1337 2662 posuerunt
1360 2618 1424 2657 ita,
1449 2618 1489 2649 ut
1507 2624 1654 2649 sensum
1670 2614 1802 2648 habeat
1814 2614 2011 2648 verborum

1142 2673 1235 2703 tanto
1257 2669 1366 2710 mayis
1387 2667 1444 2700 vel
1465 2667 1575 2700 minus
1596 2667 1632 2698 et
1651 2666 1804 2698 nedum.»
1829 2664 1880 2698 Cf.
1905 2665 1938 2705 6,
1955 2665 2009 2697 ⁴5.

1144 2721 1229 2752 Hist.
1249 2719 1280 2758 3,
1295 2718 1348 2751 64.
1362 2717 1396 2758 4,
1410 2718 1463 2750 80.
1481 2735 1517 2740 -
1540 2714 1650 2758 piane]
1667 2723 1765 2755 sane,
1783 2714 1918 2756 utique,
1936 2714 2011 2747 sine

1144 2769 1263 2802 dubio.
1290 2768 1341 2801 Cf.
1368 2767 1421 2807 43,
1446 2768 1507 2800 50:
1532 2766 1764 2807 temperandas
1781 2765 1883 2805 plane
1899 2763 2014 2805 publi-

1142 2827 1305 2852 canorum
1321 2818 1501 2859 cupidines.
1523 2835 1559 2841 —
1585 2815 1751 2858 accinctis]
1777 2813 1914 2856 cingulo
1931 2823 2014 2848 cum

1143 2869 1278 2912 gladio,
1315 2868 1351 2900 id
1385 2867 1482 2909 quod
1513 2866 1558 2900 ad
1590 2866 1697 2899 idem·
1718 2865 1811 2898 redit
1843 2866 1950 2906 atque
1984 2865 2014 2898 si

1144 2919 1309 2952 dixisset:
1337 2917 1540 2950 «instructis
1564 2915 1673 2949 rebus
1696 2916 1834 2948 tantum
1851 2923 2016 2948 necessa-

1143 2971 1223 3009 riis,
1252 2967 1382 3001 relictis
1413 2966 1686 3009 supervacaneis
1716 2964 2014 3007 impedimentis.»

1148 3038 1184 3043 -
1203 3019 1290 3060 quod
1311 3018 1504 3050 honestius-
1516 3035 1536 3041 -
1550 3018 1769 3049 levamentum
1777 3016 1808 3056 ?]
1832 3014 1883 3048 Cf.
1902 3015 1954 3055 ⁴2,
1971 3015 2013 3047 δε

1145 3071 1234 3113 quod
1266 3068 1429 3102 honestius
1455 3068 1624 3101 censoriae
1650 3066 1768 3099 mentis
1796 3065 2017 3098 levamentum

1146 3130 1248 3163 quam
1262 3128 1430 3153 assumere
1443 3119 1624 3160 coniugem.
1640 3136 1675 3141 -
1695 3115 1878 3158 remissum]
1891 3124 1923 3148 a.
1936 3115 2013 3148 559.

1147 3170 1234 3203 Vide
1258 3169 1303 3202 ad
1327 3178 1358 3202 c.
1384 3168 1437 3202 34.
1466 3186 1501 3193 -
1535 3167 1631 3209 luxu]
1658 3167 1745 3199 Vide
1769 3165 1814 3199 ad
1837 3174 1867 3198 c.
1894 3164 1948 3197 30.
1976 3182 2012 3188 -

1146 3218 1368 3260 obliterentur]
1394 3218 1494 3260 quasi
1518 3218 1552 3250 in
1575 3216 1789 3250 oblivionem
1806 3213 1956 3247 abirent.
1974 3231 2011 3236 —

1146 3270 1181 3302 in
1213 3268 1393 3310 Illyricum]
1430 3267 1481 3301 Cf.
1511 3268 1550 3307 2,
1580 3266 1634 3300 44.
1670 3284 1704 3290 -
1740 3265 1800 3306 tot]
1831 3272 1902 3297 non
1935 3262 2015 3307 plus

1146 3320 1263 3352 trium.
1290 3318 1341 3351 Cf.
1366 3319 1403 3358 2,
1428 3316 1482 3351 84.
1508 3317 1540 3356 3,
1564 3317 1618 3349 29.
1643 3315 1698 3349 56.

1189 3368 1244 3401 35.
1266 3367 1416 3408 proximi
1437 3366 1582 3408 senatus]
1613 3364 1664 3398 Cf.
1690 3364 1834 3397 sueton.
1859 3361 1922 3396 Iul.
1950 3362 2009 3395 79:

1143 3418 1303 3460 proximo
1315 3420 1443 3450 senatu.
1463 3434 1501 3440 —
1517 3417 1585 3449 «M.
1601 3413 1771 3458 Lepidum]
1790 3414 1913 3447 Duone
1930 3421 2014 3455 ergo
