2254 3770
0 2142 6 2293 ἱ

0 2381 6 2603 ἐ

0 2659 5 2847 i

0 2859 7 3099 l

0 3315 10 3770 -a—vv-n-—ae-ss--a-v-w-wv

712 233 868 279 menn
894 233 1001 277 xm.
1047 232 1150 292 Cap.
1179 233 1248 280 2⁴.
1279 234 1348 279 22.
1377 234 1446 280 23.
1913 232 1999 278 407

208 343 336 393 ciant,
378 341 546 401 quibus·
576 341 658 385 nisi
696 355 723 385 a
758 340 846 385 filio
882 338 1047 384 absolvi
1086 353 1172 383 non
1211 340 1413 398 possim.»
1461 340 1686 385 commotis
1715 339 1791 398 qui
1820 339 1999 384 aderant

207 417 406 476 ultroque
444 416 618 475 spiritus
655 416 750 461 eius
786 416 1092 474 mitigantibus,
1133 415 1396 474 colloquium
1423 416 1498 460 filii
1527 415 1741 475 exposcit3
1789 414 1863 458 ubi
1893 414 1997 458 nihil

207 507 287 552 pro
316 492 577 544 innocentia,
610 492 734 550 quasi
763 491 995 543 diffideret,
1033 505 1116 535 nec
1146 491 1386 545 beneficiis,
1418 493 1543 550 quasi
1574 490 1876 551 exprobraret,
1907 490 1997 534 dis-

208 568 363 620 seruit,
393 567 473 611 sed
502 566 708 612 ultionem
736 568 779 611 in
798 567 1025 611 delatores
1055 573 1099 611 et
1125 567 1317 625 praemia
1345 568 1493 612 amicis
1514 567 1707 612 obtinuit.
1756 566 1839 623 (22)
1868 579 1998 624 prae-

206 643 368 688 fectura
397 656 591 687 annonae
622 643 779 687 Faenio
809 642 932 694 Ruso,
964 656 1068 687 cura
1095 642 1314 694 ludorum,
1346 643 1422 701 qui
1451 657 1476 687 a
1505 644 1692 688 Caesare
1722 641 2027 701 parabantur,5

205 719 401 764 Arruntio
446 717 624 769 Stellae,
669 719 889 776 Aegyptus
934 718 979 763 C.
1014 717 1192 762 Balbillo
1231 719 1543 776 permittuntur.
1597 719 1725 778 Syria
1762 719 1808 761 P.
1843 717 1994 762 Anteio

204 794 434 846 destinata;
466 793 545 838 sed
575 794 703 837 variis
733 807 831 837 mox
859 793 1021 838 artibus
1051 793 1219 845 elusus,
1251 793 1304 838 ad
1326 799 1591 851 postremum
1610 794 1654 837 in
1675 793 1782 838 urbe
1802 799 1994 838 retentus

203 876 280 914 est.
324 876 366 913 at
404 869 547 913 Silana
584 869 627 912 in
662 869 833 913 exilium
872 875 978 913 acta.
1027 868 1236 913 Calvisius
1266 883 1442 928 quoque
1473 875 1515 913 et
1552 870 1707 913 Iturius
1736 869 1993 926 relegantur.

203 946 258 990 de
277 946 457 990 Atimeto
485 944 743 1002 supplicium
763 951 996 1002 sumptum,
1028 944 1234 989 validiore
1255 944 1369 1003 apud
1390 944 1590 989 libidines
1610 945 1817 1003 principis
1839 945 1994 990 Paride

203 1035 333 1080 quam
361 1027 408 1064 ut
436 1033 576 1078 poena
605 1019 858 1064 afficeretur.
904 1019 1078 1063 Plautus
1107 1019 1162 1064 ad
1192 1033 1401 1078 praesens
1420 1019 1588 1064 silentio
1617 1021 1894 1065 transmissus
1914 1027 2045 1065 estio

315 1095 397 1152 (23)
439 1095 695 1139 Deferuntur
731 1095 888 1140 dehinc
917 1095 1190 1139 consensisse
1220 1095 1358 1140 Pallas
1388 1110 1440 1140 ac
1467 1097 1648 1148 Burrus,
1692 1102 1739 1140 ut
1769 1096 1993 1141 Cornelius

201 1171 316 1216 Sulla
347 1170 598 1216 claritudine
628 1171 800 1228 generis
828 1177 873 1215 et
901 1171 1117 1215 adfinitate
1147 1170 1331 1223 Claudii,
1371 1173 1440 1216 cui
1477 1186 1557 1229 per
1585 1173 1755 1231 nuptias
1786 1172 1992 1217 Antoniae

200 1261 333 1306 gener
361 1252 470 1298 erat,
502 1246 558 1290 ad
588 1246 815 1303 imperium
845 1254 1085 1290 vocaretur.
1116 1247 1211 1291 eius
1240 1247 1527 1292 accusationis
1557 1254 1705 1292 auctor
1733 1248 1867 1292 extitit
1884 1249 1994 1292 Pae-

199 1330 267 1366 tus
288 1321 751 1380 quidam,.exercendis
772 1321 886 1380 apud
907 1323 1121 1366 aerarium
1140 1323 1405 1367 sectionibus
1424 1323 1613 1367 famosus
1633 1331 1677 1367 et
1690 1330 1782 1367 tum
1795 1323 1991 1368 vanitatis

199 1397 458 1442 manifestus.
504 1411 585 1441 nec
614 1402 699 1440 tam
729 1404 849 1454 grata
874 1396 1074 1441 Pallantis
1094 1397 1336 1442 innocentia
1356 1412 1488 1457 quam
1506 1399 1649 1457 gravis
1670 1399 1876 1457 superbia
1894 1399 1988 1443 fuit:
2004 1414 2041 1444 ⁴5

199 1474 361 1532 quippe
402 1472 628 1516 nominatis
666 1471 830 1516 libertis
866 1472 981 1523 eius,
1022 1487 1134 1531 quos
1167 1474 1364 1518 conscios
1394 1473 1592 1526 haberet,
1634 1474 1859 1532 respondit
1886 1474 1991 1519 nihil

198 1562 402 1607 umquam
438 1561 487 1592 se
517 1547 633 1592 domi
663 1547 746 1592 nisi
777 1554 881 1592 nutu
911 1555 984 1592 aut
1013 1562 1140 1592 manu
1170 1549 1452 1607 significasse,
1494 1549 1563 1594 vel
1593 1551 1630 1594 si
1658 1550 1783 1608 plura
1810 1550 1990 1595 demon-

197 1623 370 1668 stranda
407 1630 570 1675 essent,
614 1623 773 1688 scripto
802 1638 949 1674 usum,
982 1638 1036 1668 ne
1066 1638 1218 1668 vocem
1246 1626 1530 1670 consociaret.
1579 1627 1760 1678 Burrus,
1792 1626 1989 1685 quamvis

195 1713 314 1750 reus,
346 1699 455 1743 inter
484 1698 651 1743 iudices
681 1700 934 1743 sententiam
955 1699 1071 1743 dixit.
1103 1700 1363 1759 exiliumque
1392 1702 1632 1746 accusatori
1660 1701 1914 1760 inrogatum,
1945 1708 1990 1747 et

197 1774 368 1819 tabulae
399 1781 575 1819 exustae
606 1781 724 1826 sunt,
758 1774 915 1833 quibus
946 1774 1185 1821 oblitterata
1214 1776 1368 1820 aerarii
1397 1776 1570 1820 nomina
1598 1776 1853 1822 retrahebat.
1999 1794 2038 1826 ὀ

258 1885 292 1917 2.
315 1880 387 1924 φῆ»
404 1883 455 1922 Μ;
480 1883 545 1916 sed
568 1882 680 1916 littera
703 1892 738 1915 m
761 1884 816 1916 est
838 1892 857 1916 a
882 1892 990 1917 manu
1013 1884 1224 1918 recentiore.
1243 1902 1279 1907 —
1304 1883 1509 1926 exposllscit
1530 1885 1565 1919 M
1582 1904 1618 1909 —
1642 1885 1745 1919 nichil
1765 1886 1800 1920 M
1818 1904 1854 1910 —
1877 1885 1909 1919 3.
1926 1895 1986 1920 nec

193 1941 233 1973 dc
253 1940 415 1982 beneficiis
436 1938 631 1977 Acidalius;
657 1939 723 1972 sed
745 1940 959 1981 praepositio
981 1941 1021 1973 de
1043 1950 1087 1973 ex
1110 1941 1293 1983 superiore
1313 1950 1379 1982 pro
1402 1941 1613 1983 cogitatione
1628 1940 1786 1984 suppleri
1799 1943 1928 1985 potest.
1942 1961 1987 1968 —

193 1998 227 2030 5.
251 1997 376 2029 Faenio
397 2004 480 2029 nos:
506 1996 595 2028 senio
618 1996 669 2035 M;
694 1996 796 2028 Fenio
820 1996 967 2039 Lipsius.
994 1996 1045 2029 Cf.
1065 1996 1119 2037 44,
1136 1997 1191 2030 54.
1217 1998 1270 2038 45,
1288 1997 1343 2031 60.
1367 1997 1422 2030 53.
1450 1998 1504 2030 64.
1530 1997 1584 2031 66.
1605 1998 1658 2031 68.
1679 2017 1716 2022 —
1741 1998 1774 2031 6.
1793 1998 1842 2041 C.]
1868 1999 1908 2032 G.
1927 1999 1984 2039 M;

195 2054 241 2086 Ti.
267 2051 471 2094 Nipperdey
505 2050 639 2084 collatis
666 2051 773 2085 titulis
803 2052 842 2085 c.
873 2053 900 2085 1.
931 2053 988 2085 Gr.
1021 2062 1056 2086 n.
1081 2052 1180 2086 4699.
1208 2052 1307 2086 4730.
1332 2052 1431 2094 4957,
1456 2054 1512 2087 28.
1550 2073 1586 2079 -
1619 2055 1654 2088 Ρ.
1678 2054 1795 2089 Anteio
1825 2056 1982 2098 Lipsius:

189 2109 326 2151 pantelo
348 2108 382 2141 M
407 2126 442 2132 -—
467 2107 499 2140 8.
527 2108 672 2141 Titurius
693 2107 896 2142 Waltherus
919 2108 964 2141 ad
988 2108 1046 2149 44,
1073 2109 1126 2142 42.
1153 2109 1204 2143 Cf.
1223 2118 1254 2143 c.
1274 2110 1326 2146 49,
1355 2127 1391 2134 -
1418 2110 1471 2143 42.
1497 2111 1553 2143 cui
1574 2111 1781 2145 Rhenanus:
1807 2112 1865 2152 qui
1887 2111 1921 2145 M
1945 2129 1981 2136 —

194 2165 246 2199 44.
264 2165 414 2198 erarium
435 2165 469 2198 M
493 2183 529 2188 —
556 2165 608 2198 46.
634 2165 735 2197 nichil
756 2166 790 2199 Μ
809 2183 842 2188 -
863 2165 914 2198 49.
943 2166 1146 2208 exiliumque
1168 2166 1397 2200 Puteolanus:
1423 2167 1659 2209 auxiliumque
1681 2168 1715 2203 M
1738 2185 1773 2192 —
1798 2169 1854 2202 20.
1871 2171 1987 2202 ammte

192 2222 226 2254 M
251 2238 286 2244 —
312 2221 449 2254 nomina
470 2222 496 2253 Ι.
522 2222 576 2253 Fr.
602 2222 817 2254 Gronovius:
842 2222 1045 2255 monimenta
1066 2223 1100 2256 M
1126 2241 1161 2246 —
1186 2221 1375 2256 retrahebat
1396 2224 1441 2257 M.

192 2329 330 2371 perium
363 2328 521 2370 privigno
555 2328 692 2370 parari,
728 2329 836 2370 atque
865 2328 1062 2362 absurdum

192 2381 263 2418 est,
299 2378 397 2420 quod
427 2387 522 2411 nunc
556 2378 779 2419 confingunt,
815 2387 874 2412 me
902 2378 1064 2412 Plautum

192 2429 423 2463 substitutum
443 2427 534 2461 velle
550 2429 698 2467 Neroni;
724 2438 806 2462 nam
823 2429 890 2463 sub
906 2430 1064 2472 privigno

193 2488 290 2513 mors
321 2479 407 2512 mihi
438 2481 534 2512 certa
564 2479 688 2512 fuisset
715 2480 750 2512 in
773 2482 931 2522 priorum
955 2490 1064 2513 vexa-

192 2530 327 2563 tionum
351 2528 522 2562 ultionem
545 2530 581 2562 et
598 2529 644 2561 ob
668 2530 852 2571 timorem,
878 2539 923 2563 ue
946 2531 1063 2572 ipsum

193 2588 336 2622 quoque
360 2578 549 2621 aliquando
569 2581 834 2620 perverterem,
858 2579 1062 2613 subPlauto

193 2631 254 2662 aut
275 2638 347 2670 quo
375 2628 443 2662 alio
466 2629 593 2662 saltem
622 2631 769 2671 propter
789 2630 884 2663 hunc
907 2630 1061 2663 eundem

193 2679 358 2711 timorem
381 2688 445 2721 pro
469 2681 566 2712 certo
589 2679 813 2721 pereundum
828 2681 915 2712 mihi
937 2681 1061 2713 foret.»

195 2747 232 2752 —
249 2729 470 2771 iudicaturus]
493 2730 602 2769 lunge
621 2738 693 2761 rem
704 2729 872 2770 publicam
886 2729 1066 2762 obtinuerit

192 2787 234 2811 ac
262 2780 453 2820 propterea
484 2778 694 2811 iudiciorum
724 2778 829 2811 fuerit
849 2779 994 2813 arbiter.
1023 2797 1059 2802 —

190 2828 294 2861 verba
315 2828 522 2868 impatientia
544 2829 696 2861 caritatis
715 2829 898 2868 aliquando
912 2829 1061 2872 incauta]

192 2877 307 2919 qualia
329 2877 375 2910 ab
398 2878 586 2920 Agrippina
608 2879 697 2911 iacta
715 2878 881 2911 dicuntur
895 2888 927 2911 c.
947 2879 1000 2912 44.
1022 2897 1058 2903 -

192 2927 370 2970 diffideret]
395 2927 636 2961 «defensionis
660 2937 766 2970 egere
790 2937 934 2962 causam
958 2938 1061 2963 suam

191 2979 364 3021 putaret».

234 3029 289 3061 22.
313 3028 437 3061 Faenio
460 3028 554 3070 Rufo]
579 3029 630 3062 Cf.
655 3029 711 3069 44,
735 3030 772 3062 54
802 3030 838 3062 et
858 3030 913 3062 57.
940 3030 993 3069 45,
1018 3030 1060 3062 50

195 3095 231 3102 -
248 3078 301 3111 68.
328 3078 382 3118 46,
409 3079 461 3111 42.
490 3096 525 3102 -
550 3079 712 3112 Amantio
734 3079 867 3121 Stellae]
892 3080 953 3120 qui
978 3078 1061 3112 alibi

193 3137 265 3162 non
281 3129 509 3161 memoratur.
531 3146 566 3151 —
586 3129 621 3161 C.
639 3129 792 3171 Balbillo]
817 3130 952 3162 Seneca
967 3131 1057 3162 Natt.

194 3179 350 3217 Quaestt.
369 3178 401 3217 4,
419 3179 452 3218 2,
472 3178 530 3211 ⁴3:
554 3179 726 3218 Balbinus,
751 3181 905 3212 virorum
918 3181 1062 3220 optimus

187 3228 419 3269 profectumque
440 3229 476 3259 in
498 3229 588 3260 omni
610 3228 799 3260 litterarum
820 3237 938 3270 yenerc
951 3229 1062 3261 raris-

193 3278 280 3318 simi,
303 3282 422 3310 auctor
444 3281 509 3318 est,
533 3287 608 3310 cum
624 3278 693 3318 ipse
702 3278 891 3319 praefectus
904 3277 1062 3311 obtineret

195 3327 394 3369 demtum,
419 3330 489 3361 cet.
513 3327 672 3361 Eundem
697 3327 854 3360 nominat
872 3326 1002 3361 Plinius
1024 3328 1060 3361 in

195 3378 376 3420 prooemio
406 3376 486 3411 libri
514 3378 780 3412 undevicesimi.
807 3395 843 3402 -
875 3379 910 3412 P.
933 3377 1059 3421 Anteio]

1114 2328 1215 2362 Idem
1237 2329 1292 2370 46,
1317 2328 1359 2362 44
1381 2330 1526 2363 cai-itate
1546 2329 1751 2372 Agrippinae
1771 2331 1899 2364 invisus
1916 2332 1985 2366 No·

1113 2380 1189 2412 roni
1210 2382 1368 2413 vocatur.
1399 2398 1433 2405 -
1459 2380 1665 2423 relegantur]
1690 2381 1742 2415 Cl.
1767 2380 1822 2422 44,
1849 2382 1901 2415 42.

1156 2479 1209 2513 23.
1236 2478 1406 2513 Cornelius
1427 2479 1533 2522 Sulla]
1558 2479 1609 2514 Cf.
1636 2481 1690 2520 42,
1708 2482 1763 2515 52.
1784 2481 1836 2521 43,
1854 2481 1909 2516 47.
1927 2481 1982 2524 44,

1113 2531 1167 2563 57.
1186 2547 1222 2553 -
1240 2529 1412 2572 Antoniae]
1438 2529 1489 2563 Cf.
1508 2530 1562 2570 42,
1580 2531 1601 2563 2
1618 2531 1654 2563 et
1669 2531 1723 2564 68.
1738 2549 1773 2555 —
1792 2533 1985 2566 exercendis

1112 2599 1162 2606 --
1176 2580 1381 2622 sectionibus]
1404 2579 1559 2622 Intellige
1583 2581 1736 2614 maxime
1760 2581 1805 2615 de
1822 2582 1983 2617 emendis

1113 2639 1132 2662 a
1155 2629 1343 2673 praefectis
1358 2630 1485 2662 aerarii
1499 2629 1603 2663 honis
1619 2630 1781 2664 exsulum
1796 2631 1983 2674 publicatis

1113 2682 1149 2712 et
1177 2680 1222 2712 de
1251 2679 1327 2712 aliis
1359 2680 1538 2722 pecuniis,
1574 2689 1666 2722 quae
1696 2682 1833 2714 aerario
1857 2681 1982 2715 deberi

1111 2729 1329 2763 viderentur.
1362 2729 1413 2762 Cf.
1432 2730 1575 2762 Sueton.
1593 2729 1706 2763 Vitell.
1725 2731 1762 2763 2:
1788 2731 1984 2765 sectionibus

1111 2783 1142 2812 et
1170 2780 1353 2821 cognituris
1380 2780 1514 2813 uberius
1534 2781 1763 2822 compendium
1783 2785 1913 2814 nactus.
1940 2799 1978 2806 -

1110 2830 1272 2862 vanitatis
1285 2830 1489 2870 manifestus]
1505 2829 1614 2863 falsae
1630 2831 1881 2864 criminationis
1898 2840 1982 2865 con·

1112 2881 1240 2920 victus,
1276 2880 1388 2912 Burro
1419 2882 1455 2912 et
1491 2879 1645 2914 Pallante
1669 2881 1859 2921 absolutis;
1896 2890 1980 2915 nam

1109 2930 1244 2962 vannat
1265 2930 1442 2962 contraria
1464 2931 1520 2963 est
1540 2931 1687 2964 veritati.
1718 2932 1791 2965 Cic.
1817 2932 1919 2965 Tusc.
1944 2932 1977 2973 3,

1112 2981 1143 3012 4.
1163 2980 1253 3012 Cum
1268 2980 1430 3020 genetivo
1445 2981 1637 3023 manifestus
1651 2982 1805 3024 iungitur
1821 2983 1928 3016 etiam
1943 2983 1976 3024 2,

1110 3029 1164 3062 85.
1191 3028 1229 3068 4,
1254 3029 1308 3061 53.
1333 3029 1394 3069 44,
1417 3030 1472 3063 29.
1499 3048 1534 3055 -
1567 3031 1700 3064 tabulae
1730 3035 1868 3064 exustae
1888 3036 1976 3073 sunt,

1110 3079 1228 3119 quibus
1247 3079 1437 3113 oblitterata
1459 3080 1541 3123 cet]
1565 3082 1621 3114 Sic
1643 3083 1785 3115 Sueton.
1807 3083 1894 3124 Aug.
1912 3082 1975 3115 32:

1109 3129 1240 3162 tabutas
1260 3133 1451 3163 vetorum
1466 3133 1582 3165 aaran·
1597 3132 1791 3172 debitorum,
1814 3133 1867 3165 vol
1876 3141 1978 3173 prac-

1108 3179 1244 3219 cipuam
1268 3180 1496 3214 calumniandi
1525 3182 1722 3221 materiam,
1753 3182 1888 3215 eximit.
1924 3184 1975 3217 Ac

1111 3229 1156 3261 de
1179 3229 1306 3263 eadem
1328 3239 1368 3264 re
1391 3232 1456 3264 Dio
1477 3231 1532 3271 53,
1557 3231 1596 3264 2:
1631 3228 1681 3263 τὰ
1710 3229 1855 3265 παλαιὰ
1875 3242 1976 3276 συμ-

1109 3276 1250 3318 βόλαια
1263 3279 1340 3313 τῶν
1354 3280 1407 3325 τῷ
1427 3279 1543 3325 κοινῷ
1558 3290 1595 3315 τι
1611 3277 1846 3322 ὀφειλόντων
1858 3277 1974 3318 ἔκαυ-

1110 3338 1187 3362 σεν.
1212 3330 1409 3364 oblitterata
1423 3333 1595 3364 vocantur
1608 3331 1747 3364 nomina
1757 3331 1974 3377 (scandat-‘1011

1109 3387 1199 3422 quae
1216 3380 1512 3424 qualemcumque
1535 3381 1582 3415 oh
1601 3390 1758 3425 causam,
1778 3382 1875 3418 velut
1892 3393 1975 3428 pro-
