2254 3770
714 293 869 338 LIBER
901 294 952 337 11.
1011 292 1111 351 Cap.
1141 291 1208 337 47.
1239 292 1306 336 48.
1337 293 1405 337 49.
1435 292 1503 336 50.
1923 290 1996 334 444

235 401 476 446 Cornelium
511 399 692 453 Sullam,
737 400 787 454 Q.
817 399 1029 446 Vitellium
1067 399 1199 443 movit
1236 406 1384 444 senatu
1424 405 1497 444 aut
1533 404 1685 457 sponte
1723 396 1878 442 cedere
1907 411 2005 455 pas-

232 491 306 521 sus
336 483 414 521 est.

341 551 423 609 (49)
452 550 595 595 Isdem
625 549 887 609 temporibus
917 549 1046 594 deum
1075 549 1208 594 aedes
1237 555 1445 594 vetustate
1481 555 1554 594 aut
1582 548 1667 607 igni
1698 548 1877 593 abolitas
1907 562 2008 593 coe-

229 632 410 685 ptasque
439 625 494 672 ab
514 627 702 684 Augusto
732 624 963 678 dedicavit,
992 624 1147 669 Libero
1166 624 1434 683 Liberaeque
1465 631 1508 669 et
1528 624 1674 669 Cereri
1703 625 1818 668 iuxta
1848 624 2008 669 circum

229 702 476 753 maximum,
507 714 637 759 quam
657 702 702 744 A.
720 700 962 744 Postumius
983 700 1162 744 dictator
1181 706 1375 751 voverat,
1407 699 1649 758 eodemque
1676 700 1718 743 in
1739 699 1833 744 loco
1854 699 2008 744 aedem
2037 703 2057 733 5

228 776 379 820 Florae
399 776 453 821 ab
472 776 604 820 Lucio
626 782 668 820 et
686 775 828 820 Marco
842 774 1046 819 Publiciis
1066 774 1275 819 aedilibus
1297 776 1583 826 constitutam,
1607 782 1648 819 et
1667 776 1768 820 Iano
1790 775 2006 834 templum,

229 851 346 910 quod
383 858 486 910 aput
522 851 661 895 forum
695 850 939 895 holitorium
968 850 1012 895 C.
1044 850 1209 894 Duilius
1238 857 1469 902 struxerat,
1510 851 1583 909 qui
1613 851 1775 909 primus
1804 865 1896 895 rem
1925 852 2009 895 Ro-

229 941 398 971 manam
426 940 637 985 prospere
666 926 772 970 mari
802 926 934 984 gessit
962 925 1310 985 triumphumque
1349 925 1542 970 navalem
1572 925 1627 970 de
1657 926 1811 970 Poenis
1840 926 2007 970 meruit.

230 1002 331 1061 Spei
361 1001 493 1046 aedes
523 1001 776 1046 Germanico
806 1007 1015 1045 sacratur:
1046 1000 1156 1045 hanc
1184 1002 1231 1045 A.
1263 1001 1410 1045 Atilius
1438 1009 1614 1045 voverat
1643 1001 1798 1046 eodem
1827 1001 1951 1046 bello.

343 1077 424 1135 (50)
455 1076 740 1121 Adolescebat
768 1077 931 1121 interea
959 1076 1028 1120 lex
1055 1076 1301 1120 maiestatis.
1350 1083 1393 1121 et
1420 1076 1672 1135 Appuleiam
1690 1077 1907 1130 Variliam,
1939 1086 2060 1121 so-to

231 1152 340 1196 roris
369 1151 545 1211 Augusti
582 1159 773 1210 neptem,
813 1152 916 1210 quia
952 1151 1174 1210 probrosis
1212 1151 1483 1196 sermonibus
1522 1152 1668 1196 divum
1696 1153 1931 1210 Augustum
1960 1166 2011 1196 ac

231 1227 444 1271 Tiberium
482 1229 740 1271 et‘matrem
775 1228 869 1271 eius
905 1226 1122 1271 inlusisset
1150 1227 1413 1285 Caesarique
1448 1241 1611 1272 conexa
1647 1227 1855 1272 adulterio
1892 1235 2011 1272 tene-

230 1308 364 1354 retur,
394 1302 627 1346 maiestatis
655 1301 821 1346 delator
849 1302 1107 1346 arcessebat.
1158 1301 1213 1346 de
1243 1302 1452 1347 adulterio
1483 1302 1585 1347 satis
1615 1303 1757 1348 caveri
1788 1303 1882 1361 lege
1905 1303 2011 1347 Iulia

228 1377 387 1422 visum:
416 1377 648 1422 maiestatis
677 1377 839 1422 crimen
867 1364 1067 1435 distingui
1089 1378 1247 1422 Caesar
1274 1377 1503 1436 postulavit
1532 1378 1830 1437 damnarique,
1861 1380 1897 1424 si
1925 1394 2012 1438 qua

296 1551 328 1583 1.
351 1549 535 1591 sullamque
554 1548 704 1582 vitellum
725 1549 760 1583 M
785 1566 822 1572 -
847 1549 879 1582 ὅ.
904 1557 1007 1589 quam
1028 1548 1181 1591 Lipsius:
1207 1557 1292 1590 quas
1312 1550 1346 1583 M
1369 1566 1406 1573 —
1432 1549 1636 1591 apostumius
1656 1550 1691 1584 M
1713 1549 1782 1592 (·A·
1808 1550 1946 1593 margo)
1974 1569 2007 1576 —

229 1605 352 1647 aedevn]
377 1606 462 1638 aead
482 1604 538 1639 vel
561 1606 647 1639 aeud
670 1615 761 1639 corr.
786 1606 822 1638 in
845 1606 929 1639 aedd
951 1607 984 1639 M
1021 1624 1057 1630 -
1095 1607 1126 1639 7.
1162 1607 1295 1639 Duilius
1316 1606 1394 1640 fasti
1418 1606 1621 1649 Capitolini:
1652 1607 1774 1640 dullius
1795 1608 1844 1647 M;
1869 1608 2015 1640 Duillius

229 1662 350 1704 vulgo;
381 1663 531 1696 Duellius
554 1663 682 1696 Haase.
711 1680 747 1687 —
780 1663 811 1696 9.
838 1663 1035 1696 Germanico
1058 1664 1234 1697 Baiterus:
1257 1665 1294 1696 in
1315 1665 1506 1706 yermanico
1529 1665 1580 1703 M;
1605 1673 1628 1696 a
1650 1664 1847 1697 Germanico
1869 1663 2013 1697 Beroal-

231 1718 310 1752 dus.
340 1718 428 1751 Vide
452 1718 498 1751 ad
521 1728 552 1751 c.
577 1719 631 1751 50.
658 1736 693 1742 -
719 1719 758 1752 A.
775 1718 894 1752 Atilius
915 1719 1135 1762 Nipperdey:
1162 1720 1301 1753 iatillius
1322 1721 1374 1759 M;
1398 1720 1518 1752 Atilius
1538 1719 1741 1753 Beroaldus.
1763 1737 1799 1743 —
1825 1720 1877 1753 40.
1906 1728 2015 1761 appu-

230 1775 330 1808 leiam
351 1775 387 1808 h.
411 1774 433 1808 l.
456 1776 501 1815 M,
525 1775 564 1807 ut
588 1783 720 1808 nomen
742 1775 918 1817 Appuleius
939 1775 1105 1809 scribitur
1127 1777 1232 1809 etiam
1256 1776 1291 1809 in
1313 1776 1423 1810 Fastis
1451 1775 1722 1819 triumphalibus
1744 1784 1775 1809 a.
1801 1776 1877 1810 727.
1901 1777 2012 1819 Supra

235 1831 267 1873 4,
292 1831 312 1864 7
336 1832 391 1864 est
411 1830 579 1873 Apuleius.
606 1849 642 1855 —
670 1831 832 1866 Varillam
853 1832 1084 1875 Borghesius3
1108 1832 1304 1867 Marcellam
1326 1832 1542 1875 Nipperdey.

1 2268 7 2278 ι.
0 2111 13 2234 Α-νν-ν-,ῃ-

231 1973 341 2007 minus
379 1973 512 2007 idoneos
550 1978 717 2009 senatores
761 1975 987 2018 removerique
1022 1976 1101 2018 pla-

235 2024 362 2057 cuisset.

277 2074 334 2108 49.
357 2073 473 2108 Libero
494 2077 577 2120 cet.]
603 2077 674 2111 Cic.
694 2077 738 2110 de
754 2078 795 2110 N.
812 2077 853 2109 D.
871 2077 904 2117 2,
929 2075 990 2109 24:
1016 2076 1102 2109 hunc

233 2125 306 2158 dico
320 2125 473 2159 Liberum
488 2127 617 2160 Semela
638 2131 775 2168 natum,
799 2136 866 2159 non
888 2135 980 2167 eum,
1005 2135 1101 2167 quem

232 2176 337 2208 nostri
358 2176 503 2209 maiores
516 2181 655 2220 auguste
670 2181 844 2218 sancteque
857 2177 1011 2210 Liberum
1026 2186 1102 2210 cum

235 2225 351 2259 Cerere
378 2229 408 2259 et
429 2226 550 2260 Libera
570 2230 863 2267 consecraverunt,
894 2227 983 2267 quod
1005 2228 1102 2268 quale

234 2275 276 2307 sit
304 2284 348 2308 ea:
374 2277 540 2316 mysteriis
566 2278 710 2319 intellegi
734 2280 840 2318 potest
870 2278 937 2309 cet.
983 2277 1102 2310 Libera

237 2324 470 2369 (Proserpina)
502 2327 538 2359 in
567 2328 787 2361 Hennensium
815 2336 948 2360 nemore
977 2336 999 2359 a
1025 2327 1103 2360 Dite

230 2376 332 2415 patre
352 2379 464 2416 rapta.
511 2376 610 2410 Verr.
635 2378 718 2410 Ace.
743 2376 783 2417 4,
808 2376 861 2410 48.
908 2377 947 2409 In
969 2376 1099 2410 Inscrr.

236 2424 310 2457 Lat.
335 2434 370 2457 n.
395 2425 499 2458 236⁴:
531 2443 550 2450 -
566 2427 755 2460 —LIBERO
783 2426 842 2459 ΕΤ
867 2426 1023 2460 CERERI
1047 2427 1105 2459 ET

237 2473 375 2508 CORAE
402 2475 617 2509 SACRATAE
645 2477 756 2510 APUD
784 2476 1000 2510 AEGYNAM
1028 2476 1100 2518 (sic)

237 2525 306 2557 cet.
331 2542 375 2549 —
395 2524 435 2558 A.
459 2526 643 2559 Postumius
664 2526 821 2569 dictator]
849 2535 881 2559 a.
905 2535 946 2559 u.
966 2536 998 2559 c.
1023 2526 1099 2559 258.

235 2574 317 2607 ante
340 2582 495 2616 pugnam
517 2574 563 2608 ad
583 2574 704 2609 lacum
724 2574 911 2618 Regillum,
944 2585 1012 2618 qua
1036 2575 1102 2609 de-

236 2623 318 2655 victi
341 2625 424 2657 sunt
446 2625 635 2667 Tarquinii.
673 2625 818 2668 Dionys.
845 2624 952 2658 Halic.
978 2625 1010 2666 6,
1036 2626 1098 2658 47;

231 2668 320 2705 Ἀπὸ
358 2671 399 2706 δὲ
442 2671 519 2707 τῶν
539 2671 737 2733 λαφύρων
773 2671 997 2718 ἐξελόμενος
1032 2671 1101 2716 τὰς

237 2717 399 2765 δεκάτας
420 2719 571 2768 ἀγῶνάς
593 2734 634 2757 τε
655 2724 721 2757 καὶ
742 2723 882 2766 θυσίας
900 2728 981 2766 τοῖς
995 2724 1102 2766 θεοῖς

237 2771 359 2806 ἐποίει
388 2773 454 2807 καὶ
475 2772 572 2808 ναοῦ
606 2771 845 2816 κατασκευὰς
866 2771 1102 2818 ἐξεμίσθωσε

237 2820 411 2882 Δῇμητρι
446 2824 512 2857 καὶ
548 2821 723 2869 Διονύσῳ
766 2825 833 2858 καὶ
875 2821 982 2871 Κόρῃ
1019 2825 1100 2857 κατ’

239 2869 368 2916 εὐχήν.
407 2873 497 2907 Ibid.
522 2873 581 2908 94.
605 2872 778 2916 Κάσσιος
800 2873 841 2907 δὲ
863 2874 934 2916 (Sp.
960 2875 1102 2908 Cassius

238 2922 448 2957 Viscellinus
472 2924 554 2957 Cos.
578 2924 620 2957 11.
646 2933 678 2957 a.
703 2924 795 2966 264.)
826 2920 848 2957 ὁ
872 2918 999 2970 ἕτερος
1027 2921 1103 2956 τῶν

240 2967 395 3005 ὑπάτων
417 2989 470 2997 --
491 2969 559 3006 τὸν
588 2970 684 3007 νεών
710 2971 780 3017 τῆς
800 2970 1006 3020 Δήμητρος
1037 2974 1104 3007 καὶ

240 3019 430 3055 Διονύσου
459 3022 525 3056 καὶ
553 3020 683 3080 Κό-ρης
703 3041 725 3048 -
739 3042 759 3049 -
780 3023 1028 3081 καθιέρωσεν,
1060 3019 1104 3065 ὃς

240 3070 346 3105 εστιν
369 3071 430 3105 ἐπὶ
451 3075 533 3114 τοῖς
554 3071 623 3106 τοῦ
647 3074 830 3117 μεγίστου
864 3070 1102 3131 ἱπποδρόμου

239 3121 445 3180 τέρμασιν,
491 3118 586 3169 ὑπὲρ
630 3118 750 3164 αὐτὰς
794 3121 993 3170 ἱδρυμένος
1035 3119 1105 3163 τὰς

241 3169 402 3213 ἀφέσεις
437 3172 637 3214 (carceres).
662 3190 705 3197 —-
734 3172 901 3214 Publiciis]
939 3170 1104 3206 Malleolis

242 3220 420 3255 fratribus.
458 3238 495 3244 —
531 3221 706 3264 aedilibus]
749 3221 897 3264 plebeiis
935 3220 984 3263 (a.
1009 3219 1104 3262 544.)

243 3271 387 3304 auctore
411 3270 508 3304 Ovid.
534 3271 625 3303 Fast.
649 3271 682 3310 5,
706 3270 782 3303 287.
815 3270 866 3303 Ct.
883 3270 995 3302 Varro
1011 3270 1048 3302 L.
1065 3270 1102 3302 L.

243 3320 278 3361 ὅ,
301 3320 355 3353 32.
381 3329 417 3363 p.
442 3320 495 3353 62.
521 3319 636 3353 Muell.
662 3321 785 3353 Festus
807 3320 842 3352 in
864 3319 1023 3352 Publicius
1044 3319 1106 3352 cli-

242 3378 314 3402 vus.
339 3369 438 3402 Liud.
456 3378 492 3412 p.
509 3370 592 3410 208,
619 3369 678 3412 qui
700 3369 830 3403 curules
851 3369 943 3402 facit.
963 3386 999 3392 —
1025 3371 1106 3410 aput

241 3418 353 3460 rmum
373 3418 578 3462 holitorium]
614 3418 794 3453 diversum
815 3427 835 3452 a
858 3418 932 3452 Iani
958 3417 1102 3462 templo,

1150 1975 1247 2018 quod
1269 1977 1383 2010 Numa
1407 1976 1587 2009 constituit
1615 1976 1709 2019 apud
1732 1977 1894 2010 infimum
1916 1977 2014 2019 Argi-

1149 2026 1271 2059 letum.
1310 2027 1382 2059 Liv.
1409 2027 1441 2067 4,
1467 2026 1520 2059 49.
1562 2027 1636 2059 Hoc
1658 2028 1778 2060 autem
1801 2027 1916 2060 forum
1939 2029 2014 2060 erat

1148 2077 1184 2109 iu
1213 2077 1356 2118 regione
1379 2077 1435 2109 XI.
1465 2085 1577 2119 prope
1609 2076 1740 2119 templa
1769 2078 1909 2110 Iunonis
1939 2079 2014 2111 Ma—

1149 2127 1244 2159 tutae
1280 2127 1362 2168 (Liv.
1389 2125 1449 2167 34,
1474 2126 1541 2168 53),
1565 2127 1725 2168 Pietatis,
1752 2128 1846 2170 Spei.
1883 2128 2013 2161 Canina

1148 2176 1359 2209 Indicazwne
1379 2185 1415 2218 p.
1433 2175 1509 2209 276.
1529 2193 1564 2199 -
1591 2176 1626 2210 C.
1643 2177 1791 2218 Duilius]
1815 2178 1860 2211 M.
1875 2177 1898 2211 f.
1915 2179 1960 2212 M.
1977 2187 2012 2211 n.

1150 2225 1272 2259 consul
1295 2235 1327 2258 a.
1346 2234 1381 2258 u.
1398 2225 1473 2259 494.
1500 2234 1627 2259 censor
1649 2235 1680 2259 a.
1706 2226 1781 2260 496.
1808 2228 1957 2261 dictator
1979 2237 2011 2261 a.

1149 2276 1225 2309 523.
1256 2275 1423 2318 triumph.
1448 2284 1482 2309 a.
1508 2275 1583 2309 494.
1623 2277 1890 2319 Inscriptionem
1922 2287 2013 2320 quae

1148 2325 1260 2358 fertur
1296 2324 1482 2358 columnae
1511 2327 1687 2359 rostratae
1722 2326 1924 2360 Duellianae
1969 2327 2014 2360 ad

1149 2374 1258 2408 fidem
1300 2375 1487 2408 marmoris
1526 2375 1710 2417 Capitolini
1748 2377 2013 2419 exprimendam

1151 2425 1285 2457 curavit
1328 2426 1433 2466 atque
1478 2424 1661 2459 illustravit
1704 2427 1759 2460 Fr.
1806 2427 2014 2461 Ritsehelius

1149 2475 1292 2507 Bonnae
1322 2474 1418 2507 4852.
1453 2493 1489 2499 -
1521 2475 1599 2517 Spei
1627 2476 1740 2519 aedes]
1776 2477 1827 2510 Cf.
1860 2478 1933 2510 Liv.
1957 2478 2013 2519 24,

1150 2525 1210 2558 62:
1236 2525 1352 2558 aedem
1366 2525 1465 2566 Spei,
1491 2534 1577 2568 quae
1599 2530 1644 2559 est
1658 2527 1694 2559 in
1706 2527 1781 2569 foro
1795 2528 1958 2561 holitorio.
1975 2546 2010 2552 -

1147 2574 1186 2608 A.
1204 2574 1332 2617 Atilius]
1356 2575 1395 2607 A.
1415 2574 1438 2608 f.
1458 2575 1495 2608 C.
1514 2584 1548 2608 n.
1568 2574 1755 2617 Calatinus,
1781 2578 1904 2611 consul
1928 2587 1959 2611 a.
1978 2587 2012 2611 u.

1151 2622 1215 2656 496
1240 2625 1275 2657 et
1297 2624 1373 2657 500.
1399 2624 1549 2657 dictator
1571 2634 1602 2658 a.
1628 2626 1703 2659 505.
1730 2635 1857 2661 censor
1879 2637 1911 2661 a.
1936 2629 2012 2661 507.

1149 2673 1316 2715 triumph.
1340 2674 1431 2706 XIIII
1460 2672 1532 2707 Kal.
1558 2674 1661 2708 Febr.
1686 2684 1718 2709 a.
1743 2675 1806 2709 497
1837 2686 1880 2710 ex
1902 2677 2014 2711 Sicilia

1150 2722 1195 2756 de
1219 2723 1355 2768 Poenis.
1394 2724 1517 2757 Cicero
1541 2723 1586 2757 de
1609 2725 1713 2767 Legg.
1738 2726 1777 2766 2,
1803 2725 1822 2768 g
1845 2727 1906 2760 28:
1930 2731 2016 2761 recte

1150 2773 1251 2806 etiam
1272 2782 1295 2806 a
1317 2773 1470 2807 Calatino
1492 2774 1573 2815 Spes
1593 2779 1786 2808 consecrata
1808 2780 1864 2810 est.

1195 2823 1250 2856 50.
1281 2823 1504 2866 Adolescebat]
1540 2832 1684 2866 semper
1714 2826 1847 2859 maiore
1877 2836 1958 2861 cum
1980 2827 2014 2859 vi

1149 2874 1258 2914 atque
1280 2873 1396 2914 rigore
1413 2873 1658 2907 exercebatur.
1680 2893 1715 2898 —
1741 2876 1865 2909 sororis
1879 2877 2015 2918 Anqusti

1150 2923 1294 2965 neptem]
1320 2924 1466 2965 Oportet
1487 2924 1591 2965 igitur
1612 2924 1776 2958 Octaviae
1799 2927 1943 2959 minoris
1966 2927 2014 2968 (v.

1152 2971 1282 3006 Eckhel
1305 2973 1346 3005 D.
1370 2973 1411 3005 N.
1436 2972 1491 3005 v1.
1516 2982 1551 3015 p.
1577 2973 1665 3016 459.)
1697 2974 1803 3009 filiam
1834 2975 2013 3009 Claudiam

1152 3019 1351 3055 Marcellam
1386 3022 1533 3064 nuptam
1566 3023 1602 3056 in
1635 3026 1778 3065 gentem
1807 3024 2014 3067 Appuleiam

1154 3071 1189 3103 et
1211 3069 1342 3104 liberos
1364 3070 1545 3105 habuisse.
1592 3073 1686 3106 Facit
1715 3074 1802 3115 huc,
1833 3074 1928 3116 quod
1950 3075 2014 3108 Dio

1154 3119 1207 3159 54,
1226 3120 1268 3153 30
1285 3122 1320 3153 et
1334 3120 1388 3161 56,
1407 3121 1449 3154 29
1468 3122 1546 3155 Sex.
1563 3121 1791 3164 Appuleium,
1818 3124 1877 3165 qui
1893 3123 2014 3157 consul

1154 3169 1217 3202 fuit
1238 3170 1274 3202 in
1289 3171 1434 3212 Augusti
1450 3173 1581 3213 morte,
1607 3170 1769 3216 συγγενῆ
1789 3169 2013 3216 Αὐγούστου

1154 3218 1315 3261 appellat.
1349 3237 1386 3243 —
1427 3221 1610 3254 maiestatis
1653 3222 1780 3254 delator
1811 3224 2012 3267 arcessebat]

1154 3269 1290 3303 innixus
1312 3271 1459 3311 Augusti
1482 3270 1662 3313 exemplo,
1694 3272 1753 3312 qui
1775 3271 2015 3313 impudicitiam

1150 3318 1240 3361 filiae
1262 3328 1304 3352 ac
1324 3320 1448 3361 neptis,
1473 3328 1558 3362 quas
1578 3319 1658 3353 urbe
1673 3320 1813 3361 depulit,
1836 3323 1935 3364 aravi
1956 3333 2015 3357 no-

1152 3368 1240 3401 mine
1267 3369 1436 3402 laesarum
1460 3370 1656 3411 religionum
1678 3378 1720 3402 ac
1740 3370 1884 3405 violatae
1911 3374 2014 3407 maie-

1151 3418 1247 3453 statis
1268 3418 1473 3462 appellabat,
1503 3420 1593 3452 Ann.
1617 3418 1650 3461 3,
1674 3418 1729 3453 24.
1757 3436 1793 3444 -
1817 3421 1886 3464 leae
1905 3422 2009 3466 Iulia]
