2254 3770
847 294 1003 338 LIBER
1031 294 1096 338 IV.

1143 293 1245 351 Cap.
1276 293 1314 336 4.
1346 294 1385 338 2.
1926 283 2011 336 205

222 403 395 463 perbia;
425 402 567 462 palam
588 402 850 460 compositus
879 401 1032 460 pudor,
1066 401 1178 444 intus
1209 414 1376 444 summa
1406 398 1624 458 apiscendi
1654 398 1799 448 libido,
1830 398 2012 456 eiusque

224 493 354 525 causa
382 478 511 522 modo
540 477 706 536 largitio
724 484 766 521 et
794 477 931 529 luxus,
963 476 1137 534 saepius
1166 475 1375 519 industria
1405 489 1455 519 ac
1481 474 1707 533 vigilantia,
1738 473 1851 517 haud
1872 474 2013 516 minus

223 554 387 604 noxiae,
419 554 617 613 quotiens
647 554 839 611 parando
869 566 1002 611 regno
1023 552 1248 610 finguntur.
1295 551 1348 607 (Ξ)
1379 551 1465 594 vim
1484 550 1779 609 praefecturae
1800 549 2014 593 modicam

224 637 348 675 antea
378 629 566 679 intendit,
597 628 817 686 dispersas
846 643 926 686 per
954 627 1106 671 urbem
1137 626 1336 670 cohortes
1365 640 1451 669 una
1480 626 1522 668 iu
1553 633 1691 670 castra
1717 623 2011 674 conducendo,

222 712 270 749 ut
297 704 422 749 simul
451 704 630 763 imperia
660 705 916 762 acciperent,
947 716 1216 760 numeroque
1237 709 1280 746 et
1303 702 1459 745 robore
1481 708 1524 745 et
1543 702 1639 745 visu
1660 701 1770 744 inter
1790 714 1837 744 se
1858 699 2013 743 fiducia
2028 710 2047 740 5

222 781 339 839 ipsis,
361 781 405 823 in
425 787 593 825 ceteros
613 787 753 823 metus
774 785 981 823 oreretur.
1026 777 1337 836 praetendebat
1359 777 1557 821 lascivire
1577 776 1753 820 militem
1772 775 2013 828 diductum;

222 856 259 900 si
295 855 399 914 quid
439 856 629 900 subitum
664 856 849 912 ingruat,
889 854 1053 898 maiore
1091 852 1247 897 auxilio
1282 853 1443 911 pariter
1472 852 1708 905 subveniri3
1750 858 1792 895 et
1821 852 2015 895 severius

222 938 411 981 acturos,
452 932 488 975 si
527 930 683 975 vallum
723 937 931 974 statuatur
967 928 1119 988 procul
1157 929 1278 972 urbis
1319 928 1562 972 inlecebris.
1608 934 1654 970 ut
1691 927 1880 985 perfecta
1918 932 2017 969 sunt

222 1014 377 1058 castra,
409 1007 609 1065 inrepere
647 1006 851 1064 paulatim
889 1005 1092 1049 militares
1127 1005 1292 1048 animos
1322 1003 1538 1053 adeundo,
1577 1002 1851 1061 appellando;
1891 1001 2016 1045 simul

222 1082 495 1127 centuriones
519 1096 570 1126 ac
590 1081 784 1125 tribunos
805 1081 898 1139 ipse
919 1080 1122 1138 deligere.
1167 1093 1310 1138 neque
1341 1079 1556 1123 senatorio
1587 1078 1747 1122 ambitu
1778 1077 2067 1121 abstinebatio

223 1157 399 1203 clientes
439 1172 542 1202 suos
580 1157 814 1201 honoribus
854 1163 926 1200 aut
962 1155 1194 1214 provinciis
1224 1154 1424 1206 ornandi,
1461 1154 1573 1198 sacili
1602 1153 1771 1198 Tiberio
1802 1160 1930 1212 atque
1960 1153 2017 1197 ita

222 1247 378 1292 prono,
420 1240 468 1277 ut
505 1233 670 1278 socium
709 1232 906 1276 laborum
942 1246 1026 1275 non
1055 1231 1185 1275 modo
1216 1231 1258 1273 in
1288 1229 1578 1281 sermonibus,
1618 1229 1695 1273 sed
1727 1229 1842 1287 apud
1872 1235 2017 1287 patres

224 1316 268 1354 et
294 1308 502 1368 populum
531 1308 770 1353 celebraret
799 1307 969 1366 colique
1006 1321 1087 1365 per
1116 1306 1280 1350 theatra
1310 1311 1352 1349 et
1380 1305 1471 1349 fora
1500 1304 1664 1364 effigies
1694 1305 1789 1349 eius
1819 1305 2017 1363 interque

289 1443 322 1476 3.
341 1443 552 1484 praefecture
572 1443 607 1476 M
631 1458 668 1466 —
696 1443 728 1475 6.
754 1445 905 1474 oreretur
926 1441 1041 1474 Haase
1064 1439 1111 1473 ad
1133 1439 1272 1481 Reisigii
1295 1438 1410 1472 Schol.
1435 1439 1509 1472 Lat.
1526 1448 1562 1471 n.
1581 1438 1644 1471 293
1670 1439 1827 1480 (oriretur
1849 1439 2016 1480 Faernus,

222 1499 291 1533 sed
318 1499 400 1533 vide
423 1508 499 1532 var.
525 1498 605 1532 lect.
630 1500 664 1539 2,
688 1498 763 1540 47):

799 1500 951 1531 credetur
974 1499 1024 1536 M;
1049 1498 1240 1530 crederetur
1261 1505 1403 1538 margo;
1439 1499 1598 1528 cresceret
1619 1496 1776 1529 Muretus
1800 1496 1835 1527 et
1859 1496 2015 1534 Grotius;

222 1560 398 1589 crearetur
420 1555 585 1596 Savilius;
611 1556 790 1588 adderetur
811 1554 973 1596 Anquetil
998 1552 1076 1586 coll.
1102 1554 1190 1586 Hist.
1214 1553 1247 1593 2,
1273 1553 1331 1586 3⁴:
1359 1552 1541 1585 Addiderat
1565 1552 1711 1594 (Othoni)
1736 1555 1898 1585 terrorem
1919 1554 2019 1592 atque

225 1613 339 1646 odium
359 1613 474 1646 caedes
497 1611 633 1646 Galbae.
660 1611 711 1644 Cf.
729 1619 801 1644 var.
819 1610 901 1644 lect.
919 1612 951 1651 4,
976 1609 1031 1643 49.
1059 1628 1096 1634 -
1123 1610 1299 1642 deductum
1321 1609 1366 1643 M.

222 1732 330 1774 poris,
360 1731 516 1774 viqiliae,
543 1740 650 1772 supra
677 1739 780 1772 quam
810 1733 969 1770 cuiquam
989 1730 1100 1763 credi-

227 1781 310 1816 bile:
334 1782 467 1814 animus
488 1782 624 1822 audax,
651 1781 824 1821 subdolus,
847 1782 981 1821 varius,
1006 1781 1100 1813 cuius

227 1833 277 1866 rei
305 1832 391 1865 lubet
419 1832 596 1864 simulator
617 1841 658 1864 ac
680 1832 917 1864 dissimulator.
946 1849 981 1854 -
1006 1839 1099 1863 com-

223 1882 351 1924 positus
370 1881 494 1923 pudor]
527 1881 717 1915 artificiosa
740 1890 782 1914 ac
805 1881 887 1914 ficta
910 1880 1096 1913 modestia.

227 1950 264 1957 —-
281 1941 413 1965 mamma
434 1933 612 1973 apiscendi]
637 1932 886 1965 dominationis
905 1931 1095 1973 parandae.

268 2032 301 2066 2.
326 2033 492 2074 dispersas
509 2041 573 2073 per
591 2032 708 2065 urbem
722 2031 766 2074 c.]
790 2033 867 2064 Non
889 2040 955 2074 per
969 2030 1098 2064 urbem

225 2082 345 2123 modo,
364 2084 429 2117 sed
444 2092 509 2125 per
524 2083 652 2125 oppida
669 2083 783 2115 vicina
800 2082 981 2124 dispersae
994 2084 1099 2115 antea

224 2133 364 2167 fuerant
393 2135 591 2177 praetoriae
623 2134 788 2167 cohortes
819 2135 908 2166 teste
933 2134 1098 2166 Suetonio

222 2185 318 2226 Aug.-
338 2184 399 2218 49:
435 2186 549 2226 Neque
581 2193 743 2226 umquam
764 2185 880 2226 plures
903 2194 1006 2225 quam
1035 2187 1100 2216 tres

224 2235 373 2268 cohortes
401 2235 437 2267 in
465 2234 547 2267 urbe
569 2243 636 2268 esse
653 2243 773 2276 passus
794 2238 858 2275 est,
889 2244 1010 2276 easque
1031 2235 1100 2267 sine

222 2285 366 2324 castris;
399 2285 547 2325 reliquas
575 2285 611 2316 in
638 2284 776 2317 hiberna
805 2288 836 2318 et
858 2286 985 2318 aestiva
1006 2286 1100 2318 circa

221 2335 366 2377 finitima
395 2335 518 2375 oppida
548 2334 710 2367 dimittere
733 2338 896 2367 assuerat.
925 2353 962 2358 -
994 2338 1100 2367 metus

222 2384 390 2425 oreretur]
427 2385 491 2417 Dio
514 2384 568 2423 57,
595 2383 656 2416 49·.
691 2381 784 2425 τοὺς
811 2381 954 2426 λόχους
978 2385 1100 2442 (prae-

222 2433 456 2474 torianorum)
475 2431 551 2478 ἰδίᾳ
566 2433 632 2465 καὶ
647 2434 785 2493 χωρὶς
779 2430 954 2477 ἀλλήλων
967 2430 1100 2493 ὥσπερ

223 2479 316 2525 τοὺς
338 2480 414 2516 τῶν
435 2480 738 2524 νυκτοφυλάκων
760 2479 877 2526 ὄντας
897 2485 952 2526 εἰς
967 2480 1008 2518 ἓν
1022 2487 1099 2518 τεῖ-

227 2543 300 2575 χος
324 2534 492 2575 (Seianus)
517 2531 749 2577 συνήγαγεν,
774 2544 875 2567 ωστε
889 2532 937 2568 τὰ
953 2545 1100 2582 παραγ-

224 2583 397 2629 γέλματα
411 2585 478 2617 καὶ
492 2579 665 2631 ἀθρόους
679 2586 745 2619 καὶ
759 2583 823 2618 διὰ
837 2587 985 2625 ταχέων
1000 2585 1100 2630 λαμ-

224 2632 378 2675 βάνειν,
413 2635 480 2667 καὶ
507 2631 703 2681 φοβεροὺς
731 2636 848 2669 πᾶσιν
879 2631 947 2668 ἅτε
971 2636 1038 2669 καὶ
1059 2635 1100 2669 ἐν

226 2684 284 2718 ἑνὶ
306 2685 424 2724 τείχει
447 2694 561 2726 οντας
583 2682 884 2719 εἶναι.11)ὴ1.24ι
910 2685 951 2719 ἐν
973 2684 1005 2718 δ’
1030 2696 1101 2720 ουν

225 2734 278 2780 τῷ
300 2734 388 2768 τότε
410 2731 433 2768 ὃ
457 2735 632 2783 Τιβέριος
654 2732 725 2780 τὴν
747 2734 816 2770 τοῦ
839 2735 1100 2795 ‹509vcpo9c2eoz‘›

228 2785 448 2829 γυμνασίαν
470 2788 552 2827 τοῖς
570 2784 810 2828 βουλευταῖς,
834 2781 962 2834 ὥσπερ
984 2797 1101 2830 αγνο-

228 2834 319 2869 οὖσι
338 2833 410 2879 τὴν
432 2831 594 2878 δύναμιν
617 2832 756 2878 αὐτῶν,
780 2835 978 2880 ἐπέδειξεν,
996 2833 1101 2879 ὅπως

227 2886 295 2918 καὶ,
318 2883 485 2927 πολλούς
500 2896 606 2928 σφας
620 2887 686 2920 καὶ
701 2882 943 2934 ε’ῥρωμένους
959 2885 1101 2929 ἰδόντες

226 2934 375 2979 μᾶλλον
403 2933 522 2970 αὐτὸν
550 2936 763 2978 φοβῶνται.
798 2956 835 2963 -
865 2940 987 2980 procul
1011 2938 1103 2972 urbis

228 2986 414 3028 inlecebris]
449 2987 540 3020 inter
561 2989 682 3030 portas
704 2987 914 3022 viminalem
939 2990 974 3021 et
997 2987 1103 3022 Colli-

232 3043 328 3069 nam.
365 3035 480 3069 Schol.
505 3037 626 3070 Iuven.
652 3037 706 3078 40,
731 3038 790 3070 95:
821 3038 925 3070 quta
947 3047 1103 3080 ayqerem

228 3085 432 3128 (Tarquinii)
461 3086 592 3126 primus
609 3087 721 3127 posuit
743 3090 857 3120 castra
878 3088 1038 3128 Seianus,
1069 3088 1104 3120 id

229 3138 276 3169 est
298 3144 397 3177 super
421 3135 600 3176 (thermas)
630 3136 873 3177 Diocletianas,
907 3146 993 3177 quae
1014 3137 1105 3170 dicta

229 3188 306 3218 sum
327 3188 444 3218 castra
461 3185 648 3226 praetoria.
681 3186 766 3218 Tota
782 3194 907 3219 eorum
922 3186 1104 3228 dispositio

231 3234 353 3268 similis
376 3236 455 3268 erat
481 3236 682 3268 ceterorum
705 3236 903 3268 castrorum
925 3236 1105 3269 Romano-

231 3292 313 3318 rum
323 3310 331 3326 ,
355 3286 406 3318 uti
426 3286 574 3328 apparet
591 3285 697 3318 etiam
712 3294 807 3318 nunc
823 3294 867 3318 ex
883 3294 1007 3319 eorum
1022 3285 1106 3319 reli-

234 3335 336 3375 quiis.
370 3335 411 3368 V.
437 3335 568 3369 Canina
599 3336 809 3369 Indicazione
837 3344 872 3378 p.
898 3336 952 3369 90.
987 3336 1107 3369 Procul

236 3384 373 3425 autem,
397 3386 436 3417 ut
455 3393 580 3428 saepe,
605 3394 729 3426 omne,
756 3385 822 3418 etsi
836 3384 1014 3419 interdum
1030 3386 1106 3419 exi-

240 3438 361 3475 guum,
376 3433 599 3470 intervallum
613 3435 705 3470 inter
716 3433 806 3470 duos
819 3433 916 3470 locos
932 3434 1103 3478 designem

1149 1728 1230 1762 vide
1254 1737 1346 1771 quae
1371 1727 1495 1770 collegi
1517 1727 1562 1760 ad
1586 1728 1704 1760 Horat.
1730 1727 1800 1760 Sat.
1826 1727 1860 1768 2,
1885 1726 1918 1767 6,
1940 1726 2015 1760 405.

1150 1780 1207 1813 Sic
1236 1780 1271 1812 h.
1297 1779 1341 1820 l..
1377 1779 1442 1812 etsi
1472 1787 1584 1821 prope
1613 1777 1742 1811 urbem
1772 1779 1873 1810 erant
1902 1779 2019 1811 castra

1149 1830 1224 1870 illa,
1242 1831 1363 1863 tamen
1384 1829 1429 1863 ab
1447 1838 1489 1862 ea
1505 1831 1669 1872 separata
1685 1838 1728 1861 ac
1745 1828 1885 1869 milites,
1910 1830 2020 1861 noctu

1149 1882 1379 1923 praesertim,
1419 1881 1527 1913 amoti
1565 1889 1585 1913 a
1620 1880 1877 1913 consuetudine
1907 1878 2017 1921 vulgi,

1151 1932 1283 1974 quippe
1306 1931 1398 1964 vallo
1421 1931 1530 1965 clausi
1553 1940 1595 1964 ac
1621 1930 1759 1963 licentia
1785 1929 1950 1963 cohibita.
1979 1946 2016 1953 -

1147 1992 1252 2027 neque
1272 1983 1440 2016 senatorio
1455 1983 1582 2015 ambitu
1595 1981 1789 2023 abstinebat]
1814 1982 2020 2014 senatorum

1149 2035 1297 2074 gratiam
1335 2033 1518 2067 ambiebat
1555 2041 1690 2075 eosque
1734 2032 1802 2065 sibi
1839 2032 2018 2066 devincire

1149 2083 1326 2116 studebat.
1364 2084 1415 2117 Cf.
1442 2093 1474 2117 c.
1500 2084 1561 2116 62:
1598 2083 1795 2123 municipali
1829 2083 2016 2115 ambitione.

1149 2135 1213 2167 Dio
1237 2135 1297 2175 58,
1323 2134 1361 2168 4;
1402 2131 1424 2167 ὁ
1453 2133 1494 2168 δὲ
1522 2131 1569 2177 δὴ
1600 2131 1768 2178 Σηὶανὸς
1794 2134 1858 2166 καὶ
1881 2134 2019 2177 μείζων

1149 2185 1214 2218 καὶ
1237 2182 1505 2245 φοβερώτερος
1528 2181 1588 2218 ἀεὶ
1612 2184 1799 2230 ἐγίγνετο,
1832 2196 1932 2219 ωστε
1953 2185 2020 2219 καὶ

1148 2233 1242 2277 τοὺς
1269 2233 1481 2278 βουλευτὰς
1508 2236 1574 2269 καὶ
1603 2232 1695 2278 τοὺς
1723 2232 1865 2278 σίλλους
1887 2236 2019 2282 ἐκείνῳ

1148 2285 1221 2328 μὲν
1244 2281 1297 2327 ὥς
1319 2286 1385 2319 καὶ
1408 2281 1666 2344 αὐτοκράτορι
1695 2288 1917 2334 προσέχειν,
1951 2285 2020 2321 τὸν

1149 2335 1190 2370 δὲ
1206 2335 1381 2382 Τιβέριον
1403 2335 1444 2370 ἐν
1461 2332 1643 2395 ὀλιγωρίᾳ
1658 2338 1866 2371 ποιεῖσθαι.
1877 2358 1898 2364 -
1909 2357 1930 2364 -
1944 2348 2020 2371 των

1149 2384 1369 2426 βουλευτῶν
1390 2384 1436 2419 τὸ
1459 2386 1532 2430 μὲν
1555 2384 1803 2435 εὐεργεσίαις,
1828 2385 1873 2421 τὸ
1896 2387 1938 2422 δὲ
1960 2388 2020 2423 ελ-

1150 2438 1253 2478 πίσι,
1276 2434 1322 2470 τὸ
1345 2436 1386 2471 δὲ
1409 2438 1474 2470 καὶ
1497 2435 1613 2482 φόβῳ
1636 2440 1957 2486 προσεπεποίητο.
1981 2459 2017 2464 -

1148 2489 1274 2521 socium
1295 2488 1465 2531 laborum]
1495 2488 1648 2523 Velleius
1678 2489 1757 2523 loco
1785 2490 1831 2523 ad
1853 2500 1885 2524 c.
1913 2492 1926 2524 4
1955 2491 2021 2524 ad-

1150 2537 1221 2571 lato
1245 2547 1329 2571 eum
1350 2540 1456 2572 vocat
1469 2539 1675 2581 sinyularem
1693 2541 1934 2582 principalium
1948 2551 2022 2583 cpe-

1149 2597 1228 2621 rum
1250 2588 1437 2622 adiutorem
1458 2589 1495 2621 in
1517 2590 1649 2630 omnia,
1673 2590 1810 2624 Drusus
1833 2591 1922 2625 infra
1946 2601 1977 2625 c.
2000 2593 2020 2625 7

1150 2638 1338 2671 adiutorem
1365 2638 1516 2679 imperii,
1551 2640 1617 2673 Dio
1639 2640 1694 2681 57,
1722 2641 1764 2674 49
1795 2638 2020 2684 σύμβουλον

1149 2688 1217 2721 καὶ
1239 2685 1432 2735 ὑπηρέτην
1454 2689 1606 2732 (Tiberii)
1631 2688 1727 2737 πρὸς
1748 2688 1890 2733 πάντα,
1915 2692 2021 2726 Tibe-

1149 2738 1222 2771 rius
1245 2738 1321 2780 ipse
1346 2739 1414 2781 (ap.
1439 2739 1589 2773 Dionem
1611 2740 1666 2781 58,
1684 2740 1718 2782 4)
1741 2739 1928 2775 κοινωνὸν
1945 2740 2020 2775 τῶν

1150 2787 1374 2846 φροντίδων.
1411 2805 1448 2813 -
1481 2790 1608 2831 colique
1623 2808 1674 2815 --
1688 2792 1812 2833 effigies
1837 2793 1923 2835 eius]
1956 2793 2020 2825 Dio

1150 2838 1211 2878 58,
1235 2839 1274 2871 2:
1313 2835 1336 2871 ὁ
1367 2836 1408 2871 δὲ
1435 2835 1483 2882 δὴ
1511 2837 1679 2883 Σηῖανὸς
1707 2851 1763 2874 ετι
1784 2842 1851 2875 καὶ
1872 2840 2021 2885 μᾶλλον

1150 2882 1285 2945 ᾔρετο,
1316 2889 1381 2922 καὶ
1411 2888 1621 2934 ἐψηφίσθη
1648 2885 1754 2933 ὅπως
1775 2890 1824 2925 τὰ
1846 2891 2021 2937 γενεθλια

1151 2934 1272 2972 αὐτοῦ
1305 2937 1477 2984 δημοσίᾳ
1483 2939 1745 3021 δὲορτάζηται.
1783 2940 1829 2976 τὸ
1860 2940 1932 2989 γάρ
1960 2953 2021 2976 τοι

1152 2987 1302 3030 πλῆθος
1331 2986 1406 3022 τῶν
1434 2985 1667 3037 ἀνδριάντων
1696 3003 1751 3025 ων
1780 3004 1806 3036 η
1830 3002 1870 3025 τε
1894 2989 2019 3035 βουλὴ

1153 3038 1218 3071 καὶ
1253 3034 1278 3080 ἦ
1311 3036 1428 3080 iaaac
1458 3038 1505 3073 αἴ
1528 3049 1570 3073 τε
1595 3039 1716 3081 φυλαὶ
1738 3042 1803 3075 καὶ
1827 3042 1868 3075 οἱ
1888 3037 2022 3089 ἄνδρες

1154 3087 1195 3119 οἱ
1215 3085 1359 3146 πρῶτοι
1380 3098 1553 3132 εστησαν
1568 3086 1688 3124 αῦτοῦ
1706 3087 1795 3124 οὐδὲ
1810 3088 2021 3137 ἐξηρίθμη-

1154 3145 1220 3169 σεν
1254 3131 1304 3169 ἅν
1331 3147 1401 3180 τις.
1439 3139 1539 3173 Idem
1567 3139 1652 3173 ibid.
1684 3149 1715 3173 c.
1740 3140 1781 3173 4:
1817 3139 1926 3182 τέλος
1955 3141 2022 3174 καὶ

1153 3187 1238 3227 ταῖς
1271 3183 1417 3221 εἰκόσιν
1447 3184 1568 3223 αὐτου
1596 3199 1726 3236 ωσπερ
1751 3190 1817 3222 καὶ
1846 3193 1930 3232 ταῖς
1951 3189 2020 3224 τοῦ

1155 3234 1331 3285 Τιβερίου
1354 3233 1486 3272 ἔθυον.
1507 3257 1544 3263 -
1568 3241 1720 3282 interque
1732 3241 1902 3282 principia
1916 3241 2021 3284 leuio-

1154 3248 1268 3330 nuwiJ‘²
1280 3287 1330 3321 Cf.
1357 3289 1388 3330 4,
1414 3289 1468 3322 64.
1494 3290 1637 3322 sueton.
1663 3288 1736 3321 Tib.
1762 3288 1823 3323 48.
1856 3292 2021 3332 quaedam

1153 3345 1294 3370 munera
1322 3338 1473 3379 Syriacis
1495 3338 1674 3382 legionibus
1703 3337 1863 3381 (largitus
1885 3343 1941 3375 est
1962 3342 2020 3375 Ti-

1154 3386 1292 3429 berius)
1324 3389 1412 3429 quod
1438 3389 1529 3422 solae
1555 3388 1683 3422 nullam
1705 3389 1820 3423 Seiani
1839 3390 2020 3434 imaqinem

1154 3436 1243 3471 inter
1263 3437 1361 3479 tiana
1381 3437 1565 3471 coluissent.
