2254 3770
265 288 350 333 222
751 292 796 335 Ρ.
828 291 1079 336 CORNELII
1107 292 1279 337 TACITI
1307 294 1576 340 ANNALIUM

265 394 321 439 ab
351 396 551 440 Romanis
582 396 797 440 confertus
827 396 976 455 pedes,
1007 397 1240 456 dispositae
1271 406 1454 451 turmae,
1488 408 1642 452 cuncta
1670 403 1836 461 proelio
1866 403 2058 462 provisa:

266 470 460 515 hostibus
490 478 636 516 contra
667 473 855 516 omnium
886 473 1043 517 nesciis
1074 488 1159 517 non
1190 488 1319 524 arma,
1353 489 1437 518 non
1458 476 1577 526 ordo,
1610 491 1694 521 non
1715 477 1950 530 consilium,
1983 478 2060 523 sed

264 560 471 604 pecorum
502 547 631 591 modo
661 547 786 598 trahi,
819 547 977 602 occidi,
1008 549 1115 607 capi.
1161 550 1350 594 infensus
1388 550 1512 595 miles
1550 554 1757 598 memoria
1794 553 1992 598 laborum
2020 560 2063 598 et

265 621 496 666 adversum
515 622 726 666 eludentis
747 630 918 681 optatae
948 625 1103 669 totiens
1133 639 1303 683 pugnae
1333 639 1381 670 se
1402 627 1588 685 quisque
1613 628 1772 673 ultione
1793 636 1837 673 et
1855 629 2062 687 sanguine

233 697 505 755 sexplebant.
550 698 743 742 differtur
771 713 851 756 per
881 699 1130 758 manipulos,
1164 700 1469 746 Tacfarinatem
1490 716 1655 756 omnes,
1683 710 1831 748 notum
1853 711 1914 748 tot
1934 718 2062 762 proe-

263 772 342 825 liis,
375 779 694 826 consectentur;
725 787 810 817 non
842 774 922 818 nisi
944 774 1056 820 duce
1087 775 1308 820 interfecto
1338 777 1532 835 requiem
1563 778 1663 823 belli
1693 780 1797 823 fore.
1828 779 1963 823 atille
1984 779 2062 824 de-

262 848 386 892 iectis
416 849 579 893 circum
607 849 884 907 stipatoribus
914 850 1143 909 vinctoque
1174 851 1256 895 iam
1287 851 1375 895 filio
1405 859 1448 896 et
1468 852 1615 897 effusis
1645 854 1837 913 undique
1860 855 2061 899 Romanis

262 923 428 968 ruendo
458 924 501 966 in
531 923 614 968 tela
645 925 931 983 captivitatem
962 925 1076 970 haud
1107 926 1237 970 inulta
1266 933 1403 971 morte
1435 927 1599 986 effugit;
1638 930 1762 988 isque
1796 929 1893 973 finis
1930 931 2060 974 armis

262 999 483 1057 inpositus.
530 1000 612 1057 (26)
644 1000 891 1045 Dolabellae
921 1002 1080 1059 petenti
1111 1001 1258 1046 abnuit
1281 1003 1550 1061 triumphalia
1571 1004 1777 1057 Tiberius,
1810 1006 1965 1050 Seiano
1986 1006 2059 1049 tri-

214 1074 416 1127 iobuens,
459 1089 513 1119 ne
543 1075 700 1126 Blaesi,
739 1075 936 1120 avunculi
967 1077 1078 1127 eius,
1118 1077 1214 1121 laus
1243 1077 1549 1123 obsolesceret.
1597 1080 1675 1124 sed
1706 1094 1849 1139 neque
1878 1080 2057 1126 Blaesus

259 1146 359 1194 ideo
389 1149 624 1203 inlustrior,
663 1158 706 1195 et
744 1152 843 1196 huic
872 1159 1050 1210 negatus
1080 1151 1218 1197 honor
1245 1152 1423 1210 gloriam
1453 1154 1650 1198 intendit:
1693 1156 1853 1214 quippe
1892 1156 2057 1201 minore

260 1226 450 1271 exercitu
480 1227 655 1284 insignis
687 1227 889 1285 captivos,
926 1227 1106 1272 caedem
1134 1227 1256 1272 ducis
1285 1228 1475 1287 bellique
1506 1231 1685 1274 confecti
1717 1231 1872 1275 famam
1901 1231 2057 1290 depor-

259 1308 378 1346 tarat.
425 1302 717 1361 sequebantur
747 1310 789 1346 et
819 1303 1118 1347 Garamantum
1149 1303 1295 1362 legati,
1334 1318 1432 1348 raro
1462 1305 1505 1348 in
1534 1305 1643 1350 urbe
1672 1306 1771 1358 visi,
1813 1321 1924 1365 quos
1954 1309 2058 1352 Tac-

258 1378 435 1422 farinate
464 1391 594 1423 caeso
623 1378 823 1437 perculsa
855 1393 961 1437 gens
982 1386 1024 1423 et
1053 1378 1206 1437 culpae
1237 1380 1382 1424 nescia
1413 1379 1467 1424 ad
1497 1381 1598 1425 satis
1625 1381 1867 1426 faciendum
1895 1381 2059 1441 populo

324 1499 355 1534 4.
380 1503 536 1533 turamae
557 1509 610 1543 pr.
636 1500 669 1534 M
695 1518 730 1524 -
752 1500 884 1541 proelia
905 1509 960 1543 pr.
978 1501 1011 1534 M
1038 1519 1072 1524 -
1099 1500 1131 1533 4.
1156 1500 1184 1533 si
1207 1500 1281 1541 quis
1302 1501 1336 1534 M
1360 1501 1403 1542 (se
1426 1499 1566 1542 quisque
1587 1502 1721 1544 margo)
1749 1520 1785 1526 -
1811 1503 1843 1535 ὅ.
1869 1500 1942 1535 onis
1963 1503 1997 1537 M
2016 1521 2051 1526 —

257 1558 289 1591 6.
314 1558 408 1590 ducet
431 1558 464 1591 M
490 1576 526 1581 —
551 1557 682 1589 deiectis
696 1558 722 1589 I.
740 1558 794 1590 Fr.
813 1557 1025 1590 Gronovius:
1051 1556 1182 1590 delectis
1196 1558 1240 1591 M.
1261 1556 1313 1590 Cf.
1331 1565 1405 1590 var.
1424 1555 1506 1590 lect.
1525 1557 1557 1598 3,
1576 1557 1630 1591 65.
1652 1576 1687 1582 -
1714 1559 1747 1592 7.
1764 1559 1879 1600 offusis
1893 1559 2051 1602 Lipsius;

255 1613 466 1656 circumfusis
489 1615 614 1647 Haase.
643 1632 678 1637 ——
712 1614 744 1646 8.
769 1615 877 1647 multa
900 1616 932 1648 M
964 1633 1000 1638 —
1034 1614 1066 1647 9.
1088 1615 1213 1655 potenti
1242 1623 1294 1656 pr.
1320 1615 1354 1648 M
1379 1632 1414 1637 —
1441 1615 1646 1656 trumphalia
1668 1616 1702 1650 M
1727 1633 1764 1639 —
1790 1616 1843 1649 ⁴2.
1868 1617 2054 1650 exercitum

258 1680 312 1714 pr.
326 1673 359 1706 M
374 1690 410 1696 —
431 1671 483 1705 ⁴4.
510 1674 541 1704 et
562 1671 680 1712 culpae
702 1672 833 1704 conscia
856 1671 1012 1713 Lipsius;
1036 1680 1096 1704 nec
1117 1673 1235 1713 culpae
1256 1673 1367 1706 nescia
1390 1673 1563 1715 Ryckius3
1589 1676 1619 1706 et
1634 1673 1752 1714 culpae
1774 1683 1841 1706 non
1862 1674 1973 1707 nescia
1996 1674 2051 1716 (cf.

259 1737 291 1762 c.
317 1728 374 1770 32)
399 1729 468 1762 iac.
494 1727 708 1767 Gronovius;
741 1731 771 1761 et
802 1728 919 1770 culpae
939 1729 1030 1761 haud
1050 1731 1163 1762 nescia
1184 1730 1357 1770 Ritterus;
1388 1734 1419 1763 et
1441 1731 1558 1772 culpae
1579 1731 1671 1763 socia
1694 1728 1783 1772 (coll.
1801 1739 1875 1765 var.
1900 1730 1981 1765 lect.
2007 1731 2052 1764 ad

257 1795 289 1820 c.
306 1785 359 1827 33)
383 1785 606 1828 Nipperdey3
631 1788 669 1818 ut
689 1784 806 1826 culpae
828 1786 940 1818 nescia
962 1785 1095 1826 Haase3
1123 1789 1171 1819 set
1191 1787 1308 1827 culpae
1328 1788 1441 1820 nescia
1463 1786 1634 1820 Halmius.
1658 1804 1701 1811 -—
1724 1786 1778 1821 44.
1797 1773 1846 1820 ‘132‘
1862 1789 1901 1821 R.
1927 1789 1972 1823 M.

1177 1887 1365 1920 occasione
1389 1886 1507 1920 denuo
1532 1886 1613 1920 data
1638 1885 1736 1920 illum
1759 1887 1933 1921 honorem
1950 1887 2052 1922 Tibe-

1176 1938 1228 1969 rio
1257 1937 1480 1979 imperitante
1506 1946 1549 1969 ex
1573 1946 1675 1970 more
1698 1938 1792 1970 inter
1812 1940 1954 1972 veteres
1977 1939 2048 1972 iam

257 1897 342 1920 σαν.
380 1886 431 1920 Cf.
458 1886 588 1928 Cyrop.
615 1885 647 1926 3,
672 1885 705 1926 3,
731 1886 784 1918 27.
814 1904 848 1910 —-
878 1886 983 1926 trahi,
1008 1887 1124 1927 occidi,

255 1937 348 1980 oapi]
384 1937 515 1970 Omnes
545 1936 763 1968 trahebantur
790 1936 836 1968 ad
867 1937 1124 1978 captivitatem:

256 1988 322 2022 sed
344 1997 388 2020 ex
411 1988 464 2028 iis,
492 1996 574 2020 cum
590 1987 719 2020 nimius
740 1995 909 2019 numerus
926 1988 1032 2027 esset,
1057 1986 1124 2028 alii,

255 2039 423 2072 nimirum
435 2038 596 2071 seniores
609 2039 714 2079 atque
727 2037 939 2070 infirmiores
952 2036 1007 2069 vel
1020 2037 1126 2070 etiam

254 2090 476 2133 pervicacius
512 2089 742 2128 resistentes,
780 2087 1030 2128 occidebantur,
1070 2086 1125 2138 alii

253 2141 410 2174 iuniores
434 2141 470 2173 et
493 2137 721 2172 formosiores
744 2138 896 2170 servituti
918 2138 1127 2170 destinaban-

254 2195 324 2225 tur.
359 2190 411 2225 Cf.
428 2190 543 2232 Agric.
562 2189 618 2223 37:
645 2190 749 2230 sequi,
773 2189 968 2229 vulnerare,
993 2197 1125 2229 capere,

254 2247 354 2284 atque
375 2242 505 2275 eosdem
526 2240 644 2273 oblatis
659 2240 736 2272 aliis
751 2240 932 2272 trucidare.
953 2256 988 2262 —
1015 2239 1127 2281 differ·

253 2294 322 2337 tur]
343 2294 417 2327 sive
436 2292 624 2334 imperium
638 2290 770 2323 ducum
790 2290 863 2323 sive
883 2289 1033 2323 militum
1049 2298 1126 2322 mu-

254 2345 312 2378 tua
337 2342 543 2377 cohortatio.
564 2359 600 2365 -
626 2340 766 2382 deiectis]
791 2340 827 2372 id
850 2341 904 2372 est
926 2340 1123 2382 prostratis,

253 2396 294 2428 ut
319 2392 465 2428 Martial.
491 2393 523 2433 i,
548 2392 609 2426 64:
645 2391 771 2424 deiecta
785 2392 943 2432 pascitur
964 2390 1018 2423 illa
1037 2389 1123 2431 fera.

253 2444 406 2479 Phaedr.
422 2445 454 2484 2,
474 2444 487 2476 i
504 2452 511 2476 :
537 2443 645 2484 Super
657 2443 831 2475 iuvencum
844 2441 957 2474 stabat
968 2441 1126 2473 deiectum

253 2495 314 2528 leo.
340 2495 421 2527 Tac.
446 2494 535 2525 Ann.
562 2493 616 2532 Μ,
641 2491 695 2524 29.
722 2492 816 2524 tanto
840 2491 975 2533 aptiore
997 2489 1121 2529 verbo,

254 2544 352 2587 quod
375 2544 420 2576 de
444 2543 544 2585 equis
567 2541 663 2574 haud
687 2541 794 2574 dubie
811 2541 939 2574 deiecti
962 2541 1044 2574 sunt
1066 2540 1126 2573 sti-

253 2595 416 2638 patores,
441 2594 480 2626 ut
503 2593 576 2625 Liv.
601 2591 640 2628 4.
666 2592 718 2624 ⁴9.
744 2592 852 2624 Donn.

289 2645 345 2678 26.
362 2644 478 2677 abnuit
487 2660 507 2667 -
518 2660 536 2666 -
547 2642 583 2675 S.
602 2641 759 2684 tribuens]
772 2639 973 2674 Dolabellae
988 2640 1124 2683 petenti

254 2704 296 2730 ea
319 2694 460 2736 negavit
481 2693 596 2726 Seiani
619 2700 739 2725 causa.
762 2710 796 2715 —
822 2700 863 2724 na
885 2691 996 2724 Blaesi
1018 2699 1123 2723 avun-

252 2746 320 2779 culi
342 2744 424 2787 cet.]
461 2743 512 2777 Cf.
538 2743 570 2783 3,
596 2743 638 2775 72
662 2751 742 2785 sqq.
778 2760 813 2765 —
850 2742 966 2783 culpae
994 2741 1121 2781 nescia]

252 2797 342 2830 Nam
364 2803 428 2828 rex
450 2794 588 2826 tantum
611 2793 862 2825 Garamantum
887 2793 929 2834 (c.
953 2791 1026 2833 23),
1051 2800 1122 2824 non

252 2846 328 2889 ipsa
359 2853 445 2886 gens
467 2842 674 2876 Tacfarinati
698 2851 803 2884 opem
826 2840 972 2881 tulerat:
1005 2850 1121 2883 neque

253 2896 349 2929 enim
364 2893 421 2928 ille
438 2901 521 2926 cum
537 2893 693 2926 exercitu
708 2892 918 2932 incesserat,
943 2891 1008 2925 sed
1023 2890 1122 2924 leves

253 2945 390 2988 copias,
408 2942 671 2977 mercennarias
686 2941 834 2975 fortasse
850 2942 1006 2974 miserat.
1031 2941 1122 2983 Ergo

252 2994 397 3029 nolebat
418 3001 505 3036 gens
526 3000 566 3025 se
589 2990 713 3034 plecti,
742 2991 914 3032 quidquid
938 2989 1122 3023 deliravis-

251 3046 308 3079 set
330 3053 393 3077 rex
408 3051 529 3077 suus.»
552 3042 724 3074 Domuum..
746 3058 783 3064 —
807 3041 966 3081 repetitus
982 3040 1064 3083 cet.]
1081 3041 1122 3074 Ut

250 3096 390 3128 taceam
419 3091 515 3135 quod
538 3100 581 3124 ex
605 3089 852 3124 emendatione
880 3090 985 3132 Lipsii
1007 3089 1120 3123 forma

250 3145 454 3185 emissusque
482 3141 578 3175 unde
606 3141 683 3174 orta
714 3141 760 3173 sit
789 3138 956 3182 explicari
985 3142 1118 3182 nequit,

250 3193 352 3228 facile
386 3191 586 3234 intelligitur
608 3198 679 3223 non
702 3188 890 3222 reductum
913 3198 992 3223 esse
1016 3192 1121 3223 vetu-

251 3246 346 3278 stum
390 3242 545 3284 aliquem
589 3248 729 3274 morem
774 3240 858 3272 tunc
899 3239 1116 3280 obsoletum,

251 3294 382 3335 quippe
403 3301 485 3326 cum
501 3292 608 3325 etiam
623 3289 699 3323 Iulii
715 3289 876 3322 Caesaris
892 3290 1006 3322 aetate
1023 3289 1119 3332 idem

250 3342 365 3375 honor
391 3342 564 3375 Ariovisto
593 3340 759 3373 decretus
789 3340 900 3378 esset,
931 3340 970 3370 ut
997 3347 1060 3371 rex
1083 3340 1119 3371 et

251 3391 386 3425 amicus
415 3389 652 3433 appellaretur
674 3389 778 3430 eique
802 3396 949 3420 munera
973 3385 1118 3430 amplis-

251 3439 342 3475 tima
363 3439 587 3474 mitterentur
609 3440 654 3480 (v.
678 3439 780 3472 Caes.
798 3437 837 3470 B.
855 3436 894 3470 G.
912 3436 944 3477 4,
960 3434 1027 3478 43),
1053 3436 1118 3470 sed

1176 1989 1322 2029 recepto
1357 1987 1547 2029 repetitum
1582 1987 1604 2019 i.
1637 1996 1669 2020 e.
1706 1995 1828 2020 rursus
1864 1987 2049 2022 decretum

1177 2046 1268 2070 esse.
1304 2037 1450 2070 Accedit
1479 2037 1576 2079 quod
1598 2038 1634 2070 in
1656 2036 1832 2071 locutione
1855 2047 1900 2071 ea:
1920 2042 2048 2072 vetusto

1175 2096 1268 2119 novo
1297 2088 1404 2128 atque
1433 2087 1590 2120 inaudito
1621 2087 1784 2120 adiectivi
1806 2097 1874 2122 usu
1897 2088 2050 2122 offendi-

1175 2145 1276 2177 mur,
1313 2145 1396 2170 cum
1430 2138 1624 2184 potiusffloe
1656 2138 1855 2178 antiquitate
1887 2138 1944 2172 vel
1976 2138 2045 2173 tale

1175 2187 1260 2228 quid
1284 2190 1523 2230 exspectares.
1560 2188 1690 2221 Contra
1711 2187 1925 2222 vocabulum
1947 2189 2050 2223 honos

1175 2238 1371 2271 sententiae
1395 2240 1451 2271 est
1472 2239 1708 2281 aptissimum,
1733 2238 1843 2272 immo
1859 2247 1946 2273 vero
1962 2249 2048 2283 pro-

1173 2288 1304 2330 prium.
1334 2287 1388 2320 Ad
1411 2296 1516 2321 usum
1538 2287 1725 2321 locutionis
1747 2297 1791 2321 σα.-
1811 2291 1938 2322 vetusto
1956 2298 2049 2324 moro

1174 2337 1335 2371 conferas
1357 2337 1395 2379 4,
1423 2338 1464 2371 ⁴6
1485 2341 1613 2371 vetusto
1634 2347 1746 2382 more,
1771 2347 1802 2371 c.
1820 2339 1863 2372 27
1880 2340 1916 2372 et
1932 2339 1986 2380 ⁴4,
2003 2340 2046 2374 42

1172 2391 1280 2420 vetere
1302 2397 1345 2420 ex
1366 2383 1476 2428 more,
1502 2389 1588 2421 Hist.
1613 2387 1650 2429 4,
1677 2389 1712 2421 64
1734 2392 1841 2422 vetere
1860 2389 1952 2430 apud
1967 2389 2048 2424 Ger-

1173 2447 1291 2471 manos
1304 2447 1408 2471 more.
1427 2439 1595 2471 uramus.
1617 2456 1653 2462 —
1673 2442 1787 2481 toyam
1802 2440 1942 2483 pictam]
1965 2448 2045 2482 acu,

1174 2489 1291 2522 aureis
1330 2490 1365 2521 et
1397 2487 1671 2522 versicoloribus
1706 2489 1772 2523 fiiis
1807 2491 2043 2532 intertextam,

1174 2547 1244 2581 qua
1274 2539 1534 2582 triumphantes
1565 2539 1794 2573 ornabantur.
1829 2557 1865 2563 —
1903 2541 2047 2582 antiqua

1168 2592 1307 2630 patrum
1327 2589 1484 2632 munera]
1522 2597 1614 2631 quae
1646 2590 1715 2623 iam
1747 2591 1948 2623 Porsennae
1970 2591 2045 2632 regi

1173 2641 1281 2673 missa
1304 2648 1324 2671 a
1348 2641 1475 2672 senatu
1499 2638 1681 2681 (fabulose,
1706 2642 1745 2672 ut
1759 2639 1908 2682 videtur)
1926 2642 2047 2674 narrat

1172 2689 1361 2730 Dionysius
1384 2687 1494 2722 Halic.
1511 2690 1543 2728 5,
1569 2689 1623 2722 35.
1649 2688 1787 2722 Certius
1802 2689 2045 2723 testimonium

1173 2739 1258 2772 Livii
1280 2739 1334 2779 30,
1360 2740 1420 2772 45ε
1452 2739 1500 2772 lbi
1523 2739 1737 2772 Masinissam
1763 2740 1913 2780 primum
1933 2749 2045 2782 regem

1172 2790 1374 2830 appellatum
1388 2789 1584 2830 eximiisque
1598 2792 1755 2822 ornatum
1770 2789 1924 2822 laudibus
1937 2799 2046 2824 aurea

1171 2849 1313 2880 corona,
1339 2848 1448 2872 aurea
1467 2843 1606 2880 patera,
1631 2839 1713 2872 sella
1728 2841 1838 2873 curuli
1853 2840 1999 2874 eburnea
2013 2844 2046 2874 ot

1171 2890 1313 2931 scipione
1335 2889 1495 2930 eburneo,
1517 2892 1597 2931 toga
1614 2890 1708 2930 picta
1723 2893 1753 2923 et
1762 2890 1914 2931 patmum·
1929 2891 2044 2924 tunica

1171 2941 1292 2980 donat,·
1316 2940 1409 2973 addit
1429 2939 1537 2974 vorbis
1557 2939 1726 2973 bonorem.

1213 3039 1267 3072 27.
1293 3037 1500 3080 longinquos]
1532 3036 1600 3070 late
1625 3038 1804 3078 extentos,
1832 3037 1894 3071 ubi
1916 3039 2040 3082 procul

1170 3089 1215 3122 ab
1239 3089 1376 3132 oppidis
1408 3087 1540 3124 facilius
1567 3086 1810 3130 occultiusque
1834 3089 2039 3132 conspirare

1170 3140 1343 3182 poterant.
1364 3157 1398 3162 —
1426 3138 1694 3180 commeantium]
1715 3139 1867 3172 maxime
1883 3139 1917 3172 in
1933 3141 2039 3174 Grae·

1170 3190 1262 3222 ciam
1292 3189 1483 3230 Asiamque
1511 3196 1532 3220 a
1561 3187 1746 3221 Brundisio
1776 3188 2035 3223 traiicientium.

1173 3257 1208 3263 -
1235 3238 1342 3281 calles]
1369 3239 1514 3272 Sueton.
1541 3239 1643 3271 Caes.
1670 3238 1731 3271 49:
1761 3238 1871 3279 opera
1893 3239 2037 3280 optima-

1168 3288 1254 3321 tibus
1275 3289 1358 3321 data
1380 3291 1442 3328 est,
1473 3290 1512 3320 ut
1530 3287 1725 3329 provinciae
1745 3287 1870 3329 muris
1891 3289 2037 3322 consuli-

1169 3337 1228 3370 bus
1260 3338 1390 3371 minimi
1422 3337 1565 3379 negotii,
1600 3338 1635 3370 id
1665 3339 1712 3370 est
1733 3337 1837 3370 silvae
1858 3337 2034 3380 callesque,

1167 3387 1430 3420 decernerentur.
1467 3386 1574 3420 calles
1593 3386 1713 3420 Italiae
1732 3385 1953 3420 vocabantur
1973 3396 2034 3421 re·-

1167 3437 1289 3478 giones
1319 3434 1499 3470 silvestres
1527 3445 1548 3470 a
1574 3437 1674 3479 tergo
1697 3435 1910 3479 campaniae
1934 3445 2034 3472 mare
