<?xml version="1.0" encoding="UTF-8"?>
<!DOCTYPE html PUBLIC "-//W3C//DTD XHTML 1.0 Transitional//EN"
    "http://www.w3.org/TR/xhtml1/DTD/xhtml1-transitional.dtd">
<html xmlns="http://www.w3.org/1999/xhtml" xml:lang="en" lang="en">
 <head>
  <title>
</title>
<meta http-equiv="Content-Type" content="text/html;charset=utf-8" />
  <meta name='ocr-system' content='tesseract 3.04.00' />
  <meta name='ocr-capabilities' content='ocr_page ocr_carea ocr_par ocr_line ocrx_word'/>
</head>
<body>
  <div class='ocr_page' id='page_1' title='image "./pcorneliitacitio01taciuoft_0398.png"; bbox 0 0 2254 3770; ppageno 0'>
   <div class='ocr_carea' id='block_1_1' title="bbox 250 225 1563 287">
    <p class='ocr_par' dir='ltr' id='par_1_1' title="bbox 250 225 1563 287">
     <span class='ocr_line' id='line_1_1' title="bbox 250 225 1563 287; baseline 0.001 -18"><span class='ocrx_word' id='word_1_1' title='bbox 250 225 333 287; x_wconf 81' lang='lat'>360</span> <span class='ocrx_word' id='word_1_2' title='bbox 740 230 785 272; x_wconf 93' lang='grc' dir='ltr'>Ρ.</span> <span class='ocrx_word' id='word_1_3' title='bbox 818 226 1067 272; x_wconf 89' lang='lat' dir='ltr'>CORNELII</span> <span class='ocrx_word' id='word_1_4' title='bbox 1097 226 1268 271; x_wconf 85' lang='lat' dir='ltr'>TACITI</span> <span class='ocrx_word' id='word_1_5' title='bbox 1297 226 1563 271; x_wconf 84' lang='lat' dir='ltr'>ANNALIUM</span> 
     </span>
    </p>
   </div>
   <div class='ocr_carea' id='block_1_2' title="bbox 250 332 2042 469">
    <p class='ocr_par' dir='ltr' id='par_1_2' title="bbox 250 332 2042 469">
     <span class='ocr_line' id='line_1_2' title="bbox 250 332 2042 393; baseline 0.001 -16"><span class='ocrx_word' id='word_1_6' title='bbox 250 335 376 378; x_wconf 89' lang='lat' dir='ltr'>lautis</span> <span class='ocrx_word' id='word_1_7' title='bbox 417 335 651 386; x_wconf 83' lang='lat' dir='ltr'>festinatur,</span> <span class='ocrx_word' id='word_1_8' title='bbox 695 335 768 392; x_wconf 87' lang='lat' dir='ltr'>qui</span> <span class='ocrx_word' id='word_1_9' title='bbox 809 333 1036 377; x_wconf 88' lang='lat' dir='ltr'>obstrictus</span> <span class='ocrx_word' id='word_1_10' title='bbox 1073 332 1329 391; x_wconf 82' lang='lat' dir='ltr'><strong>Agrippinae</strong></span> <span class='ocrx_word' id='word_1_11' title='bbox 1369 339 1415 376; x_wconf 88' lang='lat' dir='ltr'>ut</span> <span class='ocrx_word' id='word_1_12' title='bbox 1451 333 1698 378; x_wconf 88' lang='lat' dir='ltr'>conciliator</span> <span class='ocrx_word' id='word_1_13' title='bbox 1728 335 1969 393; x_wconf 83' lang='lat' dir='ltr'>nuptiarum</span> <span class='ocrx_word' id='word_1_14' title='bbox 1999 343 2042 379; x_wconf 90' lang='lat' dir='ltr'>et</span> 
     </span>
     <span class='ocr_line' id='line_1_3' title="bbox 251 407 2041 469; baseline 0 -17"><span class='ocrx_word' id='word_1_15' title='bbox 251 423 349 453; x_wconf 89' lang='lat' dir='ltr'>mox</span> <span class='ocrx_word' id='word_1_16' title='bbox 379 417 526 469; x_wconf 89' lang='lat' dir='ltr'>stupro</span> <span class='ocrx_word' id='word_1_17' title='bbox 558 411 650 454; x_wconf 90' lang='lat' dir='ltr'>eius</span> <span class='ocrx_word' id='word_1_18' title='bbox 681 409 894 467; x_wconf 79' lang='lat' dir='ltr'>inligatus,</span> <span class='ocrx_word' id='word_1_19' title='bbox 929 408 1171 452; x_wconf 88' lang='lat' dir='ltr'>stimulabat</span> <span class='ocrx_word' id='word_1_20' title='bbox 1192 407 1414 452; x_wconf 89' lang='lat' dir='ltr'>Claudium</span> <span class='ocrx_word' id='word_1_21' title='bbox 1436 409 1680 453; x_wconf 82' lang='lat' dir='ltr'>consuleret</span> <span class='ocrx_word' id='word_1_22' title='bbox 1708 410 1768 454; x_wconf 88' lang='lat' dir='ltr'>rei</span> <span class='ocrx_word' id='word_1_23' title='bbox 1799 425 1853 468; x_wconf 90' lang='lat' dir='ltr'>p.‚</span> <span class='ocrx_word' id='word_1_24' title='bbox 1877 410 2041 454; x_wconf 89' lang='lat' dir='ltr'>Britan-</span> 
     </span>
    </p>
   </div>
   <div class='ocr_carea' id='block_1_3' title="bbox 250 484 1131 544">
    <p class='ocr_par' dir='ltr' id='par_1_3' title="bbox 250 484 1131 544">
     <span class='ocr_line' id='line_1_4' title="bbox 250 484 1131 544; baseline -0.001 -16"><span class='ocrx_word' id='word_1_25' title='bbox 250 486 333 529; x_wconf 89' lang='lat' dir='ltr'>nici</span> <span class='ocrx_word' id='word_1_26' title='bbox 373 487 601 544; x_wconf 88' lang='lat' dir='ltr'>pueritiam</span> <span class='ocrx_word' id='word_1_27' title='bbox 638 485 796 528; x_wconf 78' lang='lat' dir='ltr'>robore</span> <span class='ocrx_word' id='word_1_28' title='bbox 834 484 1131 528; x_wconf 87' lang='lat' dir='ltr'>circumdaret.</span> 
     </span>
    </p>
   </div>
   <div class='ocr_carea' id='block_1_4' title="bbox 1177 483 2043 544">
    <p class='ocr_par' dir='ltr' id='par_1_4' title="bbox 1177 483 2043 544">
     <span class='ocr_line' id='line_1_5' title="bbox 1177 483 2043 544; baseline 0.002 -17"><span class='ocrx_word' id='word_1_29' title='bbox 1177 483 1239 527; x_wconf 92' lang='lat' dir='ltr'>sic</span> <span class='ocrx_word' id='word_1_30' title='bbox 1275 483 1389 541; x_wconf 87' lang='lat' dir='ltr'>apud</span> <span class='ocrx_word' id='word_1_31' title='bbox 1421 484 1564 527; x_wconf 92' lang='lat' dir='ltr'>divum</span> <span class='ocrx_word' id='word_1_32' title='bbox 1597 486 1848 543; x_wconf 80' lang='lat' dir='ltr'>Augustum,</span> <span class='ocrx_word' id='word_1_33' title='bbox 1891 499 2043 544; x_wconf 89' lang='lat' dir='ltr'>quam-</span> 
     </span>
    </p>
   </div>
   <div class='ocr_carea' id='block_1_5' title="bbox 218 558 2044 996">
    <p class='ocr_par' dir='ltr' id='par_1_5' title="bbox 218 558 2044 996">
     <span class='ocr_line' id='line_1_6' title="bbox 250 558 2042 619; baseline 0 -15"><span class='ocrx_word' id='word_1_34' title='bbox 250 575 379 619; x_wconf 88' lang='lat' dir='ltr'>quam</span> <span class='ocrx_word' id='word_1_35' title='bbox 410 561 638 619; x_wconf 84' lang='lat' dir='ltr'>nepotibus</span> <span class='ocrx_word' id='word_1_36' title='bbox 670 559 916 611; x_wconf 85' lang='lat' dir='ltr'>subnixum,</span> <span class='ocrx_word' id='word_1_37' title='bbox 948 559 1136 617; x_wconf 85' lang='lat' dir='ltr'>viguisse</span> <span class='ocrx_word' id='word_1_38' title='bbox 1167 558 1404 616; x_wconf 81' lang='lat' dir='ltr'>privignos3</span> <span class='ocrx_word' id='word_1_39' title='bbox 1439 573 1463 602; x_wconf 92' lang='lat' dir='ltr'>a</span> <span class='ocrx_word' id='word_1_40' title='bbox 1484 559 1652 603; x_wconf 87' lang='lat' dir='ltr'>Tiberio</span> <span class='ocrx_word' id='word_1_41' title='bbox 1674 574 1805 618; x_wconf 89' lang='lat' dir='ltr'>super</span> <span class='ocrx_word' id='word_1_42' title='bbox 1824 560 2042 619; x_wconf 79' lang='lat' dir='ltr'>propriam</span> 
     </span>
     <span class='ocr_line' id='line_1_7' title="bbox 218 634 2043 694; baseline 0.001 -16"><span class='ocrx_word' id='word_1_43' title='bbox 218 636 425 694; x_wconf 61' lang='lat' dir='ltr'>&amp;stirpem</span> <span class='ocrx_word' id='word_1_44' title='bbox 468 635 766 679; x_wconf 88' lang='lat' dir='ltr'>Germanicum</span> <span class='ocrx_word' id='word_1_45' title='bbox 808 641 1085 692; x_wconf 91' lang='lat' dir='ltr'>assumptum.</span> <span class='ocrx_word' id='word_1_46' title='bbox 1133 648 1179 678; x_wconf 91' lang='lat' dir='ltr'>se</span> <span class='ocrx_word' id='word_1_47' title='bbox 1211 648 1387 692; x_wconf 86' lang='lat' dir='ltr'>quoque</span> <span class='ocrx_word' id='word_1_48' title='bbox 1419 634 1661 691; x_wconf 79' lang='lat' dir='ltr'>accingeret</span> <span class='ocrx_word' id='word_1_49' title='bbox 1691 635 1845 679; x_wconf 91' lang='lat' dir='ltr'>iuvene</span> <span class='ocrx_word' id='word_1_50' title='bbox 1875 642 2043 694; x_wconf 90' lang='lat' dir='ltr'>partem</span> 
     </span>
     <span class='ocr_line' id='line_1_8' title="bbox 250 709 2043 769; baseline 0 -15"><span class='ocrx_word' id='word_1_51' title='bbox 250 725 449 755; x_wconf 91' lang='lat' dir='ltr'>curarum</span> <span class='ocrx_word' id='word_1_52' title='bbox 489 711 766 769; x_wconf 84' lang='lat' dir='ltr'>capessituro.</span> <span class='ocrx_word' id='word_1_53' title='bbox 814 709 880 753; x_wconf 90' lang='lat' dir='ltr'>his</span> <span class='ocrx_word' id='word_1_54' title='bbox 917 710 1080 754; x_wconf 87' lang='lat' dir='ltr'>evictus</span> <span class='ocrx_word' id='word_1_55' title='bbox 1119 710 1290 753; x_wconf 89' lang='lat' dir='ltr'>biennio</span> <span class='ocrx_word' id='word_1_56' title='bbox 1330 709 1537 753; x_wconf 91' lang='lat' dir='ltr'>maiorem</span> <span class='ocrx_word' id='word_1_57' title='bbox 1567 717 1667 754; x_wconf 90' lang='lat' dir='ltr'>natu</span> <span class='ocrx_word' id='word_1_58' title='bbox 1698 711 1928 754; x_wconf 90' lang='lat' dir='ltr'>Domitium</span> <span class='ocrx_word' id='word_1_59' title='bbox 1956 711 2043 755; x_wconf 87' lang='lat' dir='ltr'>filio</span> 
     </span>
     <span class='ocr_line' id='line_1_9' title="bbox 250 785 2043 845; baseline 0.001 -16"><span class='ocrx_word' id='word_1_60' title='bbox 250 789 486 845; x_wconf 79' lang='lat' dir='ltr'>anteponit,</span> <span class='ocrx_word' id='word_1_61' title='bbox 537 786 678 829; x_wconf 88' lang='lat' dir='ltr'>habita</span> <span class='ocrx_word' id='word_1_62' title='bbox 722 785 836 843; x_wconf 91' lang='lat' dir='ltr'>apud</span> <span class='ocrx_word' id='word_1_63' title='bbox 882 791 1077 828; x_wconf 89' lang='lat' dir='ltr'>senatum</span> <span class='ocrx_word' id='word_1_64' title='bbox 1120 785 1311 828; x_wconf 87' lang='lat' dir='ltr'>oratione</span> <span class='ocrx_word' id='word_1_65' title='bbox 1356 785 1397 828; x_wconf 90' lang='lat' dir='ltr'>in</span> <span class='ocrx_word' id='word_1_66' title='bbox 1435 785 1621 829; x_wconf 91' lang='lat' dir='ltr'>eundem</span> <span class='ocrx_word' id='word_1_67' title='bbox 1655 800 1784 844; x_wconf 91' lang='lat' dir='ltr'>quem</span> <span class='ocrx_word' id='word_1_68' title='bbox 1824 800 1849 829; x_wconf 92' lang='lat' dir='ltr'>a</span> <span class='ocrx_word' id='word_1_69' title='bbox 1891 786 2043 830; x_wconf 89' lang='lat' dir='ltr'>liberto</span> 
     </span>
     <span class='ocr_line' id='line_1_10' title="bbox 250 859 2044 920; baseline -0.001 -14"><span class='ocrx_word' id='word_1_70' title='bbox 250 869 477 920; x_wconf 86' lang='lat' dir='ltr'>acceperat</span> <span class='ocrx_word' id='word_1_71' title='bbox 517 861 704 905; x_wconf 89' lang='lat' dir='ltr'>modum.</span> <span class='ocrx_word' id='word_1_72' title='bbox 752 860 1010 904; x_wconf 87' lang='lat' dir='ltr'>adnotabant</span> <span class='ocrx_word' id='word_1_73' title='bbox 1053 860 1177 918; x_wconf 90' lang='lat' dir='ltr'>periti</span> <span class='ocrx_word' id='word_1_74' title='bbox 1216 859 1372 904; x_wconf 90' lang='lat' dir='ltr'>nullam</span> <span class='ocrx_word' id='word_1_75' title='bbox 1415 860 1595 904; x_wconf 90' lang='lat' dir='ltr'>antehac</span> <span class='ocrx_word' id='word_1_76' title='bbox 1631 861 1905 919; x_wconf 89' lang='lat' dir='ltr'>adoptionem</span> <span class='ocrx_word' id='word_1_77' title='bbox 1934 862 2044 905; x_wconf 90' lang='lat' dir='ltr'>inter</span> 
     </span>
     <span class='ocr_line' id='line_1_11' title="bbox 250 935 2041 996; baseline 0.001 -16"><span class='ocrx_word' id='word_1_78' title='bbox 250 938 450 996; x_wconf 89' lang='lat' dir='ltr'>patricios</span> <span class='ocrx_word' id='word_1_79' title='bbox 483 937 684 981; x_wconf 90' lang='lat' dir='ltr'>Claudios</span> <span class='ocrx_word' id='word_1_80' title='bbox 714 935 914 994; x_wconf 87' lang='lat' dir='ltr'>reperiri,</span> <span class='ocrx_word' id='word_1_81' title='bbox 958 949 1123 993; x_wconf 86' lang='lat' dir='ltr'>eosque</span> <span class='ocrx_word' id='word_1_82' title='bbox 1155 935 1208 978; x_wconf 88' lang='lat' dir='ltr'>ab</span> <span class='ocrx_word' id='word_1_83' title='bbox 1239 937 1332 980; x_wconf 85' lang='lat' dir='ltr'>Atto</span> <span class='ocrx_word' id='word_1_84' title='bbox 1364 935 1518 980; x_wconf 91' lang='lat' dir='ltr'>Clauso</span> <span class='ocrx_word' id='word_1_85' title='bbox 1549 936 1774 980; x_wconf 89' lang='lat' dir='ltr'>continuos</span> <span class='ocrx_word' id='word_1_86' title='bbox 1805 936 2041 981; x_wconf 81' lang='lat' dir='ltr'>duravisse.</span> 
     </span>
    </p>
   </div>
   <div class='ocr_carea' id='block_1_6' title="bbox 200 1011 2059 1070">
    <p class='ocr_par' dir='ltr' id='par_1_6' title="bbox 200 1011 2059 1070">
     <span class='ocr_line' id='line_1_12' title="bbox 200 1011 2059 1070; baseline 0 -14"><span class='ocrx_word' id='word_1_87' title='bbox 200 1014 332 1070; x_wconf 69' lang='lat'>⁴0(26)</span> <span class='ocrx_word' id='word_1_88' title='bbox 364 1020 555 1056; x_wconf 89' lang='lat' dir='ltr'>ceterum</span> <span class='ocrx_word' id='word_1_89' title='bbox 586 1019 705 1056; x_wconf 88' lang='lat' dir='ltr'>actae</span> <span class='ocrx_word' id='word_1_90' title='bbox 735 1011 917 1070; x_wconf 84' lang='lat' dir='ltr'>principi</span> <span class='ocrx_word' id='word_1_91' title='bbox 949 1017 1107 1068; x_wconf 80' lang='lat' dir='ltr'>grates,</span> <span class='ocrx_word' id='word_1_92' title='bbox 1152 1011 1414 1068; x_wconf 80' lang='lat' dir='ltr'>quaesitiore</span> <span class='ocrx_word' id='word_1_93' title='bbox 1446 1011 1486 1053; x_wconf 93' lang='lat' dir='ltr'>in</span> <span class='ocrx_word' id='word_1_94' title='bbox 1517 1011 1747 1055; x_wconf 89' lang='lat' dir='ltr'>Domitium</span> <span class='ocrx_word' id='word_1_95' title='bbox 1778 1011 2059 1065; x_wconf 49' lang='lat' dir='ltr'>adulationes</span> 
     </span>
    </p>
   </div>
   <div class='ocr_carea' id='block_1_7' title="bbox 248 1086 2042 1223">
    <p class='ocr_par' dir='ltr' id='par_1_7' title="bbox 248 1086 2042 1223">
     <span class='ocr_line' id='line_1_13' title="bbox 248 1086 2041 1146; baseline -0.001 -14"><span class='ocrx_word' id='word_1_96' title='bbox 248 1095 482 1146; x_wconf 81' lang='lat' dir='ltr'>rogataque</span> <span class='ocrx_word' id='word_1_97' title='bbox 527 1088 595 1132; x_wconf 87' lang='lat' dir='ltr'>lex</span> <span class='ocrx_word' id='word_1_98' title='bbox 634 1102 720 1146; x_wconf 91' lang='lat' dir='ltr'>qua</span> <span class='ocrx_word' id='word_1_99' title='bbox 764 1088 819 1129; x_wconf 91' lang='lat' dir='ltr'>in·</span> <span class='ocrx_word' id='word_1_100' title='bbox 845 1086 1042 1130; x_wconf 80' lang='lat' dir='ltr'>familiam</span> <span class='ocrx_word' id='word_1_101' title='bbox 1083 1086 1303 1130; x_wconf 88' lang='lat' dir='ltr'>Claudiam</span> <span class='ocrx_word' id='word_1_102' title='bbox 1344 1093 1386 1130; x_wconf 87' lang='lat' dir='ltr'>et</span> <span class='ocrx_word' id='word_1_103' title='bbox 1422 1100 1578 1130; x_wconf 89' lang='lat' dir='ltr'>nomen</span> <span class='ocrx_word' id='word_1_104' title='bbox 1614 1087 1793 1130; x_wconf 92' lang='lat' dir='ltr'>Neronis</span> <span class='ocrx_word' id='word_1_105' title='bbox 1833 1087 2041 1131; x_wconf 86' lang='lat' dir='ltr'>transiret.</span> 
     </span>
     <span class='ocr_line' id='line_1_14' title="bbox 249 1161 2042 1223; baseline -0.001 -15"><span class='ocrx_word' id='word_1_106' title='bbox 249 1171 429 1223; x_wconf 81' lang='lat' dir='ltr'>augetur</span> <span class='ocrx_word' id='word_1_107' title='bbox 459 1171 500 1207; x_wconf 87' lang='lat' dir='ltr'>et</span> <span class='ocrx_word' id='word_1_108' title='bbox 530 1163 759 1221; x_wconf 83' lang='lat' dir='ltr'>Agrippina</span> <span class='ocrx_word' id='word_1_109' title='bbox 790 1170 1072 1221; x_wconf 78' lang='lat' dir='ltr'>cognomento</span> <span class='ocrx_word' id='word_1_110' title='bbox 1102 1164 1331 1219; x_wconf 82' lang='lat' dir='ltr'>Augustae.</span> <span class='ocrx_word' id='word_1_111' title='bbox 1378 1161 1535 1219; x_wconf 82' lang='lat' dir='ltr'>quibus</span> <span class='ocrx_word' id='word_1_112' title='bbox 1570 1162 1746 1220; x_wconf 88' lang='lat' dir='ltr'>patratis</span> <span class='ocrx_word' id='word_1_113' title='bbox 1777 1176 1903 1206; x_wconf 90' lang='lat' dir='ltr'>nemo</span> <span class='ocrx_word' id='word_1_114' title='bbox 1932 1162 2042 1207; x_wconf 89' lang='lat' dir='ltr'>adeo</span> 
     </span>
    </p>
   </div>
   <div class='ocr_carea' id='block_1_8' title="bbox 247 1275 2045 1556">
    <p class='ocr_par' dir='ltr' id='par_1_8' title="bbox 247 1275 2045 1556">
     <span class='ocr_line' id='line_1_15' title="bbox 313 1275 2045 1325; baseline -0.001 -7"><span class='ocrx_word' id='word_1_115' title='bbox 313 1287 344 1318; x_wconf 72' lang='lat'>2.</span> <span class='ocrx_word' id='word_1_116' title='bbox 371 1284 541 1317; x_wconf 83' lang='lat' dir='ltr'>brittanici</span> <span class='ocrx_word' id='word_1_117' title='bbox 563 1284 635 1325; x_wconf 87' lang='lat' dir='ltr'>(sic)</span> <span class='ocrx_word' id='word_1_118' title='bbox 654 1285 687 1318; x_wconf 89' lang='lat' dir='ltr'>M</span> <span class='ocrx_word' id='word_1_119' title='bbox 714 1302 747 1307; x_wconf 92' lang='lat'><em>-</em></span> <span class='ocrx_word' id='word_1_120' title='bbox 775 1283 806 1316; x_wconf 89' lang='lat'>3.</span> <span class='ocrx_word' id='word_1_121' title='bbox 831 1283 932 1316; x_wconf 87' lang='lat' dir='ltr'>robor</span> <span class='ocrx_word' id='word_1_122' title='bbox 955 1293 1008 1325; x_wconf 90' lang='lat' dir='ltr'>pr.</span> <span class='ocrx_word' id='word_1_123' title='bbox 1026 1284 1059 1317; x_wconf 91' lang='lat' dir='ltr'><strong>M</strong></span> <span class='ocrx_word' id='word_1_124' title='bbox 1086 1299 1121 1306; x_wconf 93' lang='lat'>—</span> <span class='ocrx_word' id='word_1_125' title='bbox 1147 1283 1360 1315; x_wconf 74' lang='lat' dir='ltr'>circundaret</span> <span class='ocrx_word' id='word_1_126' title='bbox 1383 1275 1481 1315; x_wconf 77' lang='lat' dir='ltr'>Ms—</span> <span class='ocrx_word' id='word_1_127' title='bbox 1505 1286 1662 1325; x_wconf 64' lang='lat' dir='ltr'>agustum</span> <span class='ocrx_word' id='word_1_128' title='bbox 1685 1291 1738 1325; x_wconf 86' lang='lat' dir='ltr'>pr.</span> <span class='ocrx_word' id='word_1_129' title='bbox 1758 1284 1790 1316; x_wconf 89' lang='lat' dir='ltr'><strong>M</strong></span> <span class='ocrx_word' id='word_1_130' title='bbox 1811 1300 1846 1306; x_wconf 96' lang='lat'>—</span> <span class='ocrx_word' id='word_1_131' title='bbox 1873 1292 2045 1325; x_wconf 79' lang='lat' dir='ltr'>quaquam</span> 
     </span>
     <span class='ocr_line' id='line_1_16' title="bbox 247 1338 2038 1383; baseline -0.002 -8"><span class='ocrx_word' id='word_1_132' title='bbox 247 1343 282 1375; x_wconf 90' lang='lat' dir='ltr'><strong>M</strong></span> <span class='ocrx_word' id='word_1_133' title='bbox 306 1359 341 1365; x_wconf 92' lang='lat'>—</span> <span class='ocrx_word' id='word_1_134' title='bbox 370 1343 402 1374; x_wconf 78' lang='grc' dir='ltr'>ὅ.</span> <span class='ocrx_word' id='word_1_135' title='bbox 429 1342 619 1383; x_wconf 71' lang='lat' dir='ltr'>acyinqeret</span> <span class='ocrx_word' id='word_1_136' title='bbox 641 1342 673 1374; x_wconf 92' lang='lat' dir='ltr'><strong>M</strong></span> <span class='ocrx_word' id='word_1_137' title='bbox 692 1359 738 1369; x_wconf 93' lang='grc'>-.</span> <span class='ocrx_word' id='word_1_138' title='bbox 753 1338 871 1373; x_wconf 66' lang='lat' dir='ltr'>iuuene</span> <span class='ocrx_word' id='word_1_139' title='bbox 895 1341 928 1374; x_wconf 92' lang='lat' dir='ltr'><strong>M</strong></span> <span class='ocrx_word' id='word_1_140' title='bbox 953 1358 990 1363; x_wconf 94' lang='lat'><strong>—</strong></span> <span class='ocrx_word' id='word_1_141' title='bbox 1017 1341 1047 1372; x_wconf 90' lang='lat'>6.</span> <span class='ocrx_word' id='word_1_142' title='bbox 1074 1341 1217 1373; x_wconf 81' lang='lat' dir='ltr'>triennio</span> <span class='ocrx_word' id='word_1_143' title='bbox 1234 1339 1508 1372; x_wconf 85' lang='lat' dir='ltr'>Freinshemius.</span> <span class='ocrx_word' id='word_1_144' title='bbox 1531 1357 1566 1362; x_wconf 94' lang='lat'><strong>—</strong></span> <span class='ocrx_word' id='word_1_145' title='bbox 1591 1340 1622 1372; x_wconf 92' lang='lat'>7.</span> <span class='ocrx_word' id='word_1_146' title='bbox 1648 1340 1684 1371; x_wconf 83' lang='lat' dir='ltr'>in</span> <span class='ocrx_word' id='word_1_147' title='bbox 1706 1340 1843 1372; x_wconf 82' lang='lat' dir='ltr'>eundem</span> <span class='ocrx_word' id='word_1_148' title='bbox 1865 1340 2038 1373; x_wconf 87' lang='lat' dir='ltr'>Muretus:</span> 
     </span>
     <span class='ocr_line' id='line_1_17' title="bbox 248 1394 2043 1438; baseline -0.002 -8"><span class='ocrx_word' id='word_1_149' title='bbox 248 1399 387 1430; x_wconf 82' lang='lat' dir='ltr'>eundem</span> <span class='ocrx_word' id='word_1_150' title='bbox 414 1396 527 1429; x_wconf 86' lang='lat' dir='ltr'>littera</span> <span class='ocrx_word' id='word_1_151' title='bbox 558 1406 624 1429; x_wconf 89' lang='lat' dir='ltr'>una</span> <span class='ocrx_word' id='word_1_152' title='bbox 649 1395 705 1428; x_wconf 91' lang='lat' dir='ltr'>vel</span> <span class='ocrx_word' id='word_1_153' title='bbox 731 1395 869 1429; x_wconf 87' lang='lat' dir='ltr'>duabus</span> <span class='ocrx_word' id='word_1_154' title='bbox 893 1398 973 1438; x_wconf 90' lang='lat' dir='ltr'>post</span> <span class='ocrx_word' id='word_1_155' title='bbox 995 1396 1087 1428; x_wconf 86' lang='lat' dir='ltr'>hanc</span> <span class='ocrx_word' id='word_1_156' title='bbox 1112 1405 1238 1429; x_wconf 92' lang='lat' dir='ltr'>vocem</span> <span class='ocrx_word' id='word_1_157' title='bbox 1261 1396 1372 1428; x_wconf 84' lang='lat' dir='ltr'>erasis</span> <span class='ocrx_word' id='word_1_158' title='bbox 1394 1396 1446 1434; x_wconf 82' lang='lat' dir='ltr'>M;</span> <span class='ocrx_word' id='word_1_159' title='bbox 1476 1396 1615 1428; x_wconf 83' lang='lat' dir='ltr'>eundem</span> <span class='ocrx_word' id='word_1_160' title='bbox 1636 1396 1672 1427; x_wconf 87' lang='lat' dir='ltr'>in</span> <span class='ocrx_word' id='word_1_161' title='bbox 1695 1395 1873 1435; x_wconf 81' lang='lat' dir='ltr'>Halmius.</span> <span class='ocrx_word' id='word_1_162' title='bbox 1906 1394 1984 1429; x_wconf 90' lang='lat' dir='ltr'>coll.</span> <span class='ocrx_word' id='word_1_163' title='bbox 2010 1396 2043 1435; x_wconf 84' lang='lat'>6,</span> 
     </span>
     <span class='ocr_line' id='line_1_18' title="bbox 249 1451 2045 1493; baseline -0.002 -6"><span class='ocrx_word' id='word_1_164' title='bbox 249 1454 302 1487; x_wconf 89' lang='grc'>44.</span> <span class='ocrx_word' id='word_1_165' title='bbox 328 1453 381 1486; x_wconf 96' lang='grc'>48.</span> <span class='ocrx_word' id='word_1_166' title='bbox 409 1454 462 1492; x_wconf 89' lang='grc'>44,</span> <span class='ocrx_word' id='word_1_167' title='bbox 487 1454 520 1485; x_wconf 75' lang='lat'>2.</span> <span class='ocrx_word' id='word_1_168' title='bbox 547 1453 599 1492; x_wconf 87' lang='grc'>43,</span> <span class='ocrx_word' id='word_1_169' title='bbox 619 1453 671 1486; x_wconf 89' lang='grc'>43.</span> <span class='ocrx_word' id='word_1_170' title='bbox 693 1469 729 1476; x_wconf 90' lang='grc'>-</span> <span class='ocrx_word' id='word_1_171' title='bbox 755 1453 786 1485; x_wconf 89' lang='grc'>9.</span> <span class='ocrx_word' id='word_1_172' title='bbox 804 1452 970 1493; x_wconf 85' lang='lat' dir='ltr'>repperiri</span> <span class='ocrx_word' id='word_1_173' title='bbox 993 1453 1025 1485; x_wconf 92' lang='lat' dir='ltr'><strong>M</strong></span> <span class='ocrx_word' id='word_1_174' title='bbox 1044 1470 1079 1476; x_wconf 85' lang='lat'><em>-</em></span> <span class='ocrx_word' id='word_1_175' title='bbox 1107 1453 1159 1484; x_wconf 93' lang='grc'>40.</span> <span class='ocrx_word' id='word_1_176' title='bbox 1179 1452 1379 1492; x_wconf 78' lang='lat' dir='ltr'>quaesitiore</span> <span class='ocrx_word' id='word_1_177' title='bbox 1393 1451 1565 1484; x_wconf 87' lang='lat' dir='ltr'>Pichena:</span> <span class='ocrx_word' id='word_1_178' title='bbox 1592 1452 1777 1492; x_wconf 83' lang='lat' dir='ltr'>quaestiore</span> <span class='ocrx_word' id='word_1_179' title='bbox 1792 1452 1825 1485; x_wconf 91' lang='lat' dir='ltr'><strong>M</strong></span> <span class='ocrx_word' id='word_1_180' title='bbox 1844 1469 1881 1475; x_wconf 99' lang='lat'><strong>—</strong></span> <span class='ocrx_word' id='word_1_181' title='bbox 1908 1452 1960 1484; x_wconf 72' lang='grc'>42.</span> <span class='ocrx_word' id='word_1_182' title='bbox 1979 1461 2045 1484; x_wconf 81' lang='lat' dir='ltr'>au-</span> 
     </span>
     <span class='ocr_line' id='line_1_19' title="bbox 248 1509 1556 1556; baseline -0.001 -14"><span class='ocrx_word' id='word_1_183' title='bbox 248 1513 341 1556; x_wconf 64' lang='lat' dir='ltr'>quste</span> <span class='ocrx_word' id='word_1_184' title='bbox 363 1509 408 1542; x_wconf 90' lang='lat' dir='ltr'>ab</span> <span class='ocrx_word' id='word_1_185' title='bbox 434 1509 562 1542; x_wconf 83' lang='lat' dir='ltr'>eadem</span> <span class='ocrx_word' id='word_1_186' title='bbox 584 1518 691 1541; x_wconf 86' lang='lat' dir='ltr'>manu</span> <span class='ocrx_word' id='word_1_187' title='bbox 717 1509 918 1551; x_wconf 86' lang='lat' dir='ltr'>eodemque</span> <span class='ocrx_word' id='word_1_188' title='bbox 942 1511 1139 1542; x_wconf 88' lang='lat' dir='ltr'>atramento</span> <span class='ocrx_word' id='word_1_189' title='bbox 1165 1518 1256 1541; x_wconf 88' lang='lat' dir='ltr'>corr.</span> <span class='ocrx_word' id='word_1_190' title='bbox 1283 1509 1316 1541; x_wconf 91' lang='lat' dir='ltr'>in</span> <span class='ocrx_word' id='word_1_191' title='bbox 1341 1511 1489 1550; x_wconf 67' lang='lat' dir='ltr'>augusta</span> <span class='ocrx_word' id='word_1_192' title='bbox 1511 1509 1556 1541; x_wconf 85' lang='lat' dir='ltr'>M.</span> 
     </span>
    </p>
   </div>
   <div class='ocr_carea' id='block_1_9' title="bbox 247 1614 1129 3357">
    <p class='ocr_par' dir='ltr' id='par_1_9' title="bbox 247 1614 1129 3357">
     <span class='ocr_line' id='line_1_20' title="bbox 247 1614 1122 1655; baseline -0.001 -7"><span class='ocrx_word' id='word_1_193' title='bbox 247 1625 328 1648; x_wconf 84' lang='lat' dir='ltr'>nam</span> <span class='ocrx_word' id='word_1_194' title='bbox 352 1615 505 1648; x_wconf 85' lang='lat' dir='ltr'>traditus.</span> <span class='ocrx_word' id='word_1_195' title='bbox 537 1633 570 1638; x_wconf 88' lang='lat'>-</span> <span class='ocrx_word' id='word_1_196' title='bbox 596 1615 726 1655; x_wconf 84' lang='lat' dir='ltr'>robore]</span> <span class='ocrx_word' id='word_1_197' title='bbox 751 1614 977 1654; x_wconf 88' lang='lat' dir='ltr'>adminiculo,</span> <span class='ocrx_word' id='word_1_198' title='bbox 1003 1615 1122 1649; x_wconf 90' lang='lat' dir='ltr'>subsi-</span> 
     </span>
     <span class='ocr_line' id='line_1_21' title="bbox 250 1666 1122 1708; baseline -0.001 -9"><span class='ocrx_word' id='word_1_199' title='bbox 250 1667 325 1706; x_wconf 79' lang='lat' dir='ltr'>dio,</span> <span class='ocrx_word' id='word_1_200' title='bbox 352 1666 591 1705; x_wconf 86' lang='lat' dir='ltr'>munimento,</span> <span class='ocrx_word' id='word_1_201' title='bbox 616 1667 654 1698; x_wconf 91' lang='lat' dir='ltr'>ut</span> <span class='ocrx_word' id='word_1_202' title='bbox 671 1667 701 1704; x_wconf 93' lang='grc'>4,</span> <span class='ocrx_word' id='word_1_203' title='bbox 721 1666 758 1698; x_wconf 88' lang='lat'>3:</span> <span class='ocrx_word' id='word_1_204' title='bbox 785 1675 851 1708; x_wconf 83' lang='lat' dir='ltr'>quo</span> <span class='ocrx_word' id='word_1_205' title='bbox 872 1666 1024 1707; x_wconf 84' lang='lat' dir='ltr'>pluribus</span> <span class='ocrx_word' id='word_1_206' title='bbox 1045 1675 1122 1698; x_wconf 87' lang='lat' dir='ltr'>mu-</span> 
     </span>
     <span class='ocr_line' id='line_1_22' title="bbox 248 1715 1122 1757; baseline 0 -8"><span class='ocrx_word' id='word_1_207' title='bbox 248 1718 401 1750; x_wconf 78' lang='lat' dir='ltr'>nimentis</span> <span class='ocrx_word' id='word_1_208' title='bbox 417 1717 589 1749; x_wconf 77' lang='lat' dir='ltr'>insisteret.</span> <span class='ocrx_word' id='word_1_209' title='bbox 612 1734 646 1739; x_wconf 90' lang='lat'>—-</span> <span class='ocrx_word' id='word_1_210' title='bbox 666 1715 846 1757; x_wconf 78' lang='lat' dir='ltr'>nepotibus]</span> <span class='ocrx_word' id='word_1_211' title='bbox 864 1717 900 1749; x_wconf 94' lang='lat' dir='ltr'>L.</span> <span class='ocrx_word' id='word_1_212' title='bbox 920 1718 955 1749; x_wconf 84' lang='lat' dir='ltr'>et</span> <span class='ocrx_word' id='word_1_213' title='bbox 972 1717 1010 1749; x_wconf 94' lang='lat' dir='ltr'>C.</span> <span class='ocrx_word' id='word_1_214' title='bbox 1032 1718 1122 1749; x_wconf 91' lang='lat' dir='ltr'>Cae-</span> 
     </span>
     <span class='ocr_line' id='line_1_23' title="bbox 249 1766 1120 1808; baseline -0.001 -8"><span class='ocrx_word' id='word_1_215' title='bbox 249 1767 399 1801; x_wconf 91' lang='lat' dir='ltr'>saribus.</span> <span class='ocrx_word' id='word_1_216' title='bbox 427 1785 462 1790; x_wconf 94' lang='lat'><em>-</em></span> <span class='ocrx_word' id='word_1_217' title='bbox 483 1766 669 1808; x_wconf 71' lang='lat' dir='ltr'>priviqnos]</span> <span class='ocrx_word' id='word_1_218' title='bbox 694 1766 871 1800; x_wconf 86' lang='lat' dir='ltr'>Tiberium</span> <span class='ocrx_word' id='word_1_219' title='bbox 897 1768 932 1799; x_wconf 88' lang='lat' dir='ltr'>et</span> <span class='ocrx_word' id='word_1_220' title='bbox 954 1769 1120 1800; x_wconf 87' lang='lat' dir='ltr'>Drusum.</span> 
     </span>
     <span class='ocr_line' id='line_1_24' title="bbox 251 1818 1119 1859; baseline 0.001 -9"><span class='ocrx_word' id='word_1_221' title='bbox 251 1836 286 1843; x_wconf 77' lang='lat'>-—-</span> <span class='ocrx_word' id='word_1_222' title='bbox 309 1818 488 1859; x_wconf 79' lang='lat' dir='ltr'>propriam</span> <span class='ocrx_word' id='word_1_223' title='bbox 510 1818 658 1859; x_wconf 85' lang='lat' dir='ltr'>stirpem]</span> <span class='ocrx_word' id='word_1_224' title='bbox 685 1819 841 1851; x_wconf 87' lang='lat' dir='ltr'>Drusum</span> <span class='ocrx_word' id='word_1_225' title='bbox 867 1819 1053 1851; x_wconf 88' lang='lat' dir='ltr'>minorem.</span> <span class='ocrx_word' id='word_1_226' title='bbox 1083 1836 1119 1842; x_wconf 93' lang='lat'><strong>—</strong></span> 
     </span>
     <span class='ocr_line' id='line_1_25' title="bbox 249 1867 1123 1910; baseline 0 -10"><span class='ocrx_word' id='word_1_227' title='bbox 249 1868 446 1909; x_wconf 60' lang='lat' dir='ltr'>accingeret]</span> <span class='ocrx_word' id='word_1_228' title='bbox 471 1868 680 1909; x_wconf 85' lang='lat' dir='ltr'>metaphora</span> <span class='ocrx_word' id='word_1_229' title='bbox 705 1877 724 1899; x_wconf 91' lang='lat' dir='ltr'>a</span> <span class='ocrx_word' id='word_1_230' title='bbox 749 1867 863 1909; x_wconf 83' lang='lat' dir='ltr'>gladio</span> <span class='ocrx_word' id='word_1_231' title='bbox 887 1869 1052 1910; x_wconf 89' lang='lat' dir='ltr'>repetita,</span> <span class='ocrx_word' id='word_1_232' title='bbox 1085 1868 1123 1899; x_wconf 85' lang='lat' dir='ltr'>ut</span> 
     </span>
     <span class='ocr_line' id='line_1_26' title="bbox 249 1916 1117 1958; baseline -0.001 -8"><span class='ocrx_word' id='word_1_233' title='bbox 249 1918 336 1950; x_wconf 86' lang='lat' dir='ltr'>infra</span> <span class='ocrx_word' id='word_1_234' title='bbox 361 1926 391 1950; x_wconf 84' lang='lat' dir='ltr'>c.</span> <span class='ocrx_word' id='word_1_235' title='bbox 410 1916 468 1950; x_wconf 77' lang='lat'>44:</span> <span class='ocrx_word' id='word_1_236' title='bbox 494 1917 612 1949; x_wconf 78' lang='lat' dir='ltr'>studiis</span> <span class='ocrx_word' id='word_1_237' title='bbox 628 1918 847 1958; x_wconf 83' lang='lat' dir='ltr'>popularium</span> <span class='ocrx_word' id='word_1_238' title='bbox 870 1919 1065 1949; x_wconf 82' lang='lat' dir='ltr'>accinctum.</span> <span class='ocrx_word' id='word_1_239' title='bbox 1082 1934 1117 1939; x_wconf 91' lang='grc'>--</span> 
     </span>
     <span class='ocr_line' id='line_1_27' title="bbox 249 1967 1124 2009; baseline -0.001 -10"><span class='ocrx_word' id='word_1_240' title='bbox 249 1968 390 2009; x_wconf 84' lang='lat' dir='ltr'>biennio]</span> <span class='ocrx_word' id='word_1_241' title='bbox 416 1968 524 1999; x_wconf 90' lang='lat' dir='ltr'>immo</span> <span class='ocrx_word' id='word_1_242' title='bbox 544 1967 658 2000; x_wconf 87' lang='lat' dir='ltr'>tribus</span> <span class='ocrx_word' id='word_1_243' title='bbox 674 1968 774 1999; x_wconf 86' lang='lat' dir='ltr'>annis</span> <span class='ocrx_word' id='word_1_244' title='bbox 792 1967 1005 2008; x_wconf 86' lang='lat' dir='ltr'>duobusque</span> <span class='ocrx_word' id='word_1_245' title='bbox 1024 1976 1124 1999; x_wconf 88' lang='lat' dir='ltr'>men-</span> 
     </span>
     <span class='ocr_line' id='line_1_28' title="bbox 250 2018 1123 2055; baseline -0.001 -5"><span class='ocrx_word' id='word_1_246' title='bbox 250 2018 361 2050; x_wconf 89' lang='lat' dir='ltr'>sibus.</span> <span class='ocrx_word' id='word_1_247' title='bbox 387 2018 479 2049; x_wconf 88' lang='lat' dir='ltr'>Nero</span> <span class='ocrx_word' id='word_1_248' title='bbox 502 2018 595 2050; x_wconf 91' lang='lat' dir='ltr'>enim</span> <span class='ocrx_word' id='word_1_249' title='bbox 614 2019 716 2050; x_wconf 83' lang='lat' dir='ltr'>natus</span> <span class='ocrx_word' id='word_1_250' title='bbox 733 2019 809 2050; x_wconf 88' lang='lat' dir='ltr'>erat</span> <span class='ocrx_word' id='word_1_251' title='bbox 824 2027 856 2050; x_wconf 86' lang='lat' dir='ltr'>a.</span> <span class='ocrx_word' id='word_1_252' title='bbox 875 2027 910 2050; x_wconf 91' lang='lat' dir='ltr'>u.</span> <span class='ocrx_word' id='word_1_253' title='bbox 930 2018 1006 2055; x_wconf 86' lang='grc'>790,</span> <span class='ocrx_word' id='word_1_254' title='bbox 1033 2018 1123 2049; x_wconf 83' lang='grc' dir='ltr'>(1υο-</span> 
     </span>
     <span class='ocr_line' id='line_1_29' title="bbox 250 2066 1120 2109; baseline 0 -9"><span class='ocrx_word' id='word_1_255' title='bbox 250 2067 466 2100; x_wconf 88' lang='lat' dir='ltr'>devicesimo</span> <span class='ocrx_word' id='word_1_256' title='bbox 490 2066 561 2100; x_wconf 87' lang='lat' dir='ltr'>Kal.</span> <span class='ocrx_word' id='word_1_257' title='bbox 588 2069 768 2100; x_wconf 89' lang='lat' dir='ltr'>Ianuarias</span> <span class='ocrx_word' id='word_1_258' title='bbox 795 2069 948 2108; x_wconf 84' lang='lat' dir='ltr'>(Sueton.</span> <span class='ocrx_word' id='word_1_259' title='bbox 975 2068 1055 2100; x_wconf 88' lang='lat' dir='ltr'>Ner.</span> <span class='ocrx_word' id='word_1_260' title='bbox 1075 2068 1120 2109; x_wconf 90' lang='grc'>6).</span> 
     </span>
     <span class='ocr_line' id='line_1_30' title="bbox 249 2117 1124 2158; baseline 0.001 -9"><span class='ocrx_word' id='word_1_261' title='bbox 249 2119 371 2158; x_wconf 86' lang='lat' dir='ltr'>ltaque</span> <span class='ocrx_word' id='word_1_262' title='bbox 396 2126 427 2149; x_wconf 89' lang='lat' dir='ltr'>a.</span> <span class='ocrx_word' id='word_1_263' title='bbox 452 2127 485 2149; x_wconf 94' lang='lat' dir='ltr'>u.</span> <span class='ocrx_word' id='word_1_264' title='bbox 503 2117 567 2150; x_wconf 89' lang='grc'>806</span> <span class='ocrx_word' id='word_1_265' title='bbox 591 2118 729 2150; x_wconf 86' lang='lat' dir='ltr'>sedecim</span> <span class='ocrx_word' id='word_1_266' title='bbox 752 2127 857 2150; x_wconf 86' lang='lat' dir='ltr'>annos</span> <span class='ocrx_word' id='word_1_267' title='bbox 878 2121 996 2150; x_wconf 86' lang='lat' dir='ltr'>natum</span> <span class='ocrx_word' id='word_1_268' title='bbox 1018 2119 1124 2150; x_wconf 88' lang='lat' dir='ltr'>vocat</span> 
     </span>
     <span class='ocr_line' id='line_1_31' title="bbox 250 2167 1123 2208; baseline -0.001 -8"><span class='ocrx_word' id='word_1_269' title='bbox 250 2168 390 2200; x_wconf 86' lang='lat' dir='ltr'>Tacitus</span> <span class='ocrx_word' id='word_1_270' title='bbox 414 2167 479 2208; x_wconf 71' lang='lat'>(42,</span> <span class='ocrx_word' id='word_1_271' title='bbox 504 2167 556 2207; x_wconf 83' lang='lat'>58)</span> <span class='ocrx_word' id='word_1_272' title='bbox 582 2169 616 2199; x_wconf 93' lang='lat' dir='ltr'>et</span> <span class='ocrx_word' id='word_1_273' title='bbox 639 2167 708 2200; x_wconf 87' lang='lat' dir='ltr'>fine</span> <span class='ocrx_word' id='word_1_274' title='bbox 733 2169 815 2200; x_wconf 89' lang='lat' dir='ltr'>anni</span> <span class='ocrx_word' id='word_1_275' title='bbox 838 2177 873 2200; x_wconf 94' lang='lat' dir='ltr'>u.</span> <span class='ocrx_word' id='word_1_276' title='bbox 901 2168 964 2201; x_wconf 88' lang='grc'>807</span> <span class='ocrx_word' id='word_1_277' title='bbox 987 2168 1048 2200; x_wconf 76' lang='lat' dir='ltr'>vix</span> <span class='ocrx_word' id='word_1_278' title='bbox 1070 2177 1123 2200; x_wconf 92' lang='lat' dir='ltr'>se-</span> 
     </span>
     <span class='ocr_line' id='line_1_32' title="bbox 247 2218 1121 2259; baseline 0.002 -11"><span class='ocrx_word' id='word_1_279' title='bbox 247 2218 431 2259; x_wconf 78' lang='lat' dir='ltr'>ptendecim</span> <span class='ocrx_word' id='word_1_280' title='bbox 453 2226 559 2249; x_wconf 89' lang='lat' dir='ltr'>annos</span> <span class='ocrx_word' id='word_1_281' title='bbox 583 2226 747 2259; x_wconf 72' lang='lat' dir='ltr'>eqressum</span> <span class='ocrx_word' id='word_1_282' title='bbox 770 2218 837 2258; x_wconf 92' lang='grc'>(43,</span> <span class='ocrx_word' id='word_1_283' title='bbox 856 2218 888 2250; x_wconf 90' lang='grc'>6.</span> <span class='ocrx_word' id='word_1_284' title='bbox 916 2218 957 2250; x_wconf 84' lang='lat' dir='ltr'>cf.</span> <span class='ocrx_word' id='word_1_285' title='bbox 978 2219 1121 2251; x_wconf 79' lang='lat' dir='ltr'>sueton.</span> 
     </span>
     <span class='ocr_line' id='line_1_33' title="bbox 250 2267 1122 2308; baseline 0.001 -8"><span class='ocrx_word' id='word_1_286' title='bbox 250 2269 332 2300; x_wconf 87' lang='lat' dir='ltr'>Ner.</span> <span class='ocrx_word' id='word_1_287' title='bbox 363 2267 416 2308; x_wconf 86' lang='lat'>8):</span> <span class='ocrx_word' id='word_1_288' title='bbox 455 2268 696 2300; x_wconf 84' lang='lat' dir='ltr'>Britannicum</span> <span class='ocrx_word' id='word_1_289' title='bbox 731 2270 849 2300; x_wconf 88' lang='lat' dir='ltr'>autem</span> <span class='ocrx_word' id='word_1_290' title='bbox 885 2270 1005 2300; x_wconf 88' lang='lat' dir='ltr'>natum</span> <span class='ocrx_word' id='word_1_291' title='bbox 1042 2277 1122 2301; x_wconf 88' lang='lat' dir='ltr'>esse</span> 
     </span>
     <span class='ocr_line' id='line_1_34' title="bbox 253 2316 1120 2359; baseline 0.002 -10"><span class='ocrx_word' id='word_1_292' title='bbox 253 2316 398 2350; x_wconf 89' lang='lat' dir='ltr'>Claudio</span> <span class='ocrx_word' id='word_1_293' title='bbox 411 2318 580 2358; x_wconf 83' lang='lat' dir='ltr'>vigesimo</span> <span class='ocrx_word' id='word_1_294' title='bbox 593 2318 732 2359; x_wconf 89' lang='lat' dir='ltr'>imperii</span> <span class='ocrx_word' id='word_1_295' title='bbox 746 2318 802 2350; x_wconf 92' lang='lat' dir='ltr'>die</span> <span class='ocrx_word' id='word_1_296' title='bbox 822 2317 939 2351; x_wconf 84' lang='lat' dir='ltr'>Idibus</span> <span class='ocrx_word' id='word_1_297' title='bbox 953 2318 1120 2351; x_wconf 86' lang='lat' dir='ltr'>Februar.</span> 
     </span>
     <span class='ocr_line' id='line_1_35' title="bbox 252 2366 1120 2409; baseline 0.003 -11"><span class='ocrx_word' id='word_1_298' title='bbox 252 2368 298 2409; x_wconf 88' lang='lat' dir='ltr'>(a.</span> <span class='ocrx_word' id='word_1_299' title='bbox 316 2376 351 2399; x_wconf 93' lang='lat' dir='ltr'>u.</span> <span class='ocrx_word' id='word_1_300' title='bbox 370 2366 444 2406; x_wconf 83' lang='grc'>794)</span> <span class='ocrx_word' id='word_1_301' title='bbox 470 2369 589 2399; x_wconf 88' lang='lat' dir='ltr'>narrat</span> <span class='ocrx_word' id='word_1_302' title='bbox 612 2368 798 2400; x_wconf 89' lang='lat' dir='ltr'>Suetonius</span> <span class='ocrx_word' id='word_1_303' title='bbox 812 2367 934 2401; x_wconf 88' lang='lat' dir='ltr'>Claud.</span> <span class='ocrx_word' id='word_1_304' title='bbox 952 2369 1007 2407; x_wconf 75' lang='lat'>27,</span> <span class='ocrx_word' id='word_1_305' title='bbox 1033 2377 1063 2399; x_wconf 92' lang='lat' dir='ltr'>a.</span> <span class='ocrx_word' id='word_1_306' title='bbox 1086 2377 1120 2401; x_wconf 93' lang='lat' dir='ltr'>u.</span> 
     </span>
     <span class='ocr_line' id='line_1_36' title="bbox 252 2417 1124 2458; baseline 0 -8"><span class='ocrx_word' id='word_1_307' title='bbox 252 2417 315 2450; x_wconf 93' lang='lat'>808</span> <span class='ocrx_word' id='word_1_308' title='bbox 345 2418 512 2458; x_wconf 89' lang='lat' dir='ltr'>quartum</span> <span class='ocrx_word' id='word_1_309' title='bbox 542 2417 723 2450; x_wconf 89' lang='lat' dir='ltr'>decimum</span> <span class='ocrx_word' id='word_1_310' title='bbox 754 2418 879 2450; x_wconf 83' lang='lat' dir='ltr'>aetatis</span> <span class='ocrx_word' id='word_1_311' title='bbox 904 2427 1035 2450; x_wconf 89' lang='lat' dir='ltr'>annum</span> <span class='ocrx_word' id='word_1_312' title='bbox 1061 2427 1124 2450; x_wconf 87' lang='lat' dir='ltr'>ex-</span> 
     </span>
     <span class='ocr_line' id='line_1_37' title="bbox 253 2466 1121 2508; baseline 0.002 -10"><span class='ocrx_word' id='word_1_313' title='bbox 253 2466 370 2508; x_wconf 88' lang='lat' dir='ltr'>plesse</span> <span class='ocrx_word' id='word_1_314' title='bbox 394 2467 533 2499; x_wconf 88' lang='lat' dir='ltr'>Tacitus</span> <span class='ocrx_word' id='word_1_315' title='bbox 551 2467 603 2504; x_wconf 88' lang='grc'>43,</span> <span class='ocrx_word' id='word_1_316' title='bbox 626 2468 677 2499; x_wconf 82' lang='grc'>45.</span> <span class='ocrx_word' id='word_1_317' title='bbox 705 2468 776 2507; x_wconf 79' lang='lat' dir='ltr'>(Est</span> <span class='ocrx_word' id='word_1_318' title='bbox 800 2469 917 2500; x_wconf 90' lang='lat' dir='ltr'>tamen</span> <span class='ocrx_word' id='word_1_319' title='bbox 935 2469 1040 2500; x_wconf 88' lang='lat' dir='ltr'>etiam</span> <span class='ocrx_word' id='word_1_320' title='bbox 1058 2467 1121 2500; x_wconf 88' lang='lat' dir='ltr'>alia</span> 
     </span>
     <span class='ocr_line' id='line_1_38' title="bbox 252 2515 1124 2559; baseline 0.001 -10"><span class='ocrx_word' id='word_1_321' title='bbox 252 2516 390 2549; x_wconf 87' lang='lat' dir='ltr'>traditio</span> <span class='ocrx_word' id='word_1_322' title='bbox 414 2515 459 2548; x_wconf 91' lang='lat' dir='ltr'>de</span> <span class='ocrx_word' id='word_1_323' title='bbox 483 2518 598 2549; x_wconf 83' lang='lat' dir='ltr'>aetate</span> <span class='ocrx_word' id='word_1_324' title='bbox 624 2518 831 2557; x_wconf 87' lang='lat' dir='ltr'>Britannici,</span> <span class='ocrx_word' id='word_1_325' title='bbox 865 2526 973 2559; x_wconf 87' lang='lat' dir='ltr'>quem</span> <span class='ocrx_word' id='word_1_326' title='bbox 998 2519 1124 2550; x_wconf 87' lang='lat' dir='ltr'>Sueto-</span> 
     </span>
     <span class='ocr_line' id='line_1_39' title="bbox 254 2565 1123 2606; baseline 0.002 -8"><span class='ocrx_word' id='word_1_327' title='bbox 254 2566 333 2599; x_wconf 90' lang='lat' dir='ltr'>nius</span> <span class='ocrx_word' id='word_1_328' title='bbox 357 2565 378 2598; x_wconf 85' lang='lat'>1.</span> <span class='ocrx_word' id='word_1_329' title='bbox 396 2565 418 2597; x_wconf 95' lang='lat' dir='ltr'>l.</span> <span class='ocrx_word' id='word_1_330' title='bbox 444 2567 479 2598; x_wconf 96' lang='lat' dir='ltr'>in</span> <span class='ocrx_word' id='word_1_331' title='bbox 504 2568 663 2599; x_wconf 89' lang='lat' dir='ltr'>secundo</span> <span class='ocrx_word' id='word_1_332' title='bbox 681 2566 814 2600; x_wconf 87' lang='lat' dir='ltr'>Claudii</span> <span class='ocrx_word' id='word_1_333' title='bbox 839 2567 1034 2606; x_wconf 82' lang='lat' dir='ltr'>consulatu,</span> <span class='ocrx_word' id='word_1_334' title='bbox 1060 2568 1123 2600; x_wconf 92' lang='lat' dir='ltr'>Dio</span> 
     </span>
     <span class='ocr_line' id='line_1_40' title="bbox 254 2615 1126 2659; baseline 0.003 -12"><span class='ocrx_word' id='word_1_335' title='bbox 254 2617 308 2655; x_wconf 84' lang='grc'>60,</span> <span class='ocrx_word' id='word_1_336' title='bbox 336 2616 376 2647; x_wconf 71' lang='lat'>⁴⁶2</span> <span class='ocrx_word' id='word_1_337' title='bbox 400 2615 510 2648; x_wconf 87' lang='lat' dir='ltr'>altero</span> <span class='ocrx_word' id='word_1_338' title='bbox 540 2617 676 2658; x_wconf 88' lang='lat' dir='ltr'>imperii</span> <span class='ocrx_word' id='word_1_339' title='bbox 701 2626 812 2657; x_wconf 87' lang='lat' dir='ltr'>anno,</span> <span class='ocrx_word' id='word_1_340' title='bbox 843 2620 995 2659; x_wconf 89' lang='lat' dir='ltr'>uterque</span> <span class='ocrx_word' id='word_1_341' title='bbox 1021 2618 1126 2659; x_wconf 86' lang='lat' dir='ltr'>igitur</span> 
     </span>
     <span class='ocr_line' id='line_1_41' title="bbox 254 2665 1124 2709; baseline 0.001 -10"><span class='ocrx_word' id='word_1_342' title='bbox 254 2675 285 2699; x_wconf 89' lang='lat' dir='ltr'>a.</span> <span class='ocrx_word' id='word_1_343' title='bbox 311 2675 346 2698; x_wconf 90' lang='lat' dir='ltr'>u.</span> <span class='ocrx_word' id='word_1_344' title='bbox 372 2665 448 2706; x_wconf 78' lang='lat'>795,</span> <span class='ocrx_word' id='word_1_345' title='bbox 473 2668 595 2698; x_wconf 83' lang='lat' dir='ltr'>natum</span> <span class='ocrx_word' id='word_1_346' title='bbox 618 2667 791 2700; x_wconf 79' lang='lat' dir='ltr'>referunt:</span> <span class='ocrx_word' id='word_1_347' title='bbox 825 2668 921 2709; x_wconf 90' lang='lat' dir='ltr'>quod</span> <span class='ocrx_word' id='word_1_348' title='bbox 945 2669 974 2700; x_wconf 90' lang='lat' dir='ltr'>si</span> <span class='ocrx_word' id='word_1_349' title='bbox 997 2676 1124 2700; x_wconf 85' lang='lat' dir='ltr'>verum</span> 
     </span>
     <span class='ocr_line' id='line_1_42' title="bbox 256 2715 1126 2754; baseline 0.001 -6"><span class='ocrx_word' id='word_1_350' title='bbox 256 2718 369 2754; x_wconf 88' lang='lat' dir='ltr'>esset,</span> <span class='ocrx_word' id='word_1_351' title='bbox 409 2724 493 2748; x_wconf 89' lang='lat' dir='ltr'>vere</span> <span class='ocrx_word' id='word_1_352' title='bbox 528 2717 561 2748; x_wconf 90' lang='lat' dir='ltr'>h.</span> <span class='ocrx_word' id='word_1_353' title='bbox 591 2715 612 2748; x_wconf 93' lang='lat' dir='ltr'>l.</span> <span class='ocrx_word' id='word_1_354' title='bbox 644 2717 817 2750; x_wconf 88' lang='lat' dir='ltr'>Domitius</span> <span class='ocrx_word' id='word_1_355' title='bbox 847 2718 976 2751; x_wconf 86' lang='lat' dir='ltr'>biennio</span> <span class='ocrx_word' id='word_1_356' title='bbox 1012 2718 1126 2750; x_wconf 90' lang='lat' dir='ltr'>maior</span> 
     </span>
     <span class='ocr_line' id='line_1_43' title="bbox 255 2766 1124 2810; baseline 0.001 -12"><span class='ocrx_word' id='word_1_357' title='bbox 255 2766 454 2798; x_wconf 89' lang='lat' dir='ltr'>Britannico</span> <span class='ocrx_word' id='word_1_358' title='bbox 482 2766 683 2807; x_wconf 84' lang='lat' dir='ltr'>diceretur.)</span> <span class='ocrx_word' id='word_1_359' title='bbox 713 2785 747 2790; x_wconf 84' lang='lat'>—-</span> <span class='ocrx_word' id='word_1_360' title='bbox 781 2768 987 2801; x_wconf 80' lang='lat' dir='ltr'>adnotabant</span> <span class='ocrx_word' id='word_1_361' title='bbox 1012 2768 1124 2810; x_wconf 84' lang='lat' dir='ltr'>periti]</span> 
     </span>
     <span class='ocr_line' id='line_1_44' title="bbox 257 2814 1122 2859; baseline 0.002 -11"><span class='ocrx_word' id='word_1_362' title='bbox 257 2815 388 2848; x_wconf 89' lang='lat' dir='ltr'>Eadem</span> <span class='ocrx_word' id='word_1_363' title='bbox 414 2814 561 2848; x_wconf 78' lang='lat' dir='ltr'>formula</span> <span class='ocrx_word' id='word_1_364' title='bbox 594 2815 720 2857; x_wconf 84' lang='lat' dir='ltr'>legitur</span> <span class='ocrx_word' id='word_1_365' title='bbox 750 2818 834 2850; x_wconf 88' lang='lat' dir='ltr'>Hist.</span> <span class='ocrx_word' id='word_1_366' title='bbox 861 2818 892 2854; x_wconf 85' lang='lat'>3.</span> <span class='ocrx_word' id='word_1_367' title='bbox 919 2818 959 2850; x_wconf 89' lang='lat'>37</span> <span class='ocrx_word' id='word_1_368' title='bbox 984 2820 1020 2850; x_wconf 88' lang='lat' dir='ltr'>et</span> <span class='ocrx_word' id='word_1_369' title='bbox 1042 2820 1122 2859; x_wconf 84' lang='lat' dir='ltr'>Agr.</span> 
     </span>
     <span class='ocr_line' id='line_1_45' title="bbox 256 2865 1127 2908; baseline 0.002 -10"><span class='ocrx_word' id='word_1_370' title='bbox 256 2866 316 2905; x_wconf 71' lang='lat'>22,</span> <span class='ocrx_word' id='word_1_371' title='bbox 353 2865 557 2897; x_wconf 87' lang='lat' dir='ltr'>adnotabant</span> <span class='ocrx_word' id='word_1_372' title='bbox 589 2867 732 2899; x_wconf 80' lang='lat' dir='ltr'>seniores</span> <span class='ocrx_word' id='word_1_373' title='bbox 756 2867 809 2905; x_wconf 88' lang='grc'>43,</span> <span class='ocrx_word' id='word_1_374' title='bbox 836 2868 866 2900; x_wconf 92' lang='lat'>3.</span> <span class='ocrx_word' id='word_1_375' title='bbox 894 2885 930 2891; x_wconf 92' lang='lat'>—</span> <span class='ocrx_word' id='word_1_376' title='bbox 966 2869 1127 2908; x_wconf 85' lang='lat' dir='ltr'>patricios</span> 
     </span>
     <span class='ocr_line' id='line_1_46' title="bbox 258 2915 1127 2958; baseline 0.002 -10"><span class='ocrx_word' id='word_1_377' title='bbox 258 2915 426 2957; x_wconf 86' lang='lat' dir='ltr'>Claudios]</span> <span class='ocrx_word' id='word_1_378' title='bbox 464 2916 535 2948; x_wconf 88' lang='lat' dir='ltr'>Cic.</span> <span class='ocrx_word' id='word_1_379' title='bbox 563 2915 607 2947; x_wconf 88' lang='lat' dir='ltr'>de</span> <span class='ocrx_word' id='word_1_380' title='bbox 633 2916 688 2948; x_wconf 90' lang='lat' dir='ltr'>Or.</span> <span class='ocrx_word' id='word_1_381' title='bbox 717 2918 747 2955; x_wconf 88' lang='grc'>4,</span> <span class='ocrx_word' id='word_1_382' title='bbox 774 2917 831 2949; x_wconf 88' lang='lat'>39:</span> <span class='ocrx_word' id='word_1_383' title='bbox 867 2918 969 2958; x_wconf 82' lang='lat' dir='ltr'>Quid,</span> <span class='ocrx_word' id='word_1_384' title='bbox 996 2927 1064 2958; x_wconf 81' lang='lat' dir='ltr'>qua</span> <span class='ocrx_word' id='word_1_385' title='bbox 1088 2918 1127 2950; x_wconf 83' lang='lat' dir='ltr'>de</span> 
     </span>
     <span class='ocr_line' id='line_1_47' title="bbox 257 2965 1126 3010; baseline 0.005 -13"><span class='ocrx_word' id='word_1_386' title='bbox 257 2974 294 2998; x_wconf 86' lang='lat' dir='ltr'>re</span> <span class='ocrx_word' id='word_1_387' title='bbox 316 2967 403 2997; x_wconf 84' lang='lat' dir='ltr'>inter</span> <span class='ocrx_word' id='word_1_388' title='bbox 424 2965 601 2998; x_wconf 86' lang='lat' dir='ltr'>Marcellos</span> <span class='ocrx_word' id='word_1_389' title='bbox 623 2965 805 3007; x_wconf 88' lang='lat' dir='ltr'>(Claudios</span> <span class='ocrx_word' id='word_1_390' title='bbox 836 2967 1018 3000; x_wconf 84' lang='lat' dir='ltr'>Marcellos</span> <span class='ocrx_word' id='word_1_391' title='bbox 1050 2967 1126 3010; x_wconf 86' lang='lat' dir='ltr'>ple-</span> 
     </span>
     <span class='ocr_line' id='line_1_48' title="bbox 258 3015 1127 3055; baseline 0.001 -7"><span class='ocrx_word' id='word_1_392' title='bbox 258 3015 372 3055; x_wconf 88' lang='lat' dir='ltr'>beios)</span> <span class='ocrx_word' id='word_1_393' title='bbox 396 3018 428 3048; x_wconf 83' lang='lat' dir='ltr'>et</span> <span class='ocrx_word' id='word_1_394' title='bbox 450 3015 604 3047; x_wconf 86' lang='lat' dir='ltr'>Claudios</span> <span class='ocrx_word' id='word_1_395' title='bbox 628 3016 790 3055; x_wconf 86' lang='lat' dir='ltr'>patricios</span> <span class='ocrx_word' id='word_1_396' title='bbox 816 3019 1014 3050; x_wconf 84' lang='lat' dir='ltr'>centumviri</span> <span class='ocrx_word' id='word_1_397' title='bbox 1036 3018 1127 3049; x_wconf 84' lang='lat' dir='ltr'>iudi-</span> 
     </span>
     <span class='ocr_line' id='line_1_49' title="bbox 260 3066 1124 3108; baseline 0.005 -11"><span class='ocrx_word' id='word_1_398' title='bbox 260 3069 398 3105; x_wconf 84' lang='lat' dir='ltr'>carunt,</span> <span class='ocrx_word' id='word_1_399' title='bbox 432 3074 507 3098; x_wconf 84' lang='lat' dir='ltr'>cum</span> <span class='ocrx_word' id='word_1_400' title='bbox 533 3066 685 3098; x_wconf 87' lang='lat' dir='ltr'>Marcelli</span> <span class='ocrx_word' id='word_1_401' title='bbox 718 3066 760 3097; x_wconf 88' lang='lat' dir='ltr'>ab</span> <span class='ocrx_word' id='word_1_402' title='bbox 789 3066 896 3099; x_wconf 81' lang='lat' dir='ltr'>liberti</span> <span class='ocrx_word' id='word_1_403' title='bbox 918 3069 987 3108; x_wconf 75' lang='lat' dir='ltr'>filio</span> <span class='ocrx_word' id='word_1_404' title='bbox 1010 3070 1124 3108; x_wconf 79' lang='lat' dir='ltr'>stirpe,</span> 
     </span>
     <span class='ocr_line' id='line_1_50' title="bbox 261 3116 1127 3155; baseline 0.003 -8"><span class='ocrx_word' id='word_1_405' title='bbox 261 3116 392 3148; x_wconf 79' lang='lat' dir='ltr'>Claudii</span> <span class='ocrx_word' id='word_1_406' title='bbox 417 3116 554 3155; x_wconf 85' lang='lat' dir='ltr'>patricii</span> <span class='ocrx_word' id='word_1_407' title='bbox 584 3116 725 3147; x_wconf 81' lang='lat' dir='ltr'>eiusdem</span> <span class='ocrx_word' id='word_1_408' title='bbox 754 3116 893 3148; x_wconf 85' lang='lat' dir='ltr'>hominis</span> <span class='ocrx_word' id='word_1_409' title='bbox 915 3118 1127 3150; x_wconf 77' lang='lat' dir='ltr'>hereditatem</span> 
     </span>
     <span class='ocr_line' id='line_1_51' title="bbox 261 3166 1128 3206; baseline 0.003 -9"><span class='ocrx_word' id='word_1_410' title='bbox 261 3169 354 3206; x_wconf 65' lang='lat' dir='ltr'>gente</span> <span class='ocrx_word' id='word_1_411' title='bbox 369 3166 414 3197; x_wconf 84' lang='lat' dir='ltr'>ad</span> <span class='ocrx_word' id='word_1_412' title='bbox 432 3174 464 3197; x_wconf 88' lang='lat' dir='ltr'>se</span> <span class='ocrx_word' id='word_1_413' title='bbox 477 3166 599 3198; x_wconf 84' lang='lat' dir='ltr'>redisse</span> <span class='ocrx_word' id='word_1_414' title='bbox 613 3166 775 3204; x_wconf 82' lang='lat' dir='ltr'>dicere-nt;</span> <span class='ocrx_word' id='word_1_415' title='bbox 797 3175 904 3198; x_wconf 87' lang='lat' dir='ltr'>nonne</span> <span class='ocrx_word' id='word_1_416' title='bbox 919 3168 954 3198; x_wconf 87' lang='lat' dir='ltr'>in</span> <span class='ocrx_word' id='word_1_417' title='bbox 969 3177 1009 3199; x_wconf 89' lang='lat' dir='ltr'>ea</span> <span class='ocrx_word' id='word_1_418' title='bbox 1023 3176 1128 3200; x_wconf 88' lang='lat' dir='ltr'>causa</span> 
     </span>
     <span class='ocr_line' id='line_1_52' title="bbox 260 3215 1129 3258; baseline 0.005 -12"><span class='ocrx_word' id='word_1_419' title='bbox 260 3215 325 3255; x_wconf 82' lang='lat' dir='ltr'>fuit</span> <span class='ocrx_word' id='word_1_420' title='bbox 357 3215 545 3247; x_wconf 85' lang='lat' dir='ltr'>oratoribus</span> <span class='ocrx_word' id='word_1_421' title='bbox 578 3217 616 3248; x_wconf 87' lang='lat' dir='ltr'>de</span> <span class='ocrx_word' id='word_1_422' title='bbox 649 3218 717 3247; x_wconf 84' lang='lat' dir='ltr'>toto</span> <span class='ocrx_word' id='word_1_423' title='bbox 745 3216 856 3256; x_wconf 74' lang='lat' dir='ltr'>stirpis</span> <span class='ocrx_word' id='word_1_424' title='bbox 879 3219 910 3248; x_wconf 84' lang='lat' dir='ltr'>et</span> <span class='ocrx_word' id='word_1_425' title='bbox 937 3218 1129 3258; x_wconf 69' lang='lat' dir='ltr'>yentilitatis</span> 
     </span>
     <span class='ocr_line' id='line_1_53' title="bbox 262 3264 1128 3308; baseline 0.005 -13"><span class='ocrx_word' id='word_1_426' title='bbox 262 3264 336 3296; x_wconf 86' lang='lat' dir='ltr'>iure</span> <span class='ocrx_word' id='word_1_427' title='bbox 351 3266 547 3297; x_wconf 83' lang='lat' dir='ltr'>dicendum?</span> <span class='ocrx_word' id='word_1_428' title='bbox 570 3266 711 3298; x_wconf 86' lang='lat' dir='ltr'>Sueton.</span> <span class='ocrx_word' id='word_1_429' title='bbox 731 3265 804 3298; x_wconf 89' lang='lat' dir='ltr'>Tib.</span> <span class='ocrx_word' id='word_1_430' title='bbox 824 3265 837 3297; x_wconf 89' lang='grc'>4</span> <span class='ocrx_word' id='word_1_431' title='bbox 857 3275 863 3296; x_wconf 93' lang='lat'>:</span> <span class='ocrx_word' id='word_1_432' title='bbox 888 3267 1036 3298; x_wconf 82' lang='lat' dir='ltr'>Patricia</span> <span class='ocrx_word' id='word_1_433' title='bbox 1051 3277 1128 3308; x_wconf 66' lang='lat' dir='ltr'>pens</span> 
     </span>
     <span class='ocr_line' id='line_1_54' title="bbox 264 3313 1129 3357; baseline 0.005 -12"><span class='ocrx_word' id='word_1_434' title='bbox 264 3313 406 3346; x_wconf 81' lang='lat' dir='ltr'>Claudia</span> <span class='ocrx_word' id='word_1_435' title='bbox 429 3315 505 3356; x_wconf 82' lang='lat' dir='ltr'>(fuit</span> <span class='ocrx_word' id='word_1_436' title='bbox 526 3315 612 3348; x_wconf 84' lang='lat' dir='ltr'>enim</span> <span class='ocrx_word' id='word_1_437' title='bbox 627 3318 658 3348; x_wconf 80' lang='lat' dir='ltr'>et</span> <span class='ocrx_word' id='word_1_438' title='bbox 680 3315 751 3347; x_wconf 85' lang='lat' dir='ltr'>alia</span> <span class='ocrx_word' id='word_1_439' title='bbox 770 3314 914 3356; x_wconf 81' lang='lat' dir='ltr'>plebeia,</span> <span class='ocrx_word' id='word_1_440' title='bbox 938 3325 997 3348; x_wconf 81' lang='lat' dir='ltr'>nec</span> <span class='ocrx_word' id='word_1_441' title='bbox 1016 3322 1129 3357; x_wconf 85' lang='lat' dir='ltr'>poten-</span> 
     </span>
    </p>
   </div>
   <div class='ocr_carea' id='block_1_10' title="bbox 263 3364 1155 3409">
    <p class='ocr_par' dir='ltr' id='par_1_10' title="bbox 263 3364 1155 3409">
     <span class='ocr_line' id='line_1_55' title="bbox 263 3364 1155 3409; baseline 0.001 -11"><span class='ocrx_word' id='word_1_442' title='bbox 263 3364 312 3399; x_wconf 75' lang='lat' dir='ltr'>tia</span> <span class='ocrx_word' id='word_1_443' title='bbox 333 3365 442 3398; x_wconf 83' lang='lat' dir='ltr'>minor</span> <span class='ocrx_word' id='word_1_444' title='bbox 464 3374 522 3398; x_wconf 88' lang='lat' dir='ltr'>nec</span> <span class='ocrx_word' id='word_1_445' title='bbox 544 3365 717 3409; x_wconf 64' lang='lat' dir='ltr'>dignitate)</span> <span class='ocrx_word' id='word_1_446' title='bbox 746 3369 823 3399; x_wconf 90' lang='lat' dir='ltr'>orta</span> <span class='ocrx_word' id='word_1_447' title='bbox 849 3369 895 3399; x_wconf 85' lang='lat' dir='ltr'>est</span> <span class='ocrx_word' id='word_1_448' title='bbox 916 3374 961 3399; x_wconf 73' lang='lat' dir='ltr'>ex</span> <span class='ocrx_word' id='word_1_449' title='bbox 983 3367 1127 3408; x_wconf 72' lang='lat' dir='ltr'>Reqillis,</span> <span class='ocrx_word' id='word_1_450' title='bbox 1151 3396 1155 3405; x_wconf 79' lang='grc'>,</span> 
     </span>
    </p>
   </div>
   <div class='ocr_carea' id='block_1_11' title="bbox 1170 1614 2047 3413">
    <p class='ocr_par' dir='ltr' id='par_1_11' title="bbox 1170 1614 2047 2005">
     <span class='ocr_line' id='line_1_56' title="bbox 1171 1614 2043 1656; baseline 0 -8"><span class='ocrx_word' id='word_1_451' title='bbox 1171 1615 1292 1656; x_wconf 85' lang='lat' dir='ltr'>oppido</span> <span class='ocrx_word' id='word_1_452' title='bbox 1315 1614 1529 1648; x_wconf 86' lang='lat' dir='ltr'>Sabinorum.</span> <span class='ocrx_word' id='word_1_453' title='bbox 1557 1632 1593 1637; x_wconf 92' lang='lat'><strong>—</strong></span> <span class='ocrx_word' id='word_1_454' title='bbox 1619 1614 1694 1647; x_wconf 83' lang='lat' dir='ltr'>Atto</span> <span class='ocrx_word' id='word_1_455' title='bbox 1718 1614 1847 1656; x_wconf 86' lang='lat' dir='ltr'>Clauso]</span> <span class='ocrx_word' id='word_1_456' title='bbox 1875 1615 1988 1648; x_wconf 87' lang='lat' dir='ltr'>Livius</span> <span class='ocrx_word' id='word_1_457' title='bbox 2009 1616 2043 1655; x_wconf 74' lang='grc' dir='ltr'>Ξ,</span> 
     </span>
     <span class='ocr_line' id='line_1_57' title="bbox 1173 1664 2046 1705; baseline 0.001 -9"><span class='ocrx_word' id='word_1_458' title='bbox 1173 1665 1233 1697; x_wconf 83' lang='grc'>46;</span> <span class='ocrx_word' id='word_1_459' title='bbox 1259 1665 1353 1697; x_wconf 85' lang='lat' dir='ltr'>Attus</span> <span class='ocrx_word' id='word_1_460' title='bbox 1377 1664 1534 1704; x_wconf 89' lang='lat' dir='ltr'>Clausus,</span> <span class='ocrx_word' id='word_1_461' title='bbox 1568 1665 1621 1696; x_wconf 84' lang='lat' dir='ltr'>cui</span> <span class='ocrx_word' id='word_1_462' title='bbox 1641 1668 1758 1705; x_wconf 81' lang='lat' dir='ltr'>postea</span> <span class='ocrx_word' id='word_1_463' title='bbox 1779 1664 1884 1705; x_wconf 82' lang='lat' dir='ltr'>Appio</span> <span class='ocrx_word' id='word_1_464' title='bbox 1907 1665 2046 1698; x_wconf 79' lang='lat' dir='ltr'>Claudio</span> 
     </span>
     <span class='ocr_line' id='line_1_58' title="bbox 1172 1714 2047 1756; baseline 0.001 -9"><span class='ocrx_word' id='word_1_465' title='bbox 1172 1716 1293 1747; x_wconf 82' lang='lat' dir='ltr'>Romae</span> <span class='ocrx_word' id='word_1_466' title='bbox 1323 1723 1441 1746; x_wconf 88' lang='lat' dir='ltr'>nomen</span> <span class='ocrx_word' id='word_1_467' title='bbox 1468 1715 1544 1756; x_wconf 81' lang='lat' dir='ltr'>fuit.</span> <span class='ocrx_word' id='word_1_468' title='bbox 1577 1714 1677 1747; x_wconf 91' lang='lat' dir='ltr'>Idem</span> <span class='ocrx_word' id='word_1_469' title='bbox 1702 1715 1757 1755; x_wconf 88' lang='grc'>40,</span> <span class='ocrx_word' id='word_1_470' title='bbox 1790 1715 1830 1747; x_wconf 91' lang='lat'>8:</span> <span class='ocrx_word' id='word_1_471' title='bbox 1863 1715 2047 1756; x_wconf 80' lang='lat' dir='ltr'>principem</span> 
     </span>
     <span class='ocr_line' id='line_1_59' title="bbox 1170 1764 2046 1804; baseline -0.001 -7"><span class='ocrx_word' id='word_1_472' title='bbox 1170 1764 1351 1797; x_wconf 82' lang='lat' dir='ltr'>nobilitatis</span> <span class='ocrx_word' id='word_1_473' title='bbox 1383 1767 1530 1804; x_wconf 83' lang='lat' dir='ltr'>vestrae,</span> <span class='ocrx_word' id='word_1_474' title='bbox 1563 1772 1622 1796; x_wconf 83' lang='lat' dir='ltr'>seu</span> <span class='ocrx_word' id='word_1_475' title='bbox 1654 1764 1767 1796; x_wconf 80' lang='lat' dir='ltr'>Attum</span> <span class='ocrx_word' id='word_1_476' title='bbox 1801 1764 1958 1797; x_wconf 81' lang='lat' dir='ltr'>Clausum</span> <span class='ocrx_word' id='word_1_477' title='bbox 1989 1773 2046 1796; x_wconf 81' lang='lat' dir='ltr'>seu</span> 
     </span>
     <span class='ocr_line' id='line_1_60' title="bbox 1170 1813 2042 1855; baseline -0.001 -9"><span class='ocrx_word' id='word_1_478' title='bbox 1170 1815 1312 1855; x_wconf 83' lang='lat' dir='ltr'>Appium</span> <span class='ocrx_word' id='word_1_479' title='bbox 1336 1814 1511 1847; x_wconf 83' lang='lat' dir='ltr'>Claudium</span> <span class='ocrx_word' id='word_1_480' title='bbox 1532 1814 1642 1846; x_wconf 86' lang='lat' dir='ltr'>vultis.</span> <span class='ocrx_word' id='word_1_481' title='bbox 1670 1813 1768 1846; x_wconf 89' lang='lat' dir='ltr'>Ovid.</span> <span class='ocrx_word' id='word_1_482' title='bbox 1796 1815 1884 1847; x_wconf 85' lang='lat' dir='ltr'>Fast.</span> <span class='ocrx_word' id='word_1_483' title='bbox 1909 1814 1941 1852; x_wconf 87' lang='grc'>4,</span> <span class='ocrx_word' id='word_1_484' title='bbox 1959 1815 2042 1847; x_wconf 83' lang='grc'>305;</span> 
     </span>
     <span class='ocr_line' id='line_1_61' title="bbox 1173 1864 2045 1905; baseline 0.001 -10"><span class='ocrx_word' id='word_1_485' title='bbox 1173 1864 1315 1896; x_wconf 84' lang='lat' dir='ltr'>Claudia</span> <span class='ocrx_word' id='word_1_486' title='bbox 1353 1864 1495 1904; x_wconf 77' lang='lat' dir='ltr'>Quinc-ta</span> <span class='ocrx_word' id='word_1_487' title='bbox 1527 1871 1630 1905; x_wconf 68' lang='lat' dir='ltr'>genus</span> <span class='ocrx_word' id='word_1_488' title='bbox 1664 1864 1782 1896; x_wconf 86' lang='lat' dir='ltr'>Clauso</span> <span class='ocrx_word' id='word_1_489' title='bbox 1816 1864 1978 1905; x_wconf 77' lang='lat' dir='ltr'>referebat</span> <span class='ocrx_word' id='word_1_490' title='bbox 2002 1865 2045 1896; x_wconf 82' lang='lat' dir='ltr'>ab</span> 
     </span>
     <span class='ocr_line' id='line_1_62' title="bbox 1171 1913 2044 1956; baseline 0.001 -10"><span class='ocrx_word' id='word_1_491' title='bbox 1171 1914 1258 1946; x_wconf 85' lang='lat' dir='ltr'>Atto.</span> <span class='ocrx_word' id='word_1_492' title='bbox 1285 1914 1335 1946; x_wconf 88' lang='lat' dir='ltr'>Cf.</span> <span class='ocrx_word' id='word_1_493' title='bbox 1363 1914 1400 1952; x_wconf 83' lang='lat'>4,</span> <span class='ocrx_word' id='word_1_494' title='bbox 1426 1913 1458 1946; x_wconf 88' lang='grc'>9.</span> <span class='ocrx_word' id='word_1_495' title='bbox 1486 1930 1522 1936; x_wconf 89' lang='grc'><strong>-</strong></span> <span class='ocrx_word' id='word_1_496' title='bbox 1559 1914 1731 1946; x_wconf 84' lang='lat' dir='ltr'>continuos</span> <span class='ocrx_word' id='word_1_497' title='bbox 1753 1914 1935 1956; x_wconf 71' lang='lat' dir='ltr'>duravisse]</span> <span class='ocrx_word' id='word_1_498' title='bbox 1969 1915 2044 1947; x_wconf 90' lang='lat' dir='ltr'>sine</span> 
     </span>
     <span class='ocr_line' id='line_1_63' title="bbox 1174 1962 1956 2005; baseline 0.001 -10"><span class='ocrx_word' id='word_1_499' title='bbox 1174 1963 1362 2005; x_wconf 89' lang='lat' dir='ltr'>adoptione</span> <span class='ocrx_word' id='word_1_500' title='bbox 1387 1962 1604 2004; x_wconf 87' lang='lat' dir='ltr'>alienigenae</span> <span class='ocrx_word' id='word_1_501' title='bbox 1629 1964 1662 1995; x_wconf 92' lang='lat' dir='ltr'>in</span> <span class='ocrx_word' id='word_1_502' title='bbox 1687 1964 1779 1996; x_wconf 87' lang='lat' dir='ltr'>hane</span> <span class='ocrx_word' id='word_1_503' title='bbox 1801 1966 1956 2004; x_wconf 82' lang='lat' dir='ltr'>gentem.</span> 
     </span>
    </p>

    <p class='ocr_par' dir='ltr' id='par_1_12' title="bbox 1170 2013 2047 3413">
     <span class='ocr_line' id='line_1_64' title="bbox 1216 2013 2047 2060; baseline 0 -14"><span class='ocrx_word' id='word_1_504' title='bbox 1216 2014 1270 2046; x_wconf 74' lang='lat'>26.</span> <span class='ocrx_word' id='word_1_505' title='bbox 1290 2013 1499 2055; x_wconf 81' lang='lat' dir='ltr'>quaesitiore]</span> <span class='ocrx_word' id='word_1_506' title='bbox 1517 2014 1598 2054; x_wconf 87' lang='lat' dir='ltr'>quia</span> <span class='ocrx_word' id='word_1_507' title='bbox 1612 2014 1681 2045; x_wconf 83' lang='lat' dir='ltr'>iam</span> <span class='ocrx_word' id='word_1_508' title='bbox 1696 2013 1951 2055; x_wconf 84' lang='lat' dir='ltr'>praevidebant</span> <span class='ocrx_word' id='word_1_509' title='bbox 1961 2014 2047 2060; x_wconf 66' lang='lat' dir='ltr'>edu-</span> 
     </span>
     <span class='ocr_line' id='line_1_65' title="bbox 1173 2063 2046 2103; baseline 0.001 -7"><span class='ocrx_word' id='word_1_510' title='bbox 1173 2063 1303 2097; x_wconf 88' lang='lat' dir='ltr'>latores</span> <span class='ocrx_word' id='word_1_511' title='bbox 1327 2065 1524 2103; x_wconf 87' lang='lat' dir='ltr'>Neronem,</span> <span class='ocrx_word' id='word_1_512' title='bbox 1550 2072 1621 2096; x_wconf 92' lang='lat' dir='ltr'>non</span> <span class='ocrx_word' id='word_1_513' title='bbox 1645 2064 1884 2096; x_wconf 89' lang='lat' dir='ltr'>Britannicum</span> <span class='ocrx_word' id='word_1_514' title='bbox 1901 2063 2046 2098; x_wconf 73' lang='lat' dir='ltr'>Claudio</span> 
     </span>
     <span class='ocr_line' id='line_1_66' title="bbox 1173 2114 2044 2157; baseline -0.002 -9"><span class='ocrx_word' id='word_1_515' title='bbox 1173 2123 1437 2148; x_wconf 89' lang='lat' dir='ltr'>successurum.</span> <span class='ocrx_word' id='word_1_516' title='bbox 1455 2131 1491 2136; x_wconf 94' lang='lat'><strong>—</strong></span> <span class='ocrx_word' id='word_1_517' title='bbox 1509 2117 1696 2155; x_wconf 68' lang='lat' dir='ltr'>rogataque</span> <span class='ocrx_word' id='word_1_518' title='bbox 1717 2114 1785 2155; x_wconf 75' lang='lat' dir='ltr'>lex]</span> <span class='ocrx_word' id='word_1_519' title='bbox 1802 2115 1933 2147; x_wconf 85' lang='lat' dir='ltr'>curiata</span> <span class='ocrx_word' id='word_1_520' title='bbox 1951 2115 2044 2157; x_wconf 92' lang='lat' dir='ltr'>apud</span> 
     </span>
     <span class='ocr_line' id='line_1_67' title="bbox 1172 2163 2044 2207; baseline 0 -10"><span class='ocrx_word' id='word_1_521' title='bbox 1172 2164 1357 2207; x_wconf 82' lang='lat' dir='ltr'>pontifices</span> <span class='ocrx_word' id='word_1_522' title='bbox 1382 2165 1417 2196; x_wconf 90' lang='lat' dir='ltr'>et</span> <span class='ocrx_word' id='word_1_523' title='bbox 1448 2165 1585 2205; x_wconf 84' lang='lat' dir='ltr'>triginta</span> <span class='ocrx_word' id='word_1_524' title='bbox 1611 2163 1770 2203; x_wconf 80' lang='lat' dir='ltr'>lictores,</span> <span class='ocrx_word' id='word_1_525' title='bbox 1806 2166 1845 2197; x_wconf 90' lang='lat' dir='ltr'>ut</span> <span class='ocrx_word' id='word_1_526' title='bbox 1873 2164 1982 2197; x_wconf 85' lang='lat' dir='ltr'>fiebat</span> <span class='ocrx_word' id='word_1_527' title='bbox 2009 2165 2044 2197; x_wconf 91' lang='lat' dir='ltr'>in</span> 
     </span>
     <span class='ocr_line' id='line_1_68' title="bbox 1173 2213 2045 2256; baseline 0 -9"><span class='ocrx_word' id='word_1_528' title='bbox 1173 2213 1472 2256; x_wconf 85' lang='lat' dir='ltr'>adrogationibus.</span> <span class='ocrx_word' id='word_1_529' title='bbox 1500 2214 1551 2247; x_wconf 81' lang='lat' dir='ltr'>Cf.</span> <span class='ocrx_word' id='word_1_530' title='bbox 1579 2215 1665 2247; x_wconf 85' lang='lat' dir='ltr'>Hist.</span> <span class='ocrx_word' id='word_1_531' title='bbox 1687 2215 1718 2255; x_wconf 91' lang='grc'>4,</span> <span class='ocrx_word' id='word_1_532' title='bbox 1738 2215 1799 2247; x_wconf 83' lang='grc'>45;</span> <span class='ocrx_word' id='word_1_533' title='bbox 1824 2216 1852 2247; x_wconf 86' lang='lat' dir='ltr'>si</span> <span class='ocrx_word' id='word_1_534' title='bbox 1874 2218 1905 2247; x_wconf 86' lang='lat' dir='ltr'>te</span> <span class='ocrx_word' id='word_1_535' title='bbox 1923 2216 2045 2256; x_wconf 82' lang='lat' dir='ltr'>priva-</span> 
     </span>
     <span class='ocr_line' id='line_1_69' title="bbox 1173 2265 2043 2307; baseline 0.001 -10"><span class='ocrx_word' id='word_1_536' title='bbox 1173 2269 1225 2297; x_wconf 82' lang='lat' dir='ltr'>tus</span> <span class='ocrx_word' id='word_1_537' title='bbox 1247 2265 1315 2307; x_wconf 66' lang='lat' dir='ltr'>lege</span> <span class='ocrx_word' id='word_1_538' title='bbox 1338 2266 1473 2297; x_wconf 85' lang='lat' dir='ltr'>curiata</span> <span class='ocrx_word' id='word_1_539' title='bbox 1496 2265 1587 2305; x_wconf 82' lang='lat' dir='ltr'>apud</span> <span class='ocrx_word' id='word_1_540' title='bbox 1606 2266 1792 2305; x_wconf 76' lang='lat' dir='ltr'>pontifices,</span> <span class='ocrx_word' id='word_1_541' title='bbox 1817 2269 1855 2297; x_wconf 83' lang='lat' dir='ltr'>ut</span> <span class='ocrx_word' id='word_1_542' title='bbox 1868 2267 1971 2298; x_wconf 80' lang='lat' dir='ltr'>moris</span> <span class='ocrx_word' id='word_1_543' title='bbox 1985 2269 2043 2305; x_wconf 84' lang='lat' dir='ltr'>est,</span> 
     </span>
     <span class='ocr_line' id='line_1_70' title="bbox 1173 2314 2047 2355; baseline 0.003 -8"><span class='ocrx_word' id='word_1_544' title='bbox 1173 2316 1380 2355; x_wconf 84' lang='lat' dir='ltr'>adoptarem.</span> <span class='ocrx_word' id='word_1_545' title='bbox 1418 2314 1523 2347; x_wconf 90' lang='lat' dir='ltr'>Gaius</span> <span class='ocrx_word' id='word_1_546' title='bbox 1547 2316 1577 2352; x_wconf 89' lang='grc'>4,</span> <span class='ocrx_word' id='word_1_547' title='bbox 1611 2314 1669 2346; x_wconf 83' lang='lat'>99:</span> <span class='ocrx_word' id='word_1_548' title='bbox 1705 2315 1821 2355; x_wconf 83' lang='lat' dir='ltr'>Populi</span> <span class='ocrx_word' id='word_1_549' title='bbox 1848 2317 2047 2350; x_wconf 80' lang='lat' dir='ltr'>auctoritate</span> 
     </span>
     <span class='ocr_line' id='line_1_71' title="bbox 1173 2365 2043 2408; baseline 0.003 -11"><span class='ocrx_word' id='word_1_550' title='bbox 1173 2367 1373 2406; x_wconf 85' lang='lat' dir='ltr'>adoptamus</span> <span class='ocrx_word' id='word_1_551' title='bbox 1395 2373 1471 2404; x_wconf 90' lang='lat' dir='ltr'>eos,</span> <span class='ocrx_word' id='word_1_552' title='bbox 1495 2365 1553 2404; x_wconf 83' lang='lat' dir='ltr'>qui</span> <span class='ocrx_word' id='word_1_553' title='bbox 1575 2365 1626 2396; x_wconf 83' lang='lat' dir='ltr'>sui</span> <span class='ocrx_word' id='word_1_554' title='bbox 1648 2365 1733 2397; x_wconf 84' lang='lat' dir='ltr'>iuris</span> <span class='ocrx_word' id='word_1_555' title='bbox 1754 2369 1830 2397; x_wconf 80' lang='lat' dir='ltr'>sunt</span> <span class='ocrx_word' id='word_1_556' title='bbox 1853 2366 1969 2408; x_wconf 84' lang='lat' dir='ltr'>(atque</span> <span class='ocrx_word' id='word_1_557' title='bbox 1991 2367 2043 2400; x_wconf 88' lang='lat' dir='ltr'>sui</span> 
     </span>
     <span class='ocr_line' id='line_1_72' title="bbox 1172 2415 2042 2456; baseline 0.002 -8"><span class='ocrx_word' id='word_1_558' title='bbox 1172 2416 1257 2448; x_wconf 89' lang='lat' dir='ltr'>iuris</span> <span class='ocrx_word' id='word_1_559' title='bbox 1281 2417 1357 2447; x_wconf 89' lang='lat' dir='ltr'>erat</span> <span class='ocrx_word' id='word_1_560' title='bbox 1374 2416 1465 2447; x_wconf 86' lang='lat' dir='ltr'>Nero</span> <span class='ocrx_word' id='word_1_561' title='bbox 1488 2416 1588 2456; x_wconf 82' lang='lat' dir='ltr'>patre</span> <span class='ocrx_word' id='word_1_562' title='bbox 1605 2415 1757 2447; x_wconf 88' lang='lat' dir='ltr'>Domitio</span> <span class='ocrx_word' id='word_1_563' title='bbox 1774 2417 1931 2455; x_wconf 84' lang='lat' dir='ltr'>mortu03</span> <span class='ocrx_word' id='word_1_564' title='bbox 1957 2416 2042 2451; x_wconf 87' lang='lat' dir='ltr'>Gell.</span> 
     </span>
     <span class='ocr_line' id='line_1_73' title="bbox 1174 2465 2046 2506; baseline 0.001 -8"><span class='ocrx_word' id='word_1_565' title='bbox 1174 2467 1206 2506; x_wconf 86' lang='lat'>5,</span> <span class='ocrx_word' id='word_1_566' title='bbox 1233 2465 1303 2506; x_wconf 83' lang='grc'>49);</span> <span class='ocrx_word' id='word_1_567' title='bbox 1337 2473 1424 2505; x_wconf 87' lang='lat' dir='ltr'>quae</span> <span class='ocrx_word' id='word_1_568' title='bbox 1445 2465 1567 2505; x_wconf 87' lang='lat' dir='ltr'>species</span> <span class='ocrx_word' id='word_1_569' title='bbox 1590 2465 1776 2505; x_wconf 80' lang='lat' dir='ltr'>adoptionis</span> <span class='ocrx_word' id='word_1_570' title='bbox 1798 2466 1921 2498; x_wconf 81' lang='lat' dir='ltr'>dicitur</span> <span class='ocrx_word' id='word_1_571' title='bbox 1941 2467 2046 2499; x_wconf 80' lang='lat' dir='ltr'>adro-</span> 
     </span>
     <span class='ocr_line' id='line_1_74' title="bbox 1172 2514 2046 2557; baseline 0.002 -11"><span class='ocrx_word' id='word_1_572' title='bbox 1172 2515 1283 2556; x_wconf 64' lang='lat' dir='ltr'>gatio,</span> <span class='ocrx_word' id='word_1_573' title='bbox 1316 2514 1397 2554; x_wconf 81' lang='lat' dir='ltr'>quia</span> <span class='ocrx_word' id='word_1_574' title='bbox 1418 2517 1448 2546; x_wconf 85' lang='lat' dir='ltr'>et</span> <span class='ocrx_word' id='word_1_575' title='bbox 1470 2515 1517 2554; x_wconf 84' lang='lat' dir='ltr'>is,</span> <span class='ocrx_word' id='word_1_576' title='bbox 1547 2515 1604 2554; x_wconf 81' lang='lat' dir='ltr'>qui</span> <span class='ocrx_word' id='word_1_577' title='bbox 1627 2515 1785 2555; x_wconf 84' lang='lat' dir='ltr'>adoptat,</span> <span class='ocrx_word' id='word_1_578' title='bbox 1815 2519 1979 2557; x_wconf 65' lang='lat' dir='ltr'>rogatur,</span> <span class='ocrx_word' id='word_1_579' title='bbox 2010 2517 2046 2550; x_wconf 77' lang='lat' dir='ltr'>id</span> 
     </span>
     <span class='ocr_line' id='line_1_75' title="bbox 1173 2565 2045 2608; baseline 0.003 -11"><span class='ocrx_word' id='word_1_580' title='bbox 1173 2569 1220 2597; x_wconf 89' lang='lat' dir='ltr'>est</span> <span class='ocrx_word' id='word_1_581' title='bbox 1240 2566 1484 2606; x_wconf 67' lang='lat' dir='ltr'>interrogatur,</span> <span class='ocrx_word' id='word_1_582' title='bbox 1510 2574 1555 2596; x_wconf 88' lang='lat' dir='ltr'>an</span> <span class='ocrx_word' id='word_1_583' title='bbox 1577 2565 1655 2597; x_wconf 89' lang='lat' dir='ltr'>velit</span> <span class='ocrx_word' id='word_1_584' title='bbox 1676 2574 1767 2605; x_wconf 78' lang='lat' dir='ltr'>eum,</span> <span class='ocrx_word' id='word_1_585' title='bbox 1794 2574 1891 2606; x_wconf 81' lang='lat' dir='ltr'>quem</span> <span class='ocrx_word' id='word_1_586' title='bbox 1905 2567 2045 2608; x_wconf 55' lang='lat' dir='ltr'>adopta</span> 
     </span>
     <span class='ocr_line' id='line_1_76' title="bbox 1174 2615 2046 2658; baseline 0.003 -11"><span class='ocrx_word' id='word_1_587' title='bbox 1174 2619 1268 2647; x_wconf 84' lang='lat' dir='ltr'>turus</span> <span class='ocrx_word' id='word_1_588' title='bbox 1289 2616 1349 2655; x_wconf 83' lang='lat' dir='ltr'>sit,</span> <span class='ocrx_word' id='word_1_589' title='bbox 1380 2616 1507 2647; x_wconf 83' lang='lat' dir='ltr'>iustum</span> <span class='ocrx_word' id='word_1_590' title='bbox 1528 2615 1590 2646; x_wconf 85' lang='lat' dir='ltr'>sibi</span> <span class='ocrx_word' id='word_1_591' title='bbox 1609 2615 1718 2657; x_wconf 74' lang='lat' dir='ltr'>fitium</span> <span class='ocrx_word' id='word_1_592' title='bbox 1739 2624 1823 2655; x_wconf 85' lang='lat' dir='ltr'>esse,</span> <span class='ocrx_word' id='word_1_593' title='bbox 1853 2620 1884 2649; x_wconf 83' lang='lat' dir='ltr'>et</span> <span class='ocrx_word' id='word_1_594' title='bbox 1905 2618 1953 2655; x_wconf 85' lang='lat' dir='ltr'>is,</span> <span class='ocrx_word' id='word_1_595' title='bbox 1988 2619 2046 2658; x_wconf 76' lang='lat' dir='ltr'>qui</span> 
     </span>
     <span class='ocr_line' id='line_1_77' title="bbox 1174 2666 2046 2707; baseline 0.005 -11"><span class='ocrx_word' id='word_1_596' title='bbox 1174 2666 1371 2705; x_wconf 83' lang='lat' dir='ltr'>adoptatur,</span> <span class='ocrx_word' id='word_1_597' title='bbox 1404 2668 1566 2706; x_wconf 72' lang='lat' dir='ltr'>roqatur,</span> <span class='ocrx_word' id='word_1_598' title='bbox 1598 2674 1643 2696; x_wconf 81' lang='lat' dir='ltr'>an</span> <span class='ocrx_word' id='word_1_599' title='bbox 1668 2666 1704 2698; x_wconf 85' lang='lat' dir='ltr'>id</span> <span class='ocrx_word' id='word_1_600' title='bbox 1730 2666 1804 2707; x_wconf 77' lang='lat' dir='ltr'>fleri</span> <span class='ocrx_word' id='word_1_601' title='bbox 1821 2666 1990 2707; x_wconf 82' lang='lat' dir='ltr'>patiatur,</span> <span class='ocrx_word' id='word_1_602' title='bbox 2014 2671 2046 2700; x_wconf 77' lang='lat' dir='ltr'>et</span> 
     </span>
     <span class='ocr_line' id='line_1_78' title="bbox 1170 2715 2045 2756; baseline 0.003 -10"><span class='ocrx_word' id='word_1_603' title='bbox 1170 2715 1316 2755; x_wconf 83' lang='lat' dir='ltr'>populus</span> <span class='ocrx_word' id='word_1_604' title='bbox 1337 2718 1492 2755; x_wconf 64' lang='lat' dir='ltr'>rogatur,</span> <span class='ocrx_word' id='word_1_605' title='bbox 1518 2723 1564 2746; x_wconf 83' lang='lat' dir='ltr'>an</span> <span class='ocrx_word' id='word_1_606' title='bbox 1586 2715 1621 2746; x_wconf 86' lang='lat' dir='ltr'>id</span> <span class='ocrx_word' id='word_1_607' title='bbox 1634 2715 1709 2756; x_wconf 78' lang='lat' dir='ltr'>fieri</span> <span class='ocrx_word' id='word_1_608' title='bbox 1724 2715 1845 2747; x_wconf 77' lang='lat' dir='ltr'>iubeat.</span> <span class='ocrx_word' id='word_1_609' title='bbox 1872 2716 1970 2749; x_wconf 84' lang='lat' dir='ltr'>Hanc</span> <span class='ocrx_word' id='word_1_610' title='bbox 1992 2715 2045 2749; x_wconf 84' lang='lat' dir='ltr'>le-</span> 
     </span>
     <span class='ocr_line' id='line_1_79' title="bbox 1175 2764 2046 2805; baseline 0.003 -10"><span class='ocrx_word' id='word_1_611' title='bbox 1175 2773 1255 2805; x_wconf 82' lang='lat' dir='ltr'>gem</span> <span class='ocrx_word' id='word_1_612' title='bbox 1286 2765 1467 2805; x_wconf 87' lang='lat' dir='ltr'>totamque</span> <span class='ocrx_word' id='word_1_613' title='bbox 1499 2765 1648 2796; x_wconf 91' lang='lat' dir='ltr'>Neronis</span> <span class='ocrx_word' id='word_1_614' title='bbox 1675 2764 1902 2805; x_wconf 86' lang='lat' dir='ltr'>adoptionem</span> <span class='ocrx_word' id='word_1_615' title='bbox 1925 2773 1945 2797; x_wconf 83' lang='lat' dir='ltr'>a</span> <span class='ocrx_word' id='word_1_616' title='bbox 1968 2767 2046 2798; x_wconf 85' lang='lat' dir='ltr'>Bri-</span> 
     </span>
     <span class='ocr_line' id='line_1_80' title="bbox 1175 2815 2042 2856; baseline 0.003 -10"><span class='ocrx_word' id='word_1_617' title='bbox 1175 2815 1316 2847; x_wconf 87' lang='lat' dir='ltr'>tannico</span> <span class='ocrx_word' id='word_1_618' title='bbox 1332 2815 1452 2856; x_wconf 87' lang='lat' dir='ltr'>sperni</span> <span class='ocrx_word' id='word_1_619' title='bbox 1466 2815 1626 2855; x_wconf 88' lang='lat' dir='ltr'>queritur</span> <span class='ocrx_word' id='word_1_620' title='bbox 1637 2815 1824 2856; x_wconf 84' lang='lat' dir='ltr'>Agrippina</span> <span class='ocrx_word' id='word_1_621' title='bbox 1843 2815 1928 2848; x_wconf 78' lang='lat' dir='ltr'>infra</span> <span class='ocrx_word' id='word_1_622' title='bbox 1943 2824 1973 2849; x_wconf 90' lang='lat' dir='ltr'>c.</span> <span class='ocrx_word' id='word_1_623' title='bbox 1987 2816 2042 2850; x_wconf 79' lang='grc'>44.</span> 
     </span>
     <span class='ocr_line' id='line_1_81' title="bbox 1178 2864 2045 2907; baseline 0.005 -11"><span class='ocrx_word' id='word_1_624' title='bbox 1178 2882 1213 2888; x_wconf 91' lang='grc'>-</span> <span class='ocrx_word' id='word_1_625' title='bbox 1240 2869 1452 2907; x_wconf 65' lang='lat' dir='ltr'>cognomento</span> <span class='ocrx_word' id='word_1_626' title='bbox 1474 2864 1658 2907; x_wconf 70' lang='lat' dir='ltr'>Anqustae]</span> <span class='ocrx_word' id='word_1_627' title='bbox 1691 2865 1785 2898; x_wconf 86' lang='lat' dir='ltr'>unde</span> <span class='ocrx_word' id='word_1_628' title='bbox 1815 2866 1849 2898; x_wconf 91' lang='lat' dir='ltr'>in</span> <span class='ocrx_word' id='word_1_629' title='bbox 1879 2866 2045 2900; x_wconf 89' lang='lat' dir='ltr'>omnibus</span> 
     </span>
     <span class='ocr_line' id='line_1_82' title="bbox 1176 2915 2045 2950; baseline 0.002 -4"><span class='ocrx_word' id='word_1_630' title='bbox 1176 2915 1251 2947; x_wconf 88' lang='lat' dir='ltr'>eius</span> <span class='ocrx_word' id='word_1_631' title='bbox 1268 2915 1423 2946; x_wconf 90' lang='lat' dir='ltr'>nummis</span> <span class='ocrx_word' id='word_1_632' title='bbox 1437 2916 1491 2947; x_wconf 84' lang='lat' dir='ltr'>est</span> <span class='ocrx_word' id='word_1_633' title='bbox 1501 2915 1723 2947; x_wconf 82' lang='lat' dir='ltr'>AGRIPPINA</span> <span class='ocrx_word' id='word_1_634' title='bbox 1734 2915 1925 2948; x_wconf 80' lang='lat' dir='ltr'><strong><em>AVGVSTA</em></strong></span> <span class='ocrx_word' id='word_1_635' title='bbox 1938 2917 2045 2950; x_wconf 81' lang='lat' dir='ltr'>Aker-</span> 
     </span>
     <span class='ocr_line' id='line_1_83' title="bbox 1176 2965 2040 3008; baseline 0.003 -11"><span class='ocrx_word' id='word_1_636' title='bbox 1176 2974 1257 2997; x_wconf 86' lang='lat' dir='ltr'>man</span> <span class='ocrx_word' id='word_1_637' title='bbox 1275 2966 1300 3005; x_wconf 85' lang='lat'>1,</span> <span class='ocrx_word' id='word_1_638' title='bbox 1318 2974 1350 3006; x_wconf 89' lang='lat' dir='ltr'>p.</span> <span class='ocrx_word' id='word_1_639' title='bbox 1369 2965 1442 2998; x_wconf 69' lang='lat'>158.</span> <span class='ocrx_word' id='word_1_640' title='bbox 1459 2984 1494 2988; x_wconf 97' lang='lat'><strong>—</strong></span> <span class='ocrx_word' id='word_1_641' title='bbox 1514 2966 1689 3008; x_wconf 85' lang='lat' dir='ltr'>desolatus]</span> <span class='ocrx_word' id='word_1_642' title='bbox 1706 2966 1794 2999; x_wconf 89' lang='lat' dir='ltr'>Vide</span> <span class='ocrx_word' id='word_1_643' title='bbox 1810 2966 1853 2998; x_wconf 91' lang='lat' dir='ltr'>ad</span> <span class='ocrx_word' id='word_1_644' title='bbox 1871 2968 1902 3007; x_wconf 87' lang='grc'>4,</span> <span class='ocrx_word' id='word_1_645' title='bbox 1917 2967 1970 3000; x_wconf 87' lang='grc'>30.</span> <span class='ocrx_word' id='word_1_646' title='bbox 1990 2966 2040 2999; x_wconf 81' lang='lat' dir='ltr'>Cf.</span> 
     </span>
     <span class='ocr_line' id='line_1_84' title="bbox 1175 3014 2045 3058; baseline 0.003 -10"><span class='ocrx_word' id='word_1_647' title='bbox 1175 3017 1316 3048; x_wconf 85' lang='lat' dir='ltr'>Sueton.</span> <span class='ocrx_word' id='word_1_648' title='bbox 1334 3014 1438 3056; x_wconf 84' lang='lat' dir='ltr'>Calig.</span> <span class='ocrx_word' id='word_1_649' title='bbox 1457 3016 1515 3048; x_wconf 70' lang='lat'>⁴2:</span> <span class='ocrx_word' id='word_1_650' title='bbox 1537 3016 1664 3048; x_wconf 84' lang='lat' dir='ltr'>deserta</span> <span class='ocrx_word' id='word_1_651' title='bbox 1679 3017 1893 3058; x_wconf 81' lang='lat' dir='ltr'>desolataque</span> <span class='ocrx_word' id='word_1_652' title='bbox 1906 3018 2045 3058; x_wconf 76' lang='lat' dir='ltr'>reliquis</span> 
     </span>
     <span class='ocr_line' id='line_1_85' title="bbox 1174 3063 2043 3112; baseline 0.002 -15"><span class='ocrx_word' id='word_1_653' title='bbox 1174 3065 1325 3097; x_wconf 82' lang='lat' dir='ltr'>subsidiis</span> <span class='ocrx_word' id='word_1_654' title='bbox 1333 3066 1426 3097; x_wconf 82' lang='lat' dir='ltr'>aula.</span> <span class='ocrx_word' id='word_1_655' title='bbox 1440 3065 1493 3098; x_wconf 83' lang='lat' dir='ltr'>Ad</span> <span class='ocrx_word' id='word_1_656' title='bbox 1507 3074 1584 3098; x_wconf 88' lang='lat' dir='ltr'>rem</span> <span class='ocrx_word' id='word_1_657' title='bbox 1595 3065 1637 3098; x_wconf 80' lang='lat' dir='ltr'>cf.</span> <span class='ocrx_word' id='word_1_658' title='bbox 1649 3066 1712 3098; x_wconf 91' lang='lat' dir='ltr'>Dio</span> <span class='ocrx_word' id='word_1_659' title='bbox 1722 3067 1775 3104; x_wconf 87' lang='grc'>60,</span> <span class='ocrx_word' id='word_1_660' title='bbox 1786 3066 1838 3099; x_wconf 71' lang='lat'>32:</span> <span class='ocrx_word' id='word_1_661' title='bbox 1853 3063 1921 3099; x_wconf 78' lang='grc' dir='ltr'>τὸν</span> <span class='ocrx_word' id='word_1_662' title='bbox 1929 3066 2043 3112; x_wconf 65' lang='grc' dir='ltr'><strong><em>Βριτ-</em></strong></span> 
     </span>
     <span class='ocr_line' id='line_1_86' title="bbox 1174 3111 2042 3157; baseline 0.003 -11"><span class='ocrx_word' id='word_1_663' title='bbox 1174 3111 1330 3147; x_wconf 79' lang='grc' dir='ltr'><em>τανικὸν</em></span> <span class='ocrx_word' id='word_1_664' title='bbox 1350 3114 1417 3147; x_wconf 56' lang='grc' dir='ltr'>τὸν</span> <span class='ocrx_word' id='word_1_665' title='bbox 1440 3113 1558 3147; x_wconf 85' lang='grc' dir='ltr'><em>παῖδα</em></span> <span class='ocrx_word' id='word_1_666' title='bbox 1580 3111 1699 3148; x_wconf 83' lang='grc' dir='ltr'><em>αὐτοῦ</em></span> <span class='ocrx_word' id='word_1_667' title='bbox 1725 3115 1886 3157; x_wconf 87' lang='lat' dir='ltr'>(Claudii)</span> <span class='ocrx_word' id='word_1_668' title='bbox 1907 3112 1959 3156; x_wconf 82' lang='grc' dir='ltr'>ὦς</span> <span class='ocrx_word' id='word_1_669' title='bbox 1976 3116 2042 3149; x_wconf 77' lang='grc' dir='ltr'>καὶ</span> 
     </span>
     <span class='ocr_line' id='line_1_87' title="bbox 1175 3163 2043 3212; baseline 0.002 -14"><span class='ocrx_word' id='word_1_670' title='bbox 1175 3164 1250 3198; x_wconf 81' lang='grc' dir='ltr'>τῶν</span> <span class='ocrx_word' id='word_1_671' title='bbox 1262 3164 1456 3204; x_wconf 81' lang='grc' dir='ltr'><strong><em>τυχόντων</em></strong></span> <span class='ocrx_word' id='word_1_672' title='bbox 1468 3163 1552 3199; x_wconf 83' lang='grc' dir='ltr'><em>τινὰ</em></span> <span class='ocrx_word' id='word_1_673' title='bbox 1563 3166 1773 3212; x_wconf 78' lang='grc' dir='ltr'><em>τρέφεσθαι</em></span> <span class='ocrx_word' id='word_1_674' title='bbox 1784 3166 1904 3200; x_wconf 75' lang='grc' dir='ltr'><strong><em>ἐποίει</em></strong></span> <span class='ocrx_word' id='word_1_675' title='bbox 1912 3167 2043 3209; x_wconf 79' lang='lat' dir='ltr'>(Agrip-</span> 
     </span>
     <span class='ocr_line' id='line_1_88' title="bbox 1176 3213 2043 3262; baseline 0.002 -15"><span class='ocrx_word' id='word_1_676' title='bbox 1176 3216 1280 3258; x_wconf 89' lang='lat' dir='ltr'>pina).</span> <span class='ocrx_word' id='word_1_677' title='bbox 1299 3233 1348 3239; x_wconf 92' lang='lat'>——</span> <span class='ocrx_word' id='word_1_678' title='bbox 1363 3214 1615 3262; x_wconf 82' lang='grc' dir='ltr'><strong><em>Βρεττανικὸς</em></strong></span> <span class='ocrx_word' id='word_1_679' title='bbox 1642 3215 1684 3250; x_wconf 80' lang='grc' dir='ltr'>δὲ</span> <span class='ocrx_word' id='word_1_680' title='bbox 1711 3213 1799 3250; x_wconf 78' lang='grc' dir='ltr'><em>οὔτε</em></span> <span class='ocrx_word' id='word_1_681' title='bbox 1821 3214 1905 3249; x_wconf 81' lang='grc' dir='ltr'><strong><em>τινὰ</em></strong></span> <span class='ocrx_word' id='word_1_682' title='bbox 1926 3213 2043 3259; x_wconf 75' lang='grc' dir='ltr'><strong><em>τιμὴν</em></strong></span> 
     </span>
     <span class='ocr_line' id='line_1_89' title="bbox 1176 3260 2043 3313; baseline 0.001 -15"><span class='ocrx_word' id='word_1_683' title='bbox 1176 3260 1266 3299; x_wconf 80' lang='grc' dir='ltr'><em>οὔτε</em></span> <span class='ocrx_word' id='word_1_684' title='bbox 1287 3265 1503 3308; x_wconf 71' lang='grc' dir='ltr'><strong><em>ἐπιμέλειαν</em></strong></span> <span class='ocrx_word' id='word_1_685' title='bbox 1527 3265 1646 3307; x_wconf 81' lang='grc' dir='ltr'>εἶχεν,</span> <span class='ocrx_word' id='word_1_686' title='bbox 1675 3263 1756 3300; x_wconf 81' lang='grc' dir='ltr'><strong><em>ἀλλ’</em></strong></span> <span class='ocrx_word' id='word_1_687' title='bbox 1781 3264 1805 3309; x_wconf 81' lang='grc' dir='ltr'><em>ἡ</em></span> <span class='ocrx_word' id='word_1_688' title='bbox 1827 3263 2043 3313; x_wconf 76' lang='grc' dir='ltr'><em>Ἀγριππίνα</em></span> 
     </span>
     <span class='ocr_line' id='line_1_90' title="bbox 1175 3313 2043 3364; baseline 0.001 -15"><span class='ocrx_word' id='word_1_689' title='bbox 1175 3315 1267 3357; x_wconf 84' lang='grc' dir='ltr'><em>τούς</em></span> <span class='ocrx_word' id='word_1_690' title='bbox 1300 3326 1341 3349; x_wconf 80' lang='grc' dir='ltr'>τε</span> <span class='ocrx_word' id='word_1_691' title='bbox 1370 3313 1510 3359; x_wconf 82' lang='grc' dir='ltr'><em>ἄλλους</em></span> <span class='ocrx_word' id='word_1_692' title='bbox 1540 3316 1632 3359; x_wconf 78' lang='grc' dir='ltr'><strong><em>τοὺς</em></strong></span> <span class='ocrx_word' id='word_1_693' title='bbox 1654 3318 1900 3364; x_wconf 78' lang='grc' dir='ltr'><em>περιέποντας</em></span> <span class='ocrx_word' id='word_1_694' title='bbox 1923 3313 2043 3351; x_wconf 77' lang='grc' dir='ltr'><em>αὐτὸν</em></span> 
     </span>
     <span class='ocr_line' id='line_1_91' title="bbox 1176 3364 2039 3413; baseline 0 -12"><span class='ocrx_word' id='word_1_695' title='bbox 1176 3364 1267 3410; x_wconf 82' lang='grc' dir='ltr'><strong><em>τοὺς</em></strong></span> <span class='ocrx_word' id='word_1_696' title='bbox 1287 3367 1360 3412; x_wconf 76' lang='grc' dir='ltr'>μὲν</span> <span class='ocrx_word' id='word_1_697' title='bbox 1383 3366 1555 3413; x_wconf 78' lang='grc' dir='ltr'>ἐξέβαλε,</span> <span class='ocrx_word' id='word_1_698' title='bbox 1579 3366 1670 3412; x_wconf 81' lang='grc' dir='ltr'><strong><em>τοὺς</em></strong></span> <span class='ocrx_word' id='word_1_699' title='bbox 1692 3367 1732 3401; x_wconf 82' lang='grc' dir='ltr'>δὲ</span> <span class='ocrx_word' id='word_1_700' title='bbox 1750 3369 1815 3402; x_wconf 73' lang='grc' dir='ltr'>καὶ</span> <span class='ocrx_word' id='word_1_701' title='bbox 1831 3367 2039 3409; x_wconf 79' lang='grc' dir='ltr'>ἀπέκτεινε,</span> 
     </span>
    </p>
   </div>
   <div class='ocr_carea' id='block_1_12' title="bbox 2243 2 2254 687">
    <p class='ocr_par' dir='ltr' id='par_1_13' title="bbox 2243 2 2254 687">
     <span class='ocr_line' id='line_1_92' title="bbox 2243 2 2254 687; textangle 90"><span class='ocrx_word' id='word_1_702' title='bbox 2247 512 2254 687; x_wconf 50' lang='lat' dir='ltr'>...n-“mafl-</span> <span class='ocrx_word' id='word_1_703' title='bbox 2243 128 2254 492; x_wconf 45' lang='lat' dir='ltr'>——mm—m———az—fie—</span> <span class='ocrx_word' id='word_1_704' title='bbox 2249 110 2254 121; x_wconf 86' lang='lat'>..</span> <span class='ocrx_word' id='word_1_705' title='bbox 2246 63 2247 66; x_wconf 62' lang='lat'><em>„</em></span> <span class='ocrx_word' id='word_1_706' title='bbox 2250 2 2254 12; x_wconf 86' lang='lat'>..</span> 
     </span>
    </p>
   </div>
   <div class='ocr_carea' id='block_1_13' title="bbox 2245 3229 2254 3483">
    <p class='ocr_par' dir='ltr' id='par_1_14' title="bbox 2245 3229 2254 3483">
     <span class='ocr_line' id='line_1_93' title="bbox 2245 3229 2254 3483; textangle 90"><span class='ocrx_word' id='word_1_707' title='bbox 2245 3307 2254 3483; x_wconf 40' lang='lat' dir='ltr'>L—-ffl—..aan</span> <span class='ocrx_word' id='word_1_708' title='bbox 2248 3229 2254 3243; x_wconf 73' lang='lat'>-</span> 
     </span>
    </p>
   </div>
  </div>
 </body>
</html>
