2254 3770
713 277 868 320 LIBER
896 275 1004 319 XIII.
1049 274 1150 332 Cap.
1181 274 1221 317 8.
1253 273 1292 317 9.
1323 272 1389 316 40.
1420 272 1487 316 44.
1691 317 1701 325 .
1899 270 1983 313 397

202 385 382 429 Insteius
420 384 474 428 ab
510 383 720 429 Ummidio
759 384 934 435 missus,
975 382 1082 426 forte
1121 381 1266 439 priore
1306 380 1361 424 de
1392 393 1522 424 causa
1561 378 1674 423 adito
1704 392 1821 436 rege.
1865 378 1983 437 quod

201 466 426 519 postquam
458 459 688 504 Corbuloni
721 459 935 517 cognitum
955 463 1038 508 est,
1072 456 1132 500 ire
1153 456 1413 514 praesectum
1435 454 1622 499 cohortis
1643 454 1807 498 Arrium
1828 455 1983 498 Varum

202 543 245 580 et
273 535 515 593 reciperare
545 535 720 579 obsides
750 534 880 578 iubet.
911 533 1008 577 hinc
1037 538 1176 576 ortum
1207 532 1316 575 inter
1345 531 1606 589 praefectum
1633 537 1675 574 et
1693 530 1984 574 centurionem

202 610 386 668 iurgium
415 624 469 654 ne
490 610 649 654 diutius
670 610 856 654 externis
877 607 1121 667 spectaculo
1141 614 1272 658 esset,
1304 606 1524 650 arbitrium
1545 606 1607 650 rei
1628 605 1850 650 obsidibus
1871 605 1985 664 lega-

204 686 365 744 tisque,
395 686 469 744 qui
499 700 575 730 eos
606 685 838 736 ducebant,
876 684 1143 742 permissum.
1174 689 1303 741 atque
1333 681 1389 724 illi
1421 689 1636 726 recentem
1667 681 1820 739 gloria,
1851 687 1894 724 et
1922 681 2014 725 in-5

202 761 426 805 clinatione
457 760 644 819 quadam
664 761 790 804 etiam
811 759 1015 810 hostium,
1044 757 1328 803 Corbulonem
1350 757 1605 815 praetulere.
1635 757 1750 801 unde
1770 756 1986 801 discordia

200 836 310 880 inter
339 836 489 887 duces,
521 843 729 894 querente
758 835 970 881 Ummidio
1000 840 1228 892 praerepta
1258 846 1369 891 quae
1400 833 1489 876 suis
1511 833 1698 876 consiliis
1720 833 1983 890 patravisset,

160 943 164 947 -
200 918 379 956 testante
424 918 571 956 contra
616 910 857 956 Corbulone
899 924 983 954 non
1027 910 1146 968 prius
1185 923 1439 953 conversum
1481 922 1626 966 regem
1657 908 1709 952 ad
1741 908 1985 952 offerendos

200 987 375 1031 obsides
418 1001 547 1045 quam
592 987 684 1045 ipse
720 986 810 1030 dux
848 985 961 1030 bello
999 985 1190 1029 delectus
1229 998 1330 1042 spes
1370 984 1463 1027 eius
1498 983 1553 1027 ad
1591 991 1751 1028 metum
1789 990 1984 1028 mutaret.

200 1064 310 1108 Nero
342 1077 429 1120 quo
460 1069 722 1120 conponeret
750 1062 961 1113 diversos,
993 1061 1055 1105 sic
1084 1060 1274 1118 evulgari
1304 1060 1444 1111 iussit,
1478 1060 1533 1103 ob
1563 1073 1634 1103 res
1659 1073 1684 1103 a
1706 1060 1923 1112 Quadrato
1944 1066 2035 1106 etto

201 1138 442 1183 Corbulone
479 1151 687 1196 prospere
723 1145 865 1195 gestas
902 1137 1069 1181 laurum
1106 1136 1293 1180 fascibus
1328 1135 1612 1193 imperatoriis
1642 1135 1754 1179 addi.
1800 1150 1912 1194 quae
1945 1136 1986 1178 in

199 1214 306 1258 alios
337 1213 535 1258 consules
566 1226 742 1271 egressa
773 1213 984 1257 coniunxi.

314 1289 394 1346 (40)
439 1288 602 1332 Eodem
637 1302 748 1332 anno
779 1288 938 1332 Caesar
974 1288 1157 1347 effigiem
1188 1289 1261 1333 Cn.
1294 1287 1477 1332 Domitio
1515 1287 1624 1345 patri
1667 1294 1709 1331 et
1746 1287 1986 1331 consularia

201 1365 381 1422 insignia
411 1365 592 1408 Asconio
621 1363 829 1415 Labeoni,
862 1378 949 1422 quo
980 1370 1118 1407 tutore
1138 1378 1243 1407 usus
1263 1370 1371 1415 erat,
1403 1363 1552 1421 petivit
1571 1377 1596 1406 a
1616 1369 1785 1416 senatu3
1816 1362 1986 1421 sibique

202 1447 361 1484 statuas
393 1447 568 1498 argento
597 1439 666 1483 vel
696 1453 800 1483 auro
831 1438 990 1483 solidas
1020 1439 1228 1483 adversus
1258 1439 1486 1483 offerentes
1515 1438 1743 1496 prohibuit.
1775 1445 1817 1482 et
1836 1452 2036 1497 quam-45

202 1530 331 1574 quam
362 1516 631 1559 censuissent
660 1522 822 1573 patres,
855 1521 901 1558 ut
929 1515 1185 1573 principium
1215 1516 1311 1558 anni
1343 1515 1549 1572 inciperet
1577 1528 1725 1558 mense
1746 1514 1984 1566 Decembri,

200 1605 287 1650 quo
317 1597 435 1635 ortus
457 1597 548 1635 erat
576 1592 704 1642 Nero,
735 1597 925 1635 veterem
950 1590 1200 1648 religionem
1221 1589 1508 1634 Kalendarum
1527 1590 1817 1634 Ianuariarum
1840 1590 1986 1634 incho-

200 1667 312 1711 ando
342 1681 453 1711 anno
484 1667 667 1710 retinuit.
698 1680 841 1724 neque
871 1666 1031 1724 recepti
1062 1673 1160 1710 sunt
1188 1666 1298 1710 inter
1326 1679 1424 1710 reos
1450 1666 1625 1710 Carinas
1649 1665 1772 1709 Celer
1801 1673 1983 1718 senator,

200 1756 326 1786 servo
356 1749 603 1794 accusante,
637 1749 709 1787 aut
737 1742 868 1785 Iulius
897 1742 1088 1793 Densus,
1122 1756 1256 1800 eques
1287 1743 1350 1793 R„
1384 1743 1451 1786 cui
1482 1741 1601 1785 favor
1630 1742 1672 1784 in
1700 1742 1986 1787 Britannicum

200 1818 364 1862 crimini
391 1817 584 1862 dabatur.
661 1854 663 1859 .
1999 1831 2036 1862 20

314 1892 397 1949 (44)
430 1893 606 1937 Claudio
636 1894 804 1937 Nerone
834 1894 878 1936 L.
910 1893 1086 1937 Antistio
1117 1897 1202 1938 cds.
1233 1907 1331 1938 cum
1362 1894 1403 1936 in
1425 1901 1516 1938 acta
1539 1894 1779 1952 principum
1799 1895 1987 1938 iurarent

202 1969 492 2026 magistratus,
536 1969 578 2011 in
617 1983 693 2012 sua
733 1975 827 2012 acta
864 1968 1070 2026 collegam
1110 1969 1332 2012 Antistium
1370 1970 1510 2013 iurare
1538 1969 1774 2027 prohibuit,
1820 1970 1984 2028 magnis

265 2104 296 2136 4.
320 2103 446 2136 amidio
468 2103 502 2136 Μ
527 2118 563 2126 -
589 2103 621 2135 5.
646 2102 701 2134 ille
723 2101 768 2134 ab
793 2101 920 2134 eadem
942 2110 1051 2134 manu
1075 2111 1166 2134 corr.
1194 2103 1227 2135 in
1250 2103 1300 2135 illi
1322 2103 1355 2136 M
1381 2120 1416 2127 -
1446 2106 1607 2136 recentem
1627 2104 1740 2145 gloria
1761 2104 1981 2146 Nipperdey:

198 2156 327 2192 recenti?
349 2157 462 2201 gloria
481 2160 532 2198 M3
565 2159 604 2193 ob
626 2162 788 2192 recentem
809 2160 954 2201 yloriam
976 2159 1051 2199 alii;
1079 2164 1217 2201 propter
1243 2164 1405 2193 recentem
1432 2161 1576 2203 gloriam
1606 2161 1774 2195 Halmius.
1811 2161 1985 2203 (recentem

197 2216 341 2257 aleriam
362 2218 394 2248 et
414 2216 661 2248 inclinationem
683 2217 853 2256 quandam
875 2217 975 2249 etiam
997 2217 1139 2249 hostium
1160 2218 1195 2249 in
1219 2217 1400 2250 Corbulone
1423 2218 1563 2259 Haase.)
1587 2236 1622 2241 —
1648 2216 1866 2251 inclinatione
1891 2218 1924 2251 M
1946 2236 1980 2242 -

198 2271 230 2304 6.
254 2271 430 2304 corbulone
456 2272 490 2305 M
522 2290 557 2295 —
587 2273 619 2304 7.
643 2273 768 2305 amidio
792 2273 826 2305 M
850 2290 886 2296 ——
921 2273 974 2305 40.
1001 2271 1201 2314 conponeret
1229 2274 1262 2306 M
1290 2292 1325 2298 -—
1355 2274 1506 2306 diuersus
1528 2275 1561 2307 M
1588 2292 1624 2297 -
1660 2275 1711 2308 44.
1738 2275 1865 2307 addidit
1887 2276 1920 2308 M
1946 2293 1981 2297 -—

199 2328 251 2361 ⁴2.
278 2325 346 2360 ciis.
371 2327 404 2361 Μ
429 2345 464 2351 -
492 2329 685 2361 coniuncoeit
707 2329 741 2361 M
768 2347 802 2352 —
830 2329 882 2363 43.
908 2329 978 2362 GN.
1005 2330 1039 2362 M
1065 2347 1100 2353 —-
1133 2333 1164 2362 et
1185 2331 1379 2362 consularia
1401 2331 1452 2363 M:
1478 2331 1673 2363 consularia
1696 2330 1916 2364 Puteolanus.
1945 2350 1980 2355 —

199 2384 251 2416 45.
270 2393 462 2425 quanquam
482 2386 656 2418 censuisset
677 2386 711 2418 M
736 2403 770 2408 —
800 2386 851 2418 47.
876 2386 1059 2419 inchoando
1084 2395 1171 2419 anno
1195 2386 1340 2420 seclusit
1362 2387 1576 2429 Nipperdey.
1606 2406 1640 2411 -
1667 2387 1720 2420 49.
1746 2397 1885 2428 eques.r.
1911 2389 1985 2422 Mu-

198 2441 317 2473 retus:
343 2444 490 2481 equester
511 2441 557 2473 M.
589 2440 641 2474 Ci’.
667 2441 719 2482 42,
746 2441 799 2473 60.
826 2442 879 2483 45,
905 2442 958 2475 66.
988 2460 1023 2465 -
1047 2442 1146 2484 fabor
1168 2443 1202 2476 M
1230 2461 1262 2467 —-
1290 2442 1528 2477 brittannicum
1550 2444 1595 2477 M.

198 2571 264 2604 καὶ
294 2570 491 2611 πανταχοῦ
520 2570 690 2619 χρῆσθαι
712 2572 778 2605 καὶ
801 2572 841 2606 ἐν
861 2575 969 2618 μέσῳ
993 2573 1067 2607 τῶν

198 2617 260 2655 ἀεὶ
283 2619 548 2656 inat-eveum
571 2622 632 2656 ἐπὶ
655 2621 723 2656 τοῦ
747 2619 910 2670 ἀρχικοῦ
927 2623 1065 2670 δίφρου

199 2672 435 2714 καθίζεσθαι.
451 2673 612 2715 Eumque
622 2681 759 2705 morem
768 2675 958 2707 tenuerunt
972 2676 1067 2717 prin-

200 2724 296 2766 cipes
319 2724 446 2763 secuti,
478 2724 523 2756 ita
548 2725 587 2756 ut
608 2722 746 2756 laurum
769 2725 888 2757 tamen
911 2725 1066 2758 fascibus

200 2780 270 2806 uon
298 2772 487 2813 adderent,
517 2774 581 2806 nisi
610 2773 643 2806 in
667 2774 830 2812 victoria:
861 2775 911 2806 uti
935 2775 991 2807 hic
1016 2774 1067 2807 fa-

201 2825 308 2857 ctum.
333 2825 378 2857 At
399 2824 516 2857 statim
535 2833 600 2866 per
615 2823 851 2857 adulationem
868 2825 1003 2867 irrupit,
1028 2826 1066 2857 ut

200 2869 358 2906 omnium
386 2874 585 2916 principum
613 2873 728 2906 fasces
758 2876 794 2906 et
823 2883 966 2916 semper
988 2873 1066 2906 lau-

200 2924 286 2956 reati
310 2925 448 2963 essent,
473 2931 587 2965 eaque
611 2926 690 2956 nota
713 2925 864 2957 maxime
882 2925 1066 2957 distinctus

200 2982 219 3006 a
242 2972 344 3015 vulgo
368 2974 546 3015 princeps.
579 2973 798 3007 Herodianus
822 2974 866 3007 de
891 2974 1066 3007 Gordiano

199 3024 233 3064 7,
257 3023 316 3056 44:
349 3021 489 3056 Εἵπετο
511 3022 551 3056 δὲ
574 3021 676 3067 αὐτῷ
705 3022 812 3056 πᾶσα
833 3021 858 3067 ἡ
882 3021 1065 3067 βασιλικὴ

200 3069 355 3116 πομπή,
379 3071 454 3105 τῶν
475 3072 548 3116 μὲν
570 3072 810 3120 στρατιωτῶν
832 3074 896 3106 καὶ
912 3092 963 3098 --
979 3083 1066 3106 νεα-

200 3124 342 3156 νίσκων
378 3122 420 3157 ἐν
457 3121 629 3166 σχήματι
666 3122 742 3156 τῶν
779 3120 875 3156 κατὰ
918 3120 1065 3166 Ῥώμην

201 3171 412 3219 προϊόντων
434 3170 672 3220 δορυφόρων.
697 3172 743 3206 αἵ
760 3183 801 3206 τε
822 3170 961 3220 ῥάβδοι
978 3172 1066 3206 ἐδα-

201 3220 449 3269 φνηφόρουν,
487 3218 579 3268 ὅπερ
608 3222 689 3256 ἐστὶ
721 3221 920 3265 σύμβολον
943 3223 997 3264 εἰς
1020 3220 1064 3256 τὸ

201 3271 404 3317 διαγνῶναι
433 3270 502 3315 τὰς
529 3269 734 3314 βασιλικὰς
761 3269 839 3305 ἀπὸ
866 3271 941 3306 τῶν
965 3272 1066 3306 ἰδιω-

203 3321 327 3356 τικῶν.
366 3322 578 3366 capitolinus
606 3323 641 3356 in
668 3323 863 3356 Maximinis
894 3322 954 3356 ⁴4:
989 3323 1067 3356 Inde

203 3369 442 3414 Karthaginem
462 3375 549 3405 venit
573 3381 647 3405 cum
663 3381 790 3413 pompa
810 3372 917 3414 regali
939 3375 971 3405 et
985 3381 1066 3414 pro-

204 3420 381 3455 tectoribus
401 3425 432 3456 et
450 3421 595 3464 fascibus
616 3422 785 3455 laureatis.
812 3422 898 3455 L112s.

1161 2577 1212 2609 40.
1240 2575 1298 2609 Cn.
1316 2575 1473 2618 Domitio]
1496 2576 1582 2609 Vide
1599 2576 1644 2609 ad
1660 2576 1699 2616 4,
1717 2577 1770 2609 75.
1792 2595 1828 2601 -·
1845 2577 1985 2610 Asconio

1116 2626 1277 2667 Labeoni]
1307 2628 1365 2668 qui
1393 2636 1509 2669 neque
1532 2626 1614 2659 alibi
1637 2636 1656 2659 a
1681 2628 1799 2660 Tacito
1823 2637 1939 2670 neque
1964 2638 1983 2661 a

1117 2677 1282 2709 Suetonio
1312 2685 1379 2709 nec
1407 2687 1425 2709 a
1457 2677 1568 2710 Dione
1600 2679 1829 2711 memoratur.
1858 2697 1893 2701 —
1920 2688 1984 2720 quo

1117 2730 1210 2758 ortus
1232 2730 1306 2759 erat
1325 2727 1425 2768 Nero]
1449 2728 1591 2760 Sueton.
1610 2728 1692 2761 Ner.
1710 2729 1750 2760 6:
1775 2729 1863 2761 Nero
1885 2733 1986 2762 natus

1116 2780 1162 2809 est
1175 2777 1267 2809 Antii
1283 2780 1359 2818 post
1379 2787 1498 2810 novem
1511 2787 1635 2811 menses
1650 2788 1752 2820 quam
1770 2779 1912 2812 Tiberius
1927 2788 1985 2811 ex-

1116 2828 1227 2867 cessit,
1255 2829 1514 2860 duodevicesimo
1535 2829 1703 2861 Kalendas
1716 2829 1895 2862 Ianuarias
1911 2832 1986 2862 tan-

1116 2881 1186 2909 tum
1209 2879 1296 2918 quod
1318 2879 1486 2911 exoriente
1508 2879 1583 2911 sole.
1618 2879 1667 2912 Cf.
1697 2880 1749 2920 ⁴2,
1775 2881 1828 2913 25.
1856 2898 1889 2903 —
1919 2880 1985 2913 Ca-

1115 2927 1210 2958 rinas
1233 2927 1324 2960 Celer
1346 2928 1488 2970 senator]
1517 2928 1603 2962 Vide
1630 2929 1674 2962 ad
1698 2930 1730 2969 3,
1755 2929 1808 2962 36.

1162 3027 1214 3058 44.
1241 3026 1379 3059 Claudio
1396 3027 1534 3070 Nerone]
1552 3029 1695 3062 Sueton.
1714 3031 1795 3062 Ner.
1816 3031 1829 3062 4
1836 3029 1875 3062 4:
1902 3030 1984 3064 Con—

1116 3076 1244 3108 sulatus
1266 3080 1424 3117 quattuor
1444 3079 1559 3120 gessit,
1581 3080 1730 3120 primum
1747 3080 1840 3121 (cum
1857 3081 1893 3113 L.
1912 3083 1984 3115 An-

1117 3126 1208 3159 tistio
1225 3135 1256 3158 a.
1274 3135 1309 3158 u.
1327 3127 1401 3168 808)
1419 3128 1620 3169 bimestrem,
1646 3130 1824 3162 secundum
1848 3130 1889 3171 (a.
1907 3131 1982 3173 840)

1116 3180 1148 3209 et
1168 3177 1382 3210 novissimum
1404 3179 1446 3220 (a.
1473 3179 1547 3220 843)
1571 3183 1751 3219 semestres,
1777 3181 1912 3213 tertium
1935 3182 1981 3224 (a.

1116 3235 1151 3258 u.
1170 3225 1246 3267 844)
1262 3227 1556 3267 quadrimestrem;
1579 3229 1702 3261 medios
1717 3230 1798 3261 duos
1813 3231 1983 3264 continua-

1115 3276 1181 3315 vit,
1204 3276 1349 3317 reliquos
1369 3279 1457 3310 inter
1479 3286 1595 3310 annua
1621 3278 1733 3318 spatia
1754 3279 1914 3312 variavit.
1943 3299 1979 3304 —

1115 3324 1152 3357 L.
1177 3324 1329 3368 Antistio]
1360 3327 1498 3359 Vetere.
1533 3326 1581 3359 Cf.
1616 3335 1646 3359 c,
1674 3327 1727 3360 53.
1760 3327 1818 3368 44»,
1845 3330 1899 3362 58.
1926 3331 1979 3370 46,

1115 3374 1168 3406 40.
1190 3392 1225 3398 -
1251 3379 1329 3408 acta
1344 3375 1547 3418 principum]
1572 3377 1729 3417 priorum
1751 3377 1834 3410 inde
1852 3378 1897 3411 ab
1914 3381 1981 3412 Au-

1115 3425 1227 3470 gusto.
1254 3423 1306 3457 Cf.
1325 3425 1357 3467 4,
1374 3426 1427 3458 72.
1448 3443 1483 3449 -
1508 3428 1547 3458 ut
1567 3426 1720 3459 iuvenilis
1741 3428 1874 3460 animus
1896 3427 1979 3470 cet.]
