2254 3770
264 292 350 339 2⁴94
761 296 808 339 Ρ.
831 292 1083 340 CORNELII
1110 292 1281 340 TACITI
1309 290 1579 343 ANNALIUM

265 401 380 447 mine
409 407 571 446 tantum
591 407 635 446 et
662 407 838 446 auctore
855 410 977 460 opus,
1008 407 1055 445 ut
1083 408 1235 460 sponte
1257 402 1465 455 Caesaris,
1497 409 1545 447 ut
1572 414 1708 462 genus
1728 406 1898 451 Arsacis
1917 407 2064 466 ripam‘

266 478 382 536 apud
411 478 637 536 Euphratis
667 477 1165 535 cerneretur.1'cupitum
1194 476 1237 520 id
1267 476 1451 522 Tiberio.
1493 478 1575 537 (32)
1597 487 1719 526 ornat
1744 481 1954 526 Phraaten
1984 496 2056 528 ac-

267 553 483 611 cingitque
512 559 737 611 paternum
768 552 822 596 ad
852 552 1075 611 fastigium,
1106 552 1317 596 destinata
1346 554 1546 605 retinens,
1579 556 1768 601 consiliis
1790 563 1832 602 et
1861 564 1956 601 astu
1984 568 2056 603 res

267 635 465 673 externas
495 627 645 679 moliri,
681 640 800 672 arma
828 627 980 686 procul
1009 628 1183 673 habere.
1222 628 1386 673 interea
1416 630 1593 688 cognitis
1623 631 1789 676 insidiis
1819 633 2058 677 Artabanus

233 703 425 748 utardari
454 709 582 754 metu,
613 702 744 747 modo
774 699 1217 762 cupidine'vindictae
1247 704 1535 749 inardescere.
1566 713 1608 750 et
1631 706 1826 751 barbaris
1847 707 2060 753 cunctatio

267 778 451 828 servilis,
483 778 623 822 statim
653 779 810 837 exequi
840 779 1006 838 regium
1035 779 1216 824 videtur.
1262 779 1394 824 valuit
1421 786 1563 825 tamen
1600 781 1778 835 utilitas,
1818 790 1863 827 ut
1892 783 2061 828 Abdum

266 855 412 913 specie
443 849 653 898 amicitiae
673 861 873 899 vocatum
902 854 955 898 ad
979 854 1129 913 epulas
1159 855 1271 899 lento
1303 868 1470 899 veneno
1500 856 1705 914 inligaret,
1739 858 1952 903 Sinnacen
1970 858 2060 903 dis-

266 929 535 974 simulatione
555 943 607 974 ac
627 929 763 981 donis,
797 929 922 974 simul
951 940 1031 988 per
1059 931 1229 988 negotia
1258 938 1513 975 moraretur.
1544 939 1587 976 et
1615 932 1820 977 Phraates
1850 941 1953 993 aput
1977 935 2065 994 Sy..

266 1005 372 1050 riam
401 1005 503 1049 dum
533 1005 695 1050 omisso
725 1004 840 1050 cultu
869 1007 1080 1057 Romano,
1113 1006 1182 1050 cui
1211 1020 1294 1065 per
1319 1012 1381 1050 tot
1409 1020 1544 1051 annos
1574 1008 1839 1061 insueverat,
1872 1010 2060 1055 instituta

216 1092 252 1123 to
265 1081 518 1126 Parthorum
548 1081 733 1132 insumit,
762 1081 910 1139 patriis
938 1082 1132 1126 moribus
1158 1083 1296 1140 impar
1314 1082 1468 1126 morbo
1489 1082 1740 1142 absumptus
1762 1091 1839 1129 est.
1870 1085 1949 1130 sed
1973 1099 2058 1130 non

266 1156 460 1200 Tiberius
481 1156 623 1201 omisit
641 1156 820 1215 incepta.
843 1157 1083 1208 Tiridatem,
1115 1158 1335 1215 sanguinis
1355 1157 1562 1210 eiusdem,
1595 1159 1810 1203 aemulum
1832 1160 2058 1213 Artabano,

265 1232 664 1291 reciperandaeque
687 1233 913 1277 Armeniae
942 1232 1151 1277 Hiberum
1179 1232 1450 1277 Mithridaten
1469 1234 1618 1292 deligit
1639 1234 1924 1294 conciliatque
1945 1236 2060 1280 fratri

265 1307 552 1360 Pharasmani,
584 1308 658 1366 qui
684 1308 840 1366 gentile
859 1308 1087 1366 imperium
1107 1308 1346 1362 obtinebat;
1378 1316 1421 1353 et
1440 1310 1604 1354 cunctis
1624 1323 1738 1368 quae
1768 1311 1884 1369 apud
1906 1311 2061 1356 Orien-

265 1390 351 1427 tem
379 1384 640 1441 parabantur
668 1385 713 1428 L.
744 1383 955 1428 Vitellium
983 1383 1200 1441 praefecit.
1245 1398 1298 1428 eo
1329 1384 1384 1428 de
1427 1385 1597 1429 homine
1639 1385 1721 1429 hau
1754 1400 1849 1430 sum
1887 1387 2061 1445 ignarus

215 1469 255 1501 te
266 1459 479 1504 sinistram
509 1459 550 1502 in
575 1458 683 1503 urbe
703 1459 869 1510 famam,
900 1459 1108 1518 pleraque
1129 1459 1256 1503 foeda
1284 1460 1536 1513 memorari;
1567 1466 1761 1505 ceterum
1789 1462 1833 1506 in
1860 1462 2067 1520 regendis

266 1534 498 1594 provinciis
536 1534 679 1593 prisca
714 1535 870 1579 virtute
901 1535 998 1593 egit.
1044 1535 1160 1579 unde
1190 1548 1416 1593 regressus
1447 1542 1489 1579 et
1519 1535 1743 1580 formidine
1773 1537 1819 1582 C.
1851 1537 2059 1590 Caesaris,

332 1681 364 1716 4.
388 1679 453 1714 Alii
475 1682 506 1714 et
526 1683 640 1722 sponte
661 1679 909 1721 scribendum,
942 1680 999 1714 alii
1021 1684 1059 1714 ut
1079 1682 1161 1714 ante
1184 1690 1287 1723 yenus
1309 1680 1500 1715 delendum
1524 1690 1605 1715 esse
1628 1682 1828 1724 opinantur.
1855 1700 1892 1708 --
1926 1692 2066 1719 ιιι-τοοκ,

264 1747 320 1781 pr.
345 1738 379 1771 M
404 1755 440 1760 —
465 1737 496 1770 2.
522 1737 669 1770 cubitum
691 1746 743 1781 pr.
770 1738 804 1771 M
830 1755 866 1761 —
892 1738 923 1770 3.
949 1741 1049 1770 asatu
1071 1739 1105 1772 M
1129 1739 1214 1779 (astu
1237 1738 1369 1779 margo)
1393 1754 1428 1762 —
1457 1739 1487 1771 6.
1513 1740 1633 1780 eaeequi
1656 1748 1709 1782 pr.
1727 1740 1779 1774 M:
1805 1741 1941 1781 exsequi
1964 1750 2058 1775 corr.

266 1794 300 1827 M
325 1810 362 1818 -
388 1792 419 1827 7.
445 1794 545 1834 spatie
567 1794 601 1827 M
626 1811 662 1816 —
695 1793 747 1826 40.
772 1795 872 1827 sumit
894 1794 1048 1836 Lipsius;
1082 1795 1228 1827 adsumit
1250 1795 1415 1826 Ritterus.
1441 1811 1484 1818 —
1515 1795 1711 1836 adsumptus
1733 1796 1764 1828 M
1792 1814 1823 1819 —-
1854 1797 1907 1829 ⁴2.
1933 1784 2055 1838 recipe-

266 1850 460 1891 randaeque
481 1858 535 1892 pr.
559 1850 612 1883 M:
635 1851 950 1891 recuperandaeque
973 1859 1065 1884 corr.
1084 1851 1117 1884 M
1141 1867 1178 1874 —-
1203 1850 1440 1883 mithridanten
1462 1850 1497 1884 M
1521 1867 1556 1873 -
1585 1851 1693 1893 diligit
1714 1861 1769 1894 pr.
1788 1853 1822 1887 M
1838 1869 1874 1876 -
1901 1851 1955 1886 ⁴4.
1973 1853 2061 1887 hau-

266 1917 339 1941 sum
356 1907 607 1950 (superscripta
621 1906 736 1940 littera
752 1907 785 1948 d)
801 1908 835 1941 M
851 1925 887 1931 —
915 1908 968 1941 45.
987 1909 1156 1949 pluraque
1171 1908 1226 1941 vir
1240 1908 1365 1941 doctus
1378 1908 1533 1950 quidam.
1557 1924 1592 1932 -
1619 1908 1654 1941 in
1670 1909 1706 1941 F.
1723 1910 1781 1942 W.
1798 1909 1896 1942 Otto:
1922 1918 1993 1943 om.
2012 1911 2058 1944 M.

265 2043 335 2078 γον
366 2033 513 2074 Τίτιον,
549 2030 618 2066 τὸν
645 2031 923 2066 ἐπιστατοῦντα
950 2030 1038 2067 τότε
1067 2032 1138 2077 τῆς

265 2084 424 2141 Συρίας,
426 2083 623 2141 τέτταρας
642 2082 781 2124 παῖδας
796 2085 980 2127 γνησίους
996 2084 1137 2123 ἐνεχεί-

1186 2034 1263 2066 Non
1285 2034 1359 2066 tam
1381 2032 1559 2067 insolitum
1583 2034 1638 2066 est
1660 2034 1729 2066 hoc
1744 2033 1897 2067 verbum
1919 2031 1985 2077 pro
2001 2043 2060 2067 as-

1187 2085 1305 2124 sumit,
1337 2092 1444 2126 quam
1473 2084 1538 2116 rati
1562 2085 1645 2117 sunt
1667 2085 1893 2127 interpretes.
1926 2085 1977 2118 Cf.
2005 2084 2059 2127 44,

266 2144 371 2182 ρισεν
408 2129 539 2181 ὅμηρα
573 2130 697 2178 αὐτῷ,
734 2132 1035 2181 Σερασπαδάνην
1071 2135 1137 2167 καὶ

261 2185 484 2231 Ῥωδάσπην
506 2187 572 2220 καὶ
595 2185 774 2234 Φραάτην
792 2187 858 2220 καὶ
874 2185 1056 2231 Βονώνην
1071 2187 1138 2220 καὶ

265 2242 450 2285 γυναῖκας
471 2235 617 2272 τούτων
640 2236 710 2271 δύο
737 2238 803 2271 καὶ
825 2238 921 2280 υἱεῖς
942 2239 1136 2285 τέτταρας,

266 2287 397 2331 δεδιώς
425 2285 494 2330 τὰς
522 2286 678 2329 πάσεις
706 2288 772 2321 καὶ
801 2286 894 2330 τοὺς
923 2287 1138 2332 ἐπιτιθεμέ-

265 2350 358 2381 νους
380 2335 496 2382 αὗτῷ.
519 2355 554 2362 -
580 2339 714 2371 nomine
735 2342 867 2371 tantum
887 2339 970 2380 cet.]
993 2340 1136 2380 nomine,

266 2389 340 2424 scil.
366 2389 524 2424 Phraatis
547 2388 604 2421 vel
627 2388 837 2428 Arsacidae;
869 2392 1024 2428 auctore,
1055 2389 1076 2421 i.
1104 2398 1136 2422 e.

266 2441 473 2474 auctoritate
496 2440 663 2482 principis
683 2440 848 2478 Romani;
874 2443 911 2472 ut
932 2443 1045 2480 sponte
1060 2440 1139 2472 Cae-

266 2491 364 2532 saris,
382 2490 456 2524 scil.
475 2489 597 2534 aliquis
614 2499 687 2530 rex,
712 2490 808 2532 quod
824 2489 909 2523 latet
923 2491 958 2523 in
975 2490 1139 2532 sequenti

265 2550 370 2585 genus
388 2540 535 2573 Arsacis.
560 2541 669 2574 Doun.
691 2557 727 2564 —
745 2540 858 2581 ripam
872 2541 964 2581 apud
978 2541 1139 2581 Euphra—

266 2593 319 2636 tis]
343 2592 427 2633 Ripa
451 2591 638 2633 Euphratis
668 2591 841 2624 terminus
863 2592 948 2624 tuuc
972 2592 1048 2624 erat
1070 2591 1138 2623 im-

266 2642 355 2686 perii
378 2642 536 2675 Romani.
566 2643 617 2675 De
641 2641 834 2675 verborum
851 2641 975 2675 ordine
991 2641 1072 2674 vide
1093 2641 1138 2674 ad

267 2693 308 2735 4,
333 2694 365 2726 5.

311 2793 365 2826 32.
386 2794 487 2825 ornat
507 2792 541 2825 P.
560 2791 778 2834 accingitque]
804 2791 1004 2832 comitibus,
1023 2792 1136 2834 equis,

267 2844 412 2883 vestitu,
436 2842 600 2885 pecunia.
628 2859 664 2867 -
691 2842 856 2874 destinata
877 2843 1032 2883 retinens]
1057 2851 1141 2875 con-

267 2893 343 2927 silia
366 2893 437 2925 iam
461 2891 599 2934 pridem
623 2893 723 2934 capta
749 2893 856 2924 etiam
879 2892 963 2925 tunc
979 2901 1136 2926 servans.

269 2944 320 2978 Cf.
338 2944 370 2984 2,
389 2942 530 2976 64-66.
552 2959 587 2964 ——-
612 2942 722 2984 modo]
747 2942 882 2984 Duplex
904 2944 1001 2976 modo
1024 2944 1141 2985 requi-

268 2993 396 3028 rebant
424 2993 580 3027 Muretus
611 2994 646 3024 et
679 2991 868 3025 Acidalius.
905 2993 1036 3026 Verum
1067 3002 1140 3026 uno

269 3045 455 3079 contentus
482 3042 547 3076 fuit
576 3043 683 3075 etiam
714 3041 746 3082 4,
772 3043 832 3075 50:
868 3044 968 3076 hostis
995 3044 1140 3077 clamore

269 3094 420 3134 turbido,
443 3094 540 3126 modo
557 3101 623 3134 per
643 3095 776 3124 vastum
791 3093 975 3134 silentium,
999 3095 1141 3127 incertos

269 3145 450 3178 obsessores
470 3144 634 3185 effecerat.
656 3159 692 3165 --
717 3151 840 3174 veneno
861 3143 1028 3185 inligaret]
1052 3144 1090 3175 ut
1105 3143 1137 3184 4,

269 3195 310 3228 53
334 3195 449 3227 morbo
463 3194 612 3235 corporis
626 3193 799 3234 inplicata,
826 3201 929 3225 «eum
946 3195 1046 3235 quasi
1061 3194 1141 3226 viu—

271 3244 348 3277 culo
364 3245 534 3285 irretiret,
551 3245 591 3277 ut
610 3252 655 3276 ne
672 3242 866 3285 quidquam
883 3243 952 3275 iam
969 3244 1137 3286 incipere,

271 3295 404 3328 nedum
436 3295 581 3338 exsequi
614 3294 771 3337 posset.»
804 3293 860 3325 Sic
884 3293 1052 3326 Hercules
1075 3295 1140 3326 So-

271 3345 440 3388 phocleus
471 3346 505 3378 in
535 3345 699 3378 versione
735 3342 852 3376 Latina
886 3343 958 3375 Cic.
989 3343 1092 3376 Tusc.
1117 3345 1138 3376 ⁶2.

272 3395 291 3438 ἓ
311 3396 372 3428 20:
398 3396 469 3436 Ipse
490 3396 652 3438 inligatus
667 3392 892 3441 (χειρωθείς)
911 3396 1000 3434 posco
1020 3394 1138 3426 interi-

272 3454 347 3480 mor
369 3446 493 3482 textili.
524 3446 569 3480 de
591 3446 692 3480 veste
715 3445 901 3480 venenata.
930 3461 967 3468 -
990 3443 1138 3487 insumit]

1187 2134 1248 2167 44:
1268 2134 1418 2167 animum
1433 2135 1653 2175 insumpsisse.
1671 2153 1707 2158 —
1724 2134 1914 2177 Tiridatem]
1933 2135 2062 2168 Phraa-

1188 2185 1232 2217 tis
1255 2184 1300 2217 lV
1323 2186 1490 2226 nepotem
1522 2184 1573 2226 (c.
1598 2184 1680 2225 37),
1717 2183 1966 2226 filiumwlgitur
1999 2187 2062 2218 aut

1188 2233 1443 2275 Seraspadanis
1466 2237 1528 2267 aut
1543 2234 1756 2277 Rhodaspis,
1782 2243 1873 2277 quos
1889 2236 2063 2276 genuerat

1190 2285 1367 2317 Phraates
1399 2302 1436 2308 —
1460 2284 1619 2317 Hiberum
1645 2284 1877 2327 Mithridaten]
1916 2285 1980 2318 Dio
2003 2284 2059 2325 58,

1188 2336 1248 2393 26:
1276 2333 1508 2395 Τηριόοίτην,
1533 2334 1576 2369 ἐκ
1598 2333 1668 2369 τοῦ
1687 2333 1893 2376 βασιλικοῦ
1906 2336 1974 2369 καὶ
1988 2332 2061 2369 αὖ-

1188 2381 1256 2419 τὸν
1283 2387 1394 2430 γένος
1425 2396 1538 2427 οντα,
1572 2381 1759 2430 ἔπεαψεν.
1790 2387 1856 2420 καὶ
1891 2381 1996 2428 ὅπως
2017 2396 2062 2431 γε

1189 2448 1241 2479 ως
1264 2435 1389 2484 ξᾶστα
1403 2434 1475 2480 τὴν
1489 2436 1691 2478 βασιλείαν
1706 2435 1924 2497 παραλάβῃ,
1948 2447 2060 2484 εγρα-

1189 2493 1245 2529 ψε
1266 2485 1480 2535 Μιθριδάτῃ
1503 2487 1555 2532 τῷ
1567 2483 1692 2534 Ἵβηρι
1715 2487 1756 2529 ἐς
1777 2485 1848 2532 τὴν
1865 2474 2060 2535 Ἀρμενίαν

1189 2537 1386 2578 ἐσβαλεῖν,
1421 2537 1467 2571 ἵν’
1492 2535 1527 2570 6
1535 2534 1764 2595 Αρτάβανος
1789 2537 1842 2583 τῷ
1865 2538 1944 2571 υἱεῖ
1960 2536 2061 2582 βοη-

1189 2588 1271 2620 θῶν
1301 2584 1378 2621 ἀπὸ
1406 2586 1477 2631 τῆς
1509 2589 1654 2630 οἰκείας
1679 2584 1822 2635 ἀπάρη.
1857 2588 1924 2620 καὶ
1945 2583 2061 2627 ἴσχεν

1190 2634 1410 2680 ουτως,οῦ
1439 2639 1572 2682 μέντοι
1603 2639 1669 2672 καὶ
1692 2638 1754 2672 ἐπὶ
1777 2636 1873 2672 πολι)
1899 2635 1922 2671 ὁ
1945 2639 2062 2685 Τηρι-

1189 2688 1307 2734 ὃάτης
1345 2688 1617 2730 ἐβασίλευσεν·
1661 2686 1684 2723 6
1724 2687 1799 2737 γὰρ
1829 2685 2062 2736 Ἀρτάβανος

1189 2738 1346 2781 Σκύθας
1381 2737 1612 2785 προσλαβών
1647 2736 1693 2773 οὗ
1733 2738 1908 2782 χαλεπῶς
1941 2736 2062 2773 αὐτὸν

1189 2788 1387 2834 ἐξήλασεν.
1406 2809 1458 2815 --
1473 2787 1544 2833 τὴν
1567 2788 1597 2822 δ’
1621 2786 1823 2850 Ἀρμενίαν
1837 2787 1859 2822 6
1875 2787 2061 2848 Μιθριδά-

1189 2851 1276 2884 της,
1310 2837 1334 2873 ὅ
1362 2838 1598 2887 Μιθριδάτου
1627 2839 1700 2883 μὲν
1723 2839 1790 2873 τοῦ
1803 2836 1975 2887 Ἴβηρος,
2008 2836 2062 2881 ὥς

1189 2901 1309 2932 εοικε,
1335 2894 1446 2932 παῖς,
1472 2888 1732 2949 Φαρασμάνου
1751 2889 1792 2924 δὲ
1807 2890 1875 2924 τοῦ
1891 2891 1973 2934 μετ
1989 2886 2061 2924 αὐ-

1189 2936 1228 2975 τί
1235 2953 1256 2975 ν
1279 2939 1354 2974 τῶν
1373 2939 1530 2989 Ἰβήρων
1552 2938 1857 2983 βασιλεύσαντος
1878 2937 2059 2983 ἀδελφός,

1188 2987 1337 3032 ἐλαβεν.
1362 3010 1397 3015 -
1423 2991 1553 3034 gentile]
1578 2992 1692 3034 gentis
1707 3000 1806 3031 suae,
1832 2991 2057 3025 Hiberorum.

1193 3061 1227 3066 -
1251 3043 1289 3075 L.
1309 3042 1482 3084 Vitellium]
1507 3042 1565 3084 qui
1590 3042 1749 3084 proximo
1765 3042 1950 3084 superiore
1965 3050 2059 3074 auno

1189 3091 1312 3126 consul
1346 3091 1469 3124 fuerat.
1518 3091 1568 3124 Cf.
1603 3099 1634 3124 c.
1666 3091 1721 3124 28.
1756 3109 1792 3115 -
1818 3091 2059 3132 exemplar-—

1189 3142 1372 3175 adulatorii
1393 3141 1569 3183 dedecoris]
1602 3142 1750 3174 Sueton.
1770 3140 1883 3174 Vitell.
1908 3142 1949 3174 2:
1978 3141 2059 3174 miri

1188 3193 1224 3225 in
1247 3192 1416 3225 adulando
1437 3192 1564 3234 ingenii
1584 3192 1715 3232 primus
1729 3191 1764 3224 C.
1783 3192 1959 3224 Caesarem
1973 3191 2058 3223 ado-

1188 3252 1269 3275 rare
1290 3246 1327 3274 ut
1349 3242 1445 3274 deum
1459 3241 1616 3281 instituit,
1641 3250 1716 3274 ciun
1734 3249 1885 3274 reversus
1899 3250 1943 3273 σω
1956 3241 2059 3281 Syria

1189 3302 1255 3325 non
1277 3293 1375 3325 aliter
1397 3292 1492 3324 adire
1517 3300 1620 3324 amus
1649 3295 1727 3324 esset
1749 3299 1852 3331 quam
1872 3291 1980 3332 capite
1999 3299 2059 3324 ve-

1189 3343 1257 3375 lato
1279 3343 1598 3383 circumuertensque
1618 3349 1669 3381 se,
1694 3341 1808 3373 deinde
1825 3341 2056 3381 procumbens.

1189 3411 1208 3417 -
1220 3410 1239 3417 -
1253 3393 1359 3425 Huius
1381 3395 1411 3425 et
1431 3392 1492 3424 itia
1513 3401 1582 3424 vox
1602 3395 1649 3424 est
1673 3391 1800 3432 «Saepe
1816 3392 1959 3434 facias»,
1983 3401 2060 3425 cum

1187 3443 1374 3477 saeculares
1400 3442 1495 3475 ludos
1516 3441 1623 3475 edenti
1646 3438 1786 3476 Claudio
1811 3443 2058 3485 qratuzarotw.
