2254 3770
268 293 350 338 ⁴00
761 297 807 341 Ρ.
830 296 1080 365 CORNELII
1108 298 1278 344 TACITI
1305 299 1573 347 ANNALIUM

267 401 548 453 adstantibus,
586 402 681 448 loco
712 405 966 455 sententiae,
1009 419 1106 451 cum
1142 407 1183 451 in
1212 406 1372 452 Palatio
1410 414 1583 454 senatus
1618 407 1870 461 haberetur,
1914 407 2044 453 modo

265 478 478 524 Hortensii
509 479 619 524 inter
647 486 840 524 oratores
870 481 992 525 sitam
1021 482 1246 542 imaginem
1276 483 1405 528 modo
1425 485 1602 543 Augusti
1630 486 1816 539 intuens,
1848 484 1904 529 ad
1933 483 2046 529 hunc

265 554 441 599 modum
471 555 628 614 coepit:
673 562 840 614 «patres
871 558 1114 617 conscripti,
1152 558 1250 611 hos,
1282 573 1466 618 quorum
1494 575 1719 606 numerum
1748 567 1791 607 et
1818 561 2045 621 pueritiam

263 629 435 681 videtis,
468 645 554 675 non
583 637 734 689 sponte
765 632 933 684 sustuli,
977 633 1054 677 sed
1085 633 1185 692 quia
1214 634 1416 693 princ’eps
1444 635 1665 691 monebat3
1704 636 1830 682 simul
1857 636 2045 681 maiores

234 706 349 750 smei
378 712 623 751 meruerant
651 712 698 750 ut
725 713 922 765 posteros
953 708 1169 754 haberent.
1216 724 1314 755 nam
1335 724 1434 769 ego,
1466 711 1539 770 qui
1568 726 1654 756 non
1681 712 1926 771 pecuniam,
1959 725 2045 756 non

264 781 404 826 studia
421 781 568 841 populi
588 796 730 841 neque
751 783 1055 842 eloquentiam,
1088 784 1242 843 gentile
1263 785 1417 830 domus
1436 793 1606 832 nostrae
1631 787 1810 841 bonum,
1840 788 2044 833 varietate

263 863 504 915 temporum
534 858 730 917 accipere
760 859 827 904 vel
859 874 1013 918 parare
1042 861 1295 919 potuissem,
1339 862 1442 907 satis
1477 862 1689 908 habebam
1727 864 1763 908 si
1793 869 1944 908 tenues
1973 876 2045 908 res

262 946 385 978 meae
414 947 495 979 nec
522 934 626 978 mihi
654 934 809 994 pudori
838 949 920 981 nec
952 936 1151 994 cuiquam
1181 937 1300 981 oneri
1329 937 1478 982 forent.
1523 938 1666 984 iussus
1696 938 1750 984 ab
1786 939 2044 999 imperatore

261 1023 440 1053 uxorem
482 1010 597 1055 duxi.
656 1024 710 1055 en
753 1010 881 1070 stirps
925 1018 968 1056 et
1006 1012 1235 1070 progenies
1280 1018 1341 1057 tot
1383 1013 1629 1065 consulum,
1675 1020 1736 1059 tot
1777 1014 2043 1060 dictatorum.

212 1095 249 1125 4ο
261 1099 343 1130 nec
372 1085 427 1130 ad
455 1085 656 1131 invidiam
684 1087 781 1139 ista,
820 1086 897 1132 sed
927 1087 1219 1132 conciliandae
1248 1088 1568 1134 misericordiae
1598 1089 1750 1135 refero.
1799 1090 2044 1150 adsequen-

260 1167 329 1205 tur
373 1161 552 1207 florente
596 1169 656 1215 te,
705 1163 884 1215 Caesar,
933 1177 1043 1222 quos
1088 1163 1260 1208 dederis
1305 1164 1509 1209 honores:
1553 1165 1720 1209 interim
1751 1166 1801 1220 Q.
1827 1166 2041 1211 Hortensii

259 1245 537 1296 pronepotes,
580 1238 666 1282 divi
703 1239 879 1297 Augusti
920 1239 1113 1283 alumnos
1154 1239 1208 1283 ab
1246 1239 1390 1298 inopia
1430 1239 1651 1285 defende.»
1714 1241 1795 1298 (38)
1825 1240 2040 1286 inclinatio

259 1319 434 1358 senatus
454 1314 772 1359 incitamentum
792 1314 960 1359 Tiberio
990 1314 1066 1358 fuit
1085 1328 1172 1373 quo
1201 1316 1440 1373 promptius
1465 1315 1782 1368 adversaretur,
1813 1315 1879 1361 his
1907 1316 2040 1362 ferme

257 1390 402 1434 verbis
432 1404 557 1434 usus:
605 1390 665 1434 «si
695 1396 901 1449 quantum
930 1403 1171 1449 pauperum
1200 1396 1266 1435 est
1294 1390 1442 1435 venire
1477 1391 1561 1436 huc
1589 1397 1631 1436 et
1666 1390 1815 1436 liberis
1845 1391 1934 1436 suis
1962 1405 2041 1450 pe-

208 1471 348 1511 ⁴5tere
385 1467 592 1525 pecunias
634 1466 872 1525 coeperint,
919 1466 1073 1524 singuli
1107 1480 1341 1525 numquam
1377 1466 1714 1520 exsatiabuntur,
1760 1481 1832 1512 res
1868 1466 2042 1526 publica

256 1542 439 1609 dssfissiet·
497 1556 579 1587 nec
616 1556 720 1587 sane
759 1543 858 1587 ideo
897 1557 923 1587 a
958 1542 1192 1586 maioribus
1232 1555 1487 1587 concessum
1524 1549 1590 1587 est
1631 1542 1776 1602 egredi
1811 1542 2040 1602 aliquando

200 1608 506 1666 ffli’i‘elationem
536 1625 594 1672 et,
626 1618 744 1678 quod
774 1618 817 1662 in
847 1631 1072 1663 commune
1103 1617 1329 1671 conducat,
1360 1618 1456 1663 loco
1487 1619 1723 1663 sententiae
1751 1618 1963 1678 proferre,
1993 1624 2041 1664 ut

139 1684 203 1727 .ss
253 1686 419 1753 ffi‘viit'a
435 1684 619 1754 'negotia
648 1702 691 1740 et
719 1709 789 1739 res
810 1694 1037 1739 familiares
1059 1701 1226 1739 nostras
1246 1693 1316 1738 hic
1335 1707 1586 1752 augeamus,
1619 1708 1717 1739 cum
1737 1693 1896 1739 invidia
1914 1707 2041 1739 sena-

252 1778 321 1816 tus
352 1777 394 1816 et
421 1771 682 1830 principum,
714 1771 805 1814 sive
835 1770 1088 1814 indulserint
1115 1769 1383 1828 largitionem
1411 1770 1502 1815 sive
1532 1770 1767 1815 abnuerint.
1810 1784 1896 1815 non
1925 1769 2039 1815 enim

201 1855 240 1888 20
251 1861 407 1906 preces
427 1853 525 1891 sunt
544 1847 661 1898 istut,
695 1845 773 1891 sed
794 1845 1052 1903 efflagitatio,
1084 1845 1380 1904 intempestiva
1400 1846 1577 1905 quidem
1606 1852 1649 1891 et
1673 1846 1908 1905 inprovisa,
1939 1859 2038 1891 cum

252 1923 344 1968 aliis
374 1924 430 1967 de
464 1922 596 1967 rebus
626 1921 903 1966 convenerint
939 1927 1102 1979 patres,
1145 1934 1405 1979 consurgere
1436 1928 1477 1965 et
1506 1935 1686 1965 numero
1726 1929 1855 1980 atque
1896 1928 2036 1966 aetate

248 1999 433 2044 liberum
461 2012 639 2043 suorum
668 2011 824 2056 urgere
854 1996 1109 2041 modestiam
1138 2003 1331 2048 senatus,
1364 1996 1546 2042 eandem
1565 1997 1652 2041 vim
1670 1997 1714 2041 in
1732 2011 1802 2042 me
1824 1996 2036 2042 transmit-

314 2140 347 2174 2.
371 2139 518 2182 imagine
538 2147 593 2181 pr.
617 2138 652 2172 M
675 2155 711 2161 -
749 2137 780 2170 3.
805 2146 975 2171 nemerum
996 2141 1027 2171 et
1044 2137 1209 2178 puritiam
1230 2138 1266 2171 M
1289 2154 1325 2160 —
1360 2137 1413 2170 ⁴0.
1438 2136 1659 2180 obsequentur
1678 2145 1733 2180 pr.
1757 2137 1792 2172 M
1827 2154 1864 2161 —
1901 2138 1955 2172 Η.
1978 2137 2036 2171 in-

246 2197 379 2237 terim,-
401 2196 566 2236 hortensq;
583 2197 782 2237 pronepotes
801 2195 834 2228 M
850 2192 902 2237 (Q.
920 2194 1084 2227 Hortensii
1102 2197 1300 2236 pronepotes
1321 2194 1456 2236 margo)
1475 2211 1511 2217 -
1530 2193 1581 2227 ⁴3.
1608 2193 1724 2227 tiberio
1746 2194 1834 2235 quod
1849 2194 1925 2237 (per
1939 2202 2036 2228 com-

247 2252 428 2296 pendium)
451 2252 516 2294 fuit
536 2260 590 2294 pr.
607 2251 642 2285 M
667 2268 704 2274 -
730 2250 899 2292 promotus
922 2250 1110 2292 (superscr.
1133 2249 1183 2291 pt)
1206 2250 1240 2284 M
1265 2267 1300 2273 —
1328 2250 1380 2283 ⁴5.
1402 2250 1580 2291 peccunias
1601 2250 1634 2283 M
1660 2267 1696 2273 —
1720 2248 1980 2283 exsaciabumur
2000 2250 2036 2285 M

250 2327 287 2333 -
313 2309 367 2342 46.
391 2308 525 2351 ορνθηαί
546 2308 581 2342 M
604 2307 725 2350 (egredi
747 2308 879 2348 margo)
900 2324 936 2331 —
963 2306 1016 2340 48.
1041 2309 1073 2340 et
1094 2305 1151 2339 vel
1174 2306 1278 2339 tacite
1303 2304 1433 2339 delevit
1454 2304 1510 2339 vel
1532 2305 1669 2339 incuria
1691 2305 1809 2339 omisit
1829 2306 1977 2349 Lipsius.
1994 2323 2031 2330 -

246 2365 300 2398 49.
318 2364 504 2397 abnuerunt
525 2365 576 2405 M,
602 2363 667 2397 sed
689 2364 864 2406 posterior
884 2372 909 2396 u
930 2363 966 2395 in
987 2371 1124 2396 rasura.
1145 2380 1181 2386 -
1207 2363 1261 2396 20.
1285 2363 1365 2395 istut
1385 2362 1435 2397 M:
1461 2362 1545 2395 istuc
1559 2359 1766 2396 Beroaldus.
1784 2378 1821 2386 -
1846 2362 1902 2396 22.
1919 2365 2036 2396 trans-

245 2422 348 2455 merei
369 2421 402 2455 M
425 2421 659 2463 (transmittere
679 2419 836 2463 margo);
861 2419 1044 2462 transferre
1065 2418 1228 2452 Hillerus.

247 2540 402 2574 ducenta
425 2539 519 2572 milia
542 2540 583 2572 H.
603 2539 637 2572 S.
663 2547 755 2572 esse.
777 2557 812 2562 —
837 2538 908 2571 loco
926 2536 1113 2580 sententiae]

246 2590 336 2623 Vide
359 2599 390 2623 c.
409 2589 463 2623 38.
482 2607 518 2613 -
541 2590 577 2622 in
591 2589 732 2630 Palatio]
757 2588 780 2621 i.
799 2596 830 2621 e.
848 2588 883 2621 in
899 2587 1113 2621 bibliotheca

246 2640 419 2681 Palatina,
443 2641 480 2673 in
497 2648 566 2682 qua
582 2638 751 2681 clipeatae
772 2638 942 2679 imagines
957 2638 1115 2671 virorum

248 2691 410 2725 doctrina
449 2693 484 2724 et
518 2689 717 2732 eloquentia
754 2689 941 2731 insignium
978 2689 1113 2731 positae

248 2744 368 2782 erant3
395 2741 438 2774 cf.
465 2750 495 2774 c.
521 2741 575 2774 83.
616 2739 767 2773 Suetonj
784 2740 905 2772 Octav.
929 2739 989 2772 29:
1022 2739 1115 2772 Tem-

241 2792 338 2835 plwm
358 2791 517 2833 Apollinis
542 2791 580 2823 in
607 2799 649 2823 ea
674 2793 773 2831 parte
798 2789 971 2828 Palatinae
1002 2789 1116 2822 domus

246 2843 424 2883 excitavit,
456 2850 559 2884 quam
585 2841 725 2882 fulmine
752 2841 855 2873 ictam
885 2839 1066 2872 desiderari
1093 2848 1115 2871 a

247 2894 307 2926 deo
340 2893 532 2933 haruspices
563 2891 839 2931 pronuntiarunt.
884 2889 1005 2922 Addita
1029 2898 1116 2930 por-

246 2944 332 2977 ticus
357 2951 433 2975 cum
454 2941 646 2974 bibliotheca
670 2941 793 2973 Latina
816 2940 1025 2981 Graecaque,
1051 2947 1116 2980 quo

247 2994 318 3027 loco
346 2993 417 3025 iam
444 2991 554 3024 senior
581 2998 678 3031 saepe
707 2990 808 3023 etiam
829 2993 979 3022 senatum
1003 2989 1118 3022 habuit

248 3044 463 3084 decuriasque
489 3041 638 3073 iudicum
666 3040 867 3081 recognovit.
896 3057 931 3062 —
963 3042 1010 3072 tot
1034 3048 1115 3072 con-

247 3095 374 3134 sulum,
413 3095 461 3125 tot
492 3090 711 3130 dictatorum]
751 3090 822 3131 Ego
860 3090 896 3122 in
930 3089 1116 3123 Hortensia

248 3146 352 3186 gente
382 3150 493 3177 unum
516 3141 699 3175 dumtaxat
722 3139 933 3173 dictatorem
960 3139 1127 3182 reperio,'

247 3202 358 3226 unum
389 3190 590 3230 consulem;
622 3189 831 3222 dictatorem
853 3198 886 3221 a.
908 3198 943 3221 u.
969 3189 1033 3223 468
1056 3198 1116 3223 se-

249 3243 410 3276 cessione
434 3240 567 3284 plebis,
604 3237 786 3273 consulem
810 3239 849 3278 Q.
876 3238 1111 3279 Hortensium,

248 3293 354 3325 huius
377 3300 501 3329 avum,
527 3299 559 3324 a.
585 3290 668 3329 685;
699 3289 763 3322 sed
787 3287 943 3329 intelligit
965 3288 1114 3322 fortasse

248 3343 402 3375 maiores
425 3350 508 3375 suos
525 3341 631 3374 etiam
647 3348 690 3372 ex
707 3339 814 3381 stirpe
830 3340 1001 3371 materna.
1026 3339 1112 3371 Lips.

249 3393 467 3426 Memoratur
493 3392 679 3434 praeterea
710 3390 746 3422 in
769 3389 877 3422 Fastis
902 3389 937 3421 L.
963 3389 1115 3421 Horten-

252 3441 325 3475 sius
348 3449 421 3474 cos.
446 3449 478 3474 a.
505 3440 586 3482 646,
617 3439 682 3474 sed
705 3438 892 3473 damnatus
922 3438 1114 3479 antequam

1166 2535 1385 2570 consulatum
1401 2537 1515 2570 iniret.
1540 2537 1689 2577 Verum,
1710 2536 1762 2570 uti
1777 2536 1865 2570 scite
1879 2537 2032 2580 Ryckius

1165 2587 1360 2628 adnotavit,
1395 2587 1551 2630 respexit
1581 2587 1772 2630 praecipue
1804 2586 1851 2620 ad
1883 2587 2032 2622 Mardos

1166 2635 1358 2679 Philippos;
1405 2637 1535 2670 Marcia
1580 2637 1676 2671 enim
1721 2637 1862 2671 Catonis
1899 2635 2031 2671 nartali

1165 2686 1270 2720 huius
1294 2687 1372 2719 avia
1395 2687 1480 2720 erat.

1208 2786 1262 2821 38.
1300 2786 1473 2820 inclinatio
1509 2789 1644 2820 senatus
1679 2785 1766 2829 cet.]
1810 2786 1960 2829 Propter
1994 2785 2031 2818 id

1165 2839 1294 2881 ipsum,
1320 2837 1417 2880 quod
1439 2847 1489 2871 eo
1505 2837 1671 2871 inclinare
1691 2837 1854 2871 senatum
1871 2835 2032 2870 animad-

1164 2888 1327 2922 vertebat
1364 2887 1542 2929 Tiberius,
1584 2888 1677 2921 hanc
1713 2886 1916 2920 liberiorem
1954 2886 2031 2921 eius

1165 2937 1381 2971 voluntatem
1413 2939 1610 2980 reprimere
1641 2937 1809 2970 decrevit.
1846 2954 1882 2961 —
1912 2944 1967 2970 res
1992 2945 2028 2978 p.

1166 2989 1302 3031 deficiet]
1331 2988 1508 3021 aerarium
1536 2987 1774 3020 exhaurietur.
1803 3004 1839 3011 -
1864 2986 1935 3019 loco
1955 2995 2032 3020 sen—

1164 3038 1295 3080 tentiae]
1319 3037 1448 3071 eodem
1464 3039 1646 3080 tempore,
1671 3045 1742 3079 quo
1758 3036 1969 3070 sententiam
1985 3036 2030 3070 de

1165 3088 1334 3122 relatione
1350 3087 1445 3129 dicit,
1466 3095 1537 3120 uno
1551 3086 1664 3120 verbo
1680 3085 1806 3120 saltem
1821 3086 2029 3120 assentiens.

1165 3139 1243 3172 Non
1273 3138 1384 3179 enim,
1414 3138 1454 3170 ut
1483 3135 1539 3169 alii
1567 3135 1706 3177 volunt,
1737 3135 1805 3169 hoc
1832 3135 2030 3177 significare

1166 3187 1274 3221 credo
1303 3186 1472 3220 relatione
1505 3194 1651 3229 prorsus
1678 3185 1930 3229 praetermissa
1964 3184 2030 3219 alia

1166 3238 1283 3271 omnia
1305 3236 1476 3280 proferre.
1522 3236 1750 3270 Notissimum
1772 3235 1828 3268 est
1848 3235 1943 3268 enim
1966 3235 2031 3268 Ca·

1165 3289 1304 3328 tonem,
1331 3295 1413 3320 cum
1442 3295 1508 3330 per
1528 3285 1649 3329 plures
1678 3285 1784 3319 horas
1806 3284 1852 3318 de
1875 3284 2029 3319 consulis

1164 3337 1334 3377 relatione
1368 3335 1479 3369 verba
1512 3335 1671 3376 fecisset,
1708 3335 1745 3368 in
1781 3333 1851 3367 fine
1884 3342 2029 3384 semper

1165 3387 1411 3420 subiunxisse:
1459 3386 1607 3420 Cotem
1643 3392 1755 3418 censeo
1790 3384 2029 3427 Karthaginem

1164 3445 1231 3471 esse
1251 3436 1433 3470 delendam.
1455 3451 1492 3460 —
1515 3433 1718 3478 modestiam]
1740 3433 1947 3477 Zanqetiihl,
1971 3434 2029 3468 de-

2238 2882 2254 3027 -u‘hfl‘ffl,
2239 2855 2241 2860 ⁴
2232 2799 2234 2802 ⁵
