2254 3770
325 318 408 369 228

815 326 858 368 P.
892 322 1142 369 CORNELII
1172 327 1341 370 TACITI
1373 328 1639 373 ANNALIUM

325 430 665 475 s‘imilitudine‘et
685 431 890 474 satietate.
926 438 1015 475 tum
1035 432 1149 490 quod
1178 434 1362 491 antiquis
1393 428 1672 492 scriptoribus
1702 450 1822 480 rarus
1844 437 2113 489 obtrectator,

321 521 465 566 neque
497 507 625 550 refert
654 507 927 564 cuiusquam,
966 508 1147 551 Punicas
1183 510 1447 552 Romanasve
1483 510 1598 553 acies
1628 509 1780 555 laetius
1811 512 2032 556 extuleris:
2074 519 2116 556 at

320 583 569 633 multorum,
613 578 686 640 qui
727 582 896 625 Tiberio
937 578 1110 640 regente
1149 598 1332 641 poenam
1371 584 1436 627 vel
1481 585 1673 629 infamias
1713 587 1907 635 subiere,
1952 590 2112 645 posteri

319 665 511 711 manent;
544 664 675 716 utque
707 654 898 702 familiae
920 658 1039 715 ipsae
1071 659 1154 701 iam
1184 660 1391 702 extinctae
1423 659 1518 710 sint,
1556 662 1747 718 reperies
1777 663 1851 720 qui
1881 663 1937 706 ob
1967 663 2113 706 simili-

287 735 509 778 studinem
548 747 715 777 morum
752 732 889 777 aliena
925 733 1144 777 malefacta
1185 734 1263 777 sibi
1303 734 1508 778 obiectari
1538 742 1697 792 putent.
1744 738 1871 780 etiam
1900 737 2032 796 gloria
2062 751 2115 782 ac

318 810 450 854 virtus
493 809 679 852 infensos
719 808 866 860 habet,
908 816 954 852 ut
992 809 1117 852 nimis
1149 824 1200 852 ex
1236 810 1681 868 propinquodiversa
1709 825 1908 870 arguens.
1951 813 2027 857 sed
2059 813 2112 857 ad

318 879 533 943 inceptum
563 884 709 928 redeo.

355 981 357 983 v
410 952 515 1018 ss(34)
549 960 746 1005 COrnelio
779 960 914 1004 Cosso
960 960 1103 1003 Asinio
1140 960 1325 1017 Agrippa
1362 965 1448 1004 cos.
1483 961 1723 1005 Cremutius
1761 962 1927 1006 Cordus
1968 969 2114 1021 postu-

318 1037 443 1086 latur,
486 1050 598 1081 novo
628 1050 678 1080 ac
708 1035 1022 1093 tuncprimum
1052 1035 1197 1079 audito
1229 1036 1422 1085 crimine,
1466 1036 1581 1094 quod
1616 1036 1740 1080 editis
1770 1038 1994 1082 annalibus
2023 1038 2115 1082 lau-

266 1114 305 1154 4'0
319 1113 505 1171 datoque
537 1113 587 1155 M.
618 1106 748 1155 Bruto
782 1111 825 1155 C.
860 1111 1055 1155 Cassium
1086 1113 1373 1154 Romanorum
1403 1110 1594 1154 ultimum
1622 1112 1809 1156 dixisset.
1856 1112 2115 1157 accusabant

319 1188 483 1232 Satrius
514 1187 740 1231 Secundus
771 1193 814 1230 et
843 1186 1037 1230 Pinarius
1066 1187 1205 1233 Natta,

1239 1187 1379 1230 Seiani
1412 1186 1602 1230 clientes.
1644 1187 1686 1230 id
1717 1188 1995 1245 perniciabile
2024 1203 2111 1241 reo,

313 1269 360 1309 'et
382 1264 541 1308 Caesar
569 1256 678 1307 truci
707 1261 825 1306 vultu
847 1262 1140 1306 defensionem
1163 1262 1401 1319 accipiens;
1433 1277 1563 1320 quam
1585 1263 1836 1314 Cremutius,
1868 1263 2114 1322 relinquen-

383 1412 414 1445 l.
440 1412 597 1444 sacietate
619 1410 653 1444 M
678 1427 714 1433 —
741 1410 829 1450 qaod
851 1407 990 1445 inclusit
1012 1408 1228 1450 Nipperdey.
1258 1427 1293 1432 -
1319 1409 1350 1441 2.
1376 1410 1581 1441 Romanasne
1604 1409 1698 1442 idem
1723 1418 1765 1442 ex
1789 1418 1857 1442 usu
1879 1409 1996 1443 bonae
2019 1410 2113 1443 Lati-

260 1468 446 1509 ..-nitatis.
475 1485 510 1490 —
537 1466 582 1508 at]
608 1467 652 1499 ad
675 1475 728 1508 pr.
755 1466 788 1499 M
814 1481 849 1488 —-
877 1465 909 1497 3.
934 1465 1092 1507 infamias
1116 1465 1160 1505 (in
1187 1464 1253 1497 fine
1279 1465 1413 1505 versus)
1439 1466 1490 1498 M:
1517 1466 1693 1507 infamiam
1716 1467 1864 1508 Lipsius.
1891 1484 1926 1490 —
1953 1465 1984 1499 4.
2010 1470 2113 1513 atquc

262 1516 265 1519 ”
317 1525 351 1558 Μ
377 1542 413 1548 -
446 1523 477 1557 6.
502 1526 539 1555 ut
561 1523 659 1555 nimis
681 1523 854 1556 Muretus:
890 1522 1048 1553 utanimis
1076 1530 1130 1563 pr.
1157 1521 1207 1559 M;

1238 1522 1277 1553 ut
1299 1522 1432 1554 animus
1454 1530 1545 1554 corr.
1573 1523 1604 1554 M
1631 1540 1667 1545 --
1701 1522 1746 1554 ad
1767 1522 1933 1563 inceptwu
1955 1522 2112 1556 Halmius

312 1572 408 1624 (coll.
434 1581 465 1621 6,
491 1581 544 1614 22.
571 1579 707 1613 Sallust.
734 1578 832 1612 Catil.
859 1579 890 1612 7.
917 1580 990 1620 lug.
1015 1578 1046 1611 4.
1073 1577 1144 1619 42):
1171 1582 1307 1620 ancepco
1331 1579 1414 1621 (non
1438 1583 1589 1620 ancepta)
1615 1580 1665 1619 Μ;
1692 1579 1736 1611 ad
1757 1580 1890 1620 incepta
1912 1575 2046 1621 margo.
2075 1597 2110 1604 -

317 1639 352 1671 Η
364 1663 371 1672 .
392 1637 616 1679 permutabile
638 1637 684 1670 M.

316 1747 402 1803 iibri
420 1758 567 1798 docent,
597 1757 637 1789 ut
660 1755 743 1789 nihil
768 1755 904 1795 dicam,
935 1754 1030 1796 quod
1055 1764 1188 1787 novum

317 1811 423 1852 atque
448 1807 644 1842 inauditum
670 1807 784 1846 esset,
819 1806 848 1838 si
872 1805 951 1847 quis
975 1814 1039 1847 pro
1063 1806 1190 1838 eosdem

258 1872 265 1898 ί
311 1869 502 1894 causarum
530 1859 640 1891 emitas
660 1856 723 1902 ‘vel
752 1857 897 1890 eiusdem
926 1857 1039 1889 coeitus
1069 1864 1190 1888 causas

317 1912 454 1945 diceret
475 1911 606 1943 easdem
628 1909 723 1941 exitu
746 1916 875 1940 causas.
914 1907 947 1939 Si
970 1915 1056 1939 vero
1081 1906 1189 1939 lenis-

317 1963 406 1995 sima
430 1960 623 1994 mutatione
648 1959 777 1990 easdem
799 1957 895 1990 exitii
917 1965 1039 1989 causas
1062 1956 1189 1988 scribi-

309 2014 405 2052 -tur,·
428 2011 463 2044 et
495 2009 693 2053 sententiae
724 2008 759 2040 et
790 2007 1041 2048 grammaticae
1066 2006 1187 2038 rationi

305 2063 451 2104 ·optime
476 2058 682 2099 consulitur.
708 2059 796 2090 Nam
813 2057 909 2090 exitii
925 2057 1108 2089 hominum
1125 2064 1190 2087 no-

317 2113 442 2147 bilium
465 2113 570 2153 atque
602 2109 787 2142 illustrium
812 2116 933 2140 causas
955 2108 1083 2140 easdem
1107 2106 1128 2139 i.
1156 2115 1186 2138 e.

319 2173 363 2197 ex
385 2162 512 2195 invidia
538 2162 598 2193 aut
622 2161 721 2192 metu
744 2159 803 2190 aut
823 2157 967 2190 avaritia
990 2156 1189 2199 principum

319 2213 444 2253 fuisse,
471 2221 515 2245 ex
538 2209 729 2244 Annalibus
754 2208 986 2249 Historiisque
1014 2206 1092 2239 luce
1118 2205 1190 2238 cla-

318 2264 402 2297 rius'
415 2262 580 2305 apparet:
608 2262 651 2293 et.
665 2258 753 2292 solet
776 2259 914 2291 Tacitus
931 2266 1056 2290 causas
1073 2256 1192 2288 exitio-

320 2322 402 2347 rum
424 2313 546 2356 aperte
564 2311 808 2344 demonstrare
825 2310 885 2340 aut
901 2308 998 2340 certe
1019 2306 1189 2345 indicare,

321 2364 357 2397 id
381 2363 477 2405 quod
497 2362 530 2403 4,
548 2362 601 2394 52.
627 2361 681 2393 58.
708 2360 762 2398 Μ,
781 2358 813 2391 4.
833 2358 885 2398 ⁴3,
905 2358 936 2390 i.
963 2357 1016 2398 46,
1037 2356 1075 2390 44
1099 2354 1192 2388 mul-

310 2417 436 2458 ·tisque
461 2412 535 2446 aliis
557 2411 643 2445 locis
667 2411 808 2443 factum.
836 2409 1072 2441 Grammatica
1088 2407 1192 2439 huius

321 2467 389 2502 loci
421 2465 529 2504 ratio,
566 2470 657 2504 quae
693 2460 837 2502 quidem
872 2459 1063 2500 genitivum
1097 2457 1194 2490 exitii

323 2517 501 2558 efflagitat,
527 2513 653 2547 eadem
679 2513 749 2552 est,
777 2519 868 2552 quae
891 2509 924 2549 4,
950 2510 1010 2542 52:
1048 2509 1101 2541 cui
1123 2508 1194 2540 sola

323 2569 420 2604 exitii
439 2575 543 2600 causa
558 2566 612 2605 sit,
631 2563 718 2603 quod
734 2570 827 2603 sqq.;
854 2569 885 2593 ο.
903 2560 964 2592 58:
989 2559 1076 2591 unde
1098 2558 1194 2591 exitii

324 2628 427 2654 causa
448 2617 559 2650 multis
580 2615 654 2656 fuit.
681 2614 848 2645 HERAEUS.
878 2628 914 2633 -
946 2609 1060 2651 obvia]
1093 2608 1191 2641 «fre-

325 2669 474 2712 quente,
506 2672 650 2707 semper
677 2661 850 2695 redeunte
874 2668 916 2692 ac
945 2667 1055 2701 prope
1079 2659 1192 2691 inevi-

325 2718 462 2753 tabili».
483 2734 518 2740 —
544 2718 614 2747 tum
636 2712 733 2754 quod]
760 2709 896 2743 «Altera
915 2717 1022 2741 causa
1038 2709 1103 2748 est,
1129 2716 1193 2740 cur

326 2769 396 2803 mei
420 2764 563 2800 annales
587 2762 715 2796 multos
743 2761 858 2793 minus
883 2758 1071 2798 delectent,
1097 2757 1193 2799 quod

326 2817 421 2852 haud
443 2822 658 2859 paucorum,
690 2811 734 2843 de
759 2809 887 2852 quibus
910 2807 1029 2846 trado,
1060 2807 1192 2849 posteri

326 2868 482 2902 manent.
516 2863 659 2905 Reliqua
694 2857 756 2894 διὰ
793 2860 916 2903 μέσου
952 2858 1064 2900 posita
1097 2859 1190 2890 sunt.

326 2921 433 2953 Dosn.
463 2935 499 2941 —-
531 2914 705 2955 infamias]
741 2910 884 2944 Pluralis
908 2909 966 2941 hic
990 2909 1044 2942 est
1067 2907 1193 2941 saltem

326 2968 420 3012 apud
443 2966 604 3001 Plautum
629 2967 725 2997 Pers.
751 2963 783 3002 3,
809 2963 841 3001 l,
868 2960 920 2993 49.
947 2960 983 2991 et
1005 2967 1193 2992 commen-

327 3020 387 3053 dat
415 3019 506 3052 hanc
534 3015 723 3048 lectionem
753 3013 875 3044 notum
903 3010 1010 3042 Taciti
1037 3009 1191 3042 studium

326 3068 483 3103 variandi
512 3067 548 3100 in
577 3063 705 3098 talibus
734 3064 770 3094 et
798 3061 975 3094 abstracta
1004 3060 1039 3091 in
1067 3057 1192 3101 plurali

326 3118 492 3163 ponendi.
531 3116 580 3150 Cf.
607 3116 639 3154 l,
664 3112 725 3146 74:
759 3112 922 3144 audaciae
942 3110 1122 3142 hominum.
1157 3107 1189 3148 4,

326 3170 386 3202 67:
412 3167 532 3202 occulti
553 3166 667 3198 luoeus.
699 3161 751 3201 ⁴4,
777 3160 815 3193 4:
840 3160 1031 3201 parentium
1051 3159 1192 3191 iracun-

326 3220 399 3253 dias
422 3219 491 3252 cet.
517 3214 680 3249 Similiter
701 3212 828 3255 glorias
851 3211 882 3249 3,
908 3210 962 3243 45.
991 3227 1026 3232 -
1051 3209 1193 3250 infensos

325 3269 430 3310 habet]
455 3266 616 3305 offendit,
646 3262 749 3305 quasi
770 3259 957 3292 virtutibus
981 3260 1084 3292 nimis
1107 3267 1192 3301 pro—

326 3318 465 3361 pinquis
497 3318 532 3349 et
569 3312 729 3347 eiusdem
763 3310 887 3342 aetatis
917 3310 1083 3341 notentur
1110 3308 1191 3340 vitia

326 3377 416 3410 quae
449 3366 609 3400 obtinent
631 3361 815 3396 contraria.
841 3360 967 3392 Dusns.
995 3376 1031 3381 —
1063 3359 1107 3390 ad
1135 3359 1190 3390 in-

324 3422 453 3460 ceptum
474 3417 582 3457 redeo]
616 3414 744 3448 Contra
769 3411 821 3451 ⁴5,
847 3409 905 3442 36:
939 3409 1080 3441 deseruit
1099 3410 1191 3441 ince-

319 3471 426 3510 ptum.

1283 1754 1335 1787 34.
1363 1750 1514 1788 'Cornelio
1539 1753 1646 1795 Cosso]
1671 1752 1741 1786 filio
1758 1755 1823 1787 Cn.
1843 1751 1993 1788 Cornelii
2010 1755 2111 1789 Cossi

1240 1804 1375 1837 Lentuli
1399 1814 1472 1838 cos.
1498 1814 1529 1837 a.
1549 1804 1624 1844 753,
1651 1805 1757 1837 fratre
1783 1803 1917 1838 Lentuli
1943 1803 2111 1838 Gaetulici

1240 1857 1282 1897 (c.
1298 1855 1362 1895 42).
1389 1855 1539 1888 Alterius
1554 1854 1709 1900 consulis
1723 1864 1853 1888 nomen
1867 1857 2044 1899 integrum
2057 1858 2112 1890 est

1238 1907 1284 1938 M.
1309 1906 1444 1938 Asinius
1465 1907 1512 1938 M.
1536 1906 1561 1947 f.
1584 1906 1748 1947 Ayrippa.
1775 1905 1825 1938 Cf.
1845 1914 1876 1939 c.
1896 1907 1949 1939 6⁴.
1969 1924 2006 1930 —
2033 1906 2109 1940 Cro-

1237 1958 1362 1989 mutius
1384 1957 1510 1989 Cordus
1533 1955 1619 1997 cet]
1655 1957 1719 1989 Dio
1750 1957 1810 1997 57,
1836 1956 1896 1989 24:
1934 1954 2111 2004 Κρεμού-

1238 2015 1319 2047 τιος
1351 2003 1500 2052 Κόρδος
1534 2001 1716 2053 αὐτόχειρ
1750 2004 1889 2040 ἑαυτοῦ
1917 2007 2109 2051 γενέσθω,

1239 2051 1299 2089 ὅτι
1314 2055 1365 2100 τῷ
1382 2054 1533 2100 Σηϊανῷ
1550 2058 1847 2104 προσέκρουσεν,
1866 2053 2109 2103 ἠναγκάσθη.

1240 2102 1339 2140 οὕτω
1363 2104 1435 2154 γὰρ
1459 2104 1569 2140 οῦδὲν
1594 2103 1766 2151 ἔγκλημα
1789 2106 1959 2141 ἐπαίτιον
1978 2106 2111 2149 λαβεῖν

1239 2153 1414 2208 ηἶδυνήθη
1452 2157 1534 2200 (καὶ
1566 2154 1639 2204 γὰρ
1662 2156 1702 2190 ἐν
1726 2154 1862 2198 πύλαις
1885 2153 1958 2201 ἤδη
1981 2155 2109 2206 γήρως

1239 2208 1288 2251 ἠν
1310 2209 1376 2240 καὶ
1398 2207 1662 2241 ἐπιεικέστατα
1677 2205 1907 2251 ἐβεβιώκει),
1932 2203 2031 2242 ὥστε
2047 2209 2110 2243 ἐπὶ

1240 2257 1286 2305 τῇ
1316 2259 1482 2305 ἱστορίᾳ,
1518 2255 1567 2302 ἢν
1596 2256 1714 2292 πάλαι
1738 2257 1830 2292 ποτὲ
1853 2259 1936 2305 περὶ
1958 2257 2034 2291 τῶν
2055 2258 2109 2304 τῷ

1241 2305 1448 2353 Αὐγούστῳ
1477 2308 1724 2355 πραχθέντων
1758 2309 2012 2343 συνετεθείκει
2045 2311 2110 2344 καὶ

1242 2356 1291 2403 ἢν
1324 2356 1442 2402 αὐτὸς
1475 2359 1622 2401 ἐκεῖνος
1652 2355 1877 2403 ἀνεγνώκει,
1912 2359 2109 2407 κριθῆναι,

1243 2406 1303 2444 ὅτι
1325 2408 1393 2444 τόν
1415 2420 1456 2443 τε
1472 2408 1647 2443 Κάσσιον
1665 2411 1730 2443 καὶ
1745 2407 1813 2443 τὸν
1828 2409 2001 2457 Βροῦτον
2015 2409 2111 2458 ἐπῄ-

1242 2471 1329 2494 νεσε
1350 2461 1416 2494 καὶ
1438 2459 1506 2494 τοῦ
1530 2457 1656 2503 δήμου
1679 2458 1748 2503 τῆς
1771 2469 1811 2493 τε
1825 2459 1971 2502 βουλῆς
1985 2459 2110 2505 καθή-

1242 2517 1351 2554 ψατο
1361 2521 1369 2530 ·
1393 2508 1461 2543 τόν
1476 2521 1516 2543 τε
1531 2511 1709 2557 Καίσαρα
1723 2510 1790 2543 καὶ
1803 2507 1872 2543 τ’ὸν
1886 2505 2111 2555 Αῧγουστον

1243 2559 1323 2594 εἶπε
1337 2561 1408 2604 μὲν
1427 2557 1549 2594 κακὸν
1565 2556 1689 2601 οὐδέν,
1708 2556 1756 2594 οὐ
1769 2561 1902 2604 μέντοι
1915 2561 1982 2594 καὶ
1997 2558 2110 2608 ὑπερ-

1242 2613 1458 2655 εσέμνυνεν.
1499 2609 1619 2644 ταῦτά
1652 2620 1693 2643 τε
1731 2607 1803 2657 γὰρ
1838 2606 2002 2657 ᾐτιάθη,
2043 2611 2110 2644 καὶ

1241 2661 1303 2696 διὰ
1326 2661 1447 2696 ταῦτα
1469 2658 1587 2703 αὐτός
1610 2671 1650 2694 τε
1672 2657 1842 2701 ἀπέθανε
1863 2661 1929 2693 καὶ
1950 2657 1998 2693 τὰ
2014 2671 2109 2705 συγ-

1241 2711 1448 2760 γράμματα
1480 2708 1599 2746 αὐτοῦ
1635 2708 1722 2743 τότε
1753 2708 1825 2753 {aar
1858 2709 1899 2743 ἐν
1924 2709 1971 2758 τῇ
1999 2708 2108 2744 πόλει

1242 2761 1444 2810 εὑρεθέντα
1473 2758 1567 2808 πρὸς
1597 2759 1673 2793 τῶν
1694 2755 1951 2806 ἀγορανόμων
1972 2761 2037 2793 καὶ
2059 2756 2108 2793 τὰ

1240 2809 1313 2856 ἔξω
1331 2810 1426 2858 πρὸς
1441 2810 1516 2845 τῶν
1533 2807 1770 2850 ἑκασταχόθι
1784 2805 1984 2856 ἀρχόντων
1998 2807 2109 2844 suaa-

1242 2864 1311 2907 θη,
1342 2860 1503 2909 ὕστερον
1532 2860 1573 2894 δὲ
1602 2857 1762 2903 ἐξεδόθη
1785 2869 1825 2892 τε
1847 2853 1962 2901 αὖθις
1983 2855 2108 2903 (ἄλλοι

1241 2924 1281 2948 τε
1313 2911 1386 2960 γὰρ
1419 2913 1484 2945 καὶ
1517 2910 1686 2955 μάλιστα
1719 2906 1744 2954 ἡ
1779 2907 1953 2957 θυγάτηρ
1986 2907 2106 2944 αὐτοῦ

1241 2965 1394 3011 Μαρκία
1417 2963 1657 3009 συνέκρυψεν
1673 2958 1785 3002 αὐτοί)
1805 2961 1870 2993 καὶ
1887 2958 1982 2994 πολὺ
1999 2956 2108 3003 ἀξιο-

1242 3011 1554 3059 σπουδαστότερα
1577 3008 1652 3045 ὑπὸ
1671 3009 1741 3054 τῆς
1755 3010 1824 3045 τοῦ
1840 3009 1990 3058 Κόρδου
2007 3021 2108 3054 συμ-

1241 3063 1367 3111 φορᾶς
1396 3063 1555 3107 ἐγένετο.
1592 3079 1628 3085 —-
1661 3070 1747 3094 novo
1780 3070 1823 3094 ac
1854 3065 1934 3094 tunc
1959 3062 2108 3102 primum

1241 3116 1357 3149 audito
1371 3113 1519 3155 crimine]
1536 3114 1660 3146 Postea
1671 3120 1757 3145 vero
1774 3111 1900 3144 eadem
1916 3120 1974 3145 res
1990 3112 2108 3146 evenit

1242 3165 1436 3199 Domitiano
1452 3164 1621 3206 principe.
1646 3163 1760 3204 Agric.
1779 3162 1818 3194 2:
1843 3162 2006 3203 Legimus,
2029 3171 2106 3195 cum

1239 3215 1382 3248 Amclcno
1415 3213 1548 3246 Rustico
1580 3213 1699 3244 Paetus
1733 3211 1899 3251 Thrasea,
1942 3211 2105 3244 Herennio

1241 3264 1410 3297 Senecioni
1432 3263 1563 3296 Prisom
1576 3262 1744 3294 Helvidius
1764 3261 2025 3301 laudationem,
2049 3269 2105 3294 ca-

1237 3314 1343 3355 pitale
1369 3313 1483 3354 fuisse,
1515 3319 1620 3352 neque
1645 3311 1681 3343 in
1705 3311 1793 3351 ipsos
1819 3310 1916 3342 modo
1938 3313 2101 3351 auctores,

1239 3364 1295 3396 scd
1320 3364 1357 3395 in
1386 3362 1487 3395 libros
1515 3369 1644 3401 quoque
1670 3368 1784 3392 sanun
1805 3361 1985 3400 saevitum,
2015 3359 2102 3392 dolo—

1239 3415 1319 3454 qato
1341 3412 1527 3444 triumviris
1546 3409 1728 3443 nanis-teria
1750 3412 1789 3441 ut
1802 3408 2102 3442 monmorencia-

1239 3461 1447 3494 risstmorum
1477 3459 1687 3502 inaeniorum
1718 3459 1755 3492 in
1786 3458 1927 3498 comitio·
1949 3464 1991 3504 qo
2016 3458 2101 3503 [ατο
