2254 3770
0 2783 14 3037 ''rt-‚qu-votw--v-
0 2749 2 2769 μ
0 2702 6 2738 Α-Ἀ
0 2674 4 2686 ⁷
0 2649 7 2662 ··
0 2613 3 2631 Ὗ·
0 2548 2 2550 ⁴

1905 262 1982 292 xix

198 362 402 415 venerat,
440 359 752 418 tormentariae
782 358 845 399 rei
886 370 965 413 per
994 357 1181 402 Galliam
1221 357 1516 413 praefectum,
1561 360 1686 414 isque
1726 371 1848 399 usum
1887 358 1981 400 eius

197 436 482 480 concesserat
522 431 749 477 Oberlino.
812 433 897 476 Hic
940 437 1009 476 est
1054 433 1198 476 codex
1241 434 1337 486 ille,
1385 433 1622 488 quo1duce
1660 432 1904 476 Rhenanus
1939 435 1982 475 et

197 509 434 555 oberlinus
467 509 704 550 nonnullos
739 508 910 564 quidem
940 508 1082 551 Taciti
1111 509 1257 561 locos,
1291 512 1527 563 praecipue
1560 522 1658 565 eos,
1690 509 1846 563 quibus
1877 507 1982 549 nibil

197 597 338 643 paene
368 586 591 627 enotatum
624 597 680 627 ex
704 585 803 625 aliis
828 581 988 640 MSS,
1019 583 1308 626 emendarunt
1330 586 1374 626 et
1396 586 1710 637 restituerunt,
1739 583 1818 626 sed
1849 584 1983 641 longe

197 661 346 717 plures
376 663 421 702 et
459 672 600 711 paene
631 661 882 701 innumeros
913 658 1239 714 depravarunt:
1271 671 1368 700 nam
1401 658 1486 702 dici
1526 660 1603 701 vix
1643 662 1813 714 potest,
1856 671 1981 714 quam

195 736 330 778 multa
369 738 412 777 in
451 748 504 777 eo
545 736 618 777 vel
650 747 806 778 socors
846 734 1136 790 stupidusque
1178 735 1383 776 librarius
1419 735 1669 790 corruperit
1699 737 1744 776 et
1775 735 1984 791 omiserit,

194 812 267 854 vel
297 812 475 867 ineptus
506 811 798 866 interpolator
827 811 1042 852 orationis
1075 810 1304 852 contextui
1335 811 1581 853 inculcarit.

307 941 353 984 4.
392 941 676 996 Rudolphi
717 943 1054 999 Agricolae,
1091 942 1424 984 recentissimus
1462 944 1506 984 et
1538 943 1643 983 mire
1675 941 1983 995 interpolatus,

194 1018 319 1061 cuius
346 1018 563 1060 lectiones
593 1018 837 1073 vulgarunt
862 1017 1041 1072 Lipsius
1071 1017 1159 1063 (cui
1192 1018 1478 1059 eas<miserat
1508 1015 1735 1071 Medius),
1773 1016 1984 1058 Heinsius

195 1098 239 1135 et
268 1093 472 1149 Ryckius
531 1093 723 1136 Iacobus
754 1093 1021 1136 Gronovius.
1076 1091 1143 1134 De
1174 1105 1226 1134 eo
1257 1093 1434 1147 Lipsius
1474 1094 1517 1133 in
1549 1091 1746 1134 Praefat.
1775 1091 1831 1134 ad
1866 1090 1982 1133 Edit.

198 1168 363 1211 1585:
405 1169 576 1211 «Multa
615 1168 881 1223 Rudolphus
921 1169 1185 1210 observarat
1225 1170 1270 1210 et
1300 1167 1357 1209 ad
1388 1169 1627 1225 marginem
1659 1168 1756 1210 libri
1788 1168 1856 1209 sui
1887 1169 1984 1209 ret-

194 1244 382 1300 tulerat,
419 1243 497 1286 sed
530 1245 610 1296 ita,
642 1247 689 1285 ut
721 1245 813 1285 iure
844 1244 1065 1302 ambigas,
1098 1246 1302 1299 prompta
1332 1255 1385 1285 ea
1416 1254 1440 1284 e
1471 1244 1783 1285 vetustissimis
1813 1243 1936 1286 libris
1954 1238 1983 1293 ¹)

194 1321 306 1375 sint,
335 1332 390 1361 an
422 1320 478 1362 ab
508 1320 642 1374 ipso.»

308 1432 473 1477 Omnes
503 1432 545 1474 hi
577 1437 622 1475 et
643 1435 781 1475 ceteri
802 1432 1000 1487 codices,
1033 1433 1103 1485 qui
1127 1432 1363 1474 Annalium
1385 1432 1522 1474 libros
1543 1429 1799 1485 XI—XVI,
1825 1430 1984 1471 Histo-

194 1511 355 1552 riarum
384 1510 522 1551 libros
553 1508 674 1550 1—V
703 1509 955 1565 continent,
991 1520 1048 1549 ex
1079 1507 1232 1550 codice
1262 1506 1605 1566 Langobardico
1637 1506 1837 1562 expressi
1868 1508 1986 1562 sunt,

195 1584 296 1627 inde
337 1585 393 1627 ab
430 1597 483 1627 eo
524 1587 745 1639 tempore,
788 1597 873 1639 quo
913 1584 987 1625 ille
1029 1585 1071 1624 in
1105 1582 1381 1626 Bibliotheca
1412 1581 1460 1626 S.
1492 1582 1638 1626 Marci
1669 1582 1929 1624 Florentina
1959 1594 1985 1623 a

196 1673 356 1719 magno
387 1660 462 1702 illo
493 1656 652 1702 Cosmo
684 1658 916 1714 depositus
946 1661 1037 1701 est:
1081 1659 1243 1700 nullum
1276 1660 1387 1701 enim
1419 1659 1545 1711 novi,
1575 1657 1630 1700 de
1661 1671 1746 1714 quo
1777 1657 1985 1700 affirmari

194 1736 360 1792 possit,
395 1736 684 1790 antiquiorem
726 1746 820 1776 eum
853 1746 953 1776 esse
983 1746 1021 1776 a.
1062 1733 1225 1788 1444,
1265 1747 1350 1789 quo
1380 1734 1456 1776 illa
1487 1732 1666 1777 condita
1697 1736 1780 1775 est.
1835 1733 1985 1789 Atque

196 1823 250 1853 eo
281 1809 510 1852 dumtaxat
540 1811 714 1852 nomine
745 1812 860 1851 inter
890 1822 939 1852 se
970 1809 1198 1865 differunt,
1231 1808 1347 1865 quod
1377 1822 1490 1851 unus
1520 1810 1758 1864 minimum,
1790 1809 1986 1850 fortasse

195 1887 363 1942 aliquot
404 1884 614 1941 descripti
653 1888 758 1927 sunt
797 1897 851 1927 ex
893 1884 1235 1943 Langobardico
1268 1886 1400 1941 ipso,
1435 1886 1508 1927 alii
1546 1897 1603 1927 ex
1633 1883 1761 1926 huius
1790 1881 1985 1930 ἐκτύποις

194 1962 315 2005 lectu
344 1961 495 2016 utique
525 1961 660 2003 multo
691 1961 987 2018 facilioribus,
1025 1973 1079 2005 ac
1120 1961 1464 2016 promptioribus
1499 1962 1685 2004 inventu
1715 1962 1786 2008 iis,
1830 1960 1987 2015 quibus

194 2037 466 2079 Florentiam
505 2035 628 2078 adire
665 2049 752 2078 non
783 2037 990 2080 vacabat.
1044 2038 1211 2095 Ingens
1241 2040 1386 2079 autem
1416 2037 1651 2078 varietatis
1680 2035 1911 2078 multitudo
1943 2036 1986 2076 in

195 2111 265 2154 his
299 2112 457 2155 rivulis
494 2114 619 2155 varie
656 2124 711 2155 ex
746 2125 796 2155 se
826 2112 1030 2156 deductis
1060 2111 1294 2155 tribuenda
1324 2113 1393 2155 est
1424 2112 1582 2167 partim
1613 2124 1759 2154 merae
1789 2112 1986 2167 scripto-

194 2200 288 2230 rum
328 2188 603 2231 librariorum
636 2189 962 2247 negligentiae,
1009 2189 1165 2245 partim
1197 2189 1403 2231 licentiae
1433 2188 1494 2229 illi
1525 2188 1728 2238 criticae,
1768 2199 1854 2243 qua
1885 2187 1988 2231 Itali

195 2263 361 2306 saeculi
392 2262 492 2306 XV.
523 2264 567 2304 in
607 2264 885 2319 antiquorum
923 2265 1091 2320 scripta
1121 2264 1460 2322 grassabantur.
1518 2262 1643 2321 Ergo
1674 2274 1783 2304 vera
1820 2262 1989 2304 utilitas

195 2337 348 2381 luorum
379 2337 577 2381 codicum
609 2337 694 2380 duo
726 2338 1026 2381 tantummodo
1057 2338 1112 2382 ad
1144 2340 1293 2393 capita
1322 2338 1461 2381 redit:
1501 2339 1546 2379 in
1577 2339 1631 2379 iis
1661 2339 1791 2394 enim,
1828 2338 1901 2393 qui
1932 2349 1987 2379 ex

196 2413 539 2471 Langobardico
580 2414 677 2469 ipso
709 2413 827 2457 ducti
867 2418 992 2470 sunt,
1033 2417 1225 2457 exeunte
1264 2415 1443 2457 saeculo
1480 2412 1582 2455 XV.
1619 2413 1832 2455 nonnulla
1870 2424 1986 2455 nunc

197 2501 337 2545 prope
370 2488 562 2531 evanida
590 2492 667 2531 aut
691 2490 1042 2533 correctionibus
1064 2490 1302 2533 obscurata
1321 2488 1516 2531 fortasse
1535 2488 1714 2532 facilius
1735 2488 1988 2543 certiusque

197 2565 289 2623 legi
317 2565 451 2620 atque
479 2565 671 2607 exscribi
692 2566 931 2609 etiamtunc
954 2568 1184 2621 poterant:
1215 2577 1348 2621 porro
1370 2566 1414 2605 in
1434 2563 1504 2606 his
1524 2566 1658 2620 atque
1678 2564 1776 2606 aliis
1797 2575 1853 2605 ex
1874 2563 1988 2605 illius

198 2636 481 2694 ἀπογράφοις
512 2639 656 2682 ductis
687 2640 921 2682 manifesto
954 2642 1057 2682 sunt
1083 2641 1252 2696 aliquot
1273 2640 1426 2694 scripti
1448 2652 1539 2681 non
1559 2639 1615 2682 ab
1637 2639 1853 2693 operariis
1871 2650 1989 2680 mer-

199 2714 309 2758 cede
339 2714 584 2769 conductis,
615 2713 695 2756 sed
715 2727 742 2757 a
764 2716 873 2757 viris
893 2716 1047 2758 critico
1069 2727 1204 2758 sensu
1226 2714 1453 2770 praeditis,
1485 2727 1666 2770 quorum
1688 2714 1990 2756 correctiones

197 2790 402 2833 consulto
425 2789 574 2832 factae
600 2788 817 2832 interdum
842 2791 1019 2846 saltem,
1051 2790 1250 2847 quamvis
1270 2801 1386 2844 raro,
1407 2789 1662 2845 probabiles
1682 2788 1766 2832 dici
1789 2790 1989 2843 possunt.

311 2897 477 2945 Similis
497 2901 597 2943 olim
618 2904 715 2944 erat
736 2903 981 2945 auctoritas
1001 2904 1200 2944 veterum
1223 2901 1461 2944 editionum
1482 2913 1510 2943 a
1530 2899 1769 2944 walthero
1793 2899 1987 2957 diligen-

200 2977 368 3019 tissime
408 2977 692 3031 collatarum,
739 2989 850 3032 quae
889 2979 992 3032 post
1032 2977 1203 3019 Baiteri
1242 2988 1390 3019 curam
1429 2976 1513 3018 iam
1551 2988 1691 3031 prope
1721 2975 1777 3018 ad
1811 2974 1985 3016 nihilum

199 3050 384 3095 redacta
422 3054 512 3105 est,
554 3054 861 3107 praeterquam
901 3052 974 3095 ubi
1012 3053 1056 3094 in
1092 3053 1146 3094 iis
1184 3052 1406 3106 reperitur
1434 3052 1692 3094 coniectura
1739 3050 1886 3104 aliqua
1931 3062 1984 3091 ex

295 3261 331 3298 1)
367 3262 426 3295 Sic
462 3263 560 3296 multi
601 3267 684 3295 tunc
706 3262 877 3296 vocabant
902 3264 1006 3296 etiam
1032 3262 1207 3304 elegantes
1233 3264 1309 3296 ilios
1336 3262 1494 3300 codices,
1535 3263 1595 3302 qui
1624 3261 1703 3293 Sec.
1733 3259 1809 3292 XV.
1837 3265 1986 3294 exeunte

204 3323 286 3354 ante
311 3323 488 3356 inventam
513 3321 775 3364 typographiam
799 3330 841 3354 ex
869 3321 1019 3355 officinis
1051 3321 1203 3355 librariis
1237 3322 1447 3356 Florentinis
1481 3326 1516 3356 et
1550 3318 1877 3356 Mediolanensibus
1911 3328 1988 3360 pro-

206 3378 355 3418 dieunt.
394 3379 463 3414 On.
