2254 3770
298 280 353 325 52
774 283 816 326 Ρ.
849 282 1099 328 CORNELII
1128 284 1297 330 TACITI
1325 285 1592 330 ANNALIUM

295 389 379 434 lato
419 388 579 433 ambitu
617 395 660 433 et
695 388 900 433 dimensis
939 390 1158 449 principiis
1194 391 1318 434 trium
1354 391 1569 450 legionum
1608 406 1758 437 manus
1788 394 2073 449 ostentabant;

294 465 394 510 dein
422 465 626 510 semiruto
656 465 783 514 vallo.
815 464 962 509 humili
983 465 1096 510 fossa
1120 467 1288 511 accisae
1308 468 1393 511 iam
1412 467 1620 526 reliquiae
1641 468 1889 514 consedisse
1909 470 2073 515 intelle-

291 541 519 599 gebantur:
550 540 693 585 medio
714 541 852 599 campi
873 541 1056 586 albentia
1076 556 1192 591 ossa,
1224 549 1271 586 ut
1291 542 1501 600 fugerant,
1533 550 1578 587 ut
1604 545 1860 595 restiterant,
1893 545 2071 591 disiecta

291 616 357 661 vel
377 623 589 675 aggerata.
620 616 873 661 adiacebant
891 617 1097 675 fragmina
1117 617 1298 662 telorum
1320 632 1617 676 equorumque
1641 626 1773 668 artus,
1805 620 1930 664 simul
1950 627 2068 664 trun-

257 692 350 737 5cis
380 692 581 736 arborum
611 692 792 736 antefixa
821 706 908 736 ora.
966 692 1074 738 lucis
1113 693 1362 751 propinquis
1398 693 1608 739 barbarae
1649 708 1767 747 arae,
1817 703 1921 754 aput
1958 711 2067 755 quas

288 768 478 812 tribunos
509 782 559 813 ac
586 768 822 826 primorum
852 767 1048 812 ordinum
1080 768 1353 812 centuriones
1388 776 1686 814 mactaverant.
1737 776 1779 814 et
1808 771 1941 815 cladis
1971 772 2065 817 eius

284 845 551 903 superstites,
582 858 768 902 pugnam
797 850 869 888 aut
897 843 1065 888 vincula
1094 843 1249 902 elapsi,
1281 844 1521 889 referebant
1549 845 1618 889 hic
1647 845 1856 890 cecidisse
1887 846 2062 905 legatos,

282 919 366 964 illic
395 927 538 979 raptas
568 919 752 979 aquilas;
790 919 862 963 ubi
892 919 1076 977 primum
1105 918 1258 963 vulnus
1287 921 1397 964 Varo
1427 920 1639 972 adactum,
1672 920 1746 964 ubi
1777 921 1928 966 infelici
1959 922 2064 967 dex-

280 1002 369 1040 tera
406 1003 449 1040 et
477 1010 555 1040 suo
586 996 669 1040 ictu
701 1001 880 1039 mortem
918 994 1144 1048 invenerim
1186 1009 1273 1053 quo
1311 995 1508 1039 tribunali
1539 996 1805 1040 contionatus
1834 997 2059 1050 Arminius,

228 1090 264 1120 ω
277 1076 382 1129 quot
408 1071 597 1129 patibula
625 1070 823 1129 captivis,
855 1083 967 1127 quae
997 1069 1196 1124 scrobes;
1226 1076 1358 1128 utque
1389 1071 1520 1129 signis
1550 1078 1592 1115 et
1620 1070 1774 1130 aquilis
1804 1086 1883 1130 per
1907 1087 2059 1132 super-

274 1147 390 1192 biam
427 1146 630 1191 inluserit.
691 1146 772 1202 (62)
803 1145 929 1203 igitur
957 1147 1171 1190 Romanus
1210 1146 1283 1204 qui
1315 1145 1462 1190 aderat
1498 1147 1711 1191 exercitus
1757 1154 1924 1191 sextum
1959 1155 2057 1207 post

274 1222 406 1267 cladis
435 1236 593 1266 annum
631 1221 757 1265 trium
785 1220 1002 1278 legionum
1032 1235 1150 1270 ossa,
1197 1220 1312 1264 nullo
1342 1228 1546 1266 noscente
1576 1221 1736 1266 alienas
1766 1222 1970 1282 reliquias
1999 1238 2053 1269 an

271 1312 446 1342 suorum
477 1297 607 1342 humo
637 1302 819 1355 tegeret,
850 1310 999 1340 omnes
1031 1303 1075 1340 ut
1105 1297 1370 1347 coniunctos,
1403 1303 1449 1340 ut
1469 1298 1829 1355 consanguineos,
1861 1305 1985 1344 aucta
2008 1300 2052 1344 in

310 1424 343 1459 4.
368 1424 578 1458 adiaciebant
598 1424 632 1457 M
652 1442 687 1448 -
704 1426 809 1456 artus.
839 1423 922 1456 lucis
935 1441 954 1448 -
966 1441 985 1447 -
999 1426 1246 1462 mactaverant;
1269 1423 1368 1456 simul
1381 1440 1430 1447 --
1445 1433 1518 1457 ora.
1551 1427 1582 1457 et
1602 1424 1707 1457 cladis
1720 1425 1849 1459 Haase.
1869 1444 1905 1450 —
1924 1427 1956 1460 7.
1971 1427 2051 1461 uin-

264 1483 359 1515 culae
380 1481 462 1515 labsi
485 1481 587 1523 (corr.
612 1481 648 1513 in
670 1480 770 1521 lapsi)
793 1481 827 1514 M
851 1497 888 1503 -
913 1480 946 1513 8.
979 1474 1125 1522 primum
1142 1474 1197 1513 vibi·
1219 1480 1242 1518 i,
1268 1489 1299 1512 e.
1316 1480 1372 1513 ubi
1392 1481 1540 1521 primum
1562 1481 1595 1515 M
1619 1481 1908 1523 (transpositionis
1937 1483 2046 1526 signa,

266 1547 357 1580 quae
379 1538 538 1571 Baiterus
561 1535 656 1570 solus
679 1535 939 1577 animadvertit,
965 1545 985 1568 a
999 1537 1114 1578 prima
1137 1545 1245 1569 manu
1267 1536 1385 1569 addita
1407 1536 1600 1578 videntur):
1621 1537 1771 1578 primum
1792 1538 1849 1571 nbi
1871 1540 1991 1575 ceteri.
2010 1558 2047 1564 —

264 1595 317 1628 40.
343 1594 432 1638 quod
450 1603 485 1636 p.
510 1594 544 1628 M
568 1609 603 1616 -
628 1595 727 1636 utque
748 1592 782 1625 M
808 1582 923 1624 —‘4⁴.
946 1591 1122 1626 inlusor-int
1142 1592 1312 1625 Heraeus.
1931 1592 1933 1594 ’

1174 1706 1369 1746 integros
1389 1713 1504 1736 muros
1525 1706 1775 1747 transcendere,
1801 1706 1862 1739 ubi
1885 1707 1929 1742 cf.
1954 1708 2045 1742 Dra-

1173 1755 1442 1788 kenborchium.
1477 1755 1526 1787 Ex
1557 1757 1739 1789 constante
1771 1758 1891 1791 autem
1912 1758 2045 1792 Latini-

1174 1806 1253 1837 tatis
1271 1804 1526 1837 consuetudine
1544 1804 1716 1846 signiticat
1734 1814 1779 1838 eoe
1794 1807 1935 1840 dimidia
1941 1813 2044 1850 parte

1172 1856 1353 1896 collapsus,
1379 1864 1400 1887 a
1423 1864 1492 1896 qua
1516 1864 1579 1887 cur
1601 1856 1659 1888 hic
1681 1856 1793 1889 semel
1813 1858 2038 1902 recedamus,

1171 1905 1302 1938 nullam
1318 1914 1462 1939 causam
1477 1905 1592 1938 video.
1612 1905 1818 1948 (Abundant
1833 1908 1938 1942 huius
1954 1919 2040 1944 usus

304 1709 358 1742 6⁴.
383 1705 547 1747 dimensis]
571 1706 592 1738 i.
613 1714 645 1738 e.
668 1706 732 1737 rite
750 1706 786 1737 et
800 1705 890 1738 iusto
915 1705 1037 1738 ordine
1058 1705 1127 1738 dis-

259 1758 393 1800 positis.
420 1756 471 1789 Cf.
498 1757 552 1796 45,
579 1755 638 1788 46:
672 1755 827 1788 dimensis
855 1755 1008 1787 vicorum
1030 1756 1125 1788 ordi—

256 1809 365 1841 nibus.
393 1826 429 1831 —
448 1805 635 1848 principiis]
671 1805 726 1838 Sic
751 1804 943 1837 vocabatur
965 1805 1123 1838 medium

258 1861 455 1892 castrorum
483 1858 653 1899 spatium,
679 1855 905 1897 quadratum,
932 1855 1026 1888 idem
1048 1856 1122 1889 fere

257 1910 353 1953 quod
375 1911 410 1942 in
433 1907 581 1941 urbibus
604 1907 737 1946 forum,
761 1905 823 1938 ubi
846 1907 1118 1948 auguratorium,

256 1961 355 1995 ducis
371 1959 586 2003 praetorium
602 1958 636 1990 et
652 1955 819 1997 tribunal,
838 1956 987 1998 aquilae,
1009 1958 1117 1998 signa,

253 2013 449 2055 legatorum
482 2018 524 2042 ac
558 2007 781 2040 tribunorum
814 2007 963 2040 tentoria
998 2009 1117 2046 erant;

253 2063 352 2097 locus
376 2069 488 2095 sacer.
515 2059 566 2092 Cf.
592 2058 677 2091 Hist.
704 2058 735 2098 ⁴,
753 2057 807 2090 48.
828 2075 864 2079 —
889 2058 992 2090 trium
1014 2058 1119 2100 legio-

238 2100 332 2148 ‘num
352 2120 473 2146 manus
493 2107 708 2148 ostentabant]
740 2108 871 2140 Sensus
895 2109 965 2140 est:
997 2117 1016 2140 e
1039 2116 1117 2140 ma-

252 2163 432 2207 gnitudine
456 2159 611 2194 ambitus
627 2159 663 2191 et
680 2157 859 2199 principiis
876 2166 918 2190 ex
935 2156 1117 2198 disciplina

252 2216 406 2249 Romana
421 2209 589 2244 dimensis
601 2206 840 2248 intelligebant
852 2207 1115 2239 consuetudinis

251 2263 441 2297 castrensis
463 2259 566 2302 periti
580 2259 653 2290 tres
670 2255 826 2297 legiones
844 2255 892 2288 ibi
908 2256 1112 2289 tetendisse.

249 2316 331 2349 Exn.
362 2310 519 2345 Verbum
542 2316 663 2341 manus
684 2308 804 2339 tamen
827 2307 1026 2339 accuratius
1051 2316 1114 2339 ex·-

249 2362 473 2408 plicandum:
521 2356 745 2392 ostentabant
786 2356 893 2389 trium
935 2355 1112 2398 legionum

248 2423 358 2458 opera
377 2421 419 2445 ea
435 2410 549 2444 castra
565 2409 677 2451 posita
694 2415 786 2446 esse,
811 2406 864 2439 die
878 2405 991 2440 Arbeit
1004 2408 1113 2440 dreier

246 2466 419 2507 Leqioiwn.
435 2477 473 2485 -
498 2460 573 2492 dein
590 2458 747 2490 semiruto
761 2455 861 2497 vallo]
882 2457 983 2490 Teste
998 2458 1109 2490 Dione

246 2516 301 2556 56,
322 2514 358 2547 2⁴
388 2509 552 2545 Germani
581 2509 736 2551 primum
759 2507 914 2548 aggressi
937 2508 1018 2540 sunt
1042 2508 1111 2540 Va-

244 2573 325 2598 rum
352 2563 434 2596 κατ’
465 2556 537 2607 ὅρη
566 2558 632 2592 καὶ
659 2553 892 2604 φαραγγώδη
918 2557 984 2590 καὶ.
1006 2554 1108 2590 ἀνώ-

243 2613 365 2659 μαλα,
390 2612 456 2646 κού.
476 2607 525 2644 τὰ
546 2607 682 2656 δένδρα
699 2607 764 2640 καὶ
780 2603 903 2640 πυκνὰ
918 2608 984 2640 καὶ
999 2604 1108 2655 ὑπερ-

241 2663 349 2710 μήκη
373 2657 433 2707 ἧν.
458 2682 479 2688 -
500 2680 520 2686 -
542 2657 663 2694 αὐτοῦ
691 2654 1103 2705 ἐστρατοπεδεύσαντο·

243 2716 366 2758 (prima
389 2711 535 2752 castraz)
558 2728 578 2734 -
599 2727 619 2733 -
639 2708 934 2751 συντεταγμένοι
957 2709 1030 2751 μέν
1051 2718 1104 2755 πῃ

239 2763 387 2810 μᾶλλον
413 2760 460 2810 τῇ
484 2758 665 2808 ὑστεραίᾳ
688 2756 973 2805 ἐπορεύθησαν,
1006 2755 1104 2791 ὥστε

240 2817 306 2852 καὶ
327 2815 367 2857 ἐς
388 2810 509 2857 ψιλόν
530 2821 567 2845 τι
589 2810 731 2857 χωρίον
754 2807 1023 2856 προχωρῆσαι,
1055 2805 1102 2842 οὐ

238 2868 371 2912 μέντοι
384 2864 451 2897 καὶ
465 2858 654 2904 ἀναιμωτὶ
669 2856 904 2902 ἀπήλλαξαν.
928 2856 1102 2892 ἐντεῦθεν

238 2917 279 2952 δὲ
312 2912 471 2964 ἄραντες
501 2908 542 2953 ἔς
574 2921 615 2944 τε
647 2906 742 2953 ὕλην
776 2902 889 2951 αὖθις
917 2908 1101 2942 ἐσέπεσον

238 2967 315 3011 (ubi
332 2964 431 3000 multi
453 2970 575 2996 rursus
591 2959 747 3003 periere)
763 2977 782 2983 -
797 2955 952 3002 (ἔπειτα)
975 2955 1101 3006 ἡμέρα

237 3013 510 3064 πορευομένοις
540 3011 676 3051 σφίσιν
697 3008 884 3053 ἐγίγνετο·
921 3009 997 3042 dies
1025 3011 1099 3042 ter-

235 3069 322 3108 tius,
348 3074 418 3108 quo
442 3063 557 3097 castra
578 3061 734 3093 semiruto
751 3058 807 3092 illo
821 3059 911 3092 vallo
927 3058 1099 3100 aliquate-

233 3126 299 3152 nus
332 3115 467 3150 munita
497 3119 668 3156 posuere,
704 3110 797 3142 iuxta
831 3117 921 3151 quae
951 3117 1096 3151 prorsus

232 3166 338 3200 deleti
361 3165 452 3199 sunt.
478 3161 604 3196 Clades
628 3161 747 3193 autem
770 3159 936 3199 Variana,
960 3159 1000 3191 ut
1022 3160 1096 3192 sta..

231 3218 295 3251 tuit
319 3217 522 3251 Massmann
544 3221 580 3255 p.
604 3210 718 3249 XXIV,
753 3208 879 3242 accidit
901 3208 933 3240 9.
959 3209 1012 3242 40.
1038 3210 1091 3242 Η.

230 3266 265 3300 d.
290 3263 489 3308 septembr.
514 3271 546 3296 a.
571 3260 646 3294 762.
676 3258 727 3292 Cf.
754 3258 859 3291 etiam
881 3256 1034 3290 Velleius
1058 3259 1090 3299 2,

229 3317 303 3350 448.
342 3315 463 3349 Florus
495 3312 533 3355 4,
563 3312 615 3345 42.
646 3310 832 3343 semirutas
856 3309 910 3341 est
935 3307 1088 3341 vocabu-

226 3367 300 3400 lum
333 3364 506 3408 imprimis
529 3371 549 3396 a
582 3361 678 3395 Livio
706 3359 931 3402 usurpatum,
968 3359 1006 3390 ut
1034 3359 1088 3399 36,

225 3417 287 3452 2⁴:
317 3415 448 3459 partim
473 3421 538 3457 per
569 3412 793 3451 semiruta,
831 3409 960 3451 partim
992 3409 1092 3442 scalis

1170 1956 1321 1990 maxime
1351 1954 1445 1997 apud
1473 1954 1569 1988 illum
1605 1955 1784 1999 exempla;
1821 1958 1900 1992 vide
1931 1960 2039 1994 modo

1169 2005 1410 2039 Forcellinum.
1447 2005 1546 2038 Adde
1569 2006 1643 2039 Liv.
1667 2006 1721 2047 3⁴,
1747 2007 1806 2049 24,
1832 2009 1870 2042 2:
1895 2012 2039 2044 semiru-

1167 2060 1220 2089 tae
1236 2066 1278 2089 ac
1290 2057 1453 2098 fumantis
1467 2057 1575 2089 sociae
1590 2056 1692 2090 urbis.
1718 2057 1772 2099 32,
1792 2060 1845 2100 47,
1863 2060 1900 2092 7:
1923 2064 2037 2104 strage

1166 2109 1316 2140 semiruti
1343 2106 1444 2139 muri.
1482 2107 1562 2139 Tac.
1587 2108 1677 2140 Ann.
1702 2107 1742 2150 4,
1768 2110 1827 2142 25:
1865 2113 2036 2147 castellum

1165 2158 1376 2197 semirutum,
1401 2156 1442 2188 ab
1464 2157 1545 2197 ipsis
1567 2157 1734 2197 quondam
1754 2159 1937 2194 incensum.
1962 2163 2034 2196 Ru-

1165 2206 1257 2240 tilius
1290 2208 1325 2247 t,
1349 2207 1431 2240 228:
1466 2207 1571 2239 Index
1599 2208 1748 2241 semiruti
1773 2213 1877 2250 porta
1903 2216 2035 2248 vetusta

1162 2257 1255 2300 loci.)
1278 2256 1397 2290 Placet
1418 2258 1538 2290 autem
1561 2258 1681 2290 Ritteri
1704 2258 1908 2301 explicatio:
1937 2264 2034 2298 «val-

1162 2306 1236 2340 lum
1260 2317 1303 2340 ex
1326 2308 1425 2350 parte
1450 2306 1662 2350 collapsum,
1695 2310 1777 2351 quia
1800 2310 1882 2344 Vari
1903 2313 2031 2349 milites

1162 2358 1233 2391 iam
1255 2366 1404 2391 numero
1428 2359 1531 2400 pauci
1553 2358 1645 2391 inter
1666 2361 1802 2393 metum
1818 2362 1853 2394 et
1867 2362 2031 2405 ingruen-

1161 2409 1215 2441 tes
1243 2408 1363 2441 hostes
1390 2417 1518 2450 magna
1542 2407 1763 2443 festinatione
1787 2420 1830 2444 ac
1852 2411 2030 2457 defatigati

1160 2458 1228 2492 hoc
1243 2458 1374 2492 vallum
1393 2460 1595 2492 struxerant
1609 2460 1718 2501 (unde
1734 2468 1817 2494 mox
1834 2462 2028 2508 collapsum

1159 2510 1230 2549 est3
1263 2508 1414 2542 alterum
1443 2511 1562 2542 autem
1593 2511 1891 2547 castrametationi
1914 2513 2028 2558 legiti-

1157 2568 1236 2593 mae
1260 2559 1513 2599 conveniebat;
1544 2559 1625 2593 ideo
1655 2561 1832 2604 mansio.»
1867 2565 1933 2604 Qui
1962 2575 2027 2600 ex—

1155 2608 1286 2652 plicant
1309 2610 1594 2652 «semiperfecto,
1623 2610 1660 2644 in
1683 2611 1865 2647 dimidiam
1887 2616 2025 2652 tantum

1155 2661 1293 2702 partem
1315 2660 1427 2693 iustae
1457 2660 1647 2694 altitudinis
1677 2664 1895 2706 exstructo»,
1928 2666 2024 2702 aliud

1153 2710 1280 2743 saltem
1303 2710 1504 2753 exemplum
1521 2711 1647 2744 afferre
1663 2711 1855 2748 debebant.
1878 2716 2022 2752 Minime

1154 2762 1248 2794 enim
1263 2761 1352 2801 huc,
1378 2763 1416 2794 ut
1431 2760 1569 2802 volunt,
1595 2762 1746 2804 quadrat
1760 2765 1878 2799 Horat.
1897 2767 1968 2801 Sat.
1985 2769 2019 2809 2,

1151 2812 1184 2851 5,
1203 2812 1262 2843 24:
1293 2812 1380 2844 Unde
1403 2812 1540 2845 divitias
1562 2814 1716 2853 aerisque
1736 2823 1855 2857 ruam,
1879 2817 1934 2850 dic
1953 2827 2021 2852 au-

1149 2869 1227 2901 gur,
1252 2861 1436 2893 acervum?
1460 2878 1496 2883 —
1521 2861 1663 2903 accisae]
1687 2862 1838 2897 multum
1860 2867 1931 2899 iam
1953 2867 2020 2901 de-

1151 2910 1318 2942 minutae.
1334 2927 1368 2933 -
1383 2910 1573 2951 consedisse]
1586 2911 1637 2943 De
1650 2913 1816 2947 secundis
1828 2914 1882 2949 his
1894 2917 2018 2950 castris

1150 2958 1395 3001 intelligendus
1423 2959 1563 2992 videtur
1592 2960 1656 2993 Dio
1678 2961 1736 3001 56,
1762 2962 1816 2996 2⁴.
1845 2981 1880 2986 —
1910 2966 2018 3000 medio

1148 3009 1267 3051 campi]
1298 3008 1394 3051 quod
1422 3011 1498 3042 erat
1526 3009 1618 3042 inter
1642 3011 1793 3053 utraque
1817 3016 2015 3049 castrorum

1147 3059 1236 3094 loca.
1245 3060 1387 3093 WALrn.
1400 3077 1435 3083 -—
1451 3059 1626 3101 aggerata]
1637 3060 1770 3094 Rursus
1783 3063 1892 3096 utitur
1901 3065 2014 3099 verbo

1145 3108 1341 3152 Vergiliano
1365 3110 1425 3142 Ge.
1444 3109 1475 3149 3,
1501 3109 1577 3142 556.
1603 3110 1690 3143 Aen.
1717 3111 1770 3152 ⁴4,
1795 3112 1849 3146 79.
1876 3130 1912 3138 -
1937 3115 2012 3158 ora]

1145 3160 1280 3194 Grimm
1301 3159 1438 3200 Mythol.
1455 3167 1491 3201 p.
1509 3157 1562 3192 42.
1588 3157 1746 3201 intelligit
1767 3160 1812 3194 de
1835 3171 2011 3205 equorum

1144 3211 1383 3244 Romanorum
1416 3211 1502 3242 tunc
1540 3207 1802 3244 immolatorum
1835 3213 2009 3256 capitibus

1143 3259 1326 3298 abscissis,
1351 3260 1391 3292 ut
1412 3258 1506 3302 apud
1528 3260 1704 3292 saxonem
1723 3260 1780 3293 Gr.
1799 3270 1835 3303 p.
1854 3263 1908 3297 75.
1932 3272 2008 3298 me-

1142 3310 1299 3342 moratur
1319 3309 1481 3342 immolati
1503 3309 1569 3342 diis
1589 3309 1664 3348 equi
1686 3307 1878 3345 abscissura
1890 3317 2003 3354 caput.

1140 3358 1313 3401 Equidem
1336 3359 1549 3400 interpretor
1571 3356 1740 3392 calvarias
1763 3362 1799 3393 et
1819 3361 2003 3397 hominum

1140 3408 1175 3441 et
1208 3415 1398 3449 equorum,
1433 3414 1523 3450 quos
1551 3406 1712 3441 victimas
1745 3412 1999 3446 mactaverant.
