2254 3770
773 294 928 340 LmER
955 293 1025 337 m.
1070 292 1171 351 Cap.
1202 293 1269 353 46.
1299 293 1367 338 47.
1397 293 1464 338 ⁴8.
1927 293 2009 337 ⁴57

231 401 392 460 quippe
429 401 549 446 iussa
580 413 663 445 nec
700 401 891 460 potuisse
922 400 1054 444 filium
1084 399 1355 457 detrectare),
1397 400 1522 445 simul
1552 400 1815 446 nobilitatem
1843 400 2007 453 domus,

231 476 358 521 etiam
398 475 534 534 ipsius
577 490 754 535 quoquo
784 476 913 520 modo
943 475 1081 520 meriti
1109 489 1282 533 gravem
1312 490 1459 520 casum
1488 476 1726 521 miseratus.
1779 490 1858 535 pro
1887 475 2012 520 Plan-

231 551 327 596 cina
354 564 452 595 cum
479 551 647 610 pudore
675 558 718 596 et
745 551 904 610 flagitio
933 550 1150 603 disseruit,
1183 551 1327 595 matris
1356 564 1510 609 preces
1530 551 1786 603 obtendens,
1818 552 1861 596 in
1881 566 2011 610 quam

230 626 377 684 optimi
411 626 621 686 cuiusque
657 627 810 672 secreti
845 633 1024 686 questus
1063 626 1198 685 magis
1227 626 1522 671 ardescebant.
1577 627 1619 671 id
1650 641 1754 685 ergo
1783 627 1846 672 fas
1875 627 2009 679 aviae,

230 701 555 747 interfectricem
583 703 751 761 nepotis
780 703 992 761 aspicere,
1024 702 1210 761 adloqui,
1243 702 1412 760 eripere
1443 703 1621 747 senatui.
1663 702 1781 761 quod
1809 717 1889 761 pro
1919 715 2041 747 om-5

228 777 354 822 nibus
383 778 548 823 civibus
575 778 695 836 leges
724 778 960 830 obtineant,
992 778 1064 822 uni
1095 778 1348 823 Germanico
1379 791 1463 822 non
1494 778 1735 836 contigisse.
1788 778 1937 824 Vitellii
1969 784 2020 822 etv

227 853 397 899 Veranii
432 867 540 899 voce
576 853 779 899 defletum
816 855 1062 905 Caesarem,
1109 853 1163 897 ab
1198 854 1456 912 imperatore
1496 860 1538 898 et
1574 856 1763 912 Augusta
1791 853 2013 898 defensam

227 929 483 974 Plancinam.
539 930 720 988 proinde
762 944 928 974 venena
971 935 1015 974 et
1051 936 1164 974 artes
1198 935 1283 973 tam
1321 929 1500 974 feliciter
1529 936 1726 987 expertas
1754 935 1941 974 verteret
1970 929 2012 972 in

227 1005 519 1063 Agrippinam,
558 1006 600 1048 in
637 1004 798 1050 liberos
833 1005 946 1057 eius,
987 1007 1289 1064 egregiamque
1323 1005 1462 1049 aviam
1499 1018 1550 1049 ac
1578 1011 1776 1063 patruum
1806 1005 2012 1062 sanguine

229 1080 496 1125 miserrimae
540 1080 694 1125 domus
738 1081 976 1126 exsatiaret.
1036 1081 1217 1125 biduum
1258 1094 1390 1139 super
1422 1080 1503 1125 hac
1542 1081 1725 1138 imagine
1762 1080 2012 1138 cognitionis
2026 1094 2061 1125 io

228 1156 521 1214 absumptum,
566 1162 744 1215 urgente
780 1157 949 1201 Tiberio
987 1156 1146 1201 liberos
1185 1156 1353 1200 Pisonis
1389 1162 1568 1200 matrem
1605 1156 1665 1199 uti
1694 1162 1926 1200 tuerentur.
1969 1161 2013 1199 et

229 1245 326 1276 cum
355 1238 630 1277 accusatores
658 1246 710 1276 ac
737 1238 870 1277 testes
907 1233 1096 1276 certatim
1140 1239 1392 1290 perorarent
1428 1231 1716 1290 respondente
1754 1231 1889 1283 nullo,
1933 1231 2012 1275 mi-

228 1308 387 1352 seratio
431 1322 562 1366 quam
603 1307 763 1352 invidia
808 1307 1055 1365 augebatur.
1111 1308 1274 1366 primus
1313 1308 1567 1352 sententiam
1601 1313 1774 1365 rogatus
1813 1306 2010 1351 Aurelius

230 1383 351 1427 Cotta
379 1381 466 1428 οδε.
497 1382 609 1440 (nam
642 1383 854 1428 referente
884 1384 1067 1428 Caesare
1105 1384 1374 1442 magistratus
1404 1397 1457 1428 eo
1488 1383 1615 1427 etiam
1648 1396 1826 1427 munere
1861 1382 2011 1440 funge-

227 1458 392 1516 bantur)
424 1472 580 1503 nomen
608 1459 775 1503 Pisonis
803 1459 1041 1504 radendum
1073 1459 1189 1503 fastis
1219 1458 1403 1510 censuit,
1439 1465 1602 1516 partem
1631 1459 1840 1503 bonorum
1869 1457 2059 1516 publi—⁴5

227 1534 419 1587 caudam,
449 1548 550 1593 pars
578 1541 626 1578 ut
649 1535 722 1580 Cu.
743 1535 887 1580 Pisoni
915 1534 1003 1579 filio
1024 1534 1334 1580 concederetur
1363 1534 1488 1592 isque
1516 1548 1779 1592 praenomen
1808 1540 2008 1587 mutaret3

226 1610 278 1654 Μ.
307 1611 406 1654 Piso
436 1617 562 1655 exuta
591 1610 792 1668 dignitate
823 1617 865 1655 et
894 1616 1071 1669 accepto
1094 1609 1378 1669 quinquagies
1407 1610 1604 1654 sestertio
1632 1610 1674 1653 in
1696 1609 1847 1654 decem
1876 1623 2009 1654 annos

225 1685 505 1744 relegaretur,
544 1700 751 1731 concessa
791 1685 1018 1730 Plancinae
1056 1685 1344 1731 incolumitate
1379 1685 1435 1729 ob
1473 1699 1628 1744 preces
1663 1687 1891 1743 Augustae.
1926 1685 2008 1741 (48)

227 1761 357 1806 multa
387 1776 441 1806 ex
470 1775 523 1807 ea
551 1761 760 1807 sententia
788 1761 976 1820 mitigata
1004 1768 1102 1806 sunt
1130 1775 1156 1806 a
1183 1760 1398 1820 principe:
1430 1774 1484 1805 ne
1513 1775 1671 1805 nomen
1698 1761 1863 1809 Pisonis
1892 1760 2010 1805 fastis

226 1838 497 1885 eximeretur.
528 1837 701 1895 quando
731 1838 783 1881 M.
812 1838 991 1887 Antonii,
1023 1837 1097 1895 qui
1126 1836 1286 1881 bellum
1314 1837 1476 1894 patriae
1506 1836 1688 1887 fecisset,
1719 1836 1797 1880 Iuli
1827 1836 2005 1885 Antonii,
2020 1858 2058 1888 20

226 1913 300 1971 qui
321 1912 496 1957 domum
514 1913 690 1972 Augusti
710 1912 923 1965 violasset,
955 1918 1187 1957 manerent.
1211 1918 1254 1956 et
1275 1913 1328 1956 M.
1348 1912 1549 1957 Pisonem
1577 1912 1832 1970 ignominiae
1854 1911 2010 1956 exemit

290 2045 323 2079 8.
345 2047 486 2088 proinde
508 2047 713 2080 Rhenanus:
732 2047 870 2088 perinde
891 2047 926 2081 M
949 2064 986 2070 -
1013 2046 1066 2080 40.
1090 2046 1154 2079 hae
1176 2054 1268 2079 corr.
1292 2046 1327 2080 M
1348 2046 1385 2079 et
1406 2046 1578 2088 Ryckius:
1602 2047 1682 2079 haec
1703 2055 1757 2089 pr.
1775 2047 1810 2081 M
1825 2064 1861 2070 -
1888 2045 1941 2080 44.
1957 2055 2010 2080 re-

222 2101 310 2143 fento
330 2103 365 2137 Μ
388 2120 425 2127 -
451 2103 542 2136 Fort.
567 2104 786 2143 eradendum:
824 2103 869 2137 cf.
895 2111 927 2136 c.
952 2102 1013 2136 ⁴8:
1046 2102 1143 2143 fastis
1164 2102 1379 2135 wimeretur.
1413 2101 1454 2142 4,
1479 2102 1538 2135 42:
1562 2103 1763 2136 Merulam·
1780 2121 1800 2127 -
1815 2103 1889 2136 albo
1911 2112 2010 2137 sena-

224 2158 310 2191 torio
331 2159 444 2192 erasit.
472 2178 509 2183 -
533 2159 588 2193 46.
613 2161 650 2194 C.
674 2161 718 2193 N.
743 2161 777 2194 Μ
801 2177 837 2184 -
863 2160 917 2193 47.
942 2162 1061 2193 exsuta
1082 2159 1117 2193 Μ
1143 2177 1178 2183 -
1205 2159 1258 2192 48.
1282 2159 1491 2202 releqaretur
1511 2160 1669 2202 Lipsius:
1693 2160 1858 2202 reliqatur
1878 2169 1934 2203 pr.
1954 2160 2005 2198 Μ;

223 2214 394 2257 relegatur
416 2223 508 2250 corr.
532 2216 567 2250 Μ
590 2233 627 2242 --
652 2217 708 2250 20.
731 2217 795 2250 Iuli
817 2216 970 2259 Lipsius:
993 2216 1067 2250 iulii
1089 2215 1134 2249 M.

224 2335 261 2367 et
281 2334 350 2368 hoc
373 2333 451 2368 loco
474 2335 511 2368 et
533 2335 593 2376 45,
611 2335 653 2368 27
676 2336 799 2369 contra
822 2335 985 2370 codicem
1007 2337 1094 2371 scri·
1138 2340 1272 2378 partem
1294 2336 1465 2380 bonor-mn]
1488 2336 1682 2370 dimidiam.
1709 2336 1760 2370 Cf.
1778 2336 1811 2378 4,
1828 2337 1888 2370 20:
1913 2336 2011 2370 Sosia

225 2383 385 2418 bendum
407 2386 462 2418 est
477 2385 630 2426 proinde.
667 2385 718 2419 Cf.
746 2386 778 2426 4,
802 2386 862 2419 44;
885 2387 1029 2428 proinde
1043 2404 1093 2411 --
1142 2388 1177 2420 in
1199 2388 1340 2421 exilium
1357 2388 1497 2429 pellitur
1516 2388 1623 2421 Asinii
1645 2388 1735 2421 Galli
1754 2389 1926 2428 sententia,
1952 2388 2009 2429 qui

223 2443 291 2466 non
312 2435 358 2467 ad
370 2443 475 2467 unum
489 2436 603 2468 omnia
617 2434 789 2477 deferrent.
814 2436 853 2477 2,
871 2437 932 2469 65:
953 2438 1094 2478 proinde
1137 2441 1272 2479 partem
1293 2438 1454 2470 bonorum
1468 2438 1724 2479 publicandam,
1743 2447 1829 2479 pars
1846 2442 1886 2471 ut
1897 2438 2010 2471 liberis

225 2484 351 2517 tradito
374 2484 473 2526 Cotye
486 2485 623 2518 veniret.
648 2484 755 2519 Multo
770 2487 912 2528 saepius
928 2486 1092 2520 librarius
1140 2489 1384 2530 relinqueretur
1404 2491 1587 2522 censuerat.
1611 2506 1648 2512 —
1667 2497 1873 2530 praenomen
1893 2492 2009 2522 muta-

226 2535 441 2569 contrarium
472 2535 648 2579 commisit
677 2544 856 2578 errorem,
887 2538 926 2570 ut
949 2537 1093 2578 proinde
1140 2540 1207 2580 ret]
1240 2539 1322 2581 quia
1343 2538 1440 2573 idem
1464 2548 1547 2572 cum
1567 2539 1667 2581 patre
1691 2538 1847 2581 gerebat.
1885 2538 2008 2579 «Quod

224 2584 399 2618 scriberet
420 2594 486 2628 pro
502 2586 661 2627 perinde,
685 2585 782 2618 velut
803 2586 842 2627 4,
867 2588 908 2620 47
925 2589 961 2620 et
978 2588 1031 2621 20.
1051 2604 1087 2612 -

224 2643 323 2676 super
342 2635 406 2668 hac
427 2636 584 2679 imaqine]
608 2636 826 2679 praepositio
840 2646 940 2679 super
954 2639 1092 2680 quoties

226 2693 246 2717 a
269 2685 386 2719 Tacito
409 2694 492 2719 cum
515 2687 641 2728 quarto
665 2694 751 2719 casu
773 2689 1003 2729 construitur,
1033 2690 1093 2721 aut

219 2738 357 2775 praeter
387 2736 561 2778 significat
589 2737 639 2780 (3,
665 2736 721 2778 3),
758 2738 818 2770 aut
845 2738 939 2771 ultra
967 2738 1010 2781 (3,
1035 2738 1089 2772 74.

225 2785 311 2818 Hist.
336 2785 373 2826 3,
398 2785 451 2819 48.
485 2787 523 2827 5,
549 2786 598 2828 4),
634 2787 694 2819 aut
722 2785 840 2820 locum
863 2787 1022 2830 designat
1044 2790 1090 2831 (3,

225 2833 277 2867 44.
296 2833 357 2876 44,
373 2834 406 2869 4.
433 2836 486 2877 46,
504 2836 570 2877 35).
594 2835 658 2871 Ubi
672 2845 760 2870 vero
778 2837 875 2871 idem
888 2837 982 2871 valet
997 2838 1093 2881 quod

224 2884 282 2925 de,
306 2893 451 2928 semper
473 2894 555 2919 cum
570 2885 722 2919 ablativo
738 2887 907 2930 iungitur,
932 2890 972 2921 ut
985 2889 1018 2931 2,
1036 2889 1090 2922 35.

224 2933 258 2974 4,
282 2933 338 2968 74.
363 2934 395 2975 6,
420 2935 475 2968 24.
500 2936 555 2977 44,
580 2937 633 2970 45.
659 2936 712 2977 42,
734 2938 788 2970 64.
813 2937 867 2978 44,
884 2937 938 2971 43.
964 2939 1017 2979 45,
1035 2939 1090 2972 36.

223 2983 277 3017 52.
311 2984 397 3017 Hist.
422 2985 462 3026 2,
487 2985 541 3019 63.
570 3002 606 3010 -
638 2987 807 3020 miseratio
829 2996 932 3029 qum
949 2988 1090 3031 invidia]

223 3034 247 3067 ί.
273 3042 305 3067 e.
330 3034 460 3076 magis,
482 3035 618 3077 potius,
643 3038 683 3069 ut
705 3045 736 3070 c.
762 3037 823 3070 32:
852 3038 970 3071 honori
991 3047 1093 3080 quam

225 3084 439 3127 ignominiae.
467 3101 505 3108 -
531 3085 686 3119 Aurelius
708 3086 804 3120 Cotta
825 3085 905 3130 cos]
930 3087 981 3122 Cf.
1007 3097 1038 3122 c.
1056 3089 1088 3122 2.

226 3150 264 3158 -
280 3134 501 3177 eo-munere]
525 3136 736 3170 sententiam
752 3136 904 3178 dicendi,
929 3145 1000 3180 quo
1020 3147 1092 3172 non

224 3181 480 3225 fungebantur,
512 3192 594 3218 cum
623 3185 689 3227 ipsi
719 3185 934 3219 referebant.
973 3187 1029 3220 Sic
1054 3188 1093 3220 ut

226 3231 307 3266 alibi
329 3233 507 3267 interdum
529 3234 702 3276 significat
714 3236 846 3269 veteris
861 3236 913 3268 rei
927 3235 1090 3278 publicae

226 3282 525 3324 immutationem
550 3292 635 3318 nam
656 3285 759 3318 antea
780 3284 983 3319 referebant
1005 3295 1091 3320 con-

227 3331 334 3374 sules,
355 3334 459 3376 primi
473 3334 685 3368 sententiam
700 3334 917 3376 rogabantur
927 3335 1091 3370 consules

229 3380 398 3424 designati
420 3383 569 3426 (Sallust.
596 3383 694 3418 Catil.
719 3385 790 3426 50),
814 3385 844 3419 si
866 3387 984 3427 erant,
1014 3387 1090 3420 tum

1142 2589 1178 2622 et
1199 2588 1347 2630 factum,
1379 2590 1445 2622 nisi
1474 2590 1540 2622 Dio
1562 2589 1648 2622 mihi
1669 2590 1835 2632 imponit,
1868 2590 1928 2632 qui
1950 2590 2005 2630 59,

1139 2639 1182 2672 20
1217 2639 1363 2672 Lucium
1402 2641 1489 2682 (non
1519 2640 1693 2682 Gnaeum)
1721 2640 1904 2681 Pisonem,
1939 2641 2004 2673 Cn.

1141 2690 1275 2723 Pisonis
1299 2691 1335 2722 et
1355 2689 1542 2723 Plancinae
1558 2689 1685 2731 filium,
1711 2690 1905 2733 praefuisse
1921 2690 2008 2723 Afri-

1142 2748 1205 2772 cae
1228 2739 1296 2773 suh
1320 2738 1464 2773 Claudio
1486 2739 1638 2772 tradidit.
1663 2741 1749 2773 L1rs.
1782 2742 1909 2773 Putant
1923 2749 2008 2773 eun-

1142 2789 1226 2823 dem
1249 2799 1350 2831 esse,
1382 2790 1443 2831 qui
1465 2790 1502 2823 L.
1528 2791 1607 2823 Piso
1630 2790 1757 2823 dicitur
1781 2791 1870 2823 infra
1893 2791 1924 2831 4,
1951 2791 2004 2823 62.

1142 2839 1326 2873 consulem
1349 2849 1380 2872 a.
1406 2840 1482 2873 780.
1510 2858 1546 2863 -
1579 2843 1686 2873 eoeuta
1706 2840 1877 2883 diqnitate]
1901 2849 2007 2874 sena-

1141 2890 1241 2922 toria.
1275 2889 1325 2923 Cf.
1351 2890 1405 2931 44,
1422 2890 1482 2922 25;
1506 2890 1560 2922 ius
1580 2891 1722 2924 mendi
1745 2892 1882 2924 ordinis.
1916 2891 2003 2923 Hist.

1141 2940 1179 2979 2,
1203 2940 1265 2973 86:
1290 2940 1494 2972 senatorium
1515 2940 1663 2973 ordinem
1679 2945 1830 2974 exuerat.
1862 2942 2003 2974 Suetou.

1143 2988 1265 3022 Claud.
1289 2988 1351 3022 24:
1381 2990 1585 3023 senatoriam
1606 2991 1799 3032 dignitatem
1819 2991 2006 3023 recusanti-

1141 3038 1201 3071 bus
1221 3042 1403 3079 equestrem
1418 3048 1548 3081 quoque
1561 3040 1695 3073 ademit.
1714 3058 1750 3064 -
1776 3039 2003 3082 quinquagies]

1140 3087 1219 3130 plus
1241 3088 1345 3130 igitur
1366 3088 1506 3131 decies,
1532 3098 1639 3132 quam
1662 3090 1708 3123 ad
1725 3091 1927 3132 equestrem
1943 3098 2005 3122 or-

1141 3137 1262 3171 dinem
1283 3138 1542 3181 requirebatur.
1567 3141 1700 3174 Seneca
1718 3141 1822 3173 Cons.
1840 3138 1885 3172 ad
1900 3137 1999 3172 Helv.

1141 3188 1202 3229 42,
1226 3187 1267 3222 4;
1301 3190 1352 3222 Eo
1380 3193 1565 3232 temporum
1593 3191 1735 3224 luoeuria
1757 3191 1921 3232 prolapsa
1941 3193 2001 3231 est,

1138 3241 1177 3270 ut
1203 3240 1315 3272 maius
1341 3241 1503 3274 viaticum
1531 3241 1683 3274 exsulum
1705 3241 1764 3281 sit,
1800 3249 1903 3281 quam
1923 3241 2002 3274 olim

1133 3289 1375 3330 patrimonium
1391 3291 1582 3332 principum
1600 3290 1676 3332 fuit.

1183 3339 1236 3373 48.
1259 3339 1325 3373 Iuli
1337 3339 1488 3380 Antonii,
1506 3340 1563 3381 qui
1577 3340 1609 3372 d.
1625 3339 1711 3381 Aua.
1727 3338 1889 3382 violasset]
1911 3340 1999 3374 Vide

1139 3387 1185 3421 ad
1207 3389 1239 3430 4,
1265 3389 1317 3422 40.
1346 3407 1382 3413 —-
1409 3387 1590 3430 manerent]
1613 3389 1657 3422 M.
1680 3389 1819 3422 Antonii
1840 3389 1997 3432 quidem,

228 3431 470 3476 magistratus,
493 3436 575 3478 post
595 3434 661 3470 hos
682 3435 849 3479 princeps
870 3437 1025 3471 senatus.
1050 3452 1087 3462 -
1137 3438 1258 3482 utpote
1290 3438 1401 3473 hostis
1433 3438 1591 3481 iudicati,
1625 3440 1714 3472 totus
1739 3439 1927 3474 cons-udatus
1953 3441 2000 3475 est
