2254 3770
290 315 374 359 254
776 317 821 360 P.
853 315 1104 361 CORNELII
1133 317 1304 362 TACITI
1333 317 1603 364 ANNALIUM

291 436 423 480 gnaro
454 422 647 467 custode.
693 421 799 466 caeli
839 424 1072 481 temperies
1112 423 1251 468 hieme
1281 424 1413 475 mitis,
1451 424 1624 469 obiectu
1653 425 1806 470 montis
1836 439 1923 484 quo
1953 439 2083 471 saeva

289 504 514 542 ventorum
544 504 765 550 arcentur;
797 504 940 542 aestas
969 499 1010 542 in
1041 499 1256 543 favonium
1276 499 1460 544 obversa
1490 507 1533 544 et
1561 506 1708 559 aperto
1739 501 1901 546 circum
1929 501 2083 560 pelago

288 587 569 631 peramoena3
607 573 996 632 prospectabatque
1036 574 1370 632 pulcherrimum
1408 575 1568 627 sinum,
1608 583 1837 635 antequam
1874 577 2083 622 Vesuvius

289 663 411 693 mons
449 648 681 693 ardescens
718 648 871 693 faciem
908 649 991 694 loci
1030 656 1228 708 verteret.
1276 651 1464 694 Graecos
1506 665 1557 696 ea
1587 652 1777 696 tenuisse
1808 653 2084 712 Capreasque

257 725 484 769 sTelebois
515 724 722 768 habitatas
753 725 863 768 fama
891 725 1030 768 tradit.
1076 725 1154 770 sed
1183 732 1274 769 tum
1303 725 1497 770 Tiberius
1528 726 1758 772 duodecim
1782 728 1979 772 villarum
2007 741 2086 773 no-

287 801 474 844 minibus
515 806 558 844 et
596 799 779 844 molibus
809 800 1047 852 insederat,
1092 808 1252 860 quanto
1282 801 1469 846 intentus
1500 802 1602 846 olim
1630 803 1826 861 publicas
1858 803 1913 848 ad
1942 817 2081 856 curas,

287 882 402 920 tanto
433 875 624 920 occultos
653 876 696 919 in
726 875 851 919 luxus
882 883 925 920 et
953 876 1111 920 malum
1141 877 1275 921 otium
1308 877 1537 922 resolutus.
1591 879 1790 923 manebat
1819 880 1981 938 quippe
2011 892 2084 923 su-

287 952 518 1010 spitionum
561 958 603 996 et
646 951 852 996 credendi
890 953 1128 1003 temeritas,
1176 966 1306 1010 quam
1346 953 1528 997 Seianus
1557 967 1716 1012 augere
1747 955 1873 999 etiam
1903 956 1946 999 in
1975 953 2083 999 urbe

287 1034 435 1071 suetus
466 1028 608 1071 acrius
646 1027 845 1071 turbabat
873 1042 958 1071 non
994 1028 1080 1072 iam
1109 1028 1286 1072 occultis
1316 1029 1545 1073 adversum
1576 1031 1849 1089 Agrippinam
1879 1037 1923 1075 et
1949 1032 2085 1075 Nero-

237 1117 273 1147 ιο
286 1117 384 1148 nem
414 1103 592 1147 insidiis.
637 1103 735 1162 quis
765 1102 937 1147 additus
966 1103 1090 1148 miles
1121 1104 1292 1148 nuntios
1323 1104 1538 1157 introitus,
1571 1113 1719 1164 aperta
1750 1114 1936 1158 secreta,
1967 1105 2084 1151 velut

286 1180 329 1223 in
363 1178 539 1223 annales
576 1178 813 1233 referebat;
851 1179 1051 1237 ultroque
1087 1180 1361 1224 struebantur
1395 1180 1469 1239 qui
1507 1188 1731 1226 monerent
1770 1182 1997 1241 perfugere
2027 1182 2083 1227 ad

287 1256 539 1300 Germaniae
571 1255 785 1300 exercitus
815 1255 883 1299 vel
913 1255 1195 1300 celeberrimo
1235 1255 1314 1299 fori
1346 1255 1530 1314 effigiem
1561 1256 1648 1300 divi
1678 1258 1855 1315 Augusti
1885 1257 2083 1316 amplecti

284 1332 580 1390 populumque
621 1345 672 1376 ac
714 1337 910 1375 senatum
952 1330 1109 1376 auxilio
1148 1345 1318 1376 vocare.
1363 1345 1504 1390 eaque
1549 1339 1693 1390 spreta
1733 1332 1786 1377 ab
1822 1332 1925 1385 illis,
1968 1332 2084 1377 velut

283 1414 500 1466 pararent,
533 1406 842 1451 obiciebantur.

234 1495 272 1526 45

398 1483 480 1541 (68)
511 1483 632 1527 Iunio
664 1482 808 1527 Silano
839 1488 880 1526 et
900 1481 1002 1526 Silio
1022 1483 1162 1526 Nerva
1187 1480 1273 1527 cos.
1302 1482 1477 1527 foedum
1505 1484 1602 1527 anni
1632 1484 1888 1542 principium
1908 1483 2084 1529 incessit

284 1566 419 1604 tracto
454 1560 497 1602 in
537 1572 756 1604 carcerem
793 1557 957 1601 inlustri
988 1558 1133 1616 equite
1162 1560 1372 1610 Romano,
1413 1559 1518 1603 Titio
1549 1558 1726 1611 Sabino,
1768 1559 1823 1604 ob
1853 1560 2080 1604 amicitiam

285 1635 552 1680 Germanici:
593 1648 736 1693 neque
773 1633 886 1678 enim
924 1634 1128 1677 omiserat
1165 1635 1392 1692 coniugem
1432 1634 1682 1693 liberosque
1713 1635 1806 1679 eius
1841 1635 2078 1694 percolere,

284 1718 470 1756 sectator
508 1709 643 1761 domi,
690 1723 837 1754 comes
873 1710 915 1752 in
954 1708 1145 1767 publico,
1190 1717 1289 1767 post
1324 1716 1385 1753 tot
1413 1710 1590 1754 clientes
1618 1725 1749 1763 unus,
1794 1724 1935 1770 eoque
1965 1710 2081 1769 apud

282 1787 422 1832 bonos
460 1786 658 1830 laudatus
698 1792 741 1830 et
779 1785 920 1843 gravis
950 1785 1123 1843 iniquis.
1164 1785 1278 1830 hunc
1307 1786 1496 1830 Latinius
1525 1786 1720 1838 Latiaris,
1754 1786 1932 1831 Porcius
1962 1787 2077 1838 Cato,

232 1873 270 1905 ²0
282 1863 458 1910 Petilius
487 1862 637 1914 Rufus,
669 1862 721 1905 M.
754 1862 914 1919 Opsius
943 1868 1144 1919 praetura
1172 1861 1300 1905 suncti
1331 1861 1658 1920 adgrediuntur,
1691 1862 1893 1920 cupidine
1923 1876 2080 1907 consu-

349 1999 380 2031 4.
405 2006 514 2040 yrano
536 1997 570 2031 M
594 1996 712 2038 (ynaro
735 1994 867 2037 margo)
894 2011 931 2018 -
956 1996 988 2028 5.
1014 1994 1201 2037 telelllebois
1222 1995 1256 2029 Μ
1281 2012 1317 2018 -
1343 1995 1374 2028 7.
1401 1995 1543 2028 occultos
1565 1997 1591 2028 I.
1617 1996 1653 2029 F.
1679 1995 1894 2029 Gronovius:
1921 1996 2080 2030 occultior

281 2055 334 2095 M;
360 2053 552 2087 occultiores
572 2051 845 2087 Weissenborn.
874 2069 909 2074 —
936 2051 990 2084 49.
1012 2051 1142 2092 portius
1165 2051 1198 2085 M
1224 2069 1260 2075 —
1285 2051 1340 2084 20.
1365 2052 1499 2086 Petilius
1520 2052 1675 2095 Lipsius:
1697 2052 1834 2094 petilius
1854 2053 1899 2088 M.

281 2173 346 2206 nist
367 2182 476 2216 quaro
499 2172 639 2214 custode]
665 2171 747 2213 quin
765 2170 892 2203 Tiberii
909 2170 1152 2212 speculatores

283 2223 399 2267 (paulo
422 2224 503 2256 ante
528 2223 683 2263 disposito
698 2221 811 2262 milite)
837 2220 915 2253 ilico
931 2220 1154 2254 animadver-

281 2275 408 2307 terent.
433 2274 498 2307 Vix
529 2273 627 2306 recte
655 2272 807 2305 Ritterus
830 2271 996 2304 custodem
1019 2271 1152 2304 dictum

280 2326 380 2367 putat
403 2323 448 2356 de
472 2322 709 2365 gubernatore
734 2320 893 2353 locorum
910 2329 1018 2362 gnaro
1034 2322 1069 2353 in
1086 2330 1153 2353 na-

280 2376 412 2416 vigium
435 2373 668 2413 assumendo,
701 2372 761 2413 qui
790 2371 834 2404 ad
858 2380 971 2414 pauca
994 2371 1151 2404 subsidia

282 2426 500 2467 Caprearum
517 2422 681 2466 appellat.
701 2439 737 2445 —-
757 2431 860 2454 saeva
874 2421 1058 2463 ventorum]
1075 2430 1154 2455 sae-

279 2476 364 2508 vitia
381 2473 564 2517 aquilonis.
582 2490 626 2497 —-
649 2475 829 2513 antequam
847 2472 1003 2505 Vesuvius
1015 2489 1035 2495 -
1046 2490 1065 2496 -
1079 2481 1153 2504 ver-

280 2525 372 2567 teret]
397 2534 429 2558 a.
453 2533 490 2557 u.
517 2533 548 2556 c.
574 2523 654 2563 832,
683 2523 764 2564 post
789 2522 869 2555 Chr.
896 2522 948 2554 79.
986 2520 1038 2554 Cf.
1063 2520 1148 2554 Plin.

279 2576 369 2618 Epp.
395 2575 428 2615 6,
455 2575 495 2607 46
519 2574 556 2607 et
569 2574 624 2606 20.
645 2589 682 2597 -
710 2572 850 2605 Telebois
864 2570 1043 2614 habitatas]
1065 2571 1150 2603 Ideo

279 2624 454 2659 Teleboae
483 2632 548 2666 pro
578 2623 664 2666 ipsis
688 2623 834 2664 Capreis
856 2622 1030 2654 Ausonio:
1064 2621 1151 2653 viri·-

279 2676 400 2716 desque
423 2674 588 2708 resultant
611 2672 773 2705 Teleboae.
809 2671 982 2713 Vergilius
1005 2679 1151 2704 causam

279 2725 430 2759 nominis
459 2724 570 2765 tangit
597 2723 684 2756 Aen.
717 2723 749 2762 7,
778 2721 858 2755 735:
893 2721 1061 2754 Teleboum
1084 2721 1151 2754 Ca-

274 2784 378 2817 preas
399 2775 479 2807 dum
506 2782 614 2815 reyna
636 2775 757 2806 teneret
781 2771 922 2814 (Telon).
959 2772 1052 2804 Emit
1074 2772 1148 2804 sive

278 2824 495 2868 permutavit
524 2832 586 2858 eas
615 2831 698 2856 cum
720 2831 759 2855 re
783 2821 924 2865 publica
947 2820 1150 2863 Neapolita-

279 2884 407 2909 norum
429 2875 624 2916 imperator
645 2874 842 2914 Augustus,
867 2871 1002 2904 tradit1s
1026 2879 1149 2903 earum

278 2927 357 2960 vice
380 2925 576 2959 Pithecusis
599 2924 693 2963 sive,
718 2925 757 2955 ut
777 2922 962 2955 Suetonius
980 2922 1076 2963 (Aug.
1095 2920 1147 2962 92)

279 2974 448 3019 appellat,
473 2974 635 3007 Aenaria.
660 2973 763 3005 Notat
785 2972 848 3004 Dio
865 2972 925 3012 52,
943 2970 985 3004 43
1002 2972 1038 3004 et
1054 2969 1160 3017 clare,

279 3025 406 3060 Strabo
429 3025 462 3066 ὅ,
486 3023 525 3065 4,
551 3024 570 3056 9
592 3031 629 3065 p.
653 3022 729 3055 248.
765 3021 818 3054 Ab
842 3022 910 3054 hac
933 3029 1041 3054 causa
1063 3029 1148 3062 ergo

280 3077 441 3119 Capreae
462 3074 498 3107 in
521 3081 631 3107 censu
657 3072 861 3105 Caesarum.
887 3072 973 3104 Lm.
998 3088 1043 3095 —
1064 3071 1150 3103 duo-

279 3127 384 3159 decim
411 3124 572 3158 villarum
592 3121 795 3162 nominibus]
826 3122 871 3154 lis
893 3120 981 3154 villis
1004 3121 1148 3154 nomina

278 3176 386 3210 fnisse
411 3182 542 3208 censeo
566 3171 757 3206 duodecim
780 3170 931 3203 deorum
955 3179 998 3203 ex
1021 3171 1146 3203 Sueto-

278 3226 336 3259 nio
349 3250 357 3266 ,
382 3225 444 3267 qui
461 3222 606 3266 Capreis
621 3220 783 3262 adsignat
802 3220 936 3260 villam,
961 3221 1015 3253 cui
1029 3229 1148 3253 nomen

277 3276 380 3317 Iovis,
404 3274 479 3308 Tib.
506 3273 559 3307 65.
593 3270 663 3305 Sed
686 3272 722 3304 et
743 3270 878 3303 Pharus
895 3271 930 3302 in
954 3278 997 3302 ea
1020 3268 1143 3310 insula,

278 3325 358 3358 usui
380 3324 509 3357 nautis.
540 3321 640 3355 Idem
656 3329 688 3354 c.
705 3319 764 3353 74:
789 3319 893 3351 turris
913 3319 1014 3352 Pharo·
1036 3322 1148 3352 ter-rae

278 3377 370 3407 motu
384 3373 522 3415 Capreis
536 3370 689 3411 concidit,
703 3367 799 3412 quod
814 3368 911 3411 ponit
926 3369 1017 3401 inter
1027 3369 1145 3401 omina

278 3423 485 3457 Tiberianae
506 3421 644 3455 mortis.
670 3420 758 3453 Lirs.
783 3433 820 3442 —
845 3416 995 3459 molibus]
1019 3417 1147 3460 ampli-

277 3471 438 3507 tudinem
466 3467 629 3506 v'illarum
658 3467 847 3511 significat,
881 3467 921 3500 ut
946 3467 1144 3509 affininibus,

1202 2169 1339 2203 insolita
1370 2179 1411 2202 ea
1435 2170 1541 2204 ruisse
1566 2172 1601 2203 et
1624 2170 1799 2205 affectata.
1828 2190 1864 2195 -—
1897 2170 2073 2214 insederat]

1202 2222 1449 2262 occupaverat.
1479 2238 1515 2244 -
1552 2221 1693 2254 occultos
1725 2222 1761 2254 in
1794 2221 1913 2264 luz-us]
1950 2220 2074 2263 quales

1202 2270 1452 2304 describuntur
1468 2272 1499 2311 6,
1520 2272 1549 2304 4.
1563 2272 1801 2314 ‘opponuntur
1815 2271 1956 2313 publicis
1970 2272 2072 2305 curis.

1203 2338 1238 2344 —
1265 2322 1398 2353 additus
1419 2321 1521 2363 miles]
1554 2322 1735 2354 custodiae
1759 2331 1866 2355 causa
1889 2323 1996 2364 atque
2019 2322 2070 2363 ut,

1200 2371 1262 2403 ubi
1286 2372 1524 2414 opportunum
1552 2371 1754 2412 videretur,
1785 2371 1865 2405 ilico
1893 2371 2075 2405 interfice-

1200 2422 1334 2454 rentur.
1363 2421 1413 2454 Cf.
1440 2420 1568 2462 Vergil.
1593 2423 1681 2454 Aen.
1707 2422 1740 2459 6,
1766 2422 1829 2454 95:
1857 2421 1988 2455 Teucris
2009 2422 2074 2454 ad-

1201 2471 1271 2503 dita
1292 2472 1386 2504 Iuno.
1422 2489 1458 2494 —
1494 2471 1720 2514 struebantur]
1755 2471 1806 2504 Cf.-
1832 2472 1886 2512 44,
1913 2472 1971 2504 ⁴2:
2008 2479 2074 2514 quo

1199 2522 1309 2553 minus
1330 2524 1470 2554 strueret
1485 2522 1630 2554 crimina
1644 2525 1675 2555 et
1690 2525 1910 2554 accusatores.
1937 2522 1990 2562 42,
2008 2522 2070 2554 22:

1198 2572 1336 2604 molitur
1350 2571 1493 2604 crimina
1506 2575 1536 2605 et
1551 2575 1791 2605 accusatorem.
1809 2589 1845 2596 -
1863 2571 2072 2605 celeberrimo

1198 2622 1276 2664 fori]
1294 2623 1470 2664 tempore,
1490 2631 1560 2664 quo
1577 2622 1694 2656 forum
1709 2622 1892 2655 hominum
1908 2621 2074 2664 frequen-

1200 2673 1246 2704 tia
1263 2671 1537 2705 celeherrimum
1552 2672 1818 2715 (plenissimum)
1836 2680 1917 2706 esse
1933 2671 2073 2706 solebat

1201 2721 1298 2763 (hora
1321 2721 1390 2754 diei
1413 2721 1488 2754 fere
1512 2721 1658 2764 quarta).

1242 2771 1296 2804 68.
1319 2771 1415 2804 Iunio
1432 2771 1547 2804 Silano
1569 2775 1602 2804 et
1623 2771 1704 2804 Silio
1725 2771 1840 2804 Nerva
1854 2771 1935 2812 cos.]
1958 2771 2067 2805 Inscr.

1198 2822 1286 2854 Latt.
1305 2830 1339 2853 n.
1359 2821 1462 2855 6⁴35:
1486 2822 1547 2863 Ap.
1565 2822 1660 2854 Iunio
1675 2821 1791 2854 Silano
1805 2822 1840 2854 P.
1858 2821 1941 2855 Silio
1955 2821 2071 2856 Nema

1198 2879 1263 2903 cos.
1288 2869 1460 2904 Particula
1483 2875 1514 2904 et
1536 2873 1657 2904 contra
1674 2871 1970 2904 consuetudinem
1986 2879 2071 2905 con-

1198 2920 1315 2954 sulum
1349 2921 1493 2954 nomina
1524 2920 1676 2954 ablativo
1706 2929 1791 2954 casu
1821 2922 1934 2965 posita
1958 2922 2070 2955 iunxit

1198 2970 1305 3003 etiam
1329 2970 1385 3011 44,
1411 2971 1454 3004 29
1470 2973 1505 3004 et
1522 2972 1575 3011 45,
1593 2971 1647 3003 23.
1674 2971 1843 3012 Legitima
1867 2971 2067 3005 coniunctio

1197 3019 1357 3061 additur,
1375 3019 1436 3053 ubi
1452 3029 1523 3054 uno
1539 3021 1682 3054 nomine
1699 3019 1865 3054 consules
1882 3020 2068 3063 designan-

1197 3072 1271 3110 tur,
1305 3071 1345 3103 ut
1377 3070 1414 3111 6,
1446 3071 1459 3104 4
1496 3071 1587 3113 (Agr.
1611 3069 1679 3112 44).
1725 3071 1947 3105 Nominativo
1980 3078 2066 3104 casu

1195 3119 1310 3163 posita
1344 3119 1530 3154 consulum
1563 3120 1706 3154 nomina
1741 3119 1897 3154 additam
1930 3119 2067 3154 habent

1197 3170 1482 3203 coniunctionem
1506 3170 1538 3211 6,
1561 3171 1593 3204 4.
1619 3170 1786 3204 omissam
1802 3169 1833 3210 6,
1851 3169 1905 3203 45.
1929 3169 1982 3203 De
1997 3170 2062 3212 Ap.

1197 3219 1312 3252 Silano
1335 3219 1378 3253 cf.
1406 3220 1438 3260 6,
1463 3219 1495 3253 9.
1519 3220 1572 3261 44,
1590 3219 1644 3253 29.
1665 3237 1701 3243 -
1726 3219 1860 3252 inlustri
1882 3219 1989 3260 equite
2010 3218 2065 3262 3.]

1195 3269 1284 3302 Vide
1309 3268 1355 3302 ad
1376 3270 1414 3310 2,
1439 3269 1494 3302 69.
1522 3286 1559 3292 -
1586 3268 1668 3302 Titio
1690 3268 1825 3311 Sabino]
1850 3267 1901 3301 cf.
1920 3276 1951 3301 c.
1971 3268 2012 3302 48
2028 3269 2065 3302 et

1197 3319 1250 3352 49.
1275 3319 1340 3352 Dio
1363 3319 1417 3360 58,
1439 3319 1471 3352 4.
1501 3317 1632 3353 Plinius
1655 3320 1696 3352 N.
1714 3318 1755 3352 H.
1773 3318 1793 3352 8
1811 3317 1830 3360 S
1847 3316 1931 3351 ⁴45:
1956 3317 2065 3360 Super

1194 3369 1308 3401 omnia
1339 3368 1376 3401 tn
1408 3371 1522 3402 nostro
1555 3376 1637 3402 αουο
1670 3367 1754 3401 actis
1777 3367 1895 3408 populi
1922 3367 2064 3402 Romani

1193 3421 1348 3452 testatum
1378 3418 1485 3459 Appio
1513 3418 1608 3452 Iunio
1640 3420 1672 3451 et
1703 3417 1737 3450 Ρ.
1767 3416 1852 3450 Silio
1882 3425 1962 3451 coss.
1986 3425 2064 3452 m

1192 3466 1514 3502 animadverteretur
1534 3474 1580 3501 σω
1599 3474 1703 3500 cama
1714 3466 1856 3500 Neronis
1870 3465 2062 3501 Gmanicl

2247 2791 2254 3138 ·-.-....—„———...-*-
2252 2767 2254 2770 .
2251 2715 2254 2747 -..
