2254 3770
0 2439 4 2451 .«
7 2422 9 2425 ¹
0 2378 5 2409 .-
0 2234 7 2364 w..--.

684 606 739 654 P.
785 603 1208 654 CORNELII
1251 603 1560 654 TACtTi

561 694 1694 815 ANNALI'UM

771 870 837 909 AB
863 869 1100 909 EXCESSU
1124 870 1227 909 DIVI
1253 869 1472 910 AUGUSTI

854 982 1047 1026 LIBER
1085 982 1392 1034 QUARTUS.

795 1199 1217 1239 BREVIARIUM
1250 1199 1444 1239 LIBRI.

228 1290 350 1327 Cap.·t.
379 1289 526 1318 Tiberius
551 1288 667 1317 saevit.
706 1287 809 1316 Causa
836 1294 939 1323 penes
957 1286 1084 1316 Aelium
1105 1286 1277 1326 Seianum,
1299 1287 1395 1317 cuius
1415 1288 1581 1323 ingenium
1601 1290 1634 1316 et
1653 1295 1773 1317 mores.
1809 1287 1838 1317 2.
1859 1288 1890 1317 ls
1910 1288 2018 1317 domi—

263 1339 430 1369 nationem
456 1338 593 1375 aspirat,
625 1346 690 1374 quo
717 1341 753 1367 ut
777 1338 962 1375 perveniat,
993 1337 1114 1367 Romae
1144 1338 1175 1367 in
1197 1341 1303 1368 castra
1323 1339 1485 1375 praetoria
1504 1339 1641 1368 militem
1661 1339 1824 1368 conducit.
1863 1338 1892 1368 3.
1913 1338 2018 1367 Druso

265 1388 384 1417 Tiberii
403 1388 469 1416 filio
490 1387 661 1416 insidiatur
680 1396 739 1425 per
764 1394 902 1417 uxorem
925 1387 1011 1422 eius„
1036 1389 1148 1424 stupro
1170 1388 1336 1424 pollutam.
1368 1386 1396 1417 4.
1418 1388 1543 1417 Drusus
1563 1388 1746 1417 Germanici
1766 1391 1871 1424 togam
1890 1389 2018 1418 virilem

264 1439 372 1468 sumit.
404 1436 510 1466 Status
523 1438 694 1476 publicus,
715 1445 875 1467 numerus
889 1438 1066 1473 legionum,
1087 1437 1117 1467 5.
1133 1445 1244 1467 earum
1259 1440 1292 1467 et
1305 1439 1485 1467 cohortium
1501 1441 1534 1467 et
1546 1438 1701 1467 classium
1714 1438 1787 1467 loca
1800 1440 2016 1474 exponuntur.

265 1489 293 1518 6.
315 1488 422 1517 Civilis
443 1488 675 1517 administratio
696 1489 800 1525 qualis
819 1489 989 1516 hactenuS.
1031 1487 1061 1516 7.
1083 1487 1221 1517 Seianus
1245 1488 1421 1524 potentiam
1441 1490 1554 1524 auget,
1581 1488 1610 1516 8.
1630 1488 1758 1516 sublato
1777 1495 1837 1524 per
1855 1494 2017 1516 venenum

263 1539 379 1568 Druso.
410 1538 559 1566 Tiberius
579 1538 724 1566 animum
743 1537 908 1574 obfirmat,
938 1539 1089 1566 senatum
1110 1538 1221 1574 erigit,
1243 1537 1341 1573 eique
1361 1537 1446 1566 filios
1467 1536 1648 1566 Germanici
1669 1537 1736 1566 duo
1758 1537 1966 1566 commendat
1983 1539 2020 1565 ut

264 1587 391 1625 imperii
410 1587 561 1616 heredes.
600 1584 628 1613 9.
651 1586 760 1615 Funus
780 1587 885 1615 Druso
909 1587 1044 1615 illustre.
1081 1586 1128 1619 40,-
1151 1587 1197 1616 ll.
1220 1586 1311 1615 Falsa
1331 1586 1372 1615 de
1393 1586 1497 1615 Druso
1517 1587 1557 1615 ab
1578 1587 1650 1622 ipso
1672 1590 1762 1622 patre
1781 1590 1899 1616 necato
1920 1588 2015 1615 fama.

265 1638 310 1668 ⁴2.
331 1637 445 1674 Populi
464 1639 553 1666 favor
571 1637 646 1665 filiis
666 1637 850 1666 Germanici
869 1638 998 1666 noxius.
1030 1636 1072 1666 lis
1093 1639 1125 1665 et
1143 1637 1335 1673 Agrippinae
1355 1637 1493 1666 Seianus
1512 1637 1647 1666 insidias
1668 1638 1772 1667 struit.

301 1687 346 1717 ⁴3.
369 1687 516 1716 Tiberius
535 1687 715 1721 legationes
735 1689 768 1715 et
787 1688 1015 1715 accusationes
1030 1687 1195 1716 civitatum
1216 1689 1248 1715 et
1266 1687 1507 1723 provinciarum
1522 1687 1620 1715 audit.
1653 1685 1699 1715 44.
1715 1687 1762 1716 De
1775 1688 1874 1723 asylis
1887 1689 2017 1724 actum,

262 1738 438 1767 histriones
457 1737 544 1766 ltalia
559 1737 662 1773 pulsi.
694 1736 739 1766 ⁴5.
761 1737 848 1766 Alter
867 1744 909 1766 ex
929 1737 1025 1766 Drusi
1045 1737 1157 1766 liberis
1178 1738 1255 1773 obit,
1288 1738 1365 1766 item
1384 1736 1528 1766 Lucilius
1542 1737 1687 1775 Longus,
1709 1738 1864 1774 principis
1878 1738 2015 1767 amicus.

263 1788 372 1824 Capito
392 1787 575 1816 damnatus.
607 1787 653 1816 46.
674 1787 742 1816 Lex
759 1789 823 1817 lata
843 1788 884 1817 de
903 1788 1034 1817 flamine
1053 1787 1145 1817 Diali.
1175 1788 1360 1817 Vestalibus
1381 1788 1511 1817 habitus
1529 1789 1646 1817 honos.

239 1871 245 1872 ⁷
300 1837 347 1867 ⁴7.
369 1837 543 1867 sollemnia
561 1840 637 1866 vota
658 1845 714 1873 pro
734 1838 893 1874 principe.
927 1838 969 1867 lis
989 1838 1102 1867 inserti
1121 1837 1208 1867 Nero
1229 1841 1263 1867 et
1276 1837 1409 1867 Drusus.
1439 1837 1521 1867 Hinc
1535 1837 1647 1866 odium
1661 1838 1789 1874 Tiberii,
1811 1845 1909 1873 quem
1924 1836 2018 1866 Seia-

262 1895 325 1917 nus
345 1887 496 1916 stimulat.
530 1887 577 1916 ⁴8.
598 1886 658 1915 Hic
677 1887 860 1916 Germanici
883 1888 1007 1916 amicos
1028 1888 1222 1923 aggreditur.
1257 1887 1303 1917 49.
1326 1887 1423 1916 Silius
1443 1887 1623 1916 damnatur.
1660 1889 1707 1918 20.
1730 1888 1815 1916 Uxor
1834 1887 1906 1916 eius
1926 1886 2017 1916 Sosia

262 1937 295 1966 in
315 1937 467 1966 exsilium
486 1938 627 1973 pellitur.
658 1937 707 1966 Μ’.
727 1937 839 1974 Lepidi
858 1938 1052 1967 moderatio.
1083 1938 1129 1967 2⁴.
1152 1938 1225 1967 Piso
1245 1941 1421 1967 accusatus
1442 1938 1520 1967 obit.
1542 1938 1673 1967 Cassius
1693 1938 1836 1968 Severus
1854 1938 1886 1965 in
1900 1943 2015 1965 saxum

262 1986 435 2022 Seriphum
455 1987 627 2022 relegatur.
660 1987 708 2017 22.
729 1986 872 2016 Plautius
893 1986 1045 2016 Silvanus
1065 1988 1158 2023 perit.

299 2035 346 2064 23.
367 2035 601 2066 Tacfarinatem
620 2038 704 2067 bella
724 2045 842 2066 rursus
862 2040 1067 2075 moventem,
1097 2038 1144 2067 24.
1165 2038 1332 2067 Dolabella
1352 2039 1517 2075 opprimit,
1537 2038 1585 2067 25.
1608 2041 1641 2067 et
1659 2038 1776 2067 caedit.
1815 2037 1863 2067 26.
1885 2037 2017 2066 Trium—

264 2086 373 2123 phalia
384 2093 449 2115 non
462 2087 622 2123 impetrat.
644 2087 850 2116 Ptolemaeus
865 2095 1001 2117 munera
1016 2088 1144 2124 accipit.
1165 2088 1214 2117 27.
1229 2088 1363 2118 Servilis
1378 2092 1484 2117 motus
1498 2089 1624 2118 semina
1637 2096 1696 2125 per
1708 2088 1831 2117 ltaliam
1845 2094 2014 2124 oppressa.

298 2135 345 2165 28.
367 2136 403 2172 Q.
427 2137 539 2166 Vibius
566 2136 708 2166 Serenus
733 2145 751 2166 a
774 2138 840 2166 filio
862 2141 1055 2174 accusatus,
1086 2137 1133 2166 29.
1154 2138 1200 2168 30.
1222 2138 1397 2173 Amorgum
1418 2139 1622 2175 deportatur3
1651 2138 1796 2174 praemia
1816 2137 2016 2166 delatoribus

261 2189 388 2217 statuta.
417 2186 465 2216 3⁴.
487 2186 519 2215 P.
541 2186 674 2216 Suillius
693 2187 887 2225 deportatur,
909 2188 1047 2217 Firmius
1068 2190 1187 2217 senatu
1207 2191 1366 2217 movetur.
1396 2187 1445 2217 32.
1460 2187 1507 2217 33.
1530 2188 1690 2216 Iudicium
1708 2188 1750 2215 de
1770 2187 1820 2216 his
1835 2187 2015 2215 annalibus.

297 2235 344 2266 34.
359 2236 540 2265 Cremutius
554 2236 695 2273 Cordus,
716 2238 870 2266 historiae
885 2238 1040 2274 scriptor,
1063 2238 1106 2266 ob
1124 2237 1212 2266 Bruti
1228 2241 1260 2266 et
1275 2237 1374 2266 Cassii
1388 2237 1504 2266 laudes
1518 2239 1692 2266 accusatus
1705 2236 1808 2265 libere
1823 2244 1860 2265 se
1873 2237 2016 2265 defendit

261 2289 294 2316 et
311 2286 359 2316 35.
374 2287 472 2315 vitam
492 2287 687 2316 abstinentia
707 2287 794 2325 finit3
815 2289 888 2317 libri
908 2285 980 2317 eius
1001 2288 1148 2317 cremati.
1178 2287 1225 2317 36.
1243 2288 1410 2324 Cyzicenis
1430 2289 1582 2324 adempta
1602 2288 1745 2316 libertas.
1767 2286 1813 2316 37.
1829 2287 1876 2316 38.
1893 2287 2016 2322 Templi

259 2332 477 2366 honorem‘ab
496 2336 646 2373 Hispanis
665 2338 810 2366 oblatum
831 2338 980 2367 Tiberius
1001 2339 1134 2374 spernit.
1166 2338 1214 2368 39.
1236 2338 1383 2373 Seianus,
1404 2339 1503 2367 nimia
1523 2339 1650 2367 fortuna
1664 2345 1796 2373 socors,
1817 2337 1938 2366 Liviam
1953 2337 2014 2366 sibi

259 2394 396 2416 uxorem
410 2395 428 2416 a
442 2388 587 2423 principe
603 2389 692 2426 petit,
709 2390 765 2424 qui
779 2387 826 2418 40.
841 2390 990 2418 modeste
1004 2391 1101 2425 negat
1113 2391 1146 2417 et
1156 2388 1262 2417 Seiani
1278 2390 1419 2418 rationes
1433 2389 1559 2418 refellit.
1574 2388 1620 2417 44.
1633 2388 1702 2425 Hic,
1717 2388 1886 2423 augendae
1897 2390 2015 2424 poten—

260 2439 334 2475 tiae,
347 2438 473 2467 Tiberio
486 2446 656 2468 secessum
673 2440 713 2468 ab
728 2441 810 2468 urbe
823 2440 948 2476 suadet,
963 2438 1010 2469 42.
1026 2439 1144 2469 auditis
1158 2441 1190 2468 in
1206 2446 1306 2468 causa
1316 2440 1441 2468 Votieni
1452 2439 1592 2468 Montani
1607 2438 1813 2467 contumeliis
1826 2438 2013 2473 persuadet.

299 2487 346 2518 43.
367 2489 486 2518 Romae
505 2490 683 2525 legationes
703 2490 901 2519 Graecorum
921 2491 1054 2519 auditae
1074 2491 1116 2519 de
1136 2491 1207 2520 iure
1227 2491 1404 2527 asylorum.
1442 2489 1488 2520 44.
1510 2491 1595 2519 Mors
1614 2490 1758 2526 Lentuli,
1781 2489 1927 2525 Domitii,
1949 2489 2015 2517 An-

259 2540 347 2569 tonii.
378 2539 424 2568 45.
438 2538 472 2568 L.
493 2539 566 2568 Piso
586 2542 714 2576 praetor
727 2547 746 2569 a
765 2540 907 2576 quodam
925 2541 1044 2575 agresti
1065 2540 1266 2569 interficitur.
1287 2538 1334 2569 46.
1349 2539 1511 2569 Thraeces
1525 2540 1668 2568 montani
1683 2539 1879 2568 rebellantes
1893 2537 2013 2567 47—5l.

258 2596 277 2619 a
298 2589 416 2618 Sabino
434 2590 615 2626 pelluntur,
638 2591 837 2627 caeduntur,
860 2590 1069 2626 obsidentur,
1091 2591 1208 2619 frustra
1227 2590 1400 2626 eruptione
1419 2590 1503 2618 facta
1522 2597 1560 2618 se
1580 2590 1714 2618 dedunt.

293 2639 342 2671 52.
362 2639 494 2668 Claudia
513 2639 651 2668 Pulchra
671 2639 791 2668 Romae
810 2640 959 2668 adulterii
979 2642 1130 2668 accusata
1150 2639 1330 2668 damnatur.
1360 2638 1408 2668 53.
1430 2639 1603 2675 Agrippina
1617 2639 1764 2669 maritum
1777 2640 1857 2675 petit
1872 2646 1934 2668 nec
1950 2639 2013 2667 im-

257 2691 371 2726 petrat.
390 2689 438 2718 5⁴.
452 2689 488 2717 Ei
502 2689 638 2719 Seianus
652 2690 785 2719 insidias
799 2691 903 2719 struit.
924 2690 972 2719 55.
987 2690 1141 2719 Undecim
1160 2691 1259 2719 urbes
1271 2690 1366 2719 Asiae
1380 2690 1422 2718 de
1435 2690 1557 2725 templo
1567 2689 1694 2718 Tiberio
1709 2687 1867 2719 struendd
1880 2690 2012 2718 certant.

256 2738 304 2769 56.
325 2738 461 2767 Praelati
481 2738 664 2774 Zmyrnaei.
690 2739 736 2769 57.
758 2740 808 2770 58.
831 2740 980 2769 Tiberius
999 2740 1098 2769 dubia
1119 2740 1161 2769 de
1182 2747 1283 2769 causa
1302 2741 1334 2768 in
1355 2739 1562 2775 Campaniam
1581 2740 1743 2775 abscedit,
1765 2743 1832 2768 arto
1849 2741 2011 2769 comitatu.

256 2787 305 2819 59.
324 2788 359 2817 ln
379 2789 537 2824 spelunca
555 2790 727 2825 repentino
747 2790 892 2826 lapidum
912 2790 1007 2826 lapsu
1026 2790 1229 2825 periclitatus
1249 2797 1267 2818 a
1289 2788 1405 2818 Seiano
1427 2791 1595 2826 servatur3
1617 2790 1694 2818 binc
1714 2791 1817 2818 maior
1830 2791 1903 2819 eius
1917 2789 2012 2818 fides.

256 2838 418 2868 Neronem
432 2839 614 2869 Germanici
633 2841 818 2876 aggreditur
837 2843 869 2870 et
888 2841 935 2870 60.
954 2841 1127 2869 calumniis
1141 2840 1309 2869 subvertit.
1332 2839 1378 2868 64.
1394 2839 1481 2868 Mors
1495 2840 1593 2867 Asinii
1609 2840 1768 2876 Agrippae
1783 2843 1815 2869 et
1828 2840 1863 2874 Q.
1882 2839 2012 2867 Haterii.

294 2889 341 2918 63.
363 2889 410 2918 63.
432 2890 664 2925 Amphitheatri
686 2897 765 2919 casu
785 2890 913 2920 Fidenis
933 2891 1034 2919 multa
1055 2891 1223 2918 hominum
1245 2890 1332 2917 milia
1353 2889 1518 2918 debilitata
1538 2891 1590 2919 vel
1611 2890 1737 2918 obruta.
1767 2890 1815 2919 64.
1830 2890 1876 2919 65.
1892 2890 2014 2918 Romae

257 2938 444 2967 incendium
465 2939 573 2967 deurit
591 2938 736 2968 Caelium
758 2943 909 2969 montem.
948 2939 997 2969 66.
1019 2939 1122 2968 Varus
1143 2941 1328 2968 accusatur.
1362 2938 1410 2967 67.
1431 2938 1585 2975 Princeps
1605 2939 1637 2967 in
1657 2940 1798 2969 insulam
1818 2940 1955 2975 Capreas
1975 2945 2013 2967 se

257 2988 355 3017 abdit.
389 2987 510 3018 68-70,
532 2988 632 3017 Titius
653 2988 792 3018 Sabinus
814 2990 899 3025 turpi
920 2990 1033 3018 fraude
1054 2989 1297 3017 circumventus
1318 2988 1490 3017 damnatur
1510 2990 1591 3025 ipsis
1612 2990 1686 3018 anni
1702 2989 1864 3018 Kalendis.
1891 2987 1937 3016 7⁴.
1960 2987 2012 3016 Ti-

256 3038 369 3066 berius
397 3041 540 3067 mentem
565 3045 659 3067 suam
686 3039 813 3068 recludi
842 3039 1035 3075 indignatur.
1077 3038 1156 3067 Iulia
1185 3038 1293 3073 neptis
1312 3038 1446 3074 Augusti
1466 3038 1544 3068 obit.
1584 3039 1632 3068 72.
1655 3039 1786 3075 Frisios,
1808 3037 1895 3076 quod
1915 3044 2012 3066 avare

257 3086 369 3125 babiti,
390 3087 598 3117 rebellantes.
631 3088 679 3118 73.
701 3088 733 3117 L.
753 3089 916 3124 Apronius
935 3095 1124 3124 repressum
1146 3089 1185 3125 it,
1208 3095 1322 3124 parum
1337 3089 1484 3118 feliciter.
1515 3088 1564 3117 74.
1579 3089 1694 3125 Turpis
1711 3089 1852 3117 adulatio
1867 3090 2010 3116 senatus.

258 3136 365 3166 Seiani
385 3139 576 3173 arrogantia.
608 3138 657 3168 75.
677 3139 732 3168 Cn.
753 3139 912 3168 Domitius
932 3139 1149 3174 Agrippinam,
1178 3138 1362 3167 Germanici
1382 3139 1499 3174 filiam,
1522 3147 1657 3168 uxorem
1678 3139 1804 3174 accipit.

295 3187 385 3217 Haec
414 3188 573 3216 sexennio
599 3189 668 3217 fere
695 3191 804 3225 gesta,
832 3195 918 3217 coss.
941 3187 974 3216 C.
993 3187 1103 3216 Asinio
1124 3187 1155 3216 C.
1178 3188 1330 3226 Antistio;
1358 3189 1505 3218 Cornelio
1534 3189 1674 3225 Cethego
1702 3188 1831 3216 Visellio
1852 3187 2006 3224 Varrone;

257 3237 357 3266 Cosso
382 3237 516 3266 Lentulo
543 3238 651 3266 Asinio
681 3239 834 3275 Agrippa3
863 3236 917 3266 Cn.
945 3235 1079 3266 Lentulo
1108 3237 1275 3267 Gaetulico
1302 3237 1336 3268 C.
1353 3238 1508 3276 Calvisio;
1543 3238 1584 3267 M.
1603 3238 1723 3268 Licinio
1743 3237 1857 3266 Crasso
1881 3236 1916 3266 L.
1937 3237 2011 3267 Cal—

258 3287 374 3323 purnio
393 3287 529 3325 Pisone,
554 3288 632 3324 App.
653 3287 743 3317 lunio
763 3287 871 3317 Silano
890 3286 924 3316 P.
947 3286 1023 3316 Silio
1042 3287 1160 3316 Nerva.
1597 3296 1600 3299 *
