2254 3770
733 310 890 356 LIBER
919 310 1027 354 XIII.
1071 310 1174 369 Cap.
1205 310 1272 354 46.
1303 310 1371 354 47.
1402 310 1470 354 48.
1922 307 2004 353 427

217 419 389 465 trahens
418 418 707 476 callidumque
737 423 780 462 et
801 416 1091 461 simulatorem
1112 416 1444 475 interpretando.
1474 429 1606 475 quem
1625 421 1786 459 metum
1807 413 2003 471 Graptus,

217 509 271 540 ex
298 494 462 539 libertis
492 494 710 545 Caesaris,
749 507 831 536 usu
862 499 905 536 et
934 498 1108 537 senecta
1137 492 1304 536 Tiberio
1335 492 1531 551 abusque
1561 490 1736 535 domum
1764 489 2004 548 principum

216 570 414 621 edoctus,
452 568 523 612 tali
562 568 786 612 mendacio
822 567 1011 612 intendit.
1067 580 1178 626 pons
1213 566 1395 611 Mulvius
1431 568 1475 610 in
1511 581 1565 612 eo
1594 573 1789 624 tempore
1819 563 2005 608 celebris

215 644 433 689 nocturnis
472 643 700 688 inlecebris
730 649 842 696 erat;
883 642 1201 701 ventitabatque
1238 642 1338 686 illuc
1366 643 1491 693 Nero,
1523 655 1611 700 quo
1641 640 1822 685 solutius
1853 638 2004 683 urbem

215 727 334 764 extra
362 719 590 764 lasciviret.
622 719 746 777 igitur
773 718 1030 775 regredienti
1053 732 1130 776 per
1147 718 1259 761 viam
1281 717 1529 760 Flaminiam
1550 716 1808 775 compositas
1828 714 2037 759 insidias5

214 794 386 853 fatoque
427 794 623 845 evitatas,
666 794 869 853 quoniam
898 794 1070 838 diverso
1099 793 1251 837 itinere
1282 792 1560 836 Sallustianos
1590 793 1632 835 in
1664 792 1808 836 hortos
1838 803 2003 834 remea-

214 870 339 921 verit,
380 876 686 927 auctoremque
722 869 816 912 eius
853 854 939 913 doli
977 868 1138 913 Sullam
1168 868 1413 919 ementitur,
1456 868 1559 925 quia
1588 867 1695 911 forte
1726 865 2006 911 redeuntibus

213 944 416 989 ministris
455 945 659 1003 principis
695 943 871 1002 quidam
910 958 989 1002 per
1025 943 1266 988 iuvenalem
1304 943 1535 994 licentiam,
1574 955 1687 1001 quae
1718 949 1818 986 tunc
1845 941 2005 999 passim

213 1020 511 1071 exercebatur,
543 1020 714 1063 inanem
742 1026 902 1064 metum
934 1019 1133 1064 fecerant.
1178 1032 1321 1077 neque
1351 1032 1575 1062 servorum
1604 1018 1834 1076 quisquam
1863 1030 2006 1074 neque

164 1120 167 1121 ν
214 1094 431 1140 clientium
474 1095 617 1139 Sullae
660 1095 881 1152 adgnitus;
926 1094 1197 1152 maximeque
1240 1094 1446 1152 despecta
1484 1100 1526 1137 et
1561 1093 1718 1137 nullius
1748 1093 1841 1136 ausi
1873 1103 2058 1150 capaxw

199 1178 366 1219 „natura
395 1171 488 1215 eius
519 1184 543 1213 a
573 1170 749 1215 crimine
779 1169 1059 1214 abhorrebat:
1090 1169 1272 1227 perinde
1301 1176 1443 1213 tamen
1475 1169 1599 1227 quasi
1629 1169 1849 1212 convictus
1878 1173 2005 1218 esset,

213 1247 372 1292 cedere
400 1246 538 1304 patria
569 1252 612 1290 et
640 1245 967 1289 Massiliensium
996 1244 1223 1289 moenibus
1252 1245 1444 1289 coerceri
1477 1244 1660 1287 iubetur.

327 1321 408 1378 (48)
439 1320 583 1364 Isdem
612 1320 862 1365 consulibus
892 1320 1063 1364 auditae
1094 1319 1424 1364 Puteolanorum
1450 1319 1702 1376 legationes,
1734 1332 1845 1377 quas
1865 1318 2008 1362 diver—

214 1410 285 1441 sas
317 1396 426 1440 ordo
456 1396 579 1454 plebs
609 1395 664 1440 ad
695 1402 890 1439 senatum
919 1396 1144 1446 miserant,
1178 1394 1233 1438 illi
1263 1395 1348 1438 vim
1379 1394 1675 1445 multitudinis,
1707 1394 1749 1438 hi
1786 1381 2008 1451 magistra-

213 1478 333 1515 tuum
362 1478 406 1516 et
433 1471 557 1529 primi
589 1471 800 1528 cuiusque
831 1470 1049 1514 avaritiam
1080 1473 1363 1528 increpantes.
1410 1484 1551 1528 eaque
1581 1470 1735 1514 seditio
1765 1469 1819 1513 ad
1843 1483 1946 1513 saxa
1966 1475 2058 1513 etis

213 1547 350 1590 minas
387 1546 547 1603 ignium
586 1559 816 1604 progressa
845 1561 895 1589 ne
925 1559 1076 1589 necem
1106 1552 1148 1589 et
1176 1559 1296 1590 arma
1325 1545 1574 1604 proliceret,
1608 1546 1651 1590 C.
1684 1545 1858 1589 Cassius
1888 1544 2007 1588 adhi-

213 1622 357 1666 bendo
386 1621 579 1665 remedio
610 1621 817 1665 delectus.
859 1621 960 1679 quia
991 1621 1263 1664 severitatem
1294 1621 1388 1665 eius
1412 1635 1496 1664 non
1517 1620 1772 1672 tolerabant,
1804 1627 2007 1679 precante

215 1697 309 1755 ipso
348 1696 403 1740 ad
443 1697 690 1741 Scribonios
730 1696 880 1740 fratres
918 1710 970 1740 ea
1005 1710 1108 1740 cura
1148 1696 1415 1748 transfertur,
1447 1695 1546 1739 data
1575 1696 1751 1740 cohorte
1780 1696 2005 1755 praetoria,

215 1773 338 1817 cuius
370 1780 535 1817 terrore
566 1778 609 1816 et
637 1785 874 1830 paucorum
904 1771 1115 1830 supplicio
1145 1771 1272 1816 rediit
1301 1771 1528 1830 oppidanis
1558 1771 1801 1816 concordia.

281 1900 311 1932 4.
335 1897 546 1940 ἱηεσνῇἰανιάο
577 1899 610 1932 M
644 1917 680 1922 —
712 1898 746 1931 2.
771 1897 918 1941 abusque
948 1898 1102 1940 Lipsius:
1134 1907 1304 1939 auousque
1326 1899 1359 1932 M
1384 1917 1419 1922 —
1450 1897 1482 1931 4.
1507 1898 1755 1941 ventitabatque
1775 1898 2004 1933 Puteolanus:

213 1956 438 1997 uentabatque
460 1956 492 1989 M
517 1973 554 1979 —
579 1955 707 1987 solitius
728 1956 761 1989 Μ
787 1973 823 1979 -
849 1956 882 1988 5.
906 1956 1102 1998 flamineam
1124 1956 1157 1989 M
1181 1973 1216 1978 —
1245 1956 1276 1988 6.
1300 1955 1371 1997 fato
1394 1956 1520 1996 quieuit
1544 1958 1619 1987 atas
1633 1956 1666 1989 Μ
1684 1973 1719 1978 -
1738 1956 1938 1988 salustianos
1952 1956 2004 1991 Μ;

215 2012 281 2046 sed
305 2012 349 2046 cf.
376 2014 407 2054 4,
433 2013 465 2045 6.
491 2013 530 2053 2,
554 2011 609 2045 40.
634 2012 667 2051 3,
693 2012 746 2044 30.
773 2012 858 2045 Hist.
883 2012 916 2052 3,
942 2012 996 2045 82.
1025 2030 1061 2036 -
1098 2015 1189 2045 ortos
1210 2013 1243 2046 Μ
1268 2029 1303 2036 -
1331 2011 1363 2045 8.
1388 2012 1553 2044 iuenalem
1582 2013 1633 2049 Μ;
1669 2012 1844 2045 iuvenilem
1870 2010 1938 2045 alii.
1963 2029 2007 2036 -

214 2069 268 2102 40.
291 2069 397 2109 syllae
417 2059 452 2101 ‘M
479 2086 515 2092 —
541 2070 594 2101 44.
615 2069 755 2110 perinde
777 2071 822 2102 G:
842 2069 985 2110 proinde
1006 2071 1084 2111 (per
1100 2068 1231 2110 notam)
1255 2070 1299 2102 Μ.
1325 2069 1412 2101 Vide
1436 2069 1482 2101 ad
1503 2069 1534 2106 3,
1554 2069 1608 2101 47.
1629 2086 1664 2091 -
1693 2068 1745 2101 43.
1764 2066 1829 2101 ebs.
1848 2068 2006 2101 auditeM

215 2142 253 2149 —
272 2124 326 2159 ⁴4.
346 2125 438 2167 plebs
454 2126 505 2159 M:
527 2125 681 2166 plebsque
703 2125 771 2159 alii.
801 2144 835 2150 -
863 2127 916 2159 45.
942 2135 1046 2167 eaque
1069 2127 1120 2159 M:
1146 2135 1285 2167 cumque
1307 2125 1375 2159 alii.
1396 2144 1431 2150 —
1458 2129 1488 2158 et
1511 2127 1562 2159 Μ;
1588 2126 1634 2157 ad
1656 2124 1723 2157 alii.
1743 2142 1779 2148 —
1807 2125 1860 2157 46.
1886 2133 1926 2157 ne
1947 2133 2007 2156 ne-

213 2190 284 2215 cem
304 2180 524 2215 Waltherus:
551 2191 661 2215 necem
683 2183 735 2220 Μ;
759 2192 800 2216 ne
822 2184 954 2216 caedem
975 2183 1191 2226 Nipperdey.
1220 2202 1256 2207 —
1278 2183 1456 2224 proliceret
1478 2184 1533 2216 M:
1554 2183 1728 2224 perliceret
1751 2180 1818 2214 alii.
1849 2199 1884 2205 —
1911 2182 1950 2215 G.
1974 2182 2007 2215 Μ

217 2255 253 2263 -
278 2238 332 2271 47.
356 2237 555 2271 tollerabant
573 2236 693 2280 §cante
715 2239 760 2272 Μ.

215 2345 268 2385 45,
286 2344 327 2377 37
352 2345 482 2378 Oceano
505 2345 660 2386 abusque.
683 2363 717 2369 -
741 2345 875 2378 domum
893 2345 1085 2386 principum

212 2394 360 2436 edoctus]
389 2395 441 2427 Cf.
467 2395 553 2428 Hist.
578 2395 619 2434 2,
645 2395 702 2428 90:
735 2395 850 2428 solitas
878 2396 1086 2428 adulationes

213 2444 372 2477 edoctum.
405 2462 440 2467 —
468 2453 553 2485 pons
578 2444 734 2486 Mulvius]
770 2447 969 2478 exstructus
993 2454 1014 2477 a
1037 2446 1081 2479 Μ.

212 2493 361 2528 Aemilio
384 2495 516 2527 Scauro
541 2494 668 2534 (Aurel.
687 2495 773 2528 Vict.
793 2495 838 2528 de
853 2497 938 2528 viris
958 2495 1083 2529 illustr.

215 2553 245 2577 c.
271 2544 324 2586 72)
349 2544 410 2577 ubi
431 2546 487 2577 via
511 2544 677 2578 Flaminia
701 2546 984 2588 septentrionem
1005 2555 1084 2578 ver-

214 2603 275 2628 sus
298 2594 343 2627 ad
366 2596 499 2628 Tuscos
526 2595 747 2637 Umbrosque
772 2596 907 2630 ducens
930 2596 1084 2630 Tiberim

214 2645 374 2685 fluvium,
391 2646 454 2678 tria
472 2645 566 2678 milia
580 2654 751 2688 passuum
766 2646 811 2678 ab
829 2646 932 2686 urbe,
945 2647 1081 2685 transit,

213 2703 325 2737 prope
348 2693 466 2728 locum
490 2696 549 2737 qui
573 2705 667 2728 nunc
689 2697 838 2729 vocatur
857 2697 1016 2729 Torretta.
1044 2714 1079 2719 —

213 2744 384 2776 nocturnis
405 2745 590 2787 inlecebris]
614 2744 856 2787 lupanaribus.
890 2764 925 2769 —
954 2747 1083 2779 diverso

213 2794 346 2837 itinere]
383 2795 438 2826 via
476 2794 606 2828 Salaria
640 2804 706 2837 per
739 2797 878 2837 portam
913 2795 1082 2829 Collinam

213 2844 248 2876 in
271 2843 394 2876 dextra
418 2843 554 2878 Tiberis
577 2845 663 2887 ripa.
691 2845 790 2877 conf.
814 2846 899 2879 Hist.
919 2846 951 2885 3,
970 2846 1023 2879 82.
1043 2864 1078 2869 -

212 2893 435 2927 Sallustianos
455 2895 492 2926 in
513 2894 635 2937 hortos]
659 2895 744 2928 sitos
762 2895 853 2928 inter
869 2895 1083 2934 Quirinalem

214 2943 250 2976 et
269 2942 404 2976 Collem
426 2944 610 2977 hortorum
634 2945 844 2986 portamque
863 2944 1031 2978 Collinam
1047 2946 1083 2978 in

213 2994 313 3027 sexta
334 2992 433 3025 urbis
449 2994 605 3034 regione.
627 3011 662 3017 -
682 3003 705 3026 a
719 2995 857 3026 crimine
875 2995 1082 3037 abhorrebat]

214 3044 291 3075 erat
314 3042 506 3081 eiusmodi,
542 3045 579 3075 ut
601 3052 673 3076 non
696 3043 877 3077 videretur
899 3044 1082 3086 probabile

215 3101 298 3126 eum
322 3091 389 3125 tale
414 3092 500 3133 quid
525 3101 652 3125 ausum
677 3102 774 3132 esse,
799 3096 838 3125 ut
860 3095 994 3126 crimen
1018 3094 1085 3126 ob-

214 3142 346 3174 iectum
369 3142 444 3174 veri
467 3140 580 3174 simile
604 3151 675 3175 non
698 3144 806 3175 esset.
832 3144 881 3175 lta
905 3142 1086 3184 eleganter

215 3190 394 3224 abhorrere
416 3191 578 3224 Ciceroni
601 3192 637 3223 et
658 3192 753 3223 Livio
771 3191 910 3223 dicitur.
929 3192 1000 3225 Cic.
1020 3201 1084 3234 pro

216 3240 311 3274 Cael.
330 3240 369 3274 4:
398 3241 527 3274 Caelius
548 3241 644 3282 longe
666 3240 709 3272 ab
730 3241 796 3273 ista
818 3242 1000 3281 suspicione
1022 3242 1084 3273 ab-

216 3291 351 3323 horrere
366 3290 467 3323 debet.
486 3290 566 3322 Ean.
587 3307 624 3313 —
642 3290 897 3322 Massiliensium
918 3291 1086 3324 moenibus

217 3341 378 3382 coerceri]
414 3339 602 3381 Relegandi
638 3348 749 3381 genus
783 3341 867 3373 tunc
901 3340 1082 3382 frequens.

218 3389 274 3423 Sic
306 3388 391 3423 lulia
424 3389 554 3432 oppido
585 3389 824 3430 Rheginorum
852 3389 896 3423 ab
928 3391 1083 3431 Augusto

219 3436 354 3479 clausa,
387 3438 524 3473 Silanus
553 3448 573 3472 a
604 3440 743 3472 Nerone
770 3439 871 3473 Bario
894 3440 1084 3483 municipio

1135 2343 1299 2387 Apuliae,
1333 2343 1511 2377 Dolabella
1535 2345 1570 2378 in
1593 2344 1768 2378 coloniam
1794 2346 2005 2387 Aquinatem

1135 2394 1180 2427 ab
1205 2395 1340 2427 Othone
1363 2395 1553 2436 sepositus.
1583 2395 1670 2427 Llrs.

1179 2494 1233 2527 48.
1258 2494 1350 2535 ordo]
1374 2493 1627 2535 decurionum,
1662 2494 1696 2527 id
1722 2496 1777 2528 est
1799 2497 2004 2528 senatorum

1135 2543 1419 2586 municipalium,
1453 2546 1492 2576 ut
1520 2545 1606 2577 Hist.
1631 2546 1664 2583 2,
1690 2546 1754 2577 52:
1792 2547 1874 2578 ordo
1899 2546 2005 2578 Muti—

1133 2596 1242 2627 nensis
1256 2595 1362 2635 atque
1378 2593 1506 2626 crebro
1518 2595 1552 2626 in
1564 2595 1861 2636 inscriptionibus.
1875 2591 2005 2628 Ἀσύν-

1133 2642 1242 2676 δετον
1265 2644 1384 2676 autem
1408 2644 1488 2675 ordo
1516 2644 1606 2684 plebs
1629 2644 1809 2686 aptissime
1833 2645 2006 2686 significat

1133 2695 1321 2735 utramque
1366 2692 1578 2735 legationem
1623 2694 1792 2727 habuisse
1830 2696 2004 2728 contraria

1135 2743 1312 2782 mandata,
1331 2751 1412 2776 cum
1430 2744 1512 2775 ordo
1523 2743 1689 2784 plebsque,
1707 2745 1746 2776 ut
1761 2744 1865 2786 vulgo
1882 2745 2002 2784 edunt,

1134 2793 1178 2825 ad
1205 2802 1315 2825 unum
1331 2793 1515 2825 dumtaxat
1537 2793 1704 2835 idemque
1721 2794 1854 2827 ordinis
1871 2796 1907 2827 et
1929 2793 2006 2836 ple-

1133 2842 1189 2875 bis
1205 2841 1419 2884 postulatum
1433 2843 1636 2876 referretur.
1656 2844 1823 2876 Ceterum
1841 2845 1875 2876 in
1892 2845 2002 2876 luscr.

1134 2891 1227 2933 apud
1246 2892 1459 2933 Capaccium
1478 2893 1562 2925 l-list.
1581 2892 1714 2925 Puteol.
1732 2902 1767 2935 p.
1787 2894 1825 2925 6:
1850 2893 2006 2925 SPLEN-

1133 2941 1331 2974 DIDISSIM
1338 2942 1396 2974 VS.
1413 2942 1539 2975 ORDO.
1555 2943 1619 2975 ΕΤ.
1637 2944 1832 2976 POPVLVS.
1850 2944 2005 2976 PVTEO·

1134 2992 1350 3024 LANORVM.
1388 3010 1425 3015 —
1457 2993 1561 3033 primi
1596 2994 1767 3036 cuiusque]
1803 2995 2004 3027 Generatim

1135 3041 1374 3083 significantur
1396 3043 1574 3085 principes
1595 3045 1677 3084 viri,
1706 3044 1850 3077 ditiores
1873 3053 1915 3077 ac
1940 3053 2001 3086 po-

1135 3092 1321 3130 tentiores,
1357 3093 1474 3135 potius
1507 3102 1615 3135 quam
1651 3095 1711 3135 qui
1741 3095 1775 3127 in
1804 3095 2004 3136 municipiis

1136 3142 1227 3173 inter
1260 3140 1470 3176 decuriones
1503 3143 1725 3176 vocabantur
1761 3144 1869 3176 decem
1898 3145 2006 3185 primi

1137 3191 1226 3231 (Cic.
1259 3191 1360 3224 Rosc.
1394 3195 1470 3225 Am.
1496 3193 1534 3225 9:
1579 3195 1688 3226 decem
1711 3193 1818 3234 primi
1843 3193 2000 3227 Amerini.

1135 3240 1235 3272 Verr.
1264 3241 1302 3278 2,
1334 3242 1396 3274 67:
1432 3243 1652 3284 magistratus
1684 3247 1714 3275 et
1748 3243 1855 3274 decem
1885 3244 2001 3284 primi.

1135 3290 1262 3323 Inscrr.
1289 3291 1376 3324 Latt.
1402 3301 1436 3324 n.
1462 3292 1537 3325 642.
1565 3292 1677 3332 4848);
1711 3291 1828 3324 obstat
1850 3294 1944 3326 enim
1967 3303 2001 3326 v.

1134 3340 1301 3382 cuiusque.
1324 3359 1358 3364 —
1380 3342 1414 3375 C.
1434 3342 1573 3383 Cassius]
1599 3343 1787 3382 Longinus,
1812 3351 1919 3385 saepe
1936 3344 2004 3377 va-

1135 3391 1203 3423 cito
1227 3395 1456 3425 memoratus.
1483 3394 1533 3425 De
1550 3393 1626 3425 eius
1646 3393 1834 3426 severitate
1850 3393 1931 3426 vide
1948 3395 2000 3432 ⁴2,

1134 3441 1187 3473 42.
1217 3459 1249 3464 -
1283 3441 1471 3475 Scribonios
1494 3441 1630 3485 fratres]
1664 3441 1790 3476 Rufum
1812 3445 1853 3476 et
1870 3445 2002 3477 Procu-
