2254 3770
239 296 323 344 236
736 303 781 345 Ρ.
806 301 1055 345 CORNELII
1073 301 1254 346 -TACITI
1276 301 1551 345 ANNALIUM

239 418 317 461 per
352 404 445 449 illos
486 405 580 450 dies
611 406 665 450 de
696 407 872 464 Votieno
902 408 1116 459 Montano,
1159 407 1342 452 celebris
1373 407 1530 466 ingenii
1560 407 1667 458 viro,
1707 407 1891 465 cognitio
1922 421 2026 452 cun-

240 485 421 524 ctantem
454 481 537 525 iam
558 482 771 526 Tiberium
802 482 986 540 perpulit
1015 490 1060 526 ut
1081 483 1275 527 vitandos
1297 483 1494 527 crederet
1522 488 1689 541 patrum
1708 489 1856 528 coetus
1876 496 2027 527 voces-

240 569 337 613 que,
370 570 480 614 quae
502 556 755 615 plerumque
775 571 901 602 verae
922 564 964 602 et
991 573 1143 617 graves
1164 572 1307 602 coram
1338 557 1651 615 ingerebantur.
1697 572 1791 602 nam
1814 557 2026 616 postulato

238 631 415 674 Votieno
446 632 500 675 ob
532 632 810 676 contumelias
845 633 887 675 in
909 634 1137 678 Caesarem
1159 634 1304 683 dictas,
1335 633 1455 677 testis
1475 633 1689 682 Aemilius,
1721 647 1746 677 e
1774 633 2027 677 militaribus

206 716 225 745 5
239 705 352 756 viris,
385 707 485 749 dum
507 707 649 750 studio
669 707 878 765 probandi
901 716 1051 753 cuncta
1071 709 1199 752 refert
1220 715 1271 758 et,
1300 722 1560 766 quamquam
1590 709 1697 752 inter
1717 707 2026 766 obstrepentes,

241 794 393 838 magna
423 781 748 826 adseveratione
779 783 940 833 nititur,
981 784 1142 827 audivit
1171 784 1365 827 Tiberius
1395 784 1553 842 probra
1582 785 1678 843 quis
1710 799 1787 843 per
1815 784 2029 845 occultum

238 855 516 907 lacerabatur,
549 857 747 916 adeoque
777 858 1000 916 perculsus
1021 866 1086 902 est
1116 866 1161 902 ut
1190 873 1237 902 se
1258 859 1325 902 vel
1347 859 1486 902 statim
1506 859 1572 903 vel
1595 860 1636 902 in
1658 860 1897 918 cognitione
1927 873 2030 917 pur-

239 937 435 987 gaturum
465 931 700 976 clamitaret
736 933 1023 992 precibusque
1058 933 1368 992 proximorum,
1411 934 1652 979 adulatione
1683 935 1871 978 omnium
1901 949 2030 992 aegre

238 1013 516 1064 componeret
544 1008 743 1052 animum.
791 1015 833 1053 et
855 1010 1054 1053 Votienus
1075 1009 1251 1066 quidem
1282 1009 1512 1053 maiestatis
1542 1011 1694 1068 poenis
1725 1010 1918 1054 adfectus
1939 1017 2026 1054 est:

189 1093 227 1132 to.
240 1082 397 1126 Caesar
416 1082 625 1126 obiectam
647 1083 726 1127 sibi
750 1084 957 1127 adversus
979 1099 1076 1128 reos
1100 1084 1411 1128 inclementiam
1432 1099 1484 1129 eo
1505 1086 1771 1143 pervicacius
1792 1086 2026 1144 amplexus,

239 1157 448 1215 Aquiliam
476 1157 671 1202 adulterii
702 1158 884 1203 delatam
916 1174 1011 1203 cum
1042 1160 1165 1204 Vario
1199 1161 1362 1217 Ligure,
1395 1175 1655 1219 quamquam
1685 1161 1888 1204 Lentulus
1921 1161 2030 1204 Gae-

239 1232 404 1281 tulicus,
436 1233 584 1279 consul
615 1234 873 1293 designatus,
911 1234 1015 1292 lege‘
1035 1235 1140 1278 Iulia
1170 1235 1430 1286 damnasset,
1464 1236 1588 1280 exilio
1618 1236 1782 1294 punivit
1811 1236 2030 1294 Apidium-

239 1322 324 1365 que
357 1308 575 1358 Merulam,
617 1309 734 1368 quod
766 1311 807 1353 in
838 1317 933 1354 acta
962 1310 1046 1354 divi
1077 1311 1251 1368 Augusti
1283 1324 1367 1354 non
1408 1311 1637 1362 iuraverat,
1679 1311 1776 1355 albo
1815 1310 2029 1355 senatorio

240 1384 380 1427 erasit.
434 1422 440 1427 .

189 1471 230 1502 ⁴5.
352 1459 434 1518 (43)
464 1460 641 1504 Auditae
663 1460 818 1504 dehinc
839 1461 1275 1522 Lacedaemoniorum
1302 1469 1344 1523 et
1371 1462 1679 1505 Messeniorum
1710 1461 1943 1519 legationes
1975 1462 2030 1506 de

238 1534 330 1578 iure
370 1534 513 1594 temp-li
555 1536 714 1579 Dianae
754 1536 1020 1587 Limnatidis‚
1063 1537 1178 1595 quod
1211 1538 1301 1581 suis
1332 1552 1356 1581 a
1386 1537 1620 1581 maioribus
1650 1551 1816 1595 suaque
1846 1538 1889 1580 in
1917 1543 2034 1598 terra

237 1609 425 1669 dicatum
444 1611 770 1655 Lacedaemonii
792 1611 1014 1655 firmabant
1043 1612 1255 1656 annalium
1279 1613 1485 1656 memoria
1507 1619 1737 1670 vatumque
1757 1612 2027 1674 carminibus,

237 1685 314 1728 sed
342 1685 589 1730 Macedonis
621 1686 819 1745 Philippi,
860 1701 958 1731 cum
986 1702 1073 1745 quo
1104 1687 1351 1739 bellassent,
1390 1688 1519 1731 armis
1549 1687 1812 1746 ademptum,
1855 1701 1906 1731 ac
1935 1694 2032 1749 post

302 1820 332 1852 3.
357 1819 535 1860 postulatio
560 1820 591 1853 M
615 1819 791 1861 (postulato
815 1820 949 1861 margo)
979 1838 1012 1843 ·—
1039 1821 1070 1852 7.
1096 1821 1182 1853 seuel
1204 1820 1257 1852 uel
1279 1821 1312 1853 M
1337 1838 1373 1844 —
1391 1795 1452 1853 44.
1478 1821 1659 1853 caetulicus
1680 1829 1734 1863 pr.
1759 1821 1792 1854 M
1818 1839 1853 1844 —
1880 1821 1934 1854 ⁴5.
1960 1823 2035 1853 au-'

204 1865 210 1875 '¹
238 1877 303 1909 dite
325 1877 357 1909 M
386 1894 418 1899 —-
448 1877 501 1908 46.
526 1876 723 1908 Limnatidis
746 1877 899 1918 Lipsius:
926 1876 1122 1910 liminatidis
1144 1878 1176 1910 M
1203 1896 1238 1900 —
1269 1877 1321 1909 48.
1349 1885 1486 1917 cumque
1510 1878 1541 1910 M
1567 1877 1643 1918 (quo
1659 1882 1792 1919 margo)
1811 1895 1846 1900 —
1873 1878 2048 1918 adeptum..

239 1933 270 1965 M
295 1932 494 1974 (ademptum
518 1932 664 1974 margo).

239 2041 389 2080 quarum
414 2039 592 2079 tractatio,
618 2039 645 2071 si
671 2039 705 2071 in
729 2039 818 2071 urbe
843 2039 969 2081 degas,
999 2048 1106 2081 saepe

238 2090 296 2121 vix
319 2089 464 2122 devitari
490 2090 612 2131 possit.

282 2138 335 2171 42.
369 2139 498 2171 Votieno
527 2139 705 2181 Montano]
739 2140 799 2181 qui
830 2141 920 2172 inter
946 2138 1107 2172 celebres

240 2190 398 2222 oratores
428 2191 647 2222 memoratur
673 2199 694 2222 a
717 2191 851 2223 Seneca
876 2191 1039 2223 Controv.
1066 2191 1107 2222 20

241 2240 277 2271 et
307 2239 348 2271 28
380 2240 415 2271 et
443 2239 552 2281 praef.
588 2239 661 2271 Lib.
688 2239 728 2280 4,
767 2240 929 2273 diversus
961 2249 980 2272 a
1003 2242 1108 2282 poeta

239 2289 323 2322 Iulio
356 2290 537 2329 Montano,
574 2298 681 2330 quem
718 2290 876 2323 celebrat
899 2291 1042 2323 Ovidius
1066 2299 1108 2322 ex

239 2341 348 2373 Ponto
373 2340 410 2378 4,
437 2340 489 2379 46,
517 2341 569 2372 44.
599 2358 635 2362 -
662 2340 881 2382 cunctantem]
907 2340 1108 2373 deliberan-

241 2391 324 2422 tem.
352 2391 493 2422 sueton.
520 2391 647 2422 Domit.
674 2392 717 2422 2:
751 2392 809 2423 diu
839 2394 1031 2431 cunctatus,
1064 2400 1110 2422 an

240 2440 377 2481 duplum
393 2441 588 2473 donativum
602 2441 700 2473 militi
720 2443 863 2483 offerret.
887 2459 921 2465 —-
940 2442 1108 2481 Aemilius,

240 2499 256 2522 e
278 2491 483 2523 militaribus
504 2491 599 2533 viris]
631 2491 680 2524 Cf.
707 2493 743 2532 2,
772 2493 823 2524 44.
853 2510 887 2514 -
923 2493 974 2524 vel
995 2493 1110 2524 statim

239 2541 290 2573 vel
310 2542 346 2573 in
369 2541 564 2583 cognitione]
590 2541 643 2574 vel
669 2543 787 2574 statim
817 2542 861 2574 ab
893 2542 986 2574 edito
1010 2542 1109 2574 testi-

242 2592 359 2624 monio
383 2591 536 2632 Aemilii,
561 2591 617 2623 vel
640 2594 737 2633 post,
764 2592 822 2624 ubi
849 2593 892 2625 de
911 2593 984 2625 istis
1000 2592 1109 2624 rebus

242 2642 409 2682 cognitio,
442 2641 648 2683 disceptatio
680 2642 795 2674 futura
825 2644 931 2675 esset.
962 2643 1041 2675 ERN.
1071 2660 1105 2664 —

240 2700 285 2723 m.
305 2691 422 2731 poenis
444 2691 591 2731 adfectus
613 2691 670 2732 est]
697 2692 931 2732 Hieronymus
947 2692 981 2723 in
998 2692 1109 2724 Euse-

242 2742 289 2775 hii
315 2742 443 2774 Chron.
467 2741 512 2773 ad
536 2750 568 2772 a.
592 2750 624 2774 u.
652 2751 681 2773 c.
701 2743 763 2774 782
789 2743 833 2784 (p.
852 2742 915 2774 4-49
940 2742 997 2775 ed.
1017 2743 1109 2774 Ron—

243 2791 350 2832 call.):
380 2791 533 2823 Votienus
554 2792 732 2823 Montanus
755 2791 979 2824 Narbonensis
994 2794 1110 2824 orator

241 2846 277 2877 in
302 2842 496 2876 Balearibus
517 2844 636 2875 insulis
658 2844 818 2884 moritur,
843 2845 923 2876 illuc
946 2853 968 2875 a
985 2843 1110 2876 Tiberio

242 2893 420 2934 relegatus.
456 2909 491 2914 --
531 2893 630 2924 Vario
661 2893 800 2935 Liyure]
838 2893 888 2926 Cf.
919 2893 955 2932 6,
988 2893 1040 2926 30.
1070 2911 1105 2916 —

243 2944 398 2976 Lentulus
435 2942 645 2984 Gaetulicus]
682 2943 789 2976 frater
823 2943 973 2976 Cornelii
1010 2944 1108 2977 Cossi

246 2994 287 3035 (c.
307 2993 378 3034 34),
406 2992 494 3026 filius
512 2993 573 3025 Cn.
594 2993 743 3025 Cornelii
763 2994 896 3026 Lentuli
911 2995 1011 3028 Cossi
1027 3003 1110 3026 con-

244 3042 328 3077 sulis
352 3052 383 3075 a.
409 3052 443 3075 u.
469 3042 544 3080 753,
571 3042 669 3074 cuius
693 3043 800 3076 rebus
824 3044 930 3084 gestis
947 3044 1111 3076 Gaetulici

244 3101 441 3133 cognomen
467 3091 632 3124 debebat.
659 3091 779 3124 Vellei.
799 3094 835 3132 2,
859 3094 932 3133 446,
951 3094 988 3125 2ε
1014 3102 1110 3133 quem

246 3144 402 3175 honorem
424 3140 657 3184 (triumphalia
682 3142 901 3182 ornamenta)
925 3146 1000 3175 ante
1019 3153 1110 3184 pau—

244 3202 298 3225 cos
327 3202 432 3225 annos
460 3194 632 3225 Passienus
660 3195 690 3224 et
721 3192 852 3232 CossuS,
883 3195 950 3225 viri
974 3194 1112 3226 diversis

245 3244 424 3275 virtutibus
446 3243 595 3283 celebres,
619 3244 654 3276 in
676 3242 791 3283 Africa
812 3246 1013 3275 meruerant.
1047 3244 1110 3275 Sed

246 3293 361 3324 Cossus
392 3294 553 3326 victoriae
588 3292 648 3333 (de
685 3291 856 3330 Gaetulis)
891 3294 1110 3325 testimonium

245 3344 346 3374 eliam
368 3344 403 3374 in
427 3352 605 3383 cognomen
625 3343 685 3384 filii
709 3342 866 3381 contulit,
897 3343 1111 3374 adulescentis

245 3392 279 3423 in
296 3393 442 3424 omnium
457 3394 622 3424 virtutum
637 3391 789 3432 exempla
802 3391 917 3432 yeniti.
943 3391 992 3423 Cf.
1008 3401 1039 3423 c.
1054 3392 1107 3424 46.

247 3441 279 3481 6,
305 3441 357 3473 30.
387 3459 423 3464 -
453 3443 521 3483 leye
543 3441 645 3483 Iulia]
679 3450 722 3475 ex
745 3449 813 3483 qua
838 3440 928 3473 dotis
952 3440 1108 3481 dimidio,

1157 2039 1332 2071 bonorum
1362 2040 1461 2081 parte
1490 2039 1592 2072 tertia
1620 2039 1834 2072 multabatur
1857 2040 1892 2072 et
1914 2040 1949 2072 in
1971 2040 2027 2073 in-

1158 2088 1271 2121 sulam
1295 2088 1529 2130 relegebatur.
1563 2089 1649 2122 Vide
1674 2090 1719 2122 ad
1735 2091 1772 2130 2,
1793 2090 1847 2123 50.
1880 2088 2028 2131 Relega-

1157 2140 1252 2171 tione
1291 2141 1410 2172 autem
1448 2140 1627 2180 graviores
1665 2149 1802 2182 poenae
1842 2139 2022 2180 exsilium,

1158 2190 1385 2222 amissionem
1417 2190 1565 2222 civitatis
1589 2191 1764 2222 Romanae
1789 2190 2028 2232 comprehen-

1158 2240 1266 2277 dens,
1304 2241 1339 2271 et
1369 2238 1564 2281 deportatio
1596 2240 1631 2271 in
1661 2239 1824 2272 insulam.
1861 2239 1965 2272 Gaius
1992 2240 2027 2271 in

1159 2290 1233 2330 Dig.
1260 2289 1322 2329 28,
1349 2290 1380 2328 4,
1406 2289 1437 2322 8.
1465 2288 1627 2331 Ulpianus
1652 2290 1686 2321 in
1710 2290 1785 2330 Dig.
1811 2288 1872 2330 48,
1898 2290 1959 2327 22,
1985 2289 2024 2323 6:

1157 2339 1247 2371 Inter
1258 2347 1385 2379 poenas
1400 2342 1448 2371 est
1462 2340 1562 2371 etiam
1576 2339 1705 2371 insulae
1720 2340 1918 2379 deportatio,
1943 2347 2030 2380 quae

1154 2398 1263 2430 poena
1282 2389 1402 2421 adimit
1417 2390 1584 2421 civitatem
1600 2390 1795 2421 Romanam.
1815 2407 1851 2411 —
1869 2390 2028 2421 dammas-

1158 2438 1215 2480 set]
1241 2438 1478 2471 damnandam
1503 2440 1711 2472 censuisset.
1738 2439 1788 2471 Cf.
1815 2439 1847 2479 3,
1873 2439 1926 2471 36.
1959 2439 2028 2471 Eo-

1160 2489 1243 2521 dem
1277 2497 1385 2522 sensu
1415 2490 1523 2521 utitur
1553 2488 1770 2521 substantivo
1793 2489 2029 2522 condemnator

1160 2538 1247 2571 infra
1271 2548 1302 2571 c.
1323 2539 1375 2571 66.
1398 2555 1432 2561 —
1448 2537 1495 2570 ‘in
1519 2542 1596 2571 acta
1618 2539 1686 2571 divi
1701 2538 1857 2580 Augusti]
1883 2539 1917 2570 id
1932 2538 2027 2580 quod

1160 2587 1303 2629 singulis
1327 2587 1399 2621 Kal.
1418 2589 1588 2620 Ianuariis
1612 2588 1687 2620 fieri
1711 2587 1867 2627 solebat,
1892 2596 1975 2620 nam
1991 2589 2028 2620 et

1160 2638 1319 2670 Tiberius
1344 2638 1417 2680 (Dio
1441 2639 1495 2678 57,
1520 2638 1551 2678 8)
1577 2638 1611 2670 et
1635 2637 1800 2670 Claudius
1821 2637 1880 2678 (Id.
1900 2638 1952 2676 60,
1973 2637 2024 2678 40)

1160 2689 1244 2734 περὶ
1278 2686 1352 2720 τῶν
1379 2686 1446 2720 τοῦ
1479 2683 1702 2731 Αὐγούστου
1734 2683 1904 2733 πράξεων
1934 2684 2027 2728 τούς

1159 2748 1199 2770 τε
1232 2733 1373 2779 ἄλλους
1403 2733 1560 2784 ὥρκωσε
1590 2738 1655 2770 καὶ
1677 2734 1794 2778 αὐτὸς
1816 2735 2023 2781 ἐπιστεύθη.

1160 2788 1245 2820 Vide
1270 2788 1315 2820 ad
1339 2789 1370 2828 4,
1395 2788 1448 2821 72.
1479 2805 1514 2811 -
1541 2788 1615 2820 albo
1640 2787 1818 2829 senatorio]
1844 2788 1906 2819 Dio
1929 2788 1984 2827 55,
2006 2787 2027 2820 3

1160 2837 1204 2870 de
1228 2839 1382 2879 Augusto
1400 2838 1444 2869 ad
1461 2847 1491 2871 a
1511 2838 1591 2871 745:
1618 2835 1664 2870 τά
1682 2847 1722 2869 τε
1739 2833 1913 2879 ὀνόματα
1928 2847 2028 2880 συμ-

1159 2885 1311 2920 πάντων
1334 2886 1410 2919 τῶν
1432 2886 1696 2927 βουλευόντων
1711 2887 1751 2928 ἐς
1767 2885 1945 2930 λεύκωμα
1962 2889 2028 2929 (ta-

1159 2937 1279 2970 bulam
1302 2937 1464 2979 albatam)
1489 2934 1721 2993 ἀναγράψας
1744 2934 1923 2980 ἐξέθηκε·
1962 2937 2027 2970 καὶ

1159 2985 1199 3029 ἐξ
1222 2987 1367 3020 ἐκείνου
1392 2988 1457 3019 καὶ
1479 2985 1547 3021 νῦν
1570 2988 1651 3020 κατ’
1675 2983 1760 3028 ἑτος
1784 2982 1884 3020 οὕτω
1901 2990 2024 3020 ποιεῖ·-

1159 3048 1234 3071 ται.
1267 3039 1451 3080 Antiquior
1473 3038 1619 3070 formula
1646 3040 1700 3071 est
1722 3041 1839 3070 senatu
1861 3046 2002 3070 movere.

1203 3089 1256 3122 43.
1283 3089 1488 3129 Limnatidis]
1513 3088 1637 3120 Strabo
1661 3088 1699 3127 8,
1718 3087 1750 3126 4,
1769 3088 1788 3120 9
1810 3097 1844 3129 p.
1864 3087 1946 3120 362:
1974 3085 2026 3120 Τὸ

1159 3139 1189 3172 δ’
1223 3139 1262 3172 ἐν
1292 3139 1455 3182 Λίμναις
1482 3138 1550 3182 τῆς
1573 3135 1784 3196 Ἀρτέμιδος
1808 3135 1928 3183 ἱερόν,
1964 3137 2025 3178 ἐφ’

1160 3183 1189 3221 (ἶ
1225 3187 1437 3232 Μεσσηνιοι
1470 3190 1566 3246 περὶ
1584 3186 1691 3229 τὰς
1681 3188 1903 3247 παρθένους
1919 3183 2027 3233 ὑβρί-

1161 3251 1227 3273 σαι
1255 3238 1416 3273 δοκοῦσι
1444 3239 1511 3281 τὰς
1543 3236 1757 3283 ἁφιγαένας
1779 3237 1840 3271 ἐπι
1863 3236 1933 3279 τὴν
1955 3237 2026 3271 θυ-

1161 3292 1268 3330 σίαν,
1295 3290 1334 3323 ἐν
1349 3291 1546 3336 μεθορίοις
1562 3288 1644 3322 ἐστὶ
1660 3287 1726 3331 τῆς
1742 3298 1782 3321 τε
1796 3285 2024 3330 Λακωνικῆς

1160 3341 1226 3374 καὶ
1256 3339 1323 3383 τῆς
1353 3341 1591 3383 Μεσσηνίας,
1629 3333 1726 3372 ὅπου
1756 3335 1890 3380 κοινὴν
1913 3347 2025 3370 συνε-

1160 3389 1293 3424 τέλουν
1317 3388 1526 3445 πανήγυριν
1549 3390 1614 3422 καὶ
1631 3389 1772 3421 θυσίαν
1786 3383 2021 3433 ἀμφότεροι·

1159 3438 1255 3483 μετὰ
1279 3439 1319 3474 δὲ
1342 3437 1411 3483 τὴν
1435 3436 1544 3487 ὕβριν
1568 3436 1613 3474 οὗ
1632 3436 1812 3473 διδόντων
1827 3436 1935 3481 δίκας
1950 3436 2024 3472 τῶν

2246 3520 2254 3669 ,ῥ’-..3,
2251 3462 2254 3494 ...
2252 3406 2254 3427 ,Α
2248 3331 2254 3346 Α.
2245 3280 2247 3283 ·
