2254 3770
321 285 403 330 498
794 288 838 332 P.
871 287 1119 332 CORNELII
1150 287 1319 332 TACITI
1349 287 1614 333 ANNALIUM

323 392 440 445 stitit,
480 399 526 437 ut
554 393 718 438 horreis
750 394 888 452 ignem
921 394 1142 445 inicerent,
1182 401 1416 453 contraque
1445 395 1682 453 prodiderit
1712 394 1896 441 Corbulo
1925 392 2103 439 Parthos

322 468 472 526 inopes
512 470 731 527 copiarum
765 476 806 514 et
842 469 1000 528 pabulo
1039 471 1176 514 attrito
1207 469 1431 514 relicturos
1461 471 1842 528 oppugnationem,
1887 482 2027 528 neque
2055 482 2104 513 se

322 542 418 600 plus
448 544 573 587 tridui
603 545 755 589 itinere
783 545 956 590 afuisse.
1000 545 1128 589 adicit
1156 546 1250 589 iure
1280 545 1460 589 iurando
1490 546 1605 590 Paeti
1638 553 1805 591 cautum
1837 544 1951 604 apud
1971 545 2103 603 signa,

324 619 557 663 astantibus
586 620 656 671 iis,
689 634 799 678 quos
830 620 1095 665 testificando
1126 634 1203 664 rex
1231 620 1437 671 misisset,
1472 621 1685 665 neminem
1704 623 1939 666 Romanum
1960 622 2107 664 Arme-

292 694 435 738 ⁵niam
465 695 776 752 ingressurum,
808 695 947 740 donec
977 695 1237 740 referrentur
1267 695 1429 740 litterae
1449 697 1648 748 Neronis,
1681 710 1734 741 an
1765 696 1858 754 paci
1887 702 2105 740 annueret.

324 783 436 828 quae
465 777 512 813 ut
540 771 761 828 augendae
790 770 986 816 infamiae
1017 771 1271 830 composita,
1305 771 1366 815 sic
1389 771 1556 830 reliqua
1576 772 1722 815 nonin
1743 772 1928 816 obscuro
1949 770 2108 816 haben-

324 852 402 897 tur,
433 859 519 890 una
548 846 618 890 die
639 846 919 905 quadraginta
948 846 1110 890 milium
1131 847 1312 904 spatium
1335 861 1557 891 emensum
1578 861 1676 892 esse
1695 849 1893 898 Paetum,
1925 846 2108 890 desertis

324 921 485 978 passim
522 922 698 973 sauciis,
742 936 884 981 neque
925 922 1064 966 minus
1094 922 1328 966 deformem
1365 922 1478 966 illam
1508 922 1754 981 fugientium
1783 922 2107 980 trepidationem

326 1010 456 1054 quam
491 997 526 1040 si
562 1003 681 1056 terga
718 997 759 1040 in
800 997 891 1042 acie
929 998 1168 1042 vertissent.
1213 996 1399 1042 Corbulo
1431 1011 1530 1042 cum
1559 999 1649 1042 suis
1679 998 1814 1056 copiis
1843 1003 1946 1056 aput
1972 997 2109 1056 ripam

279 1079 312 1109 ¹0
325 1071 559 1130 Euphratis.
588 1072 740 1116 obvius
780 1086 865 1116 non
895 1087 990 1117 eam
1019 1073 1209 1131 speciem
1238 1073 1464 1130 insignium
1496 1080 1538 1117 et
1567 1087 1780 1117 armorum
1810 1071 2024 1131 praetulit,
2063 1079 2109 1117 ut

325 1146 614 1192 diversitatem
644 1147 931 1206 exprobraret.
982 1149 1129 1193 maesti
1160 1148 1362 1207 manipuli
1393 1162 1443 1193 ac
1463 1149 1601 1193 vicem
1621 1148 1952 1193 commilitonum
1979 1147 2109 1192 mise-

326 1229 468 1267 rantes
498 1237 552 1268 ne
573 1222 756 1268 lacrimis
777 1223 949 1282 quidem
971 1230 1226 1282 temperare.
1258 1224 1327 1268 vix
1346 1238 1449 1282 prae
1470 1223 1571 1268 fletu
1592 1231 1796 1282 usurpata
1816 1223 2107 1268 consalutatio.

326 1298 574 1344 decesserat
594 1305 809 1343 certamen
829 1299 994 1343 virtutis
1015 1306 1057 1343 et
1077 1299 1250 1343 ambitio
1272 1299 1450 1357 gloriae,
1473 1299 1655 1344 felicium
1678 1299 1896 1343 hominum
1914 1298 2107 1343 affectus:

325 1374 418 1419 sola
447 1374 743 1419 misericordia
772 1373 961 1426 valebat,
996 1381 1038 1419 et
1065 1374 1181 1432 apud
1210 1374 1399 1418 minores
1429 1375 1576 1432 magis.
1623 1374 1706 1431 (⁴7)
1737 1374 1893 1419 ducum
1924 1374 2034 1418 inter
2061 1361 2110 1418 se

276 1454 313 1485 ⁴⁵
326 1449 468 1494 brevis
507 1464 649 1494 sermo
690 1456 862 1494 secutus
901 1457 986 1501 est,
1026 1449 1107 1494 hoc
1143 1456 1433 1507 conquerente
1472 1450 1642 1494 inritum
1673 1449 1883 1502 laborem,
1919 1449 2111 1507 potuisse

325 1525 485 1570 bellum
515 1525 610 1583 fuga
639 1524 891 1570 Parthorum
921 1523 1044 1569 finiri.
1083 1524 1153 1569 ille
1186 1513 1347 1582 integra
1377 1525 1546 1584 utrique
1567 1531 1716 1570 cuncta
1737 1524 1977 1583 respondit:
2009 1538 2111 1569 con-

325 1608 541 1646 verterent
578 1600 742 1659 aquilas
773 1607 815 1644 et
852 1601 981 1644 iuncti
1011 1600 1262 1653 invaderent
1289 1601 1531 1645 Armeniam
1561 1601 1765 1646 abscessu
1796 1599 2018 1658 Vologesis
2046 1600 2112 1644 in-

326 1677 544 1721 firmatam.
575 1690 659 1720 non
686 1690 738 1720 ea
758 1676 1026 1734 imperatoris
1048 1676 1206 1720 habere
1229 1676 1425 1720 mandata
1445 1676 1653 1721 Corbulo:
1685 1675 1876 1734 periculo
1896 1675 2111 1734 legionum

325 1758 584 1796 commotum
604 1765 628 1796 e
649 1751 868 1810 provincia
887 1765 1129 1809 egressum3
1161 1751 1334 1809 quando
1355 1752 1397 1794 in
1419 1752 1579 1796 incerto
1601 1751 1838 1795 habeantur
1856 1751 2108 1795 Parthorum

275 1837 313 1868 20
326 1834 521 1880 conatus,
554 1827 721 1871 Suriam
744 1827 1036 1885 repetiturum.
1067 1826 1130 1871 sic
1154 1840 1329 1885 quoque
1356 1827 1557 1885 optimam
1589 1826 1797 1871 fortunam
1817 1826 2033 1879 orandam,
2065 1832 2113 1870 ut

391 1956 422 1988 4.
444 1954 653 1996 prodiderint
675 1962 852 1996 superscr.
878 1957 890 1986 t
913 1953 1035 1987 litteris
1058 1958 1095 1987 nt
1118 1955 1151 1987 M
1177 1972 1212 1977 —
1238 1954 1269 1987 3.
1295 1954 1428 1996 affuisse
1451 1963 1628 1997 superscr.
1654 1963 1678 1986 u
1700 1963 1719 1986 a
1743 1963 1851 1987 manu
1873 1949 2009 1987 recenti
2031 1952 2111 1996 (au-

323 2010 435 2054 fuisse)
459 2011 493 2045 M
518 2029 554 2034 —
580 2011 613 2043 5.
637 2010 743 2043 littere
766 2011 799 2044 M
823 2027 859 2033 —
886 2010 916 2042 6.
935 2011 1083 2052 auqende
1105 2011 1139 2044 M
1164 2028 1200 2034 -
1228 2011 1280 2044 44.
1299 2011 1392 2043 mesti
1411 2011 1445 2044 M
1463 2029 1496 2034 -
1518 2011 1570 2044 ⁴2.
1589 2014 1812 2052 temperavere
1827 2010 1907 2044 cod.
1924 2010 2111 2044 Budensis.

329 2086 364 2091 —
391 2067 445 2101 44.
469 2066 608 2099 minoris
629 2066 663 2100 M
687 2083 722 2089 -
750 2067 802 2099 45.
826 2070 1044 2107 conquerente
1062 2067 1235 2100 Faernus:
1261 2068 1531 2108 conquerentium
1553 2067 1604 2104 M;
1630 2070 1846 2110 conquerente
1866 2067 1938 2100 iam
1953 2064 2113 2101 Walthe-

325 2132 406 2163 rus;
431 2122 642 2166 conquerenti
662 2131 760 2156 suum
781 2122 956 2171 Pichena3
974 2141 1010 2147 -
1037 2123 1090 2156 47.
1115 2123 1283 2165 uoloqeses
1304 2124 1337 2156 M
1363 2141 1398 2146 —
1424 2123 1478 2156 20.
1504 2124 1634 2156 oranda
1656 2124 1701 2157 M.

327 2230 390 2264 54:
419 2230 508 2270 Ubii,
534 2231 591 2271 qui
609 2229 762 2271 promimi
777 2229 1093 2263 Rhenwmincolunt.
1121 2230 1191 2263 Liv.

327 2280 362 2322 8,
387 2280 447 2313 32:
467 2280 620 2321 proximi
642 2279 801 2313 tribunal.

373 2331 426 2364 46,
459 2331 645 2372 prodiderit
673 2329 831 2371 Corbulo]
866 2330 902 2362 in
933 2330 1196 2363 commentariis

329 2389 451 2414 rerum
481 2388 638 2414 suarum.
675 2379 803 2413 Plinius
828 2379 1067 2413 Corbulonem
1089 2379 1197 2413 refert

328 2432 420 2464 iuter
442 2431 607 2463 auctores
630 2438 648 2462 a
674 2438 713 2462 se
737 2429 911 2462 adhibitos
934 2430 970 2463 in
988 2430 1102 2462 indice
1119 2429 1196 2462 libri

330 2481 441 2523 quinti
464 2482 500 2513 et
522 2480 631 2520 sexti,
665 2481 770 2521 atque
800 2481 930 2512 testem
953 2480 1035 2512 citat
1058 2479 1102 2512 de
1127 2480 1198 2512 Eu-

327 2531 463 2573 phratis
486 2529 639 2562 fontibus
662 2530 701 2562 N.
724 2530 765 2563 H.
791 2531 810 2562 5
834 2530 853 2571 ἓ
877 2530 929 2563 83.
957 2530 1007 2563 Cf.
1033 2530 1053 2562 2
1078 2530 1097 2571 ἓ
1120 2530 1195 2562 480.

330 2580 350 2613 6
374 2579 393 2622 5
416 2579 458 2612 23
483 2581 518 2612 et
540 2578 594 2612 24.
622 2597 658 2603 —
689 2579 811 2620 pabulo
834 2579 964 2621 attrito]
997 2580 1195 2620 imminuto,

331 2630 427 2662 omni
450 2637 564 2672 paene
588 2631 809 2671 consumpto.
844 2629 942 2662 Conf.
970 2630 1055 2662 Hist.
1082 2630 1113 2670 4,
1137 2630 1194 2662 4οε

330 2680 456 2713 attritis
470 2679 594 2721 opibus.
620 2680 661 2712 H.
678 2680 711 2719 2,
729 2680 789 2712 56:
816 2680 941 2712 attritis
954 2680 1073 2713 Italiae
1087 2679 1196 2712 rebus.

332 2731 475 2763 Sueton.
501 2731 587 2771 Aug.
612 2728 673 2762 40:
707 2730 821 2762 attrito
853 2729 942 2763 bellis
964 2730 1114 2763 civilibus
1130 2739 1198 2772 pa—

332 2780 498 2813 trimonio.
526 2797 562 2803 —
588 2779 771 2822 relicturos]
796 2779 915 2813 fuisse.
943 2779 993 2813 Cf.
1019 2781 1051 2821 2,
1077 2780 1131 2812 34.
1160 2799 1195 2805 —-

332 2831 424 2872 apud
445 2830 559 2872 siqua]
589 2830 624 2862 in
647 2831 844 2864 castrorum
861 2830 1039 2871 principiis
1061 2831 1104 2873 (4,
1130 2829 1196 2872 64).

332 2880 404 2914 Illic
435 2881 530 2913 enim
559 2880 676 2922 signa,
713 2882 748 2913 et
781 2879 970 2922 plerosque
1001 2882 1199 2914 castrorum

333 2929 522 2965 sollemnes
546 2931 645 2963 actus
669 2929 763 2972 apud
786 2931 956 2973 principia
979 2930 1118 2963 notabis
1137 2940 1200 2964 ce-

333 2980 506 3015 lebratos:
542 2980 595 3012 ius
619 2979 655 3011 in
678 2980 854 3022 principiis
878 2980 1012 3013 dictum
1036 2981 1118 3022 (Liv.
1143 2981 1198 3021 28,

333 3030 404 3071 24);
438 3029 553 3063 edicta
577 3028 625 3062 ibi
647 3030 824 3071 proposita
851 3029 1038 3071 (Vulcatius
1060 3030 1096 3064 in
1119 3031 1201 3064 Avi-

286 3095 290 3099 ·
335 3080 393 3113 dio
418 3080 538 3114 Cassio
554 3079 604 3120 6);
630 3077 766 3112 litterae
789 3078 902 3112 lectae
927 3082 961 3114 et
984 3079 1125 3114 habitae
1149 3079 1199 3113 al-

336 3129 529 3163 locutiones
548 3129 761 3171 (Spartianus
781 3128 816 3161 in
831 3130 1025 3163 Pescennio
1042 3129 1073 3164 4.
1092 3130 1200 3163 Tacit.

336 3181 368 3220 4,
386 3179 462 3221 67);
489 3179 668 3221 castigatio
691 3180 728 3212 et
749 3178 926 3212 interdum
942 3180 1201 3214 animadversio

336 3229 384 3262 ibi
408 3230 562 3271 (Sueten.
588 3229 665 3262 oth.
684 3229 715 3262 4.
740 3229 923 3262 Frontinus
946 3231 1093 3273 Strateg.
1117 3230 1149 3272 4,
1169 3232 1200 3271 4,

338 3279 410 3319 4ὅ);
436 3280 575 3321 signum
599 3279 703 3312 etiam
727 3286 866 3321 pugnae
890 3281 1109 3322 propositum
1134 3281 1204 3323 (Isi-

338 3328 445 3361 dorus
469 3329 583 3370 origg.
610 3327 663 3369 49,
688 3327 756 3372 22).
783 3329 868 3361 Lirs.
890 3345 925 3350 —
950 3337 1020 3361 una
1042 3330 1094 3362 die
1116 3339 1198 3371 qua-

337 3377 496 3420 draginta
528 3377 675 3420 milium]
716 3376 951 3420 trepidissime
990 3385 1076 3411 sane
1107 3378 1199 3421 fuga.

339 3426 476 3459 Etenim
491 3426 656 3469 vegetius
672 3427 704 3468 4,
722 3426 761 3460 9:
786 3426 931 3461 Militari
949 3428 1063 3470 arada
1083 3429 1202 3471 viainti

1244 2230 1339 2263 milia
1358 2239 1518 2272 passuum
1538 2230 1630 2263 horis
1651 2231 1795 2271 quinque
1813 2231 1995 2263 dumtaaeat
2015 2231 2114 2264 aesti-

1244 2281 1295 2313 vis
1316 2281 1519 2322 conficienda
1541 2283 1627 2313 sunt.
1660 2281 1755 2314 Pleno
1778 2283 1890 2313 autem
1909 2280 2032 2323 arada,
2056 2280 2114 2321 qui

1245 2331 1379 2363 citatior
1392 2334 1456 2370 est,
1482 2331 1614 2363 totidem
1628 2330 1719 2363 horis
1733 2330 1851 2372 viginti
1867 2333 2026 2372 quattuor
2036 2338 2114 2372 per-

1246 2381 1377 2422 aqenda
1398 2383 1486 2413 sunt.
1521 2380 1683 2421 Quicquid
1698 2380 1883 2421 addideris,
1908 2380 1978 2413 iam
1998 2388 2115 2414 curm

1246 2434 1303 2463 est.
1324 2447 1359 2453 —-
1384 2433 1422 2462 ut
1444 2430 1670 2463 diversitatem
1688 2429 1918 2472 exprobraret]
1942 2431 1982 2463 ut
2002 2428 2115 2473 pudo-

1246 2489 1324 2513 rem
1354 2479 1418 2512 illis
1447 2480 1638 2520 incuteret,
1675 2480 1734 2521 qui
1765 2489 1836 2513 non
1868 2489 1911 2514 eo
1942 2481 2114 2524 apparatu

1247 2530 1443 2570 venissent,
1475 2530 1541 2562 sed
1563 2528 1665 2572 longe
1689 2529 1866 2571 dissimili,
1900 2538 2029 2573 nempe
2050 2529 2114 2572 qui

1247 2579 1452 2622 fugientium
1476 2589 1555 2614 esse
1579 2579 1680 2614 solet.
1707 2580 1786 2614 Enu.
1808 2598 1844 2606 —
1860 2581 2017 2622 minores]
2037 2580 2074 2614 h.
2087 2578 2112 2613 1.

1247 2630 1448 2671 inferiores,
1474 2631 1526 2664 die
1549 2630 1733 2664 Gemeinen.

1292 2731 1343 2763 47.
1370 2729 1525 2772 laborem]
1550 2730 1682 2763 itineris
1707 2729 1767 2763 diu
1790 2731 1967 2773 noctuque
1982 2738 2115 2774 prope-

1249 2780 1331 2819 rati,
1356 2782 1396 2812 ut
1417 2778 1582 2813 auxilium
1606 2781 1712 2814 Paeto
1736 2779 1899 2818 ferretur.
1928 2779 1979 2813 Cf.
2002 2788 2034 2813 c.
2057 2779 2111 2815 ⁴2.

1251 2846 1286 2852 -
1312 2830 1445 2872 integra
1465 2830 1598 2871 utrique
1619 2829 1751 2872 cuncta]
1778 2829 1861 2862 noch
1881 2829 1927 2862 sei
1946 2829 2005 2871 fiir
2026 2829 2116 2864 boiae

1247 2879 1352 2912 nichts
1382 2880 1533 2913 verloren
1566 2881 1758 2919 Gutmann3
1799 2888 1861 2921 que
1891 2880 1966 2914 rien
1998 2879 2116 2912 n'etait

1243 2929 1353 2971 perdu
1372 2930 1408 2962 ni
1428 2938 1517 2970 pour
1537 2929 1609 2962 l’un
1623 2930 1658 2962 ni
1676 2938 1767 2971 pour
1779 2930 1902 2963 l'autre
1916 2928 2113 2963 Louandre.

1252 2996 1289 3002 —
1314 2979 1471 3020 optimam
1498 2980 1669 3021 fortunam
1696 2979 1879 3022 orandam]
1906 2979 1936 3019 ‚i.
1962 2988 1994 3013 e.
2020 2978 2116 3014 haud

1251 3030 1470 3063 mediocrem
1493 3030 1559 3064 sibi
1582 3040 1602 3063 a
1622 3030 1676 3064 dis
1693 3030 1930 3073 expetendam
1946 3039 2026 3064 esse
2041 3030 2115 3067 for-

1251 3081 1385 3113 tunam.
1417 3080 1504 3114 Vide
1527 3081 1573 3113 ad
1595 3080 1634 3121 4,
1659 3081 1691 3113 7.
1721 3098 1756 3104 —
1781 3079 1939 3122 equitem]
1971 3081 2000 3115 si
2021 3079 2113 3115 rorte

1252 3130 1427 3173 equitatus
1450 3131 1677 3170 Parthorum,
1710 3138 1781 3172 quo
1802 3129 1994 3172 plurimum
2015 3128 2115 3164 vale-

1251 3179 1352 3219 bant,
1384 3180 1521 3222 Syriam
1543 3181 1731 3213 invasurus
1754 3180 1860 3213 esset.
1890 3197 1926 3204 -
1953 3178 2114 3221 adaque-

1251 3229 1355 3272 retur]
1372 3232 1563 3272 antequam
1577 3230 1688 3263 hostis
1704 3230 1843 3272 penitus
1859 3229 1894 3262 in
1909 3229 2114 3264 Armeniam

1253 3281 1485 3322 penetrasset.
1512 3296 1547 3302 —
1578 3279 1777 3320 detraheret]
1812 3279 1835 3311 i.
1862 3286 1894 3311 e.
1919 3276 2115 3313 deduceret

1252 3329 1426 3372 praesidia
1456 3338 1475 3362 e
1507 3328 1671 3362 castellis.
1699 3346 1734 3352 -
1766 3327 1902 3362 castella
1926 3331 2022 3361 trans
2041 3329 2115 3363 Eu-

1246 3379 1400 3422 phraten]
1418 3378 1470 3411 Cf.
1489 3387 1521 3412 c.
1539 3378 1559 3411 9
1576 3380 1611 3411 et
1627 3379 1680 3412 42.
1701 3396 1737 3402 -
1755 3377 1901 3420 diversis]
1917 3377 1940 3410 i.
1958 3386 1990 3411 e.
2007 3377 2116 3412 hosti-

1252 3427 1364 3470 libus,
1392 3437 1413 3462 a
1435 3428 1584 3463 diversis
1606 3426 1765 3471 pertibus
1787 3426 1969 3470 (Tiridatis)
1993 3428 2115 3463 coum
