2254 3770
328 295 410 345 462

800 304 845 348 P.
877 303 1126 349 conNELn
1155 305 1326 350 nem
1353 273 1620 351 ANNALIUM

325 408 506 466 primum
526 422 635 453 uxor
652 409 745 452 eius
765 409 978 454 Boudicca
999 410 1250 455 verberibus
1270 410 1420 455 affecta
1437 418 1478 455 et
1496 411 1608 456 filiae
1628 418 1775 470 stupro
1789 412 1970 456 violatae
1989 418 2098 456 sunt.

323 484 543 542 praecipui
574 484 735 543 quique
764 486 1004 537 Icenorum,
1035 487 1157 544 quasi
1180 492 1375 530 cunctam
1394 486 1614 544 regionem
1634 488 1797 532 muneri
1819 487 2097 545 accepissent.

323 559 444 603 avitis
475 559 597 603 bonis
628 568 850 611 exuuntur,
883 567 925 605 et
953 561 1178 620 propinqui
1211 561 1324 618 regis
1350 561 1459 605 inter
1480 562 1689 620 mancipia
1706 562 1983 607 habebantur.
2013 575 2100 620 qua

323 634 577 678 contumelia
607 640 650 678 et
677 641 791 678 metu
822 636 1080 693 graviorum,
1113 636 1285 695 quando
1316 637 1358 679 in
1388 637 1564 680 formam
1594 638 1838 695 provinciae
1869 644 2097 690 cesserant,

289 710 491 767 trapiunt
520 723 654 761 arma,
688 711 910 754 commotis
940 711 992 754 ad
1025 711 1343 755 rebellationem
1368 712 1692 757 Trinobantibus
1721 720 1764 758 et
1791 714 1865 772 qui
1895 713 1963 757 alii
1993 726 2100 757 non-

320 784 420 827 dum
452 785 625 829 servitio
654 785 772 829 fracti
802 799 1022 830 resumere
1057 786 1294 831 libertatem
1324 787 1500 831 occultis
1533 788 1894 832 coniurationibus
1923 789 2101 847 pepige-

318 866 422 911 rant,
445 861 654 904 acerrimo
675 861 716 904 in
737 867 962 906 veteranos
983 862 1095 906 odio.
1118 862 1277 920 quippe
1299 862 1340 904 in
1362 862 1573 906 coloniam
1588 863 1925 907 Camulodunum
1946 877 2099 908 recens

318 934 491 979 deducti
513 935 728 993 pellebant
747 936 956 988 domibus,
980 937 1261 981 exturbabant
1281 938 1403 995 agris,
1427 938 1628 996 captivos,
1660 953 1809 983 servos
1829 938 2096 997 appellando,

316 1010 556 1055 foventibus
576 1011 852 1069 inpotentiam
871 1018 1171 1056 veteranorum
1187 1012 1390 1056 militibus
1412 1013 1685 1058 similitudine
1700 1014 1812 1058 vitae
1828 1021 1870 1058 et
1888 1028 1966 1072 spe
1983 1014 2098 1059 eius—-

267 1096 304 1127 ⁴0
317 1085 416 1130 dem
445 1086 653 1131 licentiae.
685 1086 737 1130 ad
768 1086 850 1131 hoc
878 1087 1082 1144 templum
1103 1087 1201 1131 divo
1224 1086 1400 1131 Claudio
1422 1089 1692 1132 constitutum
1713 1089 1836 1147 quasi
1861 1103 1936 1133 arx
1957 1095 2096 1133 aeter-

315 1175 396 1205 nae
440 1161 737 1205 dominationis
775 1162 1082 1220 aspiciebatur;
1125 1161 1366 1220 delectique
1403 1162 1649 1207 sacerdotes
1696 1164 1842 1222 specie
1879 1163 2096 1222 religionis

316 1237 452 1281 omnis
492 1237 681 1280 fortunas
719 1237 1005 1282 effundebant.
1050 1251 1132 1282 nec
1161 1237 1340 1281 arduum
1371 1238 1595 1282 videbatur
1624 1239 1853 1284 excindere
1882 1239 2094 1284 coloniam

314 1311 440 1355 nullis
471 1312 741 1356 munimentis
772 1319 983 1370 saeptam;
1016 1313 1130 1371 quod
1162 1313 1345 1357 ducibus
1375 1311 1530 1357 nostris
1560 1327 1709 1371 parum
1741 1315 1960 1372 provisum
1990 1321 2093 1367 erat,

313 1387 415 1431 dum
446 1388 687 1431 amoenitati
718 1389 836 1446 prius
866 1402 995 1445 quam
1026 1389 1120 1432 usui
1151 1388 1397 1432 consulitur.
1441 1389 1522 1446 (32)
1555 1389 1662 1433 inter
1690 1403 1803 1448 quae
1822 1389 1936 1434 nulla
1956 1389 2094 1448 palam

264 1472 301 1502 45
315 1476 444 1507 causa
482 1462 704 1521 delapsum
745 1463 1024 1508 Camuloduni
1063 1463 1336 1507 simulacrum
1366 1464 1576 1508 Victoriae
1605 1478 1656 1508 ac
1684 1471 1797 1508 retro
1826 1478 2093 1517 conversum,

313 1539 436 1596 quasi
474 1538 647 1583 cederet
683 1538 889 1583 hostibus.
935 1545 977 1583 et
1015 1538 1196 1583 feminae
1226 1539 1267 1582 in
1298 1538 1482 1583 furorem
1514 1539 1707 1583 turbatae
1736 1540 1891 1584 adesse
1921 1540 2094 1584 exitium

313 1614 538 1666 canebant,
570 1620 856 1672 externosque
886 1613 1075 1657 fremitus
1106 1615 1147 1657 in
1168 1614 1285 1670 curia
1305 1628 1455 1658 eorum
1476 1614 1667 1667 auditos;
1698 1615 1979 1659 consonuisse
1998 1614 2094 1658 ulu-

311 1689 465 1734 latibus
495 1690 724 1741 theatrum,
756 1689 977 1748 visamque
1008 1690 1198 1748 speciem
1228 1690 1271 1732 in
1301 1690 1514 1734 aestuario
1537 1691 1740 1734 Tamesae
1765 1691 2000 1735 subversae
2020 1703 2093 1735 co-

375 1832 406 1865 4.
431 1830 599 1863 Boudicca
628 1830 662 1863 M
691 1829 735 1870 (c.
760 1828 833 1870 37):
865 1829 1015 1861 boodicia
1037 1830 1070 1863 M
1094 1829 1145 1871 (h.
1167 1828 1224 1871 l.);
1255 1829 1423 1863 bouducea
1448 1829 1545 1862 idem
1576 1838 1607 1862 c.
1630 1830 1690 1870 353
1722 1830 1878 1863 aoaduca
1900 1828 1988 1862 alter
2010 1829 2088 1863 eod.

308 1888 389 1929 Agr.
407 1887 469 1926 ⁴63
493 1886 657 1919 noadicca
678 1883 782 1924 alter;
807 1885 980 1918 Bouduica
994 1885 1216 1928 Nipperdey;
1240 1886 1408 1919 Boudicca
1430 1885 1498 1919 alii.
1516 1904 1549 1910 -
1577 1887 1608 1919 2.
1631 1886 1784 1927 precipui
1805 1886 1839 1919 M
1853 1904 1898 1910 —
1918 1886 2092 1919 Icenorum

307 1943 515 1977 Rhenanus:
539 1950 723 1984 yqenorwm
745 1942 777 1975 M
797 1959 832 1966 —-
859 1942 954 1982 quasi
970 1950 999 1974 c.
1016 1951 1047 1974 r.
1065 1950 1111 1975 m.
1129 1943 1327 1983 accepissent
1345 1941 1489 1975 seclusit
1505 1942 1720 1986 Nipperdey,
1744 1943 1825 1985 post
1845 1943 1973 1975 deducti
1997 1943 2040 1983 (v.
2055 1941 2087 1982 8)

306 1999 522 2042 transposuit
544 1999 671 2031 Haase.
705 1997 876 2031 «Adeone
908 1997 1058 2031 subiecti
1080 1999 1228 2031 mutatio
1251 1998 1436 2032 offensioni
1460 1999 1568 2032 est‘?»
1594 1999 1704 2032 Ham.
1731 2017 1767 2022 —
1793 1998 1824 2031 3.
1849 1999 1973 2032 hanins
1994 1998 2027 2032 M
2051 2015 2089 2022 —

306 2058 339 2091 ὃ.
362 2054 608 2090 ἰνῧηουαηιὶὸαε
630 2056 663 2089 M
686 2072 723 2078 —
749 2054 782 2087 6.
805 2054 908 2095 fracti
930 2054 1009 2087 cod.
1033 2053 1233 2096 Agricolae:
1257 2054 1339 2097 facti
1361 2055 1395 2088 M
1413 2073 1449 2078 —
1475 2055 1506 2088 9.
1531 2055 1567 2088 in
1583 2055 1766 2097 potentiam
1788 2054 1900 2088 divise
1920 2055 1954 2088 M
1971 2072 2006 2078 —
2033 2053 2087 2087 40.

305 2121 367 2160 ατς
388 2112 433 2146 ab
457 2112 584 2146 eadem
607 2120 655 2144 m.
682 2120 772 2144 corr.
797 2111 832 2143 in
856 2119 924 2143 ara>
945 2111 980 2144 M
1008 2127 1039 2135 -
1067 2110 1119 2144 43.
1143 2114 1269 2152 septam
1292 2112 1323 2145 M
1349 2129 1385 2135 -
1412 2111 1465 2144 46.
1488 2111 1638 2153 furorem
1660 2112 1829 2145 Faernus:
1854 2111 1970 2153 steron
1991 2110 2025 2144 M
2049 2127 2087 2134 -·

304 2170 359 2204 48.
385 2170 540 2203 Tamesae
560 2169 730 2203 Pichena:
754 2172 824 2202 tam
845 2177 918 2202 osae
940 2168 985 2202 M.

305 2290 419 2333 Auget
439 2290 491 2323 rei
507 2288 750 2331 indignitatem
766 2287 918 2321 obscura
935 2287 1095 2321 condicio
1111 2288 1173 2320 ho-

304 2341 453 2382 minum,
469 2340 597 2383 quibus
610 2348 690 2372 eam
703 2339 849 2380 exsequi
862 2338 1069 2371 mandatum
1082 2340 1168 2371 erat.

305 2391 357 2425 Cf.
382 2392 463 2434 Agr.
489 2391 549 2423 45:
578 2390 717 2422 alterius
738 2388 864 2430 (legati)
897 2397 1036 2421 manwm
1056 2391 1172 2421 centu-

303 2442 432 2482 riones,
464 2440 603 2473 alterius
634 2437 894 2482 (procuratoris)
917 2447 1030 2471 servos
1050 2439 1119 2471 vim
1141 2441 1173 2471 et

303 2491 518 2525 contumelias
537 2491 685 2523 miscere.
706 2507 741 2512 —
768 2487 947 2529 Boudicca]
969 2488 1033 2520 Dio
1057 2488 1111 2527 62,
1129 2487 1166 2521 4:

303 2539 329 2585 ἦ
352 2540 393 2575 δὲ
414 2538 585 2585 μάλιστα
599 2535 737 2580 αὐτοὺς
756 2538 959 2580 (Britannos)
980 2538 1043 2571 καὶ
1060 2537 1170 2571 ἐναν-

302 2593 367 2626 τία
382 2588 578 2634 Ῥωμαίων
595 2587 775 2632 πολεμεῖν
790 2584 1032 2622 ἀναπείσασα
1047 2588 1170 2621 Βουν-

302 2641 439 2676 δουίκα
461 2636 528 2685 ἧν,
560 2638 656 2685 γυνὴ
686 2640 905 2686 Βρεττανίς,
936 2640 1070 2683 γένους
1098 2636 1168 2672 τοῦ

302 2692 500 2735 βασιλείου
534 2692 665 2735 μεῖζον
700 2687 727 2734 ἢ
755 2688 851 2723 κατὰ
882 2692 1045 2734 γυναῖκα
1067 2687 1167 2736 φρό-

301 2755 408 2789 νημα
429 2739 589 2784 ἔχουσα.
606 2760 656 2768 --
671 2735 720 2786 ἧν
742 2740 782 2774 δὲ
807 2741 871 2774 καὶ
894 2738 938 2774 τὸ
962 2738 1076 2784 σῶμα
1097 2749 1167 2783 με-

301 2797 413 2840 γίστη
443 2794 507 2828 καὶ
541 2790 587 2826 τὸ
619 2789 719 2834 εἶδος
747 2789 1021 2839 βλοσυρωτάτη
1051 2788 1097 2823 τό
1126 2800 1166 2823 τε

300 2845 456 2890 βλέμμα
476 2841 686 2893 δριμυτάτη
698 2853 707 2861 ·
730 2843 795 2876 καὶ
811 2840 856 2875 τὸ
873 2842 1030 2886 φθέγμα
1044 2838 1164 2889 τραχὺ

301 2893 380 2937 εἶχε
394 2905 401 2913 ’
426 2892 497 2939 τήν
518 2904 559 2928 τε
580 2891 708 2937 κόμην
731 2892 910 2936 πλείστην
924 2902 964 2925 τε
986 2892 1051 2925 καὶ
1074 2888 1165 2934 ξαν-

299 2947 470 2991 θοτάτην
490 2946 605 2994 μέχρι
626 2943 702 2978 τῶν
723 2942 892 2989 γλουτῶν
911 2943 1068 2977 καθεῖτο
1083 2940 1160 2975 κτλ.

299 2998 436 3032 Erravit
465 2995 600 3039 Lipsius
628 2994 738 3027 verba
769 2993 888 3027 Gildae
920 2994 1013 3036 (cap.
1039 2991 1060 3026 4
1083 3001 1117 3035 p.
1142 2992 1163 3025 2

300 3048 357 3082 ed.
383 3046 484 3082 Gale:
510 3047 659 3079 nectores
681 3044 742 3077 sibi
756 3044 887 3077 relictos
900 3044 945 3076 ad
960 3042 1163 3077 enuntianda

293 3099 424 3140 plonius
455 3096 508 3131 vel
537 3095 765 3139 confirmanda
787 3095 926 3127 Romani
947 3094 1043 3136 reyni
1065 3092 1164 3126 moli-

297 3150 392 3182 mina
405 3147 521 3181 leaena
535 3145 717 3180 trucidavit
731 3143 871 3186 dolosa.)
890 3143 935 3176 ad
949 3143 1163 3177 Boudiccam

298 3198 476 3237 referens;
495 3196 626 3231 etenim
643 3193 780 3235 Gildae,
804 3194 864 3235 qui
878 3194 1091 3227 Boudiccam
1105 3193 1162 3226 vix

299 3249 465 3288 noverat,
500 3247 617 3280 leaena
648 3245 761 3279 dolosa
795 3244 849 3276 est
882 3244 954 3275 tota
987 3243 1162 3276 Britannia

299 3306 443 3341 semper
465 3297 636 3330 adversus
658 3296 835 3329 Romanos
857 3291 1009 3325 rebellis.
1030 3310 1065 3315 —
1089 3293 1163 3325 Tre·-

298 3347 507 3388 notantibus]
531 3347 662 3380 Caesar
683 3345 721 3378 B.
746 3344 785 3378 G.
802 3343 834 3384 δ,
851 3342 914 3375 20:
940 3341 1163 3382 Trinobantes,

297 3405 402 3439 prope
438 3396 630 3439 firmissima
670 3401 789 3428 earnm
827 3400 864 3425 ro
890 3391 1001 3424 ‘onmn
1032 3391 1161 3424 civitas.

300 3444 522 3480 Ptolemaeus
544 3445 583 3486 2,
609 3444 642 3486 3,
666 3443 727 3477 22:
759 3441 826 3475 noa
847 3437 1163 3486 ανατολικώτεροι

1223 2284 1326 2335 παρὰ
1340 2285 1411 2331 τὴν
1421 2283 1586 2330 Ἰάμησα
1602 2286 1794 2329 (Tamesae)
1811 2284 1985 2326 εῗσχυσιν
1999 2286 2087 2334 Τρι-

1221 2336 1394 2379 νόαντες,
1427 2337 1468 2371 ἐν
1492 2332 1551 2378 οἷς
1574 2334 1684 2378 πόλις
1705 2333 2019 2380 Καμουδόλανον.
2045 2353 2082 2360 -

1221 2388 1494 2430 Camulodunum]
1527 2387 1615 2420 Vide
1638 2387 1684 2420 ad
1707 2387 1760 2427 42,
1786 2386 1839 2420 32.
1868 2403 1903 2410 —
1930 2386 2087 2428 templum

1221 2440 1296 2471 divo
1312 2438 1449 2472 Claudio
1471 2437 1694 2479 constitutam]
1718 2437 1769 2470 De
1786 2445 1829 2469 eo
1845 2437 1978 2469 Seneca
1995 2435 2082 2470 Lud.

1220 2489 1252 2529 8,
1270 2489 1309 2521 3:
1336 2490 1460 2521 Parum
1482 2491 1544 2528 est,
1569 2489 1657 2529 quod
1678 2487 1834 2528 templum
1855 2488 1892 2520 in
1905 2486 2086 2520 Britannia

1218 2539 1341 2572 habet?
1369 2539 1458 2581 quod
1478 2538 1564 2571 hunc
1586 2538 1723 2571 barbari
1744 2538 1855 2571 colunt
1876 2540 1907 2570 et
1927 2539 1968 2570 ut
1987 2537 2084 2570 doum

1218 2593 1318 2623 orant
1337 2587 1469 2636 μωροῦ
1487 2585 1662 2621 εἰιλάτου
1677 2591 1806 2628 τυχεῖν
1819 2587 1838 2620 ?
1851 2605 1894 2612 —
1908 2587 2085 2628 delectique

1217 2639 1410 2681 sacerdotes]
1434 2638 1657 2680 Legebantur
1679 2638 1773 2671 enim
1796 2638 1957 2670 flamines
1978 2635 2083 2670 Clau-

1218 2690 1275 2723 dio
1299 2699 1342 2723 ex
1364 2687 1637 2732 provincialibus
1655 2689 1759 2731 ipsis,
1785 2686 1913 2730 quibus
1929 2687 1965 2720 in
1979 2694 2081 2734 sacra

1215 2741 1447 2781 victimasque
1476 2739 1551 2772 eius
1578 2738 1647 2771 divi
1677 2737 1775 2771 multi
1805 2737 1956 2771 faciendi
1985 2745 2082 2771 sum-

1214 2792 1306 2834 ptus.
1332 2789 1419 2823 Vide
1442 2790 1578 2822 Arrian.
1602 2789 1714 2831 Epict.
1739 2789 1771 2828 4,
1795 2788 1849 2828 49,
1866 2787 1927 2821 26:
1951 2784 2080 2831 Σήμε-

1215 2838 1284 2888 ρόν
1316 2849 1372 2881 τις
1401 2836 1495 2886 ὑπὲρ
1523 2835 1731 2885 ἱερωσύνης
1758 2835 1882 2871 ἐλάλει
1909 2847 1978 2880 μοι
2008 2835 2078 2871 τοῦ

1213 2887 1451 2935 Αὐγούστου.
1475 2887 1583 2932 Λέγω
1606 2883 1728 2931 αὐτῷ,
1743 2883 1955 2934 Ἄνθρωπε,
1978 2882 2078 2929 ἄφες

1213 2938 1257 2974 τὸ
1281 2938 1455 2988 πρᾶγμα,
1484 2935 1718 2982 δαπανήσεις
1745 2934 1868 2971 πολλὰ
1889 2937 1928 2980 ἐς
1951 2934 2074 2972 οὐδέν.

1211 2992 1297 3026 Lips.

1256 3041 1309 3075 32.
1333 3041 1370 3073 in
1390 3040 1538 3082 fiurorem
1559 3037 1723 3080 turbatae]
1747 3045 1889 3080 «usque
1911 3037 1958 3071 ad
1979 3037 2076 3072 furo-

1212 3100 1290 3125 rem
1311 3090 1464 3123 vaticinii
1486 3089 1532 3122 de
1560 3090 1660 3122 recto
1682 3088 1811 3121 mentis
1833 3089 1926 3121 statu
1948 3087 2076 3121 demo-

1211 3143 1303 3176 tae.»
1323 3159 1359 3165 —
1383 3142 1420 3173 in
1441 3140 1539 3173 curia
1555 3137 1681 3182 eom]
1706 3137 1865 3178 Colonia,
1890 3146 1981 3181 quae
1997 3138 2075 3171 erat

1213 3189 1461 3231 Camuloduni,
1492 3197 1596 3223 suum
1626 3189 1790 3221 senatum
1812 3188 1886 3221 sive
1908 3187 2074 3220 decurio-

1211 3250 1297 3275 num
1320 3240 1479 3274 ordinem
1502 3238 1673 3279 habebat,
1703 3238 1831 3281 quibus
1853 3238 1951 3271 cun‘a
1972 3236 2073 3270 aedi-

1213 3291 1317 3325 ficata
1340 3291 1426 3324 erat.
1444 3308 1488 3314 —
1508 3289 1590 3332 iam]
1613 3289 1635 3322 i.
1662 3297 1695 3322 e.
1718 3289 1897 3327 iamvero,
1921 3287 2073 3320 andnam

1210 3342 1372 3382 voventis,
1395 3341 1435 3373 ut
1450 3339 1496 3373 ad
1512 3340 1672 3382 graviora
1687 3338 1900 3375 muscatam
1926 3338 1965 3370 ut
1979 3345 2010 3370 c.
2030 3337 2072 3370 ⁴2

1210 3392 1280 3424 iam
1295 3391 1344 3423 sol
1360 3392 1494 3431 repente
1507 3388 1711 3429 obscuratus,
1731 3385 1808 3420 coll.
1828 3386 1860 3427 4,
1875 3385 1928 3420 4⁴.
1946 3386 2000 3427 43,
2014 3385 2068 3420 43.

1210 3440 1318 3473 Dono.
1331 3457 1367 3465 —
1382 3439 1531 3474 Oceanus
1543 3454 1563 3463 -
1574 3455 1593 3463 -
1607 3434 1831 3478 vehebantur]
1851 3435 1919 3469 «Ea
1933 3436 2071 3470 ostenta
