2254 3770
300 279 321 325 ’4
331 281 385 326 20

781 282 829 325 P.
861 279 1112 325 CORNELII
1141 281 1313 325 TACITI
1340 279 1609 326 ANNALIUM

302 387 534 432 adversum
573 388 767 446 ingentes
807 387 1023 432 exercitus
1064 387 1306 432 insedisset.
1363 387 1444 444 (60)
1475 386 1555 431 sed
1589 387 1868 432 Germanicus
1906 388 2096 432 nondum

249 479 253 486 ¹
304 470 524 522 comperto
566 463 874 523 profectionem
910 477 1005 507 eam
1043 463 1228 508 incusari
1266 462 1359 507 Nilo
1396 462 1733 514 subvehebatur,
1773 477 1898 507 orsus
1936 462 2096 522 oppido

302 553 328 583 a
359 539 547 597 Canopo.
593 538 826 584 condidere
856 538 901 582 id
930 539 1126 597 Spartani
1157 539 1212 582 ob
1243 538 1457 597 sepultum
1485 537 1571 583 illic
1590 546 1800 583 rectorem
1820 540 1940 583 navis
1961 539 2097 584 Cano-

301 629 422 673 pum,
454 629 542 674 qua
572 620 823 673 tempestate
851 614 1071 659 Menelaus
1093 615 1316 659 Graeciam
1343 620 1542 672 repetens
1562 613 1782 658 diversum
1802 614 1857 659 ad
1878 629 1997 660 mare
2014 622 2099 660 ter-

270 702 482 748 5ramque
512 690 704 748 Libyam‘
729 689 922 734 deiectus
953 697 1023 734 est.
1065 690 1163 735 inde
1190 690 1432 749 proximum
1458 690 1594 734 amnis
1622 704 1671 734 os
1698 690 1885 735 dicatum
1911 690 2097 743 Herculi,

303 779 435 824 quem
465 765 692 823 indigenae
723 771 865 809 ortum
893 772 997 824 aput
1025 780 1074 810 se
1105 773 1148 810 et
1176 766 1521 825 antiquissimum
1561 765 1786 824 perhibent
1821 780 1986 825 eosque
2025 766 2099 825 qui

302 847 454 899 postea
483 841 577 899 pari
608 841 762 885 virtute
792 841 948 886 suerint
977 842 1019 885 in
1050 849 1380 900 cognomentum
1410 841 1504 886 eius
1533 841 1741 896 adscitos;
1771 856 1871 886 mox
1901 842 1997 886 visit
2024 856 2099 887 ve-

301 923 443 961 terum
483 916 722 961 Thebarum
765 932 919 975 magna
947 918 1138 976 vestigia.
1191 924 1234 962 et
1265 917 1492 962 manebant
1520 917 1690 963 structis
1722 917 1905 962 molibus
1933 917 2098 963 litterae

302 993 557 1052 Aegyptiae,
590 992 781 1051 priorem
810 993 1071 1051 opulentiam
1093 993 1364 1052 complexae3
1395 993 1626 1053 iussusque
1647 1008 1671 1038 e
1692 988 1935 1038 senioribus
1955 1007 2100 1039 sacer-

253 1081 290 1111 ⁴0
304 1068 451 1113 dotum
480 1068 666 1127 patrium
697 1082 941 1113 sermonem
971 1070 1259 1128 interpretari,
1295 1069 1506 1114 referebat
1535 1069 1751 1114 habitasse
1781 1068 1999 1128 quondam
2029 1083 2099 1114 se-

301 1144 521 1203 ptingenta
558 1143 675 1189 milia
713 1151 851 1189 aetate
872 1144 1078 1197 militari,
1117 1152 1247 1204 atque
1277 1159 1330 1189 eo
1363 1160 1461 1190 cum
1490 1145 1680 1191 exercitu
1710 1159 1857 1204 regem
1887 1144 2100 1190 Rhamsen

370 1317 400 1350 4.
426 1317 607 1350 aduersum
629 1324 723 1350 corr.
747 1316 784 1350 in
806 1317 968 1350 aduersus
983 1317 1016 1351 Μ
1034 1334 1069 1340 -
1088 1315 1120 1350 4.
1144 1317 1295 1359 ¹qreciam
1310 1317 1344 1350 M
1363 1335 1397 1340 —
1417 1318 1449 1350 5.
1468 1317 1609 1350 deiectas
1629 1317 1699 1350 Iac.
1717 1317 1912 1350 Gronovius
1928 1325 1936 1349 :
1961 1316 2102 1350 delectas

302 1375 338 1409 M
359 1392 402 1400 -
424 1378 470 1408 est
493 1374 665 1408 Pichena:
692 1383 763 1407 om.
785 1374 830 1408 M.

349 1519 402 1552 60.
428 1519 505 1551 Nilo
528 1518 776 1561 subveniebatur]
799 1518 888 1551 Vide
911 1518 957 1551 ad
976 1527 1007 1551 c.
1026 1519 1058 1551 8.
1079 1537 1114 1542 -
1142 1518 1180 1551 ob

302 1569 466 1610 sepultum
487 1569 556 1601 illic
572 1586 620 1593 --
637 1568 819 1611 Canopum]
842 1569 1002 1602 Eandem
1025 1568 1181 1601 fabulam

305 1623 477 1654 Graecam
500 1619 645 1652 tradunt
668 1619 794 1652 Strabo
819 1621 851 1660 4,
874 1621 914 1652 47
937 1629 972 1662 p.
991 1620 1049 1653 804
1068 1629 1075 1652 z
1100 1617 1181 1653 Κά-

304 1669 431 1711 νωβος
453 1668 484 1702 δ’
508 1669 591 1703 ἐστὶ
614 1666 725 1711 πόλις
745 1669 786 1703 ἐν
809 1668 933 1704 εἴκοσι
953 1670 1020 1703 καὶ
1042 1669 1180 1704 ἑκατὸν

305 1719 477 1761 σταδίοις
507 1715 586 1753 ἀπὸ
614 1715 893 1765 Ἀλεξανδρείας
923 1719 1014 1768 πεζῇ
1040 1719 1179 1762 ἰοῦσιν,

305 1769 508 1815 ἐπώνυμος
535 1768 746 1811 Κανώβου,
779 1770 847 1804 τοῦ
882 1770 1077 1805 Μενελάου
1112 1783 1181 1806 κυ-

304 1819 515 1870 βερνήτου,
546 1817 686 1855 αὐτόθι
708 1817 988 1863 ἀποθανόντος.
1026 1821 1111 1855 Plin.
1138 1824 1179 1860 N,

306 1874 348 1906 H.
373 1874 406 1913 5,
433 1873 452 1914 S
478 1872 552 1905 428.
591 1872 642 1905 Cf.
667 1873 795 1914 Heynii
821 1873 950 1915 Opuso.
975 1873 1008 1913 Ι,
1041 1882 1076 1914 p.
1102 1872 1178 1906 397.

306 1924 358 1956 De
388 1922 562 1964 scriptura
587 1922 740 1955 nominis
765 1922 809 1954 cf.
836 1922 1065 1962 Quintilianus
1089 1923 1120 1963 4,
1146 1924 1191 1964 5,-

306 1972 371 2006 ⁴3:
405 1972 520 2005 Cicero
550 1972 855 2013 Canopitarnm
884 1973 1067 2006 exercitum
1090 1974 1180 2013 dicit,

305 2023 370 2064 ipsi
404 2022 600 2056 Canobon
634 2026 765 2055 vocant.
800 2041 835 2047 —-
873 2024 1048 2066 diversum]
1085 2024 1181 2066 quod

308 2075 404 2107 esset
433 2082 452 2106 e
483 2074 626 2115 regione
657 2074 731 2106 sive
764 2074 801 2106 in
825 2075 986 2116 opposita
1008 2074 1108 2117 plaga
1135 2076 1179 2116 ei,

307 2134 378 2167 qua
403 2125 517 2164 esset,
544 2133 615 2166 quo
633 2124 789 2167 petebat.
823 2125 874 2158 Cf.
896 2126 928 2165 4,
947 2126 1007 2158 47ε
1033 2127 1183 2159 diversas

306 2175 343 2208 in
366 2178 485 2207 terras.
512 2174 544 2214 3,
570 2175 607 2207 2:
638 2175 769 2207 diversa
792 2175 926 2216 oppida.
955 2194 991 2199 —
1017 2177 1126 2209 amnis
1148 2186 1183 2208 os

308 2227 457 2259 dicatum
471 2225 616 2266 Hercula]
642 2227 871 2259 Accusativus
887 2227 1019 2269 pendet
1035 2236 1054 2260 a
1069 2227 1182 2260 verbo

306 2277 403 2316 visit,
430 2275 525 2317 quod
547 2275 647 2308 alteri
672 2276 818 2310 demum
842 2277 1007 2310 membro
1023 2277 1182 2310 additum

310 2327 375 2359 est.
415 2325 637 2367 significatur
660 2327 779 2359 autem
805 2329 933 2361 ostium
952 2329 1179 2370 Canopicum,

310 2377 442 2410 dictum
469 2377 575 2409 etiam
600 2376 898 2418 Heracleoticum,
930 2379 1022 2411 inter
1044 2381 1182 2421 septem

309 2425 374 2459 Nili
399 2426 486 2458 ostia
511 2427 665 2459 maxime
690 2428 920 2461 occidentale.
948 2429 1072 2461 Strabo
1096 2428 1117 2461 1.
1144 2428 1181 2461 i.:

309 2473 415 2509 Μετά
438 2475 478 2509 δὲ
501 2474 570 2509 τὸν
592 2475 781 2518 Κάνωβόν
800 2478 882 2512 ἐστι
897 2477 941 2512 τὸ
960 2476 1182 2526 “Ηρα’κλειον

310 2524 356 2561 τὸ
376 2524 606 2574 ἸΙρακλεόυς
627 2523 720 2567 ἕχον
737 2528 850 2576 ἱερόν.
876 2531 927 2562 De
945 2529 1095 2563 Hercule
1113 2532 1182 2563 Ae-

311 2579 432 2621 gyptio
457 2579 498 2611 cf.
525 2578 655 2612 Herod.
682 2580 720 2620 2,
743 2579 797 2614 43.
823 2581 966 2614 Diodor.
986 2582 1017 2621 4,
1034 2580 1088 2614 24.
1114 2582 1184 2614 Me-

312 2628 383 2661 lam
408 2629 446 2668 3,
473 2629 502 2661 6.
541 2629 726 2662 Arrianum
762 2630 807 2663 de
837 2631 914 2664 reb.
946 2630 1042 2664 Alex.
1068 2632 1108 2671 2,
1143 2631 1183 2663 46

313 2688 349 2722 p.
377 2679 452 2711 425.
479 2679 635 2713 Macrob.
662 2682 797 2715 Saturn.
825 2683 856 2722 4,
881 2683 934 2715 20.
970 2700 1005 2706 -
1038 2686 1185 2715 veterum

316 2729 496 2762 Thebarum
519 2739 645 2771 mayna
665 2731 821 2773 vestigia]
857 2731 983 2764 Strabo
1008 2733 1059 2770 47,
1086 2733 1117 2772 4,
1143 2732 1184 2765 46

314 2789 349 2823 p.
376 2780 457 2812 8⁴5:
483 2777 581 2822 μετὰ
603 2779 644 2813 δὲ
667 2778 736 2823 τὴν
755 2777 988 2824 Ἀπόλλωνος
1011 2780 1121 2815 πόλιν
1143 2783 1187 2814 αἱ

314 2827 465 2873 Θῆβαι·
502 2829 674 2864 καλεῖται
708 2829 748 2864 δὲ
779 2830 848 2865 νῦν
877 2829 967 2874 Διὸς
991 2830 1111 2874 πόλις.
1130 2852 1184 2858 --

314 2880 381 2913 καὶ
408 2877 477 2912 νῦν
505 2877 536 2911 δ’
567 2878 655 2924 ἴχνη
686 2880 874 2915 δείκνυται
903 2881 972 2916 τοῦ
995 2883 1185 2927 μεγέθους

314 2926 436 2973 αὐτῆς
450 2928 511 2963 ἐπὶ
530 2925 772 2973 ὀγδοήκοντα
788 2931 968 2974 σταδίους
982 2930 1027 2966 τὸ
1041 2930 1181 2977 μῆκος.

316 2982 483 3015 Ceterum
507 2981 636 3014 mirum
662 2984 717 3015 est
739 2983 773 3015 in
797 2985 869 3016 tam
893 2986 1057 3018 accurata
1080 2985 1184 3020 huius

316 3032 449 3064 itineris
473 3031 710 3074 descriptione
740 3035 924 3075 praeteriri
947 3036 1126 3078 Memphin
1150 3038 1186 3069 et

316 3090 408 3124 quae
446 3081 493 3114 ibi
529 3082 737 3114 Germanico
773 3084 943 3117 accidisse
982 3084 1183 3119 narrabant.

315 3131 445 3164 Plinius
468 3133 507 3164 N.
535 3132 576 3164 H.
601 3131 640 3173 8,
666 3131 685 3173 ἓ
710 3132 791 3164 ⁴85:
823 3134 975 3167 Inventus
999 3135 1102 3177 (Apis)
1127 3136 1185 3170 de-

315 3182 448 3214 ducitur
462 3181 640 3223 Memphim
662 3190 685 3214 a
705 3183 937 3216 sacerdotibus.
956 3202 973 3207 -
987 3202 1004 3208 -
1022 3186 1186 3226 Responsa

311 3233 420 3274 privis
442 3233 500 3265 dat
522 3242 539 3265 e
560 3232 715 3265 manibus
736 3234 972 3267 consulentium
994 3235 1103 3268 cibum
1125 3245 1185 3268 ca-

312 3284 445 3324 piendo.
476 3283 667 3316 Germanici
689 3283 841 3317 Caesaris
869 3293 991 3317 manus
1013 3290 1187 3319 aversatus

315 3337 362 3366 est
383 3334 473 3367 haud
494 3335 597 3367 multo
620 3338 736 3376 postea
758 3336 921 3368 eoestineti.
957 3335 1055 3369 Idem
1079 3337 1184 3370 tradit

318 3384 523 3417 Ammianus
555 3383 776 3418 Marcellinus
799 3386 859 3425 22,
885 3384 945 3426 44,
971 3386 1009 3418 8:
1043 3388 1184 3427 offeren-

316 3437 379 3467 tem
401 3435 509 3469 cibum
532 3436 714 3478 aliquando
738 3436 971 3470 Germanicum
994 3436 1181 3477 Caesarem,

1228 1519 1325 1552 sicuti
1348 1519 1467 1551 lectum
1486 1520 1548 1559 est,
1574 1521 1748 1551 aversatus
1765 1518 1981 1559 portenderat
1998 1518 2102 1559 paulo

1228 1573 1301 1611 post
1330 1573 1500 1602 eventura.
1526 1587 1562 1592 —
1596 1569 1729 1602 structis
1749 1569 1899 1611 molibus]
1924 1568 2097 1604 obeliscis.

1231 1620 1281 1653 Cf.
1307 1620 1450 1652 Diodor.
1476 1620 1514 1659 4,
1538 1620 1593 1652 57.
1637 1620 1813 1652 Ammian.
1845 1620 1952 1653 Marc.
1979 1620 2041 1660 47,
2066 1619 2099 1653 4.

1230 1671 1331 1711 Eum,
1357 1670 1402 1703 de
1420 1679 1490 1712 quo
1506 1670 1563 1703 hic
1578 1670 1659 1711 agit,
1684 1670 1883 1703 Rhamestis
1897 1671 2008 1712 regis,
2027 1679 2104 1704 om-

1230 1722 1344 1760 nium,
1380 1722 1440 1763 qui
1471 1720 1589 1759 suere,
1625 1721 1820 1753 maximum
1844 1719 1965 1761 (altum
1988 1721 2102 1764 pedes

1231 1772 1418 1811 cxxvffl),
1437 1772 1663 1804 Constantius
1681 1772 1812 1804 Caesar
1827 1773 1974 1805 Romam
1991 1774 2103 1806 trans-

1231 1822 1443 1864 portandum
1466 1824 1572 1864 atque
1597 1822 1632 1854 In
1659 1822 1759 1854 Circo
1782 1823 1936 1855 maximo
1961 1824 2103 1865 erigen-

1231 1872 1316 1905 dum
1342 1873 1543 1912 curaverat,
1570 1880 1734 1905 eversum
1754 1872 1931 1906 Fontanae
1955 1882 2023 1916 ope
2047 1883 2104 1907 re-

1231 1922 1342 1955 stituit
1364 1923 1480 1954 Sixtus
1499 1922 1541 1954 V.
1575 1921 1626 1954 Cf.
1643 1921 1757 1964 Zo'ega
1774 1922 1818 1955 de
1835 1923 1968 1964 origine
1985 1925 2021 1956 et
2035 1933 2103 1958 usu

1232 1971 1489 2012 obeliscorum,
1516 1973 1647 2005 Romae
1673 1973 1776 2013 4797,
1802 1973 1862 2015 qui
1879 1972 1980 2006 aliter
1995 1982 2103 2015 quam

1232 2023 1367 2064 Lipsius
1391 2022 1486 2054 hunc
1507 2021 1629 2054 locum
1652 2022 1903 2064 interpretatus
1919 2025 1974 2057 est
1993 2033 2031 2067 p.
2046 2025 2100 2058 44;

1233 2071 1433 2104 «Obeliscos
1454 2070 1645 2114 intelligere
1663 2072 1761 2105 iubet
1777 2073 1913 2115 Lipsius
1929 2091 1996 2114 --‚
2021 2073 2104 2108 licet

1233 2131 1297 2164 ego
1322 2131 1391 2155 non
1415 2122 1572 2160 videam,
1599 2131 1663 2154 cur
1683 2122 1729 2154 de
1750 2122 1914 2157 obeliscis
1930 2125 2103 2167 accipien-

1233 2173 1299 2206 dus
1329 2173 1374 2206 sit
1403 2172 1459 2205 hic
1488 2171 1587 2205 locus
1614 2173 1730 2214 potius
1753 2181 1861 2216 quam
1885 2173 1930 2207 de
1961 2174 2102 2218 templis

1232 2223 1467 2266 sepulcrisve,
1500 2222 1630 2265 quibus
1658 2232 1783 2265 regum
1813 2233 1871 2258 res
1902 2227 2020 2267 gestas
2046 2227 2103 2260 in·
2158 2223 2160 2227 ⁴

1232 2274 1386 2317 sculptas
1422 2274 1528 2307 fuisse
1562 2275 1685 2306 auctor
1713 2276 1768 2307 est
1791 2275 1965 2310 Diodorus
1990 2278 2020 2318 4,
2046 2277 2100 2319 47,

1233 2327 1293 2365 66;
1320 2334 1437 2368 neque
1468 2326 1497 2358 si
1530 2326 1666 2358 tantum
1690 2325 1866 2359 obeliscos
1890 2329 2100 2370 spectasset,

1232 2377 1388 2417 integros
1429 2374 1564 2417 lapides
1598 2374 1689 2408 nulla
1725 2378 1801 2409 arte
1837 2379 2102 2419 coagmentatos

1233 2425 1332 2470 facile
1369 2429 1512 2458 structas
1543 2426 1644 2458 moles
1677 2425 1823 2459 dixisset
1851 2428 2026 2461 Tacitus.»
2060 2429 2103 2462 At

1234 2477 1354 2510 confer
1383 2485 1473 2519 quae
1505 2476 1549 2509 de
1574 2476 1738 2510 obeliscis
1766 2477 1889 2511 scribit
1911 2478 2037 2512 Strabo
2060 2480 2102 2513 47

1232 2538 1267 2571 p.
1295 2528 1389 2560 4474.
1425 2527 1515 2560 Vide
1539 2529 1678 2568 tamen,
1706 2537 1748 2560 ne
1772 2529 1911 2563 Tacitus
1935 2528 2102 2563 miracula

1233 2578 1289 2611 illa
1328 2578 1475 2620 Aegypti
1514 2578 1649 2617 omnia,
1689 2577 1839 2620 templa,
1877 2578 2100 2621 pyramidas,

1235 2627 1427 2668 obeliscos,
1454 2629 1492 2660 ut
1515 2629 1597 2660 sunt
1619 2636 1705 2660 sane
1730 2629 1846 2661 minus
1870 2629 2025 2662 accurati
2047 2629 2104 2662 ta-

1234 2676 1325 2710 libus
1347 2679 1382 2710 in
1405 2677 1514 2717 rebus
1537 2678 1779 2720 geographicis
1802 2679 1908 2719 atque
1931 2678 2104 2711 archaeo-

1234 2729 1355 2770 logicis
1373 2730 1564 2770 scriptores
1581 2729 1743 2768 Romani,
1769 2728 1836 2760 hac
1853 2729 1885 2760 in
1904 2730 2102 2763 narratione

1235 2779 1454 2821 aliquatenus
1478 2778 1716 2818 confundens,
1743 2780 1869 2811 cuncta
1885 2779 2022 2812 molium
2038 2789 2103 2813 no-

1234 2832 1328 2863 mine
1360 2829 1566 2872 complexus
1594 2830 1647 2862 sit.
1684 2847 1719 2851 —
1753 2829 1882 2862 litterae
1911 2830 2102 2874 Aegyptiae]

1234 2877 1402 2927 ἱερατικῇ
1437 2877 1604 2923 μεθόδῳ,
1645 2877 1926 2925 ἱερογλυφικοῖς
1964 2879 2103 2913 exscul-

1233 2933 1326 2974 ptae.
1354 2930 1404 2963 Cf.
1432 2931 1485 2970 44,
1512 2929 1563 2963 ⁴4.
1590 2947 1626 2953 —
1651 2930 1854 2972 complexae]
1881 2931 2102 2963 continentes

1233 2984 1340 3024 atque
1365 2983 1585 3014 enarrantes.
1613 2999 1649 3005 —
1673 2981 1845 3022 Rhamsen]
1870 2989 1977 3023 quem
1994 2982 2102 3014 Hero-

1234 3032 1337 3066 dotus
1360 3033 1399 3071 2,
1426 3032 1483 3064 424
1507 3027 1759 3074 Ῥαμψινΐτον
1781 3032 1900 3071 vocat,
1927 3030 2101 3064 Diodorus

1235 3085 1266 3124 4,
1291 3084 1332 3116 57
1350 3078 1536 3126 Ῥέμφην,
1562 3082 1777 3124 Hermapion
1802 3081 1907 3124 (apud
1929 3080 2101 3115 Marcelli-

1234 3135 1329 3175 num)
1365 3133 1589 3166 Rhamesten.
1638 3133 1805 3166 Ceterum
1839 3140 1931 3174 quae
1962 3131 2101 3164 Tacitus

1234 3184 1342 3217 habet
1364 3183 1410 3217 de
1433 3184 1603 3223 Rhamse,
1629 3181 1683 3215 alii
1706 3181 1911 3225 praedicant
1934 3180 1979 3213 de
2000 3181 2102 3213 Seso-

1234 3237 1307 3268 stri.
1342 3234 1391 3267 Cf.
1419 3234 1547 3268 Herod.
1574 3234 1611 3275 2,
1638 3233 1711 3266 402.
1747 3231 1889 3266 Diodor.
1908 3232 1940 3270 4,
1957 3231 2011 3264 53.
2036 3230 2102 3265 Alii

1233 3287 1424 3327 utrumque
1447 3293 1512 3327 pro
1536 3284 1663 3317 eodem
1685 3282 1828 3316 habent.
1849 3299 1885 3305 —
1911 3281 2100 3323 Bithynum]

1234 3336 1383 3368 Pontum
1414 3335 1599 3367 Euxinum.
1626 3352 1661 3358 —
1691 3330 1964 3374 Lycium-mare]
1993 3332 2101 3366 maris

1233 3386 1360 3418 interni
1384 3387 1520 3428 partem
1537 3386 1628 3418 inter
1641 3383 1802 3417 Rhodum
1818 3384 1854 3415 et
1870 3383 2039 3425 Cyprum.
2058 3399 2101 3406 —-

1232 3436 1430 3479 utensilium]
1454 3436 1611 3469 omnium
1635 3435 1779 3478 praeter
1800 3433 2016 3468 frumentum
2039 3441 2101 3467 re-
