2254 3770
737 225 893 272 LIBER
921 226 971 270 11.
1015 225 1117 283 cap.
1147 226 1188 270 4.
1218 228 1258 271 5.
1287 228 1327 271 e.
1867 227 1922 270 75

141 333 296 379 Gallias
324 331 613 378 ministrandis
643 331 786 390 equis;
821 330 997 389 longum
1025 331 1425 391 impedimentorum
1453 347 1607 391 agmen
1637 338 1923 391 opportunum

139 409 195 454 ad
224 406 417 458 insidiaS,
449 406 771 451 defensantibus
801 406 1006 465 iniquum.
1050 413 1093 450 at
1112 407 1147 451 si
1176 421 1292 451 mare
1322 408 1519 462 intretur,
1548 414 1790 466 promptam
1817 407 1924 464 ipsis

137 483 459 542 possessionem
479 487 522 526 et
540 480 734 525 hostibus
754 482 957 538 ignotam,
980 481 1107 526 simul
1126 482 1287 527 bellum
1307 484 1512 527 maturius
1532 483 1674 541 incipi,
1706 482 1924 540 legiones—

138 572 223 617 que
253 564 296 602 et
325 563 587 601 commeatus
616 556 776 614 pariter
804 556 922 610 vehi3
952 557 1163 615 integrum
1193 559 1383 616 equitem
1412 572 1637 617 equosque
1667 572 1746 616 per
1775 571 1852 601 ora
1881 563 1925 601 et

136 633 283 677 alveos
303 631 527 676 fluminum
545 631 688 676 media
705 631 750 674 in
766 631 991 677 Germania
1010 632 1112 677 sore.
1159 633 1213 690 (6)
1235 633 1362 690 igitur
1381 633 1466 678 huc
1486 633 1676 678 intendit.
1705 633 1847 677 missis
1867 632 1922 676 ad
1935 644 1954 673 5

137 721 293 752 census
333 706 561 751 Galliarum
596 708 640 751 P.
678 706 844 751 Vitellio
880 713 923 752 et
963 707 1007 751 C.
1045 708 1168 751 Antio
1206 708 1333 752 Silius
1370 715 1413 752 et
1449 709 1624 754 Anteius
1662 715 1704 753 et
1742 708 1925 752 Caecina

136 782 407 827 fabricandae
424 782 549 826 classi
568 788 902 840 praeponuntur.
933 782 1047 826 mille
1068 797 1200 827 naves
1215 783 1413 828 sufficere
1428 785 1546 828 visae
1566 789 1923 842 properataeque,

137 858 246 903 aliae
274 857 449 908 breves,
481 863 660 915 angusta
687 858 821 915 puppi
851 871 1066 916 proraque
1096 864 1139 902 et
1167 858 1251 902 lato
1281 865 1424 908 utero,
1457 874 1543 918 quo
1575 859 1738 903 facilius
1767 858 1922 902 fluctus

136 933 385 986 tolerarent3
416 931 629 991 quaedam
655 931 808 990 planae
838 933 1009 981 carinis.
1041 939 1088 977 ut
1116 933 1208 978 sine
1239 948 1351 979 noxa
1381 935 1587 988 siderent3
1618 935 1764 992 plures
1785 934 1924 991 adpo-

137 1009 228 1065 sitis
257 1009 472 1066 utrimque
501 1006 818 1066 gubernaculis,
852 1022 1060 1052 converso
1089 1015 1136 1052 ut
1162 1016 1341 1067 repente
1370 1011 1549 1068 remigio
1579 1010 1679 1054 hinc
1706 1009 1775 1053 vel
1806 1009 1973 1053 illincio

136 1083 419 1142 adpellerent;
459 1082 617 1127 multae
650 1083 852 1140 pontibus
888 1089 1062 1135 stratae,
1101 1098 1233 1142 super
1268 1098 1377 1143 quas
1412 1091 1622 1129 tormenta
1650 1084 1921 1135 veherentur,

136 1158 260 1204 simul
301 1164 424 1217 aptae
460 1157 647 1202 ferendis
686 1159 811 1216 equis
847 1165 920 1203 aut
957 1160 1232 1212 commeatui,
1272 1160 1377 1204 velis
1414 1160 1598 1212 habiles,
1643 1161 1750 1205 citae
1779 1160 1921 1211 remis,

136 1234 401 1292 augebantur
430 1234 646 1278 alacritate
675 1233 855 1278 militum
883 1234 927 1277 in
957 1235 1150 1293 speciem
1173 1249 1225 1280 ac
1253 1242 1472 1279 terrorem.
1504 1236 1642 1279 insula
1668 1237 1923 1279 Batavorum

136 1311 178 1353 in
209 1323 339 1369 quam
366 1309 641 1354 convenirent
673 1309 910 1368 praedicta,
943 1310 998 1354 ob
1024 1310 1166 1355 faciles
1187 1310 1393 1369 adpulsus
1414 1311 1766 1369 accipiendisque
1787 1311 1922 1368 copiis

137 1392 179 1429 et
207 1384 574 1429 transmittendum
603 1384 656 1428 ad
688 1384 847 1429 bellum
876 1391 1128 1443 opportuna.
1179 1399 1278 1430 nam
1306 1386 1476 1430 Rhenus
1514 1401 1599 1430 uno
1634 1386 1756 1430 alveo
1789 1386 1973 1430 conti-⁴5

135 1475 246 1504 nuus
294 1466 367 1504 aut
405 1459 596 1504 modicas
638 1460 798 1504 insulas
838 1460 1176 1505 circumveniens
1218 1467 1320 1519 aput
1357 1462 1613 1520 principium
1650 1462 1738 1519 agri
1779 1461 1921 1504 Batavi

135 1535 251 1580 velut
289 1537 332 1579 in
363 1535 474 1579 duos
513 1549 660 1579 amnes
691 1535 910 1586 dividitur,
955 1542 1183 1596 servatque
1220 1550 1374 1581 nomen
1411 1543 1454 1580 et
1482 1537 1727 1581 violentiam
1757 1551 1920 1586 cursus,

179 1676 212 1708 4.
237 1678 436 1717 oportunum
459 1675 493 1708 M
517 1692 554 1698 —
585 1675 618 1707 6.
644 1674 679 1708 C.
702 1674 801 1707 Antio
823 1675 984 1709 Ursinus:
1017 1677 1129 1708 cantio
1156 1677 1191 1710 M
1219 1693 1254 1699 —
1286 1677 1415 1709 anteius
1441 1678 1494 1710 M:
1528 1676 1694 1718 Apronius
1722 1678 1924 1720 Nipperdey

136 1731 212 1766 coll.
232 1733 264 1773 4,
281 1732 336 1765 56.
356 1751 392 1756 -
418 1732 451 1764 8.
476 1731 585 1764 breuis
605 1740 659 1774 pr.
684 1732 719 1765 M
743 1750 780 1756 —
806 1732 859 1766 40.
875 1735 1008 1774 repente
1029 1732 1241 1766 Beroaldus:
1265 1737 1430 1775 repetente
1451 1735 1484 1767 M
1510 1752 1545 1758 —
1572 1735 1626 1769 44.
1651 1734 1847 1767 adbellerent
1867 1743 1922 1777 pr.

135 1789 169 1823 M
198 1807 230 1812 —-
255 1797 354 1829 super
376 1789 450 1829 quis
472 1787 603 1821 mavolt
625 1787 849 1821 Doederlein.
874 1790 918 1822 At
940 1799 974 1822 v.
999 1790 1203 1832 Nipperdey
1227 1791 1382 1830 Quaestt.
1405 1792 1548 1824 Caesar.
1565 1801 1598 1834 p.
1620 1791 1693 1824 448.
1715 1810 1751 1815 -
1779 1791 1830 1824 ⁴3.
1849 1801 1923 1832 spe-

135 1845 212 1878 tiem
234 1846 267 1878 M
293 1863 327 1868 —
354 1844 531 1878 batuorum
554 1846 587 1879 M
609 1864 651 1869 —
675 1846 728 1878 45.
754 1849 920 1886 oportuna
942 1847 986 1879 M.

179 1963 210 1995 6.
235 1964 280 1996 ad
309 1972 426 1997 census
449 1963 652 2005 Galliarum]
683 1963 734 1996 Cf.
763 1964 793 2004 4,
824 1964 878 1996 34.
907 1982 941 1987 -
967 1965 1003 1997 Ρ.

139 2013 278 2056 Vitellio]
304 2014 354 2047 Cf.
382 2015 414 2054 4,
440 2015 494 2047 70.
522 2031 558 2036 -—
585 2014 619 2046 C.
645 2014 757 2055 Antio]
783 2014 910 2047 eodem
934 2014 1007 2047 tor-

136 2065 250 2103 tasse,
276 2065 336 2106 qui
360 2065 581 2099 memoratur
602 2065 729 2096 Inscrr.
755 2065 828 2096 Lat.
847 2074 881 2098 n.
901 2064 1003 2098 ⁴445:

134 2114 226 2147 DEO
249 2114 466 2147 MERGVRIO
495 2114 551 2146 ΕΤ
570 2114 827 2147 ROSMERTAE
858 2114 922 2156 (sic
952 2114 1005 2147 le-

134 2164 290 2206 gendum
314 2173 414 2205 esse,
447 2173 517 2197 non
540 2165 746 2204 Postuertae,
781 2165 886 2197 etiam
910 2165 1007 2197 Hen-

1055 1963 1270 2008 νιδωμέναι.
1293 1966 1526 1999 Nominantur
1541 1967 1649 1999 etiam
1665 1970 1783 2006 tectae,
1810 1967 1922 2008 iisque

1055 2018 1281 2057 opponuntur
1304 2019 1450 2056 apertae.
1493 2017 1562 2049 Liv.
1589 2016 1651 2057 34,
1677 2018 1719 2049 22
1743 2018 1779 2049 et
1801 2017 1855 2050 46.
1884 2035 1920 2040 -

1053 2076 1152 2107 super
1173 2068 1269 2109 quas]
1303 2066 1450 2109 quibus,
1483 2067 1519 2100 in
1542 2067 1671 2109 quibus
1696 2067 1854 2100 navibus.
1884 2086 1919 2090 —

1053 2117 1152 2149 simul
1183 2121 1283 2158 aptae
1316 2117 1397 2159 ceu]
1438 2119 1494 2150 «et
1526 2118 1697 2151 vehendis
1736 2119 1921 2151 tormentis

1055 2168 1158 2209 aptae
1199 2169 1235 2200 et
1268 2167 1422 2200 ferendis
1456 2168 1591 2209 equis.»
1627 2186 1661 2191 -
1699 2168 1922 2210 auyebantur]

134 2215 255 2247 zenius
278 2214 431 2247 affirmat
451 2213 527 2246 Vol.
547 2215 601 2247 111.
628 2224 662 2256 p.
682 2213 770 2254 440.)
795 2215 831 2248 C.
853 2215 1008 2247 ANTIVS

137 2265 219 2296 TITI
243 2265 294 2296 FI.
319 2265 382 2296 EX
410 2265 516 2296 VOTO
545 2264 782 2297 Antemoduni
812 2265 1006 2306 Lingonum

135 2313 321 2356 (Lanqres).
346 2315 385 2346 In
402 2323 548 2347 nummo
564 2313 685 2347 Morel.
703 2315 728 2346 1.
748 2323 782 2356 p.
803 2315 842 2346 47
860 2314 1004 2355 legitur:

134 2361 286 2396 RESTIO
310 2363 344 2396 C.
369 2363 534 2396 ANTIVS.
560 2364 595 2396 C.
621 2364 658 2396 F.
687 2381 721 2386 —
749 2364 870 2406 breves]
894 2373 1007 2406 oppo-

135 2414 222 2447 sitae
246 2415 353 2455 lonqis
373 2414 532 2454 navibus,
557 2413 593 2446 id
618 2414 692 2451 est,
721 2414 938 2447 triremibus.
968 2432 1004 2437 —

130 2465 256 2505 planae
277 2463 414 2505 carinis]
447 2464 578 2496 Caesar
600 2464 637 2496 B.
666 2465 703 2496 G.
729 2464 768 2503 3,
795 2464 835 2497 43
863 2464 907 2497 de
932 2463 1006 2496 Gal-

134 2513 249 2548 lorum
273 2514 442 2547 navibus:
475 2515 613 2547 carinae
636 2515 810 2555 aliquanto
835 2516 1007 2556 planiores

135 2574 237 2605 quam
257 2567 452 2597 nostrarum
473 2565 633 2604 navium,
665 2574 730 2605 quo
760 2565 895 2606 facilius
916 2566 1008 2598 vada

134 2623 176 2646 ae
190 2615 354 2647 decessum
369 2618 479 2647 aestus
493 2615 646 2655 eoecipere
654 2618 798 2655 possent.
821 2633 856 2638 --
883 2616 1007 2647 utrim-

135 2664 208 2706 que]
234 2673 276 2696 ex
301 2673 404 2706 prora
431 2666 466 2696 et
489 2674 531 2697 ex
556 2665 676 2707 puppi.
698 2682 732 2687 —
759 2665 834 2698 hinc
849 2666 901 2698 vel
914 2666 1008 2698 illinc

134 2714 345 2756 adpellerent]
382 2713 539 2753 Similes,
578 2723 666 2756 quas
700 2724 860 2747 camaras
890 2717 1004 2756 vocat,

136 2763 307 2797 describit
330 2765 416 2797 Hist.
444 2765 476 2804 3,
502 2763 563 2797 47:
594 2766 681 2797 inter
701 2766 809 2797 undas
830 2766 1008 2798 volvuntur

133 2815 214 2855 pari
251 2815 420 2855 utrimque
453 2823 561 2855 prora
598 2817 629 2847 et
665 2815 818 2847 mutabili
853 2816 1005 2857 remigio,

135 2864 267 2906 quando
295 2864 370 2896 hinc
398 2864 450 2896 vel
478 2864 568 2897 illinc
600 2865 764 2905 adpellere
793 2866 1008 2898 indiscretum

135 2918 165 2948 et
187 2915 366 2947 innoaeiwm
387 2917 445 2947 est.
486 2915 604 2947 Germ.
631 2914 694 2948 44:
729 2915 842 2956 forma
869 2916 1007 2948 navium

136 2973 173 2996 eo
213 2964 341 3004 differt,
381 2964 469 3005 quod
505 2966 672 3004 utrimque
705 2974 813 3005 prora
846 2968 1008 3006 paratam

135 3022 261 3054 semper
282 3013 436 3053 adpulsui
457 3013 598 3054 frontem
622 3014 703 3055 aqit.
745 3014 886 3047 Suidas:
914 3011 1004 3047 Τινά

136 3062 176 3096 δὲ
201 3061 344 3105 (πλοῖα)
378 3063 444 3095 καὶ
478 3062 521 3095 ἑκ
555 3061 624 3105 τῆς
657 3062 831 3110 πρύμνης
864 3065 929 3098 καὶ
963 3063 1006 3097 ἐκ

136 3112 206 3156 τῆς
225 3110 377 3172 πρώρας
392 3112 625 3168 ἑκατέρωθεν
641 3109 874 3156 πηδαλίοις
857 3109 1006 3157 ήσκην-

136 3172 199 3203 το,
233 3158 338 3203 ὅπως
370 3158 482 3195 αὐτοί
507 3172 548 3195 τε
569 3160 625 3205 μὴ
649 3160 1005 3209 μεταστρεφόμενοι

136 3188 201 3245 καὶ
224 3211 430 3246 ἐπιπλέωσι
453 3213 519 3246 καὶ
542 3208 790 3259 ἀναχωρῶσι,
827 3214 892 3246 καὶ
914 3211 1005 3255 τοὺς

138 3262 331 3304 ἐναντίους
363 3262 404 3296 ἐν
438 3260 489 3307 τῷ
525 3260 710 3310 παράπλῳ
743 3263 809 3296 καὶ
843 3259 1003 3307 ἀπόπλῳ

139 3308 263 3345 αὐτῶν
285 3311 520 3353 σφάλλωσιν.
550 3331 585 3336 -
606 3313 762 3354 pontibus
783 3314 919 3356 stratae]
945 3314 1006 3347 Est

138 3370 203 3404 pro
222 3362 370 3406 simplici
385 3363 558 3397 adiectivo
574 3362 858 3410 κατάφρακτοι,
883 3374 1004 3397 σεσα-

1056 2218 1210 2250 Faernus
1249 2219 1284 2250 et
1321 2218 1476 2251 Muretus
1514 2217 1692 2250 malebant
1725 2218 1922 2260 ayebantur,

1056 2267 1150 2308 quod
1174 2267 1326 2300 verbum
1353 2276 1424 2300 non
1448 2269 1614 2300 convenit
1636 2267 1766 2301 ultimis
1797 2269 1832 2301 in
1854 2278 1924 2309 spe-

1055 2318 1138 2350 ciem
1165 2326 1206 2349 ac
1238 2321 1410 2350 terrorem.
1458 2319 1589 2351 Sensus
1620 2320 1688 2351 est:
1728 2327 1830 2351 «cum
1861 2328 1924 2351 ac-

1057 2368 1203 2400 cederet
1226 2369 1332 2400 etiam
1356 2367 1505 2400 militum
1525 2368 1703 2408 alacritas,
1729 2369 1925 2410 augebatur

1056 2418 1194 2460 species
1225 2427 1267 2450 ac
1298 2419 1415 2450 terror
1444 2417 1600 2451 classis.»
1637 2420 1717 2451 ERN.
1746 2437 1781 2441 —
1814 2420 1924 2451 insula

1055 2469 1275 2509 Batavorum]
1300 2468 1350 2501 Cf.
1369 2469 1454 2501 Hist.
1473 2468 1505 2508 4,
1533 2469 1584 2501 42.
1611 2470 1728 2501 Germ.
1747 2469 1799 2501 29.
1818 2471 1923 2511 atque

1057 2519 1127 2551 iam
1155 2518 1249 2559 apud
1280 2518 1469 2551 Caesarem
1494 2519 1531 2551 Β.
1557 2520 1594 2551 G.
1621 2519 1660 2558 4,
1686 2520 1738 2551 40.
1771 2518 1854 2551 Plin.
1881 2521 1921 2552 N.

1058 2569 1097 2600 H.
1124 2567 1162 2608 4.,
1188 2568 1207 2609 ἓ
1233 2568 1312 2601 404;
1347 2568 1550 2600 nobilissima
1571 2569 1779 2601 Batavorum
1800 2570 1921 2602 insula.

1057 2618 1117 2650 Est
1140 2619 1291 2657 tractus,
1318 2619 1417 2651 cuius
1441 2618 1529 2651 fines
1550 2620 1767 2652 constituunt
1783 2620 1923 2652 Rhenus

1057 2669 1199 2710 proprie
1233 2668 1366 2708 dictus,
1403 2668 1558 2708 Vahalis,
1596 2670 1713 2708 Mosa,
1749 2670 1920 2702 Oceanus.

1056 2717 1223 2751 Wilhelm
1259 2719 1458 2751 Germanien
1491 2728 1526 2761 p.
1556 2719 1630 2752 404.
1671 2738 1706 2742 —-
1735 2719 1921 2761 praedicta]

1057 2770 1138 2801 ante
1171 2769 1370 2801 constituta.
1409 2769 1512 2802 Corn.
1544 2771 1630 2811 Nep.
1662 2770 1785 2802 Them.
1817 2771 1848 2808 7,
1881 2770 1921 2802 9:

1055 2818 1188 2859 collegis
1203 2819 1396 2859 praedixit,
1428 2822 1463 2850 ut
1491 2829 1531 2850 ne
1551 2820 1646 2859 prius
1672 2820 1795 2861 legatos
1817 2821 1924 2852 dimil-

1055 2871 1160 2900 terent
1193 2869 1260 2900 cet.
1297 2886 1332 2890 -—
1370 2868 1483 2910 copiis]
1523 2868 1712 2909 militibus,
1752 2879 1845 2908 non,
1886 2870 1924 2901 ut

1056 2916 1131 2950 aliis
1154 2918 1289 2957 visum,
1317 2919 1540 2950 commeatui.
1570 2937 1604 2942 -
1637 2920 1924 2952 transmittendum

1055 2967 1100 2998 ad
1129 2967 1256 3007 bellum]
1292 2966 1457 3000 Similiter
1486 2969 1628 3002 Ovidius
1659 2970 1738 3002 Met.
1776 2970 1833 3007 ⁴2,
1860 2969 1920 3000 25:

1055 3018 1227 3049 Permanet
1245 3035 1280 3039 —
1298 3018 1424 3050 Nereus
1445 3019 1606 3051 violentus
1620 3036 1639 3042 -
1652 3037 1670 3042 —
1686 3019 1841 3059 Bellaque
1857 3027 1924 3050 non

1055 3067 1223 3107 transfert.
1250 3066 1334 3100 Plin.
1360 3069 1489 3109 Paneg.
1517 3069 1574 3101 ⁴2:
1612 3068 1786 3101 Danubius
1802 3086 1849 3092 --
1865 3069 1924 3100 du-

1054 3119 1151 3148 ratus
1172 3117 1278 3158 placie
1299 3118 1448 3159 inqentia
1477 3122 1567 3160 [erqo
1591 3117 1675 3150 bella
1702 3121 1921 3157 transportat.

1055 3166 1229 3198 Burnouf:
1268 3176 1357 3207 pour
1391 3177 1534 3207 envoyer
1567 3169 1601 3199 la
1634 3177 1754 3208 querre
1786 3177 1844 3199 sur
1876 3177 1922 3200 un

1056 3219 1154 3248 autre
1189 3217 1317 3258 rivaqe.
1366 3219 1443 3259 Ipse
1482 3219 1620 3250 Tacitus
1658 3217 1742 3249 Hist.
1778 3219 1819 3256 2,
1859 3218 1918 3249 47:

1054 3270 1232 3306 aperuerat
1253 3267 1323 3299 iam
1339 3268 1470 3300 Italiam
1486 3267 1664 3307 bellum-que
1679 3267 1920 3301 transmiserat.

1058 3333 1094 3338 —
1126 3317 1396 3361 circwnveniens]
1442 3316 1647 3358 exquisitius
1686 3316 1818 3349 dictum
1856 3326 1920 3359 pro

1055 3366 1341 3407 «circumfluens,
1368 3365 1644 3408 complectens.»
1671 3366 1740 3399 Cfr.
1757 3367 1850 3400 Bake
1873 3367 1917 3399 ad
