2254 3770
816 322 971 366 Lmen
997 322 1083 367 xv.
1134 322 1235 381 cap.
1265 321 1305 365 ι.
1335 323 1375 366 5.
1406 323 1445 366 e.
1930 319 2005 364 494

227 437 341 476 tutus
379 444 507 474 manu
546 436 589 474 et
627 429 762 488 copiis
792 429 1014 486 Tigranes;
1053 427 1182 486 fugati
1222 428 1295 486 qui
1331 427 1688 487 expugnationem
1716 433 2011 485 sumpserant;

226 507 383 550 missae
413 506 455 549 in
475 506 718 549 Armeniam
745 504 954 563 legiones,
986 509 1029 547 et
1047 502 1156 547 aliae
1179 517 1257 561 pro
1280 504 1404 548 Suria
1425 509 1600 562 paratae
1618 502 1730 546 ultro
1751 502 2010 560 irrumpere;

225 580 306 625 sibi
337 579 578 624 inbecillum
610 580 799 638 equitem
827 578 972 638 pabuli
1002 579 1166 637 inopia:
1199 593 1296 623 nam
1326 586 1472 624 exorta
1494 579 1558 623 vis
1583 578 1844 623 locustarum
1864 577 2012 622 ambess

224 656 346 700 derat
379 655 588 714 quicquid
627 654 855 698 herbidum
891 661 964 698 aut
1001 654 1262 698 frondosum.
1308 655 1435 712 igitur
1472 661 1588 699 metu
1617 653 1816 698 abstruso
1844 653 2012 697 mitiora

224 730 482 782 obtendens,
519 731 752 774 missurum
791 730 845 774 ad
880 736 1180 788 imperatorem
1209 732 1443 774 Romanum
1473 730 1636 788 legatos
1667 743 1799 787 super
1827 728 2046 787 petenda5

222 806 422 850 Armenia
463 812 506 849 et
542 805 750 850 firmanda
783 819 891 864 pace
921 806 1165 864 respondet.
1213 806 1417 850 Monesen
1447 806 1641 849 omittere
1671 805 2013 863 Tigranocertam

211 882 362 934 -iubet;
393 882 488 940 ipse
517 888 632 925 retro
662 881 871 925 concedit.

334 956 386 1013 (6)
427 957 543 1001 Haec
582 956 729 1014 plures
767 963 814 1000 ut
849 956 1073 1000 formidine
1110 956 1224 1013 regis
1256 963 1299 999 et
1328 955 1582 1000 Corbulonis
1611 956 1737 999 minis
1766 962 1931 1014 patrata
1960 969 2012 1000 ac

222 1031 447 1089 magnifica
476 1031 746 1075 extollebant.
792 1031 862 1075 alii
893 1031 1059 1075 occulte
1088 1032 1305 1089 pepigisse
1336 1031 1741 1089 interpretabantur,
1775 1037 1822 1074 ut
1851 1031 2011 1075 omisso

224 1108 440 1166 utrimque
470 1106 583 1150 bello
609 1114 652 1151 et
671 1107 855 1152 abeunte
876 1107 1085 1165 Vologese
1106 1108 1307 1165 Tigranes
1328 1121 1504 1165 quoque
1525 1108 1723 1150 Armenia
1744 1106 2011 1150 abscederet.
2025 1124 2063 1154 ιο

221 1196 299 1227 cur
328 1183 441 1226 enim
461 1183 695 1227 exercitum
719 1184 955 1226 Romanum
974 1196 999 1226 a
1020 1183 1329 1240 Tigranocertis
1350 1182 1616 1226 deductum?
1647 1196 1724 1227 cur
1743 1182 1914 1226 deserta
1933 1196 2013 1241 per

225 1258 357 1302 otium
396 1271 508 1316 quae
547 1257 660 1302 bello
690 1257 998 1302 defenderant?
1027 1271 1079 1302 an
1109 1257 1261 1302 melius
1291 1257 1581 1302 hibernavisse
1611 1258 1653 1301 in
1683 1264 1873 1302 extrema
1902 1258 2014 1316 Cap-

225 1333 429 1392 padocia,
461 1334 613 1392 raptim
635 1334 790 1378 erectis
812 1333 1009 1391 tuguriis,
1041 1347 1172 1392 quam
1192 1333 1234 1376 in
1255 1333 1360 1378 sede
1381 1334 1500 1391 regni
1522 1319 1650 1377 modo
1670 1333 1854 1377 retenti?
1884 1333 2014 1377 dilata

218 1423 406 1468 prorsus
435 1423 565 1461 arma,
597 1416 643 1453 ut
662 1409 892 1467 Vologeses
920 1423 1018 1454 cum
1042 1409 1124 1454 alio
1144 1423 1274 1467 quam
1295 1423 1391 1453 cum
1415 1409 1656 1454 Corbulone
1676 1415 1876 1461 certaret,
1908 1409 2013 1454 Cor-

220 1484 322 1528 bulo
352 1485 529 1529 meritae
559 1491 620 1528 tot
648 1499 728 1543 per
756 1499 891 1528 annos
921 1484 1081 1543 gloriae
1111 1499 1197 1529 non
1226 1483 1337 1529 ultra
1365 1484 1605 1542 periculum
1631 1485 1802 1529 faceret.
1834 1499 1943 1536 nam,
1964 1490 2061 1531 utts

220 1560 381 1612 rettuli,
413 1561 631 1619 proprium
652 1560 807 1604 ducem
834 1560 1020 1604 tuendae
1040 1561 1263 1604 Armeniae
1283 1567 1560 1619 poposcerat,
1593 1567 1636 1604 et
1655 1559 1886 1604 adventare
1905 1560 2012 1604 Cae-

221 1637 397 1680 sennius
426 1637 581 1680 Paetus
612 1636 877 1680 audiebatur.
908 1636 1081 1694 iamque
1102 1636 1261 1688 aderat,
1294 1636 1430 1694 copiis
1460 1642 1517 1679 ita
1537 1636 1701 1687 divisis,
1732 1642 1779 1679 ut
1799 1643 1949 1694 quarta
1969 1642 2012 1679 et

221 1711 478 1756 duodecima
507 1711 698 1769 legiones
721 1711 864 1754 addita
884 1712 1042 1769 quinta,
1066 1725 1178 1769 quae
1199 1725 1352 1756 reeens
1374 1726 1398 1755 e
1419 1712 1575 1755 Moesis
1596 1712 1734 1755 excita
1754 1719 1861 1763 erat,
1884 1711 2010 1755 simul

221 1787 394 1831 Pontica
425 1794 467 1831 et
487 1786 731 1831 Galatarum
761 1786 1152 1845 Cappadocumque
1183 1787 1337 1830 auxilia
1359 1788 1489 1831 Paeto
1519 1787 1793 1838 oboedirent,
1825 1788 1948 1831 tertia
1968 1793 2011 1830 et

221 1869 340 1907 sexta
378 1869 420 1907 et
449 1863 631 1907 decuma
666 1862 858 1919 legiones
887 1862 1091 1920 priorque
1122 1863 1273 1921 Syriae
1303 1862 1425 1906 miles
1456 1862 1569 1920 apud
1602 1862 1890 1907 Corbulonem
1918 1877 2058 1909 ma-eo

218 1944 390 1990 nerent;
422 1945 566 1983 cetera
597 1952 651 1982 ex
679 1952 823 1981 rerum
852 1952 935 1981 usu
966 1938 1178 1982 sociarent
1203 1938 1528 1996 partirenturve.
1561 1937 1637 1982 sed
1660 1951 1800 1996 neque
1822 1937 2008 1982 Corbulo

218 2012 372 2057 aemuli
403 2014 591 2071 patiens;
623 2021 665 2057 et
693 2014 867 2064 Paetus,
901 2013 967 2057 cui
989 2013 1091 2057 satis
1112 2014 1166 2057 ad
1189 2013 1367 2071 gloriam
1385 2020 1493 2064 erat,
1526 2013 1561 2056 si
1586 2014 1806 2071 proximus
1827 2013 2008 2057 habere-

217 2095 296 2140 tur,
328 2088 593 2146 despiciebat
622 2095 760 2146 gesta,
793 2088 894 2131 nibil
925 2089 1070 2133 caedis
1100 2096 1173 2133 aut
1199 2088 1409 2146 praedae,
1442 2096 1669 2147 usurpatas
1690 2089 1862 2133 nomine
1883 2095 2007 2132 tenus

283 2254 314 2286 4.
338 2262 443 2286 manu
471 2254 524 2287 M:
558 2252 726 2285 moenibus
754 2253 863 2286 Neue.
897 2271 931 2278 —-
970 2253 1002 2286 3.
1028 2253 1078 2285 vis
1107 2253 1312 2285 locustarum
1342 2252 1532 2286 ambederat
1554 2254 1708 2296 Lipsius:
1743 2255 1780 2287 ui
1801 2254 2008 2287 locustarum

217 2309 335 2342 aberat
356 2309 390 2342 M
420 2325 456 2332 —-
489 2309 519 2341 6.
545 2311 818 2351 tyqranoceream
840 2309 891 2348 M;
926 2309 1163 2351 Tigranocerta
1185 2308 1253 2342 alii.
1290 2308 1340 2342 Cf.
1367 2317 1398 2341 c.
1423 2308 1455 2341 4.
1485 2327 1520 2332 —
1546 2309 1578 2342 8.
1603 2310 1660 2342 hec
1682 2310 1716 2343 M
1741 2327 1776 2332 —
1802 2313 1944 2351 patrata
1966 2319 2008 2342 ac

215 2366 396 2406 mayniflca
418 2365 470 2398 M:
495 2358 639 2407 patrata
659 2367 836 2407 magnifice
857 2365 1081 2399 Puteolanus.
1109 2383 1144 2388 —
1177 2366 1208 2398 9.
1233 2363 1501 2407 inter-ficabuntur
1526 2367 1559 2398 M
1585 2383 1620 2389 —
1651 2366 1704 2399 40.
1729 2367 1886 2408 utrinque
1909 2367 1943 2399 M
1966 2383 2003 2390 —

217 2424 374 2462 tygranes
402 2421 434 2454 M
465 2439 500 2445 —
538 2422 591 2454 44.
619 2419 783 2453 exercitiis
809 2422 841 2454 M
873 2438 907 2445 -—
940 2422 1181 2463 tyqranocertis
1204 2422 1236 2454 M
1262 2439 1297 2444 —
1334 2421 1386 2454 43.
1411 2423 1572 2462 contenti,
1605 2430 1782 2464 superscr.
1809 2422 1854 2455 ab
1879 2422 2005 2466 eadpm

217 2485 325 2510 manu
340 2486 394 2517 re,
420 2477 453 2510 M
472 2495 508 2500 —
535 2478 589 2510 46.
606 2479 704 2511 retuli
720 2479 752 2511 M
771 2496 807 2502 —
832 2478 886 2511 48.
902 2479 1030 2512 Moesia
1045 2479 1197 2521 Ruperti.
1220 2497 1255 2502 —
1282 2479 1336 2512 49.
1353 2479 1645 2520 cappadocumque
1668 2480 1700 2512 M
1718 2497 1753 2502 —
1773 2479 1826 2512 23.
1845 2479 1945 2511 nichil
1958 2480 2002 2512 M.

216 2615 400 2656 zeugmate
422 2623 506 2656 pro:
530 2614 585 2647 ira
603 2616 713 2656 maqis
727 2614 959 2654 accenderant,
984 2624 1086 2656 quam

215 2668 304 2698 melu
319 2665 547 2706 perculerant.
572 2665 681 2697 Doun.

259 2715 292 2747 5.
317 2714 558 2755 circumsideri]
582 2715 637 2746 Sic
660 2722 763 2747 meus
779 2715 846 2747 MS.
866 2715 963 2756 quod
978 2724 1085 2748 secu-

1135 2616 1189 2653 ⁴2,
1213 2614 1268 2648 45.
1295 2632 1330 2638 —
1356 2615 1505 2657 Nisibin]
1536 2624 1702 2657 magnam
1729 2617 2003 2659 Mesopotamiae

1134 2665 1282 2705 urbem,
1319 2666 1424 2698 etiam
1453 2665 1558 2699 hodie
1587 2666 1717 2699 Nisibin
1746 2667 1819 2700 sive
1846 2667 2005 2699 Nessabin

1134 2716 1309 2748 vocatam.
1332 2715 1502 2757 Forbiger
1525 2716 1732 2757 Geoqraphio
1749 2716 1790 2756 ΙΙ,
1817 2725 1851 2758 p.
1868 2716 1943 2750 634.
1964 2734 2000 2741 -

216 2765 273 2797 tus
303 2773 394 2797 sum.
431 2763 637 2806 Intelligitur
666 2765 760 2797 enim
791 2765 977 2806 Tigranes,
1014 2774 1085 2798 non

216 2813 425 2856 vologeses:
454 2815 550 2847 hunc
573 2815 666 2847 enim
691 2813 868 2856 appellare
892 2814 1010 2848 adhuc
1031 2824 1087 2847 eo-

217 2864 305 2896 cium
327 2864 537 2904 amicumque
562 2866 643 2906 post
666 2863 828 2896 hostilem
851 2865 886 2897 in
909 2865 1085 2898 Romanos

217 2914 375 2946 animum
398 2915 470 2946 tam
494 2913 587 2946 clare
605 2916 786 2946 ostensum
802 2913 1015 2947 blandientis
1031 2916 1086 2946 ni-

217 2964 327 2996 mium
357 2963 477 3002 ducis,
512 2973 583 2996 non
608 2963 815 2997 Corbulonis
844 2967 931 2997 erat.
972 2966 1085 2997 Immo

218 3011 456 3046 Corbulonem
472 3013 680 3055 Vologesem
704 3013 871 3047 habuisse
894 3023 959 3056 pro
976 3015 1085 3049 ,hoste

218 3064 362 3106 propter
392 3062 484 3095 hane
514 3064 628 3105 ipsam
660 3063 882 3096 obsidionem
918 3067 1015 3106 patet
1043 3074 1086 3097 ex

218 3114 503 3152 comminatione,
520 3121 627 3154 quam
644 3114 811 3154 adiungit,
830 3114 895 3146 nisi
909 3115 1087 3147 omitteret

218 3163 460 3199 obsidionem,
484 3171 518 3194 se
540 3171 669 3203 quoque
691 3163 726 3195 in
748 3172 833 3204 ayro
849 3163 957 3195 hostili
971 3167 1087 3196 castra

212 3213 412 3255 positurum.
438 3212 592 3244 vamus.
612 3229 648 3235 —
668 3212 791 3253 potius]
815 3212 987 3252 additum,
1014 3222 1085 3255 quo

216 3263 334 3296 mitior
356 3271 399 3295 ac
421 3261 589 3304 precibus
605 3261 750 3294 similior
765 3262 948 3294 videretur
962 3264 1086 3304 postu-

217 3311 317 3349 latim
336 3313 470 3355 Lipsius
483 3313 585 3351 ocius,
604 3312 821 3345 Boxhornius
833 3313 989 3353 protinus
1002 3312 1086 3345 sub-

218 3362 395 3395 stituendo
404 3363 684 3404 imperiosiorem
695 3361 1082 3403 faciuntcorbutonem‚

218 3419 324 3453 quem
335 3411 559 3444 moderatum
567 3414 602 3444 et
614 3412 691 3454 paci
703 3411 900 3444 servandae
912 3412 1084 3445 intentum

217 3463 337 3495 narrat
348 3462 499 3496 Tacitus.
513 3463 620 3495 Dozn.
628 3479 665 3486 —
676 3462 851 3504 Casperius
858 3462 1018 3507 centurio]
1031 3462 1081 3497 Cf.

1132 2766 1272 2805 vitandi]
1296 2766 1347 2798 De
1364 2767 1526 2806 genetivo
1542 2766 1623 2799 vide
1640 2766 1686 2799 ad
1701 2766 1754 2806 43,
1772 2766 1826 2799 26.
1847 2784 1883 2789 —
1901 2775 2005 2799 manu

1133 2818 1165 2848 et
1186 2815 1303 2857 copiis]
1336 2824 1444 2847 manu
1465 2815 1511 2847 ad
1534 2815 1682 2856 milites,
1713 2817 1814 2857 copiis
1836 2815 1881 2848 ad
1904 2824 2004 2849 com-

1134 2866 1272 2897 meatus
1296 2864 1523 2907 reliquosque
1546 2874 1633 2899 usus
1658 2865 1824 2900 militares
1843 2865 2004 2898 referen-

1135 2914 1221 2946 dum
1238 2916 1303 2954 est,
1323 2916 1360 2946 ut
1375 2923 1405 2947 c.
1425 2915 1478 2947 46.
1503 2915 1542 2947 Η.
1562 2915 1594 2955 3,
1613 2917 1665 2948 45.
1684 2915 1717 2955 4,
1735 2915 1787 2948 22.
1813 2916 1857 2948 At
1872 2915 2004 2948 Neuius

1135 2964 1335 3005 suspicatur
1355 2964 1525 2998 moenibus
1544 2968 1575 2997 et
1596 2966 1717 3006 copiis,
1743 2964 1820 2997 coll.
1837 2965 1927 2997 Ann.
1947 2965 2001 3004 42,

1135 3013 1190 3046 45.
1215 3014 1255 3046 Η.
1280 3014 1313 3054 2,
1338 3013 1397 3046 32:
1431 3018 1522 3047 tutas
1542 3016 1626 3047 viris
1646 3016 1816 3055 murisque
1837 3014 1943 3047 urbes.
1968 3014 2001 3055 3,

1134 3064 1194 3095 57:
1228 3063 1396 3097 moenibus
1416 3065 1546 3106 situque
1567 3068 1686 3098 tutam.
1723 3065 1907 3107 speciose,
1933 3073 2003 3098 non

1136 3115 1348 3147 necessarie.
1370 3115 1480 3149 Doed.

1179 3163 1210 3196 6.
1236 3167 1274 3196 ut
1294 3165 1423 3206 rettuli]
1460 3166 1573 3207 capite
1602 3166 1715 3198 tertio.
1740 3183 1783 3188 -
1807 3165 2003 3198 Caesennius

1133 3213 1260 3255 Paetus]
1277 3214 1364 3247 Vide
1381 3215 1426 3247 ad
1443 3214 1496 3254 44,
1509 3215 1564 3247 29.
1583 3232 1617 3237 —-
1633 3217 1757 3256 quarta
1769 3217 1800 3246 et
1810 3215 2003 3248 duodecima

1133 3262 1275 3305 leyiones
1289 3281 1309 3288 —
1320 3281 1339 3288 -
1355 3265 1454 3297 tertia
1471 3267 1502 3297 et
1523 3267 1620 3296 sexta
1643 3267 1672 3296 et
1689 3264 1828 3296 decuma
1848 3265 2000 3307 leyiones]

1133 3313 1221 3346 Vide
1241 3314 1286 3346 ad
1308 3314 1340 3353 b,
1358 3316 1390 3347 5.
1411 3332 1446 3337 —
1468 3315 1630 3355 priorque
1650 3313 1770 3354 Syriae
1790 3314 1893 3358 miles]
1917 3315 1939 3347 i.
1966 3324 1998 3347 e.

1134 3371 1224 3404 quae
1255 3363 1380 3396 auxilia
1404 3364 1499 3406 prius
1523 3363 1559 3395 in
1582 3363 1680 3404 Syria
1704 3363 1853 3397 fuerant.
1880 3381 1917 3387 —
1946 3365 2002 3396 cui

1132 3415 1215 3446 satis
1227 3431 1272 3438 --
1290 3418 1381 3454 erat,
1406 3414 1434 3446 si
1444 3413 1624 3454 proximus
1638 3412 1824 3456 haberetur]
1847 3422 1911 3456 pro
1928 3413 2002 3446 vul-

1132 3464 1207 3505 gari
1223 3465 1277 3497 cui
1296 3464 1376 3496 salis
1389 3463 1515 3506 suisset,
1532 3463 1561 3495 si
1571 3463 1749 3505 proximus
1762 3463 1893 3497 habitus
1907 3466 1997 3496 esset.
