2254 3770
704 278 860 324 Lmen
886 277 988 323 xlv.
1033 277 1133 335 cap.
1161 277 1230 322 24.
1258 278 1327 323 25.
1356 277 1426 323 26.
1873 273 1957 319 457

183 399 385 430 coronam
414 398 610 437 auream,
640 384 875 429 tradebant.
909 376 1160 442 accepitque
1180 398 1278 428 cum
1298 384 1484 437 honore;
1513 397 1596 428 nec
1613 382 1844 442 quicquam
1861 380 1959 425 urbi

183 461 436 511 detractum,
468 474 555 518 quo
584 460 822 518 promptius
851 459 1107 517 obsequium
1144 459 1295 518 integri
1327 460 1570 503 retinerent.
1614 458 1696 516 (25)
1727 463 1770 500 at
1797 456 1960 514 praesi-

182 536 299 580 dium
335 535 548 593 Legerda,
587 534 704 593 quod
741 534 859 579 ferox
898 535 1093 578 iuventus
1123 533 1350 587 clauserat,
1392 549 1477 578 non
1507 535 1598 578 sine
1628 532 1857 578 certamine
1887 545 1961 575 ex-

180 617 412 669 pugnatum
450 617 534 654 est:
572 624 671 654 nam
712 617 754 654 et
791 609 998 667 proelium
1037 623 1116 667 pro
1154 610 1287 653 muris
1323 611 1415 654 ausi
1455 616 1594 661 erant,
1635 615 1678 653 et
1711 607 1824 666 pulsi
1852 607 1961 650 intra

180 686 439 730 munimenta
468 685 612 742 aggeri
643 685 816 729 demum
845 692 888 728 et
916 685 1239 742 irrumpentium
1274 685 1404 728 armis
1441 698 1625 729 cessere.
1656 697 1768 742 quae
1797 682 1991 726 faciliusa
2009 726 2020 729 ,

180 761 499 819 proveniebant,
531 761 632 819 quia
652 760 792 804 Parthi
818 761 1018 819 Hyrcano
1047 759 1160 804 bello
1189 760 1510 804 distinebantur.
1540 760 1831 816 miserantque
1850 758 1962 817 Hyr-

183 836 277 880 cani
307 836 361 879 ad
390 836 629 894 principem
658 837 892 879 Romanum
922 836 1169 879 societatem
1197 841 1379 886 oratum,
1411 835 1575 879 attineri
1605 848 1630 878 a
1656 848 1704 878 se
1722 832 1962 891 Vologesen

181 925 261 969 pro
290 911 469 969 pignore
499 910 710 954 amicitiae
740 917 1013 955 ostentantes
1044 923 1119 954 eos
1142 910 1439 967 regredientes
1460 910 1663 961 Corbulo,
1695 923 1750 953 ne
1771 907 1959 966 Euphra-

182 993 252 1030 ten
295 986 547 1042 transgressi
591 985 776 1029 hostium
816 985 1020 1029 custodiis
1059 985 1484 1037 circumvenirentur,
1531 985 1630 1029 dato
1659 983 1876 1042 praesidio
1907 983 1960 1026 ad

180 1061 306 1105 litora
333 1061 462 1105 maris
491 1060 610 1104 rubri
630 1059 827 1111 deduxit,
855 1059 971 1103 unde
991 1060 1130 1103 vitatis
1151 1060 1401 1104 Parthorum
1418 1060 1574 1104 finibus
1593 1060 1753 1118 patrias
1772 1059 1815 1102 in
1834 1058 1962 1102 sedes
1975 1070 2012 1100 ιο

181 1149 443 1181 remeavere.
490 1136 572 1192 (26)
603 1135 705 1193 quin
735 1142 779 1179 et
807 1133 1018 1179 Tiridaten
1047 1149 1126 1192 per
1155 1135 1304 1179 Medos
1334 1142 1520 1179 extrema
1551 1135 1775 1179 Armeniae
1804 1135 1963 1177 intran-

182 1219 287 1258 tem.
317 1211 556 1269 praemisso
587 1224 685 1254 cum
714 1210 879 1254 auxiliis
899 1210 1109 1254 Verulano
1140 1210 1300 1268 legato,
1333 1217 1461 1269 atque
1484 1211 1577 1268 ipse
1597 1209 1836 1268 legionibus
1855 1209 1960 1260 citis,

182 1287 301 1331 abire
330 1285 481 1344 procul
510 1300 561 1329 ac
589 1299 711 1343 spem
741 1285 839 1329 belli
871 1285 1064 1329 omittere
1094 1285 1285 1343 subegit3
1317 1299 1515 1344 quosque
1545 1285 1669 1330 nobis
1699 1284 1964 1329 adversantis

183 1367 459 1420 cognoverat,
491 1360 697 1405 caedibus
727 1367 769 1404 et
797 1359 1005 1404 incendiis
1034 1360 1364 1418 perpopulatus,
1397 1361 1718 1419 possessionem
1740 1360 1962 1404 Armeniae

182 1436 432 1494 usurpabat,
475 1449 572 1480 cum
613 1435 785 1479 advenit
822 1435 1022 1492 Tigranes
1052 1449 1077 1478 a
1105 1436 1274 1479 Nerone
1303 1435 1356 1479 ad
1389 1435 1701 1494 capessendum
1738 1435 1964 1493 imperium
1976 1445 2013 1475 ⁴5

182 1511 395 1563 delectus,
431 1510 733 1568 Cappadocum
764 1524 818 1554 ex
847 1509 1079 1561 nobilitate,
1111 1511 1225 1568 regis
1254 1510 1448 1554 Archelai
1470 1525 1622 1569 nepos,
1654 1509 1732 1554 sed
1753 1509 1869 1568 quod
1890 1509 1963 1553 diu

183 1587 313 1631 obses
343 1585 455 1644 apud
486 1586 638 1630 urbem
668 1586 820 1637 fuerat,
860 1599 998 1643 usque
1029 1584 1083 1629 ad
1112 1585 1310 1630 servilem
1339 1586 1584 1643 patientiam
1615 1585 1841 1629 demissus.
1883 1599 1966 1629 nec

186 1676 398 1707 consensu
430 1668 652 1719 acceptus,
685 1661 864 1704 durante
894 1660 1007 1719 apud
1038 1660 1248 1718 quosdam
1277 1661 1421 1704 favore
1452 1661 1763 1704 Arsacidarum.
1804 1666 1846 1703 at
1874 1660 1966 1718 ple-

188 1738 311 1796 rique
349 1736 594 1794 superbiam
634 1737 885 1780 Parthorum
924 1736 1068 1793 perosi
1099 1736 1244 1779 datum
1280 1750 1304 1779 a
1333 1736 1533 1780 Romanis
1565 1750 1711 1793 regem
1738 1735 1963 1780 malebant.

186 1812 376 1857 additum
405 1818 447 1856 et
474 1811 759 1870 praesidium,
791 1810 903 1854 mille
933 1810 1172 1868 legionarii,
1203 1817 1291 1854 tres
1311 1811 1526 1854 sociorum
1548 1811 1744 1855 cohortes
1765 1810 1963 1869 duaeque
1976 1820 2014 1850 20

251 1928 284 1960 3.
309 1928 456 1970 Legerda
476 1925 763 1967 Bezzenberger:
789 1925 913 1967 leyerat
927 1925 977 1963 M;
1002 1924 1130 1966 reyium
1152 1923 1378 1958 Puteolanus.
1391 1943 1432 1948 —-
1457 1924 1489 1958 4.
1502 1925 1672 1966 praelium
1687 1926 1719 1958 M
1735 1944 1777 1949 -
1799 1926 1832 1958 5.
1850 1926 1966 1967 aqyeri

185 1984 402 2017 Boetticher:
428 1983 560 2026 aggeris
580 1984 636 2023 M;
669 1982 846 2025 aggeribus
867 1982 1030 2023 Ryckius.
1058 1999 1094 2005 -
1133 1982 1164 2014 6.
1188 1991 1314 2022 yrcano
1337 1982 1370 2015 M
1396 2000 1431 2005 -
1458 1983 1489 2014 7.
1518 1982 1691 2024 Vologesen
1706 2000 1725 2006 -
1739 2000 1758 2006 -
1773 1986 1967 2015 ostentantes

186 2039 415 2074 Puteolanus:
440 2041 589 2082 uoloqese
604 2059 622 2064 -
638 2059 656 2064 -
672 2042 854 2073 ostentante
875 2041 908 2073 M
931 2058 975 2064 -
997 2040 1028 2072 8.
1054 2040 1205 2082 eufraten
1228 2041 1260 2073 M
1285 2057 1322 2064 -
1347 2040 1400 2072 40.
1426 2040 1554 2072 dedi-'eit
1574 2040 1607 2073 M
1632 2057 1667 2062 —
1696 2040 1747 2071 44.
1773 2039 1919 2071 armenie
1933 2039 1966 2071 M

189 2114 226 2120 —
251 2097 304 2129 43.
328 2098 476 2130 omittere
497 2098 576 2130 cod.
602 2097 801 2139 Agricolae:
829 2098 978 2129 amittere
1001 2097 1033 2130 M
1059 2113 1095 2120 —
1122 2098 1331 2129 adversantis
1352 2097 1572 2139 Nipperdey:
1597 2096 1640 2129 ab
1660 2106 1697 2129 re
1712 2097 1822 2129 artinis
1844 2105 1896 2138 pr.
1912 2097 1963 2135 M;

185 2153 228 2186 ab
249 2162 326 2196 reye
347 2154 459 2186 artinis
479 2163 572 2187 corr.
598 2154 675 2187 ead.
701 2163 749 2187 m.
768 2155 819 2192 M;
844 2154 883 2186 ob
904 2163 1016 2196 reyem
1037 2155 1191 2187 adversos
1213 2155 1334 2186 animis
1357 2155 1403 2191 G;
1428 2154 1467 2186 ob
1488 2163 1598 2195 reqem
1620 2161 1756 2186 aversos
1775 2153 1880 2185 animi
1903 2154 1967 2184 Pu-

185 2209 362 2248 teolanus;
394 2219 526 2242 aversos
552 2210 673 2242 animis
702 2209 837 2250 (deletis
860 2210 899 2242 ob
920 2210 1044 2251 reyem)
1066 2210 1265 2248 Bekkerus;
1297 2219 1428 2242 aversos
1455 2210 1561 2242 animi
1586 2210 1757 2248 Ritterus;
1789 2208 1968 2241 abhorrere

186 2267 307 2299 animis
327 2267 396 2299 Iac.
415 2267 627 2303 Gronovius:
653 2268 809 2299 adversos
831 2270 891 2299 aut
913 2266 1078 2308 ambiqere
1100 2267 1222 2299 animis
1244 2267 1368 2300 Haase.
1397 2284 1432 2290 -
1459 2267 1512 2299 47.
1537 2275 1596 2299 nec
1619 2264 1845 2298 Puteolanus:
1870 2273 1911 2297 ne
1932 2265 1966 2297 M

189 2340 227 2347 —
244 2323 296 2356 48.
319 2322 434 2363 fabore
453 2323 486 2355 Μ
502 2340 537 2346 -
561 2323 709 2364 plerique
729 2323 918 2364 superbiam
932 2323 1161 2356 Puteolanus:
1191 2325 1357 2365 plerisque
1378 2323 1531 2365 superbia
1550 2324 1583 2357 M
1598 2341 1642 2347 ——
1658 2323 1710 2356 49.
1731 2331 1794 2364 per
1808 2321 1967 2360 obsiuda-

187 2382 257 2412 tum
279 2379 312 2412 M
337 2397 371 2402 —
397 2379 452 2412 20.
477 2383 507 2413 et
528 2381 579 2414 M:
603 2381 633 2414 ei
656 2381 828 2414 Heinsius.
857 2399 893 2404 -
919 2382 1045 2422 ducque
1067 2382 1112 2414 M.

189 2467 328 2499 moenia
353 2467 524 2505 paterent.
549 2467 629 2499 Ean.
657 2485 692 2490 —
719 2452 876 2510 Leyerda]
901 2468 951 2502 Cf.
971 2470 1053 2500 Pto-

188 2515 317 2549 lemaei
341 2517 464 2557 Geogr.
489 2517 521 2555 5,
540 2516 593 2556 43,
610 2517 664 2549 49.
682 2516 742 2549 ubi
766 2517 908 2550 codices
931 2518 1054 2550 fluctu-

1102 2467 1398 2508 subveherentur,
1422 2467 1531 2500 multo
1556 2466 1836 2500 commodiorem
1859 2467 1967 2500 fuisse

1103 2527 1210 2560 quam
1233 2527 1324 2560 quae
1347 2519 1505 2551 terrestri
1531 2518 1658 2551 itinere
1687 2527 1752 2560 per
1772 2519 1890 2550 vastas
1912 2518 1968 2550 in-

133 2560 137 2567 ’
190 2567 251 2598 ant
272 2567 364 2598 inter
379 2565 509 2599 formas
524 2565 703 2612 Λέγερὸα,
723 2563 935 2613 'may-speon,
960 2566 1054 2600 Κλέ-

189 2613 315 2661 γερδα,
332 2614 530 2661 Βλέγερδα.
550 2633 586 2638 -
607 2625 673 2656 pro
688 2617 803 2659 muris]
830 2617 891 2649 Hic
907 2616 1053 2649 dubium

191 2675 262 2698 non
286 2667 340 2698 est
364 2665 549 2701 formulam
569 2675 633 2706 pro
647 2667 754 2698 muris
767 2667 922 2699 indicare
938 2666 1053 2699 locum

191 2718 289 2748 extra
314 2716 530 2748 munimenta
554 2717 635 2748 ante
658 2724 790 2749 muros.
818 2717 945 2749 Contra
962 2717 994 2756 2,
1013 2717 1048 2750 84

190 2767 246 2797 est
280 2765 397 2797 «intra
432 2764 615 2797 castellum
640 2766 683 2798 ‘in
720 2766 831 2799 muris
864 2767 988 2808 ipsis.»
1015 2783 1052 2789 —-

190 2814 316 2857 ορμον-ι’]
341 2814 494 2856 intellige
511 2825 675 2857 aggerem
694 2816 739 2848 ab
756 2816 1055 2858 oppugnatoribus

191 2865 237 2897 ad
258 2864 495 2906 ipsa·moenia
519 2867 711 2904 structum,
743 2869 781 2898 ut
805 2867 949 2899 escendi
972 2875 1056 2908 pos-

191 2917 281 2948 sent.
319 2914 368 2947 Ci'.
400 2914 438 2954 4,
471 2915 513 2948 49
551 2915 595 2948 de
627 2915 810 2948 obsidione
841 2915 990 2950 castelli:
1026 2919 1058 2949 et

191 2964 381 2997 struebatur
413 2973 534 3005 ayyer,
573 2966 661 2997 unde
700 2974 789 2997 saxa
821 2967 936 2998 hastae
967 2967 1058 3007 ignes

190 3015 416 3056 propinquum
430 3014 500 3046 iam
514 3014 550 3046 in
565 3015 686 3047 hostem
699 3015 897 3047 iacerentur.
920 3034 953 3038 -
972 3016 1057 3054 Hyr—

194 3073 278 3096 cano
301 3062 392 3104 belle]
421 3062 472 3095 Cf.
493 3063 545 3103 43,
563 3063 616 3096 37.
640 3082 668 3087 —
697 3063 946 3106 distinebantur]
970 3064 1056 3096 Vide

193 3113 239 3145 ad
263 3114 315 3151 44,
341 3113 393 3144 42.
426 3130 457 3135 -
491 3113 596 3144 maris
622 3113 736 3153 rubri]
773 3114 892 3154 Cogita
925 3112 1057 3154 legatos

193 3163 438 3203 Hyrcanorum
466 3160 511 3193 ab
541 3161 631 3194 urhe
654 3162 894 3203 regredientes
916 3164 1056 3196 venisse

194 3213 230 3245 in
253 3213 409 3253 Syriam;
445 3212 516 3244 huc
539 3212 631 3244 enim
656 3211 809 3244 ducebat
832 3213 1057 3253 navigationis

195 3270 334 3295 cursus.
373 3261 474 3301 Quod
508 3262 537 3294 si
571 3261 741 3300 admittis,
779 3271 849 3293 non
881 3261 1057 3294 dubitabis

195 3311 289 3343 viam
313 3319 332 3343 e
356 3311 454 3352 Syria
478 3310 523 3343 ad
546 3319 643 3342 mare
666 3310 834 3349 rubrum,
859 3311 927 3343 hoc
943 3313 996 3343 est
1015 3312 1059 3344 si-

197 3368 282 3392 num
305 3362 483 3394 Persicum
508 3362 544 3392 et
559 3369 655 3393 mare
671 3360 829 3392 Indicum
848 3360 901 3401 (cf.
920 3359 1005 3393 Plin.
1023 3362 1056 3401 6,

197 3408 240 3442 23
263 3411 299 3443 et
319 3409 392 3451 24),
423 3411 463 3443 ut
492 3409 621 3443 deinde
643 3411 756 3443 Araxe
779 3408 835 3443 vel
861 3408 927 3442 alio
951 3410 1057 3443 fluvio

1104 2567 1282 2610 festasque
1316 2569 1479 2609 regiones
1511 2568 1555 2600 ad
1582 2576 1680 2600 mare
1708 2567 1874 2609 Caspium
1906 2576 1967 2600 eos

1104 2617 1272 2650 duxisset.
1309 2618 1479 2650 Nimirum
1503 2626 1522 2650 e
1547 2618 1646 2658 Syria
1677 2616 1722 2650 ad
1745 2617 1860 2649 sinum
1882 2618 1968 2649 Per-

1104 2668 1216 2700 sicum
1239 2668 1377 2700 constat
1407 2667 1514 2700 fuisse
1540 2668 1607 2699 iter
1629 2665 1967 2709 peregrinationibus

1104 2718 1341 2749 mercatorum
1365 2717 1584 2750 tritissimum
1603 2725 1717 2758 eoque
1741 2716 1965 2748 tutissimum.

1103 2767 1286 2799 WALrflmi.
1314 2766 1364 2799 Cf.
1382 2767 1414 2807 2,
1434 2768 1487 2800 64.
1543 2802 1547 2807 ,

1147 2817 1201 2849 26.
1229 2817 1393 2849 Verulano
1416 2817 1534 2859 legato]
1559 2817 1610 2850 Cf.
1636 2818 1689 2855 45,
1714 2817 1746 2849 3.
1767 2834 1803 2841 -
1829 2815 1968 2858 leqioni-

1105 2866 1164 2898 bus
1178 2866 1261 2908 citis]
1279 2875 1367 2908 quas
1383 2866 1463 2899 alibi
1483 2868 1655 2908 expeditas
1668 2867 1766 2904 dicit;
1792 2866 1848 2898 hic
1863 2864 1967 2898 simul

1105 2924 1281 2948 summam
1306 2916 1438 2949 itineris
1462 2916 1754 2949 accelerationem
1771 2915 1967 2957 significare

1104 2964 1232 3005 voluit,
1256 2967 1295 2997 ut
1319 2966 1349 3004 4,
1375 2966 1416 2998 63
1441 2968 1476 2998 et
1498 2966 1536 3006 4,
1561 2967 1622 2999 25:
1656 2967 1719 2999 cito
1742 2966 1884 3008 aymine.
1913 2964 1965 2997 Cf.

1107 3016 1159 3054 44,
1187 3016 1199 3046 4
1218 3024 1224 3045 :
1249 3015 1323 3047 citis
1344 3024 1419 3047 cum
1439 3016 1606 3048 militibus.
1637 3017 1689 3054 42,
1715 3016 1750 3048 34
1768 3025 1775 3046 :
1807 3016 1889 3046 citas
1910 3023 1967 3046 co-

1106 3065 1222 3096 hortes.
1251 3080 1286 3087 -
1313 3072 1400 3105 spem
1423 3065 1496 3097 belli
1518 3066 1666 3097 omittere
1682 3063 1816 3106 subeyit]
1841 3063 1893 3096 Cf.
1911 3064 1965 3103 44,

1106 3113 1144 3145 8:
1181 3117 1375 3154 coactusque
1407 3115 1575 3147 Vardanes
1604 3115 1752 3146 omittere
1772 3113 1965 3146 Seleuciam.

1108 3163 1193 3195 Hist.
1219 3163 1256 3202 4,
1290 3163 1350 3197 30:
1388 3166 1508 3197 omissa
1536 3164 1750 3206 oppuynandi
1778 3172 1844 3203 spe.
1880 3163 1967 3195 Vide

1108 3213 1212 3244 etiam
1235 3212 1280 3245 ad
1304 3214 1362 3252 42,
1388 3214 1429 3247 46
1453 3215 1540 3247 extr.
1569 3232 1605 3237 —
1634 3212 1804 3254 Tiqranes]
1835 3212 1885 3245 Cf.
1911 3213 1966 3252 45,

1109 3262 1202 3294 4-6.
1229 3279 1264 3285 -
1291 3264 1379 3304 reyis
1398 3264 1549 3296 Archelai
1570 3263 1687 3303 nepos]
1717 3262 1826 3294 immo
1845 3270 1969 3302 prone-

1102 3320 1174 3352 pos.
1214 3313 1370 3354 Tigranis
1405 3316 1499 3346 enim
1533 3321 1619 3345 avus
1654 3314 1729 3345 erat
1759 3311 1977 3351 Alexander,-

1109 3362 1255 3395 Herodis
1278 3364 1411 3404 Magni,
1443 3363 1535 3403 regis
1559 3362 1725 3401 Iudaeae,
1757 3360 1865 3402 filius,
1890 3362 1967 3394 avia

1107 3412 1226 3444 autem
1245 3411 1311 3444 filia
1328 3410 1506 3452 Archelai,
1530 3411 1624 3453 regis
1641 3411 1896 3453 Cappadociae,
1920 3411 1966 3444 de
