<?xml version="1.0" encoding="UTF-8"?>
<!DOCTYPE html PUBLIC "-//W3C//DTD XHTML 1.0 Transitional//EN"
    "http://www.w3.org/TR/xhtml1/DTD/xhtml1-transitional.dtd">
<html xmlns="http://www.w3.org/1999/xhtml" xml:lang="en" lang="en">
 <head>
  <title>
</title>
<meta http-equiv="Content-Type" content="text/html;charset=utf-8" />
  <meta name='ocr-system' content='tesseract 3.04.00' />
  <meta name='ocr-capabilities' content='ocr_page ocr_carea ocr_par ocr_line ocrx_word'/>
</head>
<body>
  <div class='ocr_page' id='page_1' title='image "./pcorneliitacitio01taciuoft_0045.png"; bbox 0 0 2254 3770; ppageno 0'>
   <div class='ocr_carea' id='block_1_1' title="bbox 751 238 1961 300">
    <p class='ocr_par' dir='ltr' id='par_1_1' title="bbox 751 238 1961 300">
     <span class='ocr_line' id='line_1_1' title="bbox 751 238 1961 300; baseline -0.004 -13"><span class='ocrx_word' id='word_1_1' title='bbox 751 244 904 288; x_wconf 71' lang='lat' dir='ltr'>Luffln</span> <span class='ocrx_word' id='word_1_2' title='bbox 934 244 964 286; x_wconf 93' lang='lat'>1.</span> <span class='ocrx_word' id='word_1_3' title='bbox 1023 243 1124 300; x_wconf 82' lang='lat' dir='ltr'>Cap.</span> <span class='ocrx_word' id='word_1_4' title='bbox 1154 243 1193 286; x_wconf 75' lang='lat'>4.</span> <span class='ocrx_word' id='word_1_5' title='bbox 1224 243 1263 285; x_wconf 81' lang='lat'>5.</span> <span class='ocrx_word' id='word_1_6' title='bbox 1293 243 1333 286; x_wconf 89' lang='lat'>6.</span> <span class='ocrx_word' id='word_1_7' title='bbox 1362 242 1402 285; x_wconf 91' lang='lat'>7.</span> <span class='ocrx_word' id='word_1_8' title='bbox 1934 238 1961 282; x_wconf 92' lang='lat'><strong>7</strong></span> 
     </span>
    </p>
   </div>
   <div class='ocr_carea' id='block_1_2' title="bbox 182 345 2011 1758">
    <p class='ocr_par' dir='ltr' id='par_1_2' title="bbox 182 345 2011 1758">
     <span class='ocr_line' id='line_1_2' title="bbox 299 345 1961 410; baseline -0.005 -14"><span class='ocrx_word' id='word_1_9' title='bbox 299 352 352 410; x_wconf 90' lang='grc'>(6)</span> <span class='ocrx_word' id='word_1_10' title='bbox 382 351 568 396; x_wconf 90' lang='lat' dir='ltr'>Primum</span> <span class='ocrx_word' id='word_1_11' title='bbox 599 349 760 394; x_wconf 87' lang='lat' dir='ltr'>facinus</span> <span class='ocrx_word' id='word_1_12' title='bbox 797 349 895 392; x_wconf 91' lang='lat' dir='ltr'>novi</span> <span class='ocrx_word' id='word_1_13' title='bbox 933 348 1193 407; x_wconf 82' lang='lat' dir='ltr'>principatus</span> <span class='ocrx_word' id='word_1_14' title='bbox 1222 348 1297 392; x_wconf 84' lang='lat' dir='ltr'>fuit</span> <span class='ocrx_word' id='word_1_15' title='bbox 1325 348 1512 392; x_wconf 86' lang='lat' dir='ltr'><strong>Postumi</strong></span> <span class='ocrx_word' id='word_1_16' title='bbox 1541 347 1753 404; x_wconf 82' lang='lat' dir='ltr'><strong>Agrippae</strong></span> <span class='ocrx_word' id='word_1_17' title='bbox 1783 345 1961 398; x_wconf 78' lang='lat' dir='ltr'>caedes3</span> 
     </span>
     <span class='ocr_line' id='line_1_3' title="bbox 186 413 1963 488; baseline -0.006 -15"><span class='ocrx_word' id='word_1_18' title='bbox 186 442 314 488; x_wconf 87' lang='lat' dir='ltr'>quem</span> <span class='ocrx_word' id='word_1_19' title='bbox 342 427 534 485; x_wconf 86' lang='lat' dir='ltr'>ignarum</span> <span class='ocrx_word' id='word_1_20' title='bbox 565 426 860 482; x_wconf 88' lang='lat' dir='ltr'>inermumque</span> <span class='ocrx_word' id='word_1_21' title='bbox 890 423 1301 485; x_wconf 13' lang='lat' dir='ltr'>quamvis’firmatus</span> <span class='ocrx_word' id='word_1_22' title='bbox 1331 423 1471 466; x_wconf 89' lang='lat' dir='ltr'>animo</span> <span class='ocrx_word' id='word_1_23' title='bbox 1502 413 1693 467; x_wconf 88' lang='lat' dir='ltr'>centurio</span> <span class='ocrx_word' id='word_1_24' title='bbox 1713 434 1841 478; x_wconf 84' lang='lat' dir='ltr'><strong>aegre</strong></span> <span class='ocrx_word' id='word_1_25' title='bbox 1861 434 1963 464; x_wconf 91' lang='lat' dir='ltr'>con-</span> 
     </span>
     <span class='ocr_line' id='line_1_4' title="bbox 186 495 1963 556; baseline -0.006 -8"><span class='ocrx_word' id='word_1_26' title='bbox 186 503 295 548; x_wconf 81' lang='lat' dir='ltr'>fecit.</span> <span class='ocrx_word' id='word_1_27' title='bbox 353 500 456 545; x_wconf 88' lang='lat' dir='ltr'>nihil</span> <span class='ocrx_word' id='word_1_28' title='bbox 492 500 548 544; x_wconf 87' lang='lat' dir='ltr'>de</span> <span class='ocrx_word' id='word_1_29' title='bbox 585 514 636 544; x_wconf 89' lang='lat' dir='ltr'>ea</span> <span class='ocrx_word' id='word_1_30' title='bbox 664 513 711 543; x_wconf 90' lang='lat' dir='ltr'>re</span> <span class='ocrx_word' id='word_1_31' title='bbox 741 499 934 542; x_wconf 89' lang='lat' dir='ltr'>Tiberius</span> <span class='ocrx_word' id='word_1_32' title='bbox 963 505 1065 556; x_wconf 89' lang='lat' dir='ltr'>aput</span> <span class='ocrx_word' id='word_1_33' title='bbox 1094 505 1287 542; x_wconf 86' lang='lat' dir='ltr'>senatum</span> <span class='ocrx_word' id='word_1_34' title='bbox 1317 497 1539 541; x_wconf 80' lang='lat' dir='ltr'>disseruit:</span> <span class='ocrx_word' id='word_1_35' title='bbox 1584 496 1717 554; x_wconf 91' lang='lat' dir='ltr'>patris</span> <span class='ocrx_word' id='word_1_36' title='bbox 1757 495 1875 539; x_wconf 89' lang='lat' dir='ltr'>iussa</span> <span class='ocrx_word' id='word_1_37' title='bbox 1905 495 1963 538; x_wconf 90' lang='lat' dir='ltr'>si-</span> 
     </span>
     <span class='ocr_line' id='line_1_5' title="bbox 184 572 1963 632; baseline -0.004 -10"><span class='ocrx_word' id='word_1_38' title='bbox 184 576 390 627; x_wconf 86' lang='lat' dir='ltr'>mulabat,</span> <span class='ocrx_word' id='word_1_39' title='bbox 423 574 579 632; x_wconf 87' lang='lat' dir='ltr'>quibus</span> <span class='ocrx_word' id='word_1_40' title='bbox 609 574 958 632; x_wconf 83' lang='lat' dir='ltr'>praescripsisset</span> <span class='ocrx_word' id='word_1_41' title='bbox 987 573 1154 617; x_wconf 91' lang='lat' dir='ltr'>tribuno</span> <span class='ocrx_word' id='word_1_42' title='bbox 1177 572 1397 617; x_wconf 85' lang='lat' dir='ltr'>custodiae</span> <span class='ocrx_word' id='word_1_43' title='bbox 1419 572 1632 630; x_wconf 90' lang='lat' dir='ltr'>adposito,</span> <span class='ocrx_word' id='word_1_44' title='bbox 1664 585 1718 614; x_wconf 91' lang='lat' dir='ltr'>ne</span> <span class='ocrx_word' id='word_1_45' title='bbox 1740 577 1963 614; x_wconf 88' lang='lat' dir='ltr'>cunctare-</span> 
     </span>
     <span class='ocr_line' id='line_1_6' title="bbox 183 645 1993 710; baseline -0.006 -13"><span class='ocrx_word' id='word_1_46' title='bbox 183 660 251 697; x_wconf 86' lang='lat' dir='ltr'>tur</span> <span class='ocrx_word' id='word_1_47' title='bbox 265 651 492 710; x_wconf 84' lang='lat' dir='ltr'>Agrippam</span> <span class='ocrx_word' id='word_1_48' title='bbox 512 656 649 694; x_wconf 91' lang='lat' dir='ltr'>morte</span> <span class='ocrx_word' id='word_1_49' title='bbox 670 649 868 699; x_wconf 87' lang='lat' dir='ltr'>adficere,</span> <span class='ocrx_word' id='word_1_50' title='bbox 891 648 1150 707; x_wconf 81' lang='lat' dir='ltr'>quandoque</span> <span class='ocrx_word' id='word_1_51' title='bbox 1168 646 1265 706; x_wconf 70' lang='lat' dir='ltr'>&#39;ipse</span> <span class='ocrx_word' id='word_1_52' title='bbox 1287 661 1534 705; x_wconf 88' lang='lat' dir='ltr'>supremum</span> <span class='ocrx_word' id='word_1_53' title='bbox 1556 647 1669 689; x_wconf 91' lang='lat' dir='ltr'>diem</span> <span class='ocrx_word' id='word_1_54' title='bbox 1692 645 1993 703; x_wconf 83' lang='lat' dir='ltr'>explevisset.5</span> 
     </span>
     <span class='ocr_line' id='line_1_7' title="bbox 182 721 1963 782; baseline -0.004 -12"><span class='ocrx_word' id='word_1_55' title='bbox 182 726 313 771; x_wconf 88' lang='lat' dir='ltr'>multa</span> <span class='ocrx_word' id='word_1_56' title='bbox 341 727 434 770; x_wconf 89' lang='lat' dir='ltr'>sine</span> <span class='ocrx_word' id='word_1_57' title='bbox 464 724 594 768; x_wconf 91' lang='lat' dir='ltr'>dubio</span> <span class='ocrx_word' id='word_1_58' title='bbox 625 738 841 782; x_wconf 89' lang='lat' dir='ltr'>saevaque</span> <span class='ocrx_word' id='word_1_59' title='bbox 861 726 1074 781; x_wconf 81' lang='lat' dir='ltr'>Augustus</span> <span class='ocrx_word' id='word_1_60' title='bbox 1096 723 1149 767; x_wconf 89' lang='lat' dir='ltr'>de</span> <span class='ocrx_word' id='word_1_61' title='bbox 1171 723 1360 766; x_wconf 91' lang='lat' dir='ltr'>moribus</span> <span class='ocrx_word' id='word_1_62' title='bbox 1383 721 1668 766; x_wconf 90' lang='lat' dir='ltr'>adulescentis</span> <span class='ocrx_word' id='word_1_63' title='bbox 1689 727 1885 779; x_wconf 84' lang='lat' dir='ltr'>questuS,</span> <span class='ocrx_word' id='word_1_64' title='bbox 1916 727 1963 764; x_wconf 89' lang='lat' dir='ltr'>ut</span> 
     </span>
     <span class='ocr_line' id='line_1_8' title="bbox 184 794 1962 856; baseline -0.004 -11"><span class='ocrx_word' id='word_1_65' title='bbox 184 801 356 846; x_wconf 86' lang='lat' dir='ltr'>exilium</span> <span class='ocrx_word' id='word_1_66' title='bbox 395 800 488 844; x_wconf 91' lang='lat' dir='ltr'>eius</span> <span class='ocrx_word' id='word_1_67' title='bbox 528 807 701 843; x_wconf 92' lang='lat' dir='ltr'>senatus</span> <span class='ocrx_word' id='word_1_68' title='bbox 731 798 922 842; x_wconf 88' lang='lat' dir='ltr'>consulto</span> <span class='ocrx_word' id='word_1_69' title='bbox 952 799 1188 842; x_wconf 85' lang='lat' dir='ltr'>sanciretur</span> <span class='ocrx_word' id='word_1_70' title='bbox 1218 798 1474 856; x_wconf 82' lang='lat' dir='ltr'>perfecerat:</span> <span class='ocrx_word' id='word_1_71' title='bbox 1515 804 1706 841; x_wconf 90' lang='lat' dir='ltr'>ceterum</span> <span class='ocrx_word' id='word_1_72' title='bbox 1734 797 1777 838; x_wconf 89' lang='lat' dir='ltr'>in</span> <span class='ocrx_word' id='word_1_73' title='bbox 1805 794 1962 838; x_wconf 86' lang='lat' dir='ltr'>nullius</span> 
     </span>
     <span class='ocr_line' id='line_1_9' title="bbox 185 869 1961 934; baseline -0.005 -13"><span class='ocrx_word' id='word_1_74' title='bbox 185 890 387 934; x_wconf 89' lang='lat' dir='ltr'>umquam</span> <span class='ocrx_word' id='word_1_75' title='bbox 427 889 603 918; x_wconf 91' lang='lat' dir='ltr'>suorum</span> <span class='ocrx_word' id='word_1_76' title='bbox 639 888 789 917; x_wconf 88' lang='lat' dir='ltr'>necem</span> <span class='ocrx_word' id='word_1_77' title='bbox 827 873 1012 925; x_wconf 80' lang='lat' dir='ltr'>duravit3</span> <span class='ocrx_word' id='word_1_78' title='bbox 1053 887 1193 931; x_wconf 88' lang='lat' dir='ltr'>neque</span> <span class='ocrx_word' id='word_1_79' title='bbox 1232 879 1409 916; x_wconf 90' lang='lat' dir='ltr'>mortem</span> <span class='ocrx_word' id='word_1_80' title='bbox 1446 873 1589 930; x_wconf 90' lang='lat' dir='ltr'>nepoti</span> <span class='ocrx_word' id='word_1_81' title='bbox 1626 885 1704 929; x_wconf 93' lang='lat' dir='ltr'>pro</span> <span class='ocrx_word' id='word_1_82' title='bbox 1734 869 1961 914; x_wconf 86' lang='lat' dir='ltr'>securitate</span> 
     </span>
     <span class='ocr_line' id='line_1_10' title="bbox 184 944 1962 1010; baseline -0.004 -15"><span class='ocrx_word' id='word_1_83' title='bbox 184 951 363 1010; x_wconf 83' lang='lat' dir='ltr'>privigni</span> <span class='ocrx_word' id='word_1_84' title='bbox 394 949 565 993; x_wconf 90' lang='lat' dir='ltr'>inlatam</span> <span class='ocrx_word' id='word_1_85' title='bbox 595 948 798 993; x_wconf 86' lang='lat' dir='ltr'>credibile</span> <span class='ocrx_word' id='word_1_86' title='bbox 828 955 930 992; x_wconf 88' lang='lat' dir='ltr'>erat.</span> <span class='ocrx_word' id='word_1_87' title='bbox 988 950 1164 1006; x_wconf 90' lang='lat' dir='ltr'>propius</span> <span class='ocrx_word' id='word_1_88' title='bbox 1194 962 1297 992; x_wconf 88' lang='lat' dir='ltr'>vero</span> <span class='ocrx_word' id='word_1_89' title='bbox 1321 948 1535 992; x_wconf 87' lang='lat' dir='ltr'>Tiberium</span> <span class='ocrx_word' id='word_1_90' title='bbox 1565 960 1615 990; x_wconf 86' lang='lat' dir='ltr'>ac</span> <span class='ocrx_word' id='word_1_91' title='bbox 1636 946 1813 993; x_wconf 87' lang='lat' dir='ltr'>Liviam,</span> <span class='ocrx_word' id='word_1_92' title='bbox 1845 944 1962 988; x_wconf 91' lang='lat' dir='ltr'>illum</span> 
     </span>
     <span class='ocr_line' id='line_1_11' title="bbox 186 1020 2011 1080; baseline -0.006 -9"><span class='ocrx_word' id='word_1_93' title='bbox 186 1033 316 1077; x_wconf 87' lang='lat' dir='ltr'>metu,</span> <span class='ocrx_word' id='word_1_94' title='bbox 347 1025 458 1069; x_wconf 86' lang='lat' dir='ltr'>hanc</span> <span class='ocrx_word' id='word_1_95' title='bbox 484 1023 783 1068; x_wconf 89' lang='lat' dir='ltr'>novercalibus</span> <span class='ocrx_word' id='word_1_96' title='bbox 813 1023 939 1070; x_wconf 88' lang='lat' dir='ltr'>odiis.</span> <span class='ocrx_word' id='word_1_97' title='bbox 973 1024 1160 1080; x_wconf 91' lang='lat' dir='ltr'>suspecti</span> <span class='ocrx_word' id='word_1_98' title='bbox 1191 1030 1234 1066; x_wconf 87' lang='lat' dir='ltr'>et</span> <span class='ocrx_word' id='word_1_99' title='bbox 1263 1023 1385 1066; x_wconf 90' lang='lat' dir='ltr'>invisi</span> <span class='ocrx_word' id='word_1_100' title='bbox 1407 1022 1571 1066; x_wconf 90' lang='lat' dir='ltr'>iuvenis</span> <span class='ocrx_word' id='word_1_101' title='bbox 1593 1021 1772 1066; x_wconf 90' lang='lat' dir='ltr'>caedem</span> <span class='ocrx_word' id='word_1_102' title='bbox 1791 1020 2011 1064; x_wconf 77' lang='lat' dir='ltr'>festina-⁴0</span> 
     </span>
     <span class='ocr_line' id='line_1_12' title="bbox 185 1095 1962 1155; baseline -0.004 -10"><span class='ocrx_word' id='word_1_103' title='bbox 185 1102 312 1146; x_wconf 90' lang='lat' dir='ltr'>visse.</span> <span class='ocrx_word' id='word_1_104' title='bbox 370 1100 574 1143; x_wconf 84' lang='lat' dir='ltr'>nuntianti</span> <span class='ocrx_word' id='word_1_105' title='bbox 605 1099 860 1149; x_wconf 91' lang='lat' dir='ltr'>centurioni,</span> <span class='ocrx_word' id='word_1_106' title='bbox 893 1106 938 1142; x_wconf 93' lang='lat' dir='ltr'>ut</span> <span class='ocrx_word' id='word_1_107' title='bbox 967 1112 1060 1142; x_wconf 89' lang='lat' dir='ltr'>mos</span> <span class='ocrx_word' id='word_1_108' title='bbox 1090 1098 1282 1149; x_wconf 89' lang='lat' dir='ltr'>militiae,</span> <span class='ocrx_word' id='word_1_109' title='bbox 1314 1099 1468 1142; x_wconf 87' lang='lat' dir='ltr'>factum</span> <span class='ocrx_word' id='word_1_110' title='bbox 1500 1111 1597 1141; x_wconf 90' lang='lat' dir='ltr'>esse</span> <span class='ocrx_word' id='word_1_111' title='bbox 1617 1095 1734 1155; x_wconf 92' lang='lat' dir='ltr'>quod</span> <span class='ocrx_word' id='word_1_112' title='bbox 1755 1096 1962 1153; x_wconf 87' lang='lat' dir='ltr'>imperas-</span> 
     </span>
     <span class='ocr_line' id='line_1_13' title="bbox 185 1172 1962 1234; baseline -0.005 -13"><span class='ocrx_word' id='word_1_113' title='bbox 185 1183 267 1227; x_wconf 91' lang='lat' dir='ltr'>set,</span> <span class='ocrx_word' id='word_1_114' title='bbox 307 1190 449 1234; x_wconf 89' lang='lat' dir='ltr'>neque</span> <span class='ocrx_word' id='word_1_115' title='bbox 488 1176 725 1232; x_wconf 90' lang='lat' dir='ltr'>imperasse</span> <span class='ocrx_word' id='word_1_116' title='bbox 765 1189 862 1218; x_wconf 92' lang='lat' dir='ltr'>sese</span> <span class='ocrx_word' id='word_1_117' title='bbox 893 1181 934 1218; x_wconf 89' lang='lat' dir='ltr'>et</span> <span class='ocrx_word' id='word_1_118' title='bbox 963 1174 1169 1217; x_wconf 88' lang='lat' dir='ltr'>rationem</span> <span class='ocrx_word' id='word_1_119' title='bbox 1199 1174 1294 1217; x_wconf 83' lang='lat' dir='ltr'>facti</span> <span class='ocrx_word' id='word_1_120' title='bbox 1325 1172 1590 1217; x_wconf 86' lang='lat' dir='ltr'>reddendam</span> <span class='ocrx_word' id='word_1_121' title='bbox 1629 1178 1731 1230; x_wconf 90' lang='lat' dir='ltr'>aput</span> <span class='ocrx_word' id='word_1_122' title='bbox 1767 1177 1962 1215; x_wconf 91' lang='lat' dir='ltr'>senatum</span> 
     </span>
     <span class='ocr_line' id='line_1_14' title="bbox 185 1246 1961 1310; baseline -0.004 -14"><span class='ocrx_word' id='word_1_123' title='bbox 185 1251 416 1310; x_wconf 89' lang='lat' dir='ltr'>respondit.</span> <span class='ocrx_word' id='word_1_124' title='bbox 466 1250 583 1308; x_wconf 92' lang='lat' dir='ltr'>quod</span> <span class='ocrx_word' id='word_1_125' title='bbox 612 1258 838 1308; x_wconf 87' lang='lat' dir='ltr'>postquam</span> <span class='ocrx_word' id='word_1_126' title='bbox 869 1248 1091 1292; x_wconf 85' lang='lat' dir='ltr'>Sallustius</span> <span class='ocrx_word' id='word_1_127' title='bbox 1114 1250 1287 1306; x_wconf 84' lang='lat' dir='ltr'>Crispus</span> <span class='ocrx_word' id='word_1_128' title='bbox 1307 1249 1520 1306; x_wconf 89' lang='lat' dir='ltr'>particeps</span> <span class='ocrx_word' id='word_1_129' title='bbox 1542 1254 1806 1292; x_wconf 90' lang='lat' dir='ltr'>secretorum</span> <span class='ocrx_word' id='word_1_130' title='bbox 1837 1246 1886 1302; x_wconf 93' lang='lat' dir='ltr'>(is</span> <span class='ocrx_word' id='word_1_131' title='bbox 1907 1246 1961 1289; x_wconf 92' lang='lat' dir='ltr'>ad</span> 
     </span>
     <span class='ocr_line' id='line_1_15' title="bbox 185 1321 1963 1382; baseline -0.003 -12"><span class='ocrx_word' id='word_1_132' title='bbox 185 1328 399 1371; x_wconf 91' lang='lat' dir='ltr'>tribunum</span> <span class='ocrx_word' id='word_1_133' title='bbox 418 1325 592 1369; x_wconf 89' lang='lat' dir='ltr'>miserat</span> <span class='ocrx_word' id='word_1_134' title='bbox 611 1324 839 1380; x_wconf 88' lang='lat' dir='ltr'>codicillos)</span> <span class='ocrx_word' id='word_1_135' title='bbox 871 1324 1095 1382; x_wconf 91' lang='lat' dir='ltr'>comperit,</span> <span class='ocrx_word' id='word_1_136' title='bbox 1129 1331 1320 1367; x_wconf 82' lang='lat' dir='ltr'>metuens</span> <span class='ocrx_word' id='word_1_137' title='bbox 1340 1338 1393 1367; x_wconf 90' lang='lat' dir='ltr'>ne</span> <span class='ocrx_word' id='word_1_138' title='bbox 1414 1337 1515 1367; x_wconf 89' lang='lat' dir='ltr'>reus</span> <span class='ocrx_word' id='word_1_139' title='bbox 1541 1322 1814 1372; x_wconf 89' lang='lat' dir='ltr'>subderetur,</span> <span class='ocrx_word' id='word_1_140' title='bbox 1847 1321 1963 1364; x_wconf 87' lang='lat' dir='ltr'>iuxta</span> 
     </span>
     <span class='ocr_line' id='line_1_16' title="bbox 185 1397 2011 1460; baseline -0.004 -14"><span class='ocrx_word' id='word_1_141' title='bbox 185 1401 426 1460; x_wconf 91' lang='lat' dir='ltr'>periculoso</span> <span class='ocrx_word' id='word_1_142' title='bbox 456 1400 553 1444; x_wconf 90' lang='lat' dir='ltr'>ficta</span> <span class='ocrx_word' id='word_1_143' title='bbox 582 1414 659 1443; x_wconf 89' lang='lat' dir='ltr'>seu</span> <span class='ocrx_word' id='word_1_144' title='bbox 691 1414 793 1443; x_wconf 88' lang='lat' dir='ltr'>vera</span> <span class='ocrx_word' id='word_1_145' title='bbox 813 1406 1044 1457; x_wconf 89' lang='lat' dir='ltr'>promeret,</span> <span class='ocrx_word' id='word_1_146' title='bbox 1077 1400 1240 1443; x_wconf 89' lang='lat' dir='ltr'>monuit</span> <span class='ocrx_word' id='word_1_147' title='bbox 1259 1399 1419 1442; x_wconf 91' lang='lat' dir='ltr'>Liviam</span> <span class='ocrx_word' id='word_1_148' title='bbox 1448 1412 1502 1442; x_wconf 91' lang='lat' dir='ltr'>ne</span> <span class='ocrx_word' id='word_1_149' title='bbox 1528 1412 1684 1442; x_wconf 88' lang='lat' dir='ltr'>arcana</span> <span class='ocrx_word' id='word_1_150' title='bbox 1703 1397 1875 1449; x_wconf 89' lang='lat' dir='ltr'>domus,</span> <span class='ocrx_word' id='word_1_151' title='bbox 1907 1408 2011 1440; x_wconf 79' lang='lat' dir='ltr'>ne⁴5</span> 
     </span>
     <span class='ocr_line' id='line_1_17' title="bbox 187 1471 1961 1531; baseline -0.004 -10"><span class='ocrx_word' id='word_1_152' title='bbox 187 1477 362 1522; x_wconf 90' lang='lat' dir='ltr'>consilia</span> <span class='ocrx_word' id='word_1_153' title='bbox 397 1476 651 1526; x_wconf 89' lang='lat' dir='ltr'>amicorum,</span> <span class='ocrx_word' id='word_1_154' title='bbox 695 1475 927 1518; x_wconf 87' lang='lat' dir='ltr'>ministeria</span> <span class='ocrx_word' id='word_1_155' title='bbox 963 1474 1140 1518; x_wconf 89' lang='lat' dir='ltr'>militum</span> <span class='ocrx_word' id='word_1_156' title='bbox 1176 1473 1466 1531; x_wconf 84' lang='lat' dir='ltr'>vulgarentur,</span> <span class='ocrx_word' id='word_1_157' title='bbox 1505 1487 1614 1517; x_wconf 89' lang='lat' dir='ltr'>neve</span> <span class='ocrx_word' id='word_1_158' title='bbox 1648 1472 1842 1516; x_wconf 87' lang='lat' dir='ltr'>Tiberius</span> <span class='ocrx_word' id='word_1_159' title='bbox 1876 1471 1961 1515; x_wconf 90' lang='lat' dir='ltr'>vim</span> 
     </span>
     <span class='ocr_line' id='line_1_18' title="bbox 187 1548 1962 1611; baseline -0.003 -16"><span class='ocrx_word' id='word_1_160' title='bbox 187 1553 446 1611; x_wconf 89' lang='lat' dir='ltr'>principatus</span> <span class='ocrx_word' id='word_1_161' title='bbox 474 1550 709 1594; x_wconf 90' lang='lat' dir='ltr'>resolveret</span> <span class='ocrx_word' id='word_1_162' title='bbox 737 1557 888 1593; x_wconf 89' lang='lat' dir='ltr'>cuncta</span> <span class='ocrx_word' id='word_1_163' title='bbox 907 1550 961 1593; x_wconf 89' lang='lat' dir='ltr'>ad</span> <span class='ocrx_word' id='word_1_164' title='bbox 982 1557 1174 1593; x_wconf 86' lang='lat' dir='ltr'>senatum</span> <span class='ocrx_word' id='word_1_165' title='bbox 1197 1550 1410 1593; x_wconf 90' lang='lat' dir='ltr'>vocando:</span> <span class='ocrx_word' id='word_1_166' title='bbox 1443 1563 1537 1593; x_wconf 91' lang='lat' dir='ltr'>eam</span> <span class='ocrx_word' id='word_1_167' title='bbox 1559 1548 1844 1593; x_wconf 88' lang='lat' dir='ltr'>conditionem</span> <span class='ocrx_word' id='word_1_168' title='bbox 1864 1560 1962 1591; x_wconf 92' lang='lat' dir='ltr'>esse</span> 
     </span>
     <span class='ocr_line' id='line_1_19' title="bbox 188 1624 1963 1686; baseline -0.002 -16"><span class='ocrx_word' id='word_1_169' title='bbox 188 1626 425 1686; x_wconf 90' lang='lat' dir='ltr'>imperandi</span> <span class='ocrx_word' id='word_1_170' title='bbox 455 1633 501 1669; x_wconf 91' lang='lat' dir='ltr'>ut</span> <span class='ocrx_word' id='word_1_171' title='bbox 529 1639 614 1669; x_wconf 90' lang='lat' dir='ltr'>non</span> <span class='ocrx_word' id='word_1_172' title='bbox 643 1625 764 1668; x_wconf 89' lang='lat' dir='ltr'>aliter</span> <span class='ocrx_word' id='word_1_173' title='bbox 794 1625 900 1669; x_wconf 88' lang='lat' dir='ltr'>ratio</span> <span class='ocrx_word' id='word_1_174' title='bbox 921 1632 1084 1669; x_wconf 91' lang='lat' dir='ltr'>constet</span> <span class='ocrx_word' id='word_1_175' title='bbox 1103 1639 1231 1683; x_wconf 91' lang='lat' dir='ltr'>quam</span> <span class='ocrx_word' id='word_1_176' title='bbox 1253 1625 1288 1668; x_wconf 91' lang='lat' dir='ltr'>si</span> <span class='ocrx_word' id='word_1_177' title='bbox 1309 1625 1380 1667; x_wconf 90' lang='lat' dir='ltr'>uni</span> <span class='ocrx_word' id='word_1_178' title='bbox 1402 1624 1617 1668; x_wconf 89' lang='lat' dir='ltr'>reddatur.</span> <span class='ocrx_word' id='word_1_179' title='bbox 1667 1624 1720 1680; x_wconf 90' lang='lat'>(7)</span> <span class='ocrx_word' id='word_1_180' title='bbox 1743 1630 1784 1667; x_wconf 91' lang='lat' dir='ltr'>at</span> <span class='ocrx_word' id='word_1_181' title='bbox 1803 1625 1963 1667; x_wconf 85' lang='lat' dir='ltr'>Romae</span> 
     </span>
     <span class='ocr_line' id='line_1_20' title="bbox 188 1698 1962 1758; baseline -0.002 -13"><span class='ocrx_word' id='word_1_182' title='bbox 188 1716 314 1746; x_wconf 89' lang='lat' dir='ltr'>ruere</span> <span class='ocrx_word' id='word_1_183' title='bbox 348 1701 391 1744; x_wconf 92' lang='lat' dir='ltr'>in</span> <span class='ocrx_word' id='word_1_184' title='bbox 426 1701 643 1745; x_wconf 89' lang='lat' dir='ltr'>servitium</span> <span class='ocrx_word' id='word_1_185' title='bbox 669 1699 868 1744; x_wconf 89' lang='lat' dir='ltr'>consules</span> <span class='ocrx_word' id='word_1_186' title='bbox 898 1707 1039 1758; x_wconf 89' lang='lat' dir='ltr'>patres</span> <span class='ocrx_word' id='word_1_187' title='bbox 1072 1714 1220 1758; x_wconf 88' lang='lat' dir='ltr'>eques.</span> <span class='ocrx_word' id='word_1_188' title='bbox 1272 1707 1429 1758; x_wconf 88' lang='lat' dir='ltr'>quanto</span> <span class='ocrx_word' id='word_1_189' title='bbox 1457 1699 1553 1758; x_wconf 90' lang='lat' dir='ltr'>quis</span> <span class='ocrx_word' id='word_1_190' title='bbox 1583 1698 1816 1749; x_wconf 89' lang='lat' dir='ltr'>inlustrior,</span> <span class='ocrx_word' id='word_1_191' title='bbox 1847 1703 1962 1742; x_wconf 89' lang='lat' dir='ltr'>tanto</span> 
     </span>
    </p>
   </div>
   <div class='ocr_carea' id='block_1_3' title="bbox 188 1845 1965 2114">
    <p class='ocr_par' dir='ltr' id='par_1_3' title="bbox 188 1845 1965 2114">
     <span class='ocr_line' id='line_1_21' title="bbox 253 1845 1963 1891; baseline -0.001 -11"><span class='ocrx_word' id='word_1_192' title='bbox 253 1848 284 1880; x_wconf 95' lang='grc'>4.</span> <span class='ocrx_word' id='word_1_193' title='bbox 305 1847 447 1888; x_wconf 81' lang='lat' dir='ltr'>facimus</span> <span class='ocrx_word' id='word_1_194' title='bbox 468 1855 522 1889; x_wconf 92' lang='lat' dir='ltr'>pr.</span> <span class='ocrx_word' id='word_1_195' title='bbox 546 1847 591 1880; x_wconf 86' lang='lat' dir='ltr'>M.</span> <span class='ocrx_word' id='word_1_196' title='bbox 618 1846 669 1879; x_wconf 87' lang='lat' dir='ltr'>Cf.</span> <span class='ocrx_word' id='word_1_197' title='bbox 695 1846 740 1879; x_wconf 85' lang='lat' dir='ltr'>ad</span> <span class='ocrx_word' id='word_1_198' title='bbox 762 1855 797 1888; x_wconf 88' lang='lat' dir='ltr'>p.</span> <span class='ocrx_word' id='word_1_199' title='bbox 824 1847 877 1886; x_wconf 89' lang='grc'>44,</span> <span class='ocrx_word' id='word_1_200' title='bbox 902 1847 935 1879; x_wconf 91' lang='grc'>8.</span> <span class='ocrx_word' id='word_1_201' title='bbox 962 1863 998 1870; x_wconf 93' lang='grc'><strong>-</strong></span> <span class='ocrx_word' id='word_1_202' title='bbox 1023 1847 1132 1879; x_wconf 87' lang='lat' dir='ltr'>caedis</span> <span class='ocrx_word' id='word_1_203' title='bbox 1152 1847 1186 1880; x_wconf 91' lang='lat' dir='ltr'>M</span> <span class='ocrx_word' id='word_1_204' title='bbox 1209 1847 1310 1888; x_wconf 85' lang='lat' dir='ltr'>(cedes</span> <span class='ocrx_word' id='word_1_205' title='bbox 1334 1845 1469 1887; x_wconf 86' lang='lat' dir='ltr'>margo)</span> <span class='ocrx_word' id='word_1_206' title='bbox 1496 1863 1531 1868; x_wconf 85' lang='lat'>-—</span> <span class='ocrx_word' id='word_1_207' title='bbox 1556 1846 1588 1878; x_wconf 74' lang='lat'>2.</span> <span class='ocrx_word' id='word_1_208' title='bbox 1618 1853 1682 1891; x_wconf 67' lang='lat' dir='ltr'>que</span> <span class='ocrx_word' id='word_1_209' title='bbox 1693 1845 1886 1886; x_wconf 73' lang='lat' dir='ltr'>miqnarum</span> <span class='ocrx_word' id='word_1_210' title='bbox 1907 1853 1963 1887; x_wconf 92' lang='lat' dir='ltr'>pr.</span> 
     </span>
     <span class='ocr_line' id='line_1_22' title="bbox 188 1901 1965 1945; baseline -0.002 -9"><span class='ocrx_word' id='word_1_211' title='bbox 188 1903 221 1936; x_wconf 85' lang='lat' dir='ltr'>M</span> <span class='ocrx_word' id='word_1_212' title='bbox 245 1920 283 1926; x_wconf 95' lang='lat'>—</span> <span class='ocrx_word' id='word_1_213' title='bbox 313 1902 345 1935; x_wconf 89' lang='grc'>3.</span> <span class='ocrx_word' id='word_1_214' title='bbox 371 1912 411 1935; x_wconf 82' lang='lat' dir='ltr'>ea</span> <span class='ocrx_word' id='word_1_215' title='bbox 431 1902 484 1944; x_wconf 84' lang='lat' dir='ltr'>re]</span> <span class='ocrx_word' id='word_1_216' title='bbox 517 1911 595 1935; x_wconf 90' lang='lat' dir='ltr'>aere</span> <span class='ocrx_word' id='word_1_217' title='bbox 615 1903 648 1935; x_wconf 90' lang='lat' dir='ltr'>M</span> <span class='ocrx_word' id='word_1_218' title='bbox 670 1903 725 1943; x_wconf 87' lang='lat' dir='ltr'>(ea</span> <span class='ocrx_word' id='word_1_219' title='bbox 746 1912 783 1934; x_wconf 86' lang='lat' dir='ltr'>re</span> <span class='ocrx_word' id='word_1_220' title='bbox 805 1905 940 1944; x_wconf 85' lang='lat' dir='ltr'>margo)</span> <span class='ocrx_word' id='word_1_221' title='bbox 964 1919 1000 1925; x_wconf 95' lang='lat'><strong>—</strong></span> <span class='ocrx_word' id='word_1_222' title='bbox 1036 1904 1068 1935; x_wconf 81' lang='lat'>5.</span> <span class='ocrx_word' id='word_1_223' title='bbox 1093 1903 1238 1945; x_wconf 77' lang='lat' dir='ltr'>aqrippa</span> <span class='ocrx_word' id='word_1_224' title='bbox 1259 1904 1292 1936; x_wconf 90' lang='lat' dir='ltr'>M</span> <span class='ocrx_word' id='word_1_225' title='bbox 1316 1902 1437 1944; x_wconf 86' lang='lat' dir='ltr'>(littera</span> <span class='ocrx_word' id='word_1_226' title='bbox 1462 1912 1496 1934; x_wconf 89' lang='lat' dir='ltr'>m</span> <span class='ocrx_word' id='word_1_227' title='bbox 1518 1912 1538 1934; x_wconf 90' lang='lat' dir='ltr'>a</span> <span class='ocrx_word' id='word_1_228' title='bbox 1562 1904 1764 1935; x_wconf 88' lang='lat' dir='ltr'>correctore</span> <span class='ocrx_word' id='word_1_229' title='bbox 1787 1901 1906 1934; x_wconf 85' lang='lat' dir='ltr'>addita</span> <span class='ocrx_word' id='word_1_230' title='bbox 1928 1901 1965 1934; x_wconf 90' lang='lat' dir='ltr'>in</span> 
     </span>
     <span class='ocr_line' id='line_1_23' title="bbox 189 1957 1964 2000; baseline -0.001 -9"><span class='ocrx_word' id='word_1_231' title='bbox 189 1959 357 1999; x_wconf 85' lang='lat' dir='ltr'>margine)</span> <span class='ocrx_word' id='word_1_232' title='bbox 376 1976 411 1981; x_wconf 91' lang='lat'>—</span> <span class='ocrx_word' id='word_1_233' title='bbox 438 1959 710 2000; x_wconf 80' lang='lat' dir='ltr'>quandocumque</span> <span class='ocrx_word' id='word_1_234' title='bbox 726 1967 845 2000; x_wconf 84' lang='lat' dir='ltr'>margo</span> <span class='ocrx_word' id='word_1_235' title='bbox 863 1960 896 1992; x_wconf 88' lang='lat' dir='ltr'>M</span> <span class='ocrx_word' id='word_1_236' title='bbox 913 1976 950 1981; x_wconf 88' lang='lat'>—</span> <span class='ocrx_word' id='word_1_237' title='bbox 977 1960 1007 1991; x_wconf 88' lang='lat'>6.</span> <span class='ocrx_word' id='word_1_238' title='bbox 1034 1963 1186 2000; x_wconf 82' lang='lat' dir='ltr'>quaestus</span> <span class='ocrx_word' id='word_1_239' title='bbox 1200 1960 1233 1992; x_wconf 88' lang='lat' dir='ltr'>M</span> <span class='ocrx_word' id='word_1_240' title='bbox 1250 1976 1286 1982; x_wconf 90' lang='lat'>—-</span> <span class='ocrx_word' id='word_1_241' title='bbox 1313 1960 1345 1991; x_wconf 84' lang='lat'>7.</span> <span class='ocrx_word' id='word_1_242' title='bbox 1370 1962 1536 1991; x_wconf 85' lang='lat' dir='ltr'>caeterum</span> <span class='ocrx_word' id='word_1_243' title='bbox 1550 1959 1584 1992; x_wconf 91' lang='lat' dir='ltr'>M</span> <span class='ocrx_word' id='word_1_244' title='bbox 1603 1976 1638 1981; x_wconf 90' lang='lat'>—</span> <span class='ocrx_word' id='word_1_245' title='bbox 1665 1959 1699 1990; x_wconf 93' lang='grc'>44</span> <span class='ocrx_word' id='word_1_246' title='bbox 1711 1983 1718 1990; x_wconf 98' lang='grc'><strong>.</strong></span> <span class='ocrx_word' id='word_1_247' title='bbox 1742 1957 1915 1990; x_wconf 86' lang='lat' dir='ltr'>nuncianti</span> <span class='ocrx_word' id='word_1_248' title='bbox 1930 1957 1964 1990; x_wconf 88' lang='lat' dir='ltr'>M</span> 
     </span>
     <span class='ocr_line' id='line_1_24' title="bbox 191 2014 1965 2058; baseline -0.001 -11"><span class='ocrx_word' id='word_1_249' title='bbox 191 2033 227 2038; x_wconf 96' lang='lat'>—</span> <span class='ocrx_word' id='word_1_250' title='bbox 251 2018 288 2047; x_wconf 86' lang='lat' dir='ltr'>nt</span> <span class='ocrx_word' id='word_1_251' title='bbox 308 2015 395 2057; x_wconf 88' lang='lat' dir='ltr'>mos]</span> <span class='ocrx_word' id='word_1_252' title='bbox 418 2019 513 2048; x_wconf 82' lang='lat' dir='ltr'>utnos</span> <span class='ocrx_word' id='word_1_253' title='bbox 535 2016 569 2049; x_wconf 88' lang='lat' dir='ltr'>M</span> <span class='ocrx_word' id='word_1_254' title='bbox 591 2014 673 2057; x_wconf 84' lang='lat' dir='ltr'>(mos</span> <span class='ocrx_word' id='word_1_255' title='bbox 694 2016 730 2047; x_wconf 88' lang='lat' dir='ltr'>in</span> <span class='ocrx_word' id='word_1_256' title='bbox 754 2017 880 2056; x_wconf 86' lang='lat' dir='ltr'>marg.)</span> <span class='ocrx_word' id='word_1_257' title='bbox 906 2032 940 2037; x_wconf 91' lang='lat'>—</span> <span class='ocrx_word' id='word_1_258' title='bbox 969 2016 1021 2048; x_wconf 84' lang='grc'>45.</span> <span class='ocrx_word' id='word_1_259' title='bbox 1046 2024 1102 2047; x_wconf 89' lang='lat' dir='ltr'>seu</span> <span class='ocrx_word' id='word_1_260' title='bbox 1123 2016 1221 2058; x_wconf 90' lang='lat' dir='ltr'>vera]</span> <span class='ocrx_word' id='word_1_261' title='bbox 1251 2024 1368 2048; x_wconf 85' lang='lat' dir='ltr'>seuera</span> <span class='ocrx_word' id='word_1_262' title='bbox 1390 2024 1443 2057; x_wconf 90' lang='lat' dir='ltr'>pr.</span> <span class='ocrx_word' id='word_1_263' title='bbox 1469 2015 1501 2048; x_wconf 90' lang='lat' dir='ltr'>M</span> <span class='ocrx_word' id='word_1_264' title='bbox 1525 2014 1673 2057; x_wconf 87' lang='lat' dir='ltr'>(litterae</span> <span class='ocrx_word' id='word_1_265' title='bbox 1695 2023 1720 2046; x_wconf 88' lang='lat' dir='ltr'>u</span> <span class='ocrx_word' id='word_1_266' title='bbox 1741 2022 1919 2056; x_wconf 89' lang='lat' dir='ltr'>superscr.</span> <span class='ocrx_word' id='word_1_267' title='bbox 1943 2022 1965 2046; x_wconf 89' lang='lat' dir='ltr'>a</span> 
     </span>
     <span class='ocr_line' id='line_1_25' title="bbox 189 2070 1174 2114; baseline 0 -10"><span class='ocrx_word' id='word_1_268' title='bbox 189 2080 260 2104; x_wconf 85' lang='lat' dir='ltr'>sec.</span> <span class='ocrx_word' id='word_1_269' title='bbox 285 2080 334 2104; x_wconf 92' lang='lat' dir='ltr'>m.</span> <span class='ocrx_word' id='word_1_270' title='bbox 358 2071 395 2113; x_wconf 85' lang='lat' dir='ltr'>v)</span> <span class='ocrx_word' id='word_1_271' title='bbox 421 2089 456 2095; x_wconf 96' lang='lat'><strong>—</strong></span> <span class='ocrx_word' id='word_1_272' title='bbox 484 2072 536 2104; x_wconf 93' lang='grc'>48.</span> <span class='ocrx_word' id='word_1_273' title='bbox 560 2072 744 2104; x_wconf 86' lang='lat' dir='ltr'>reddantur</span> <span class='ocrx_word' id='word_1_274' title='bbox 766 2070 800 2113; x_wconf 88' lang='lat' dir='ltr'>(n</span> <span class='ocrx_word' id='word_1_275' title='bbox 823 2072 952 2113; x_wconf 88' lang='lat' dir='ltr'>puncto</span> <span class='ocrx_word' id='word_1_276' title='bbox 976 2070 1106 2114; x_wconf 87' lang='lat' dir='ltr'>notata)</span> <span class='ocrx_word' id='word_1_277' title='bbox 1130 2072 1174 2104; x_wconf 89' lang='lat' dir='ltr'>M.</span> 
     </span>
    </p>
   </div>
   <div class='ocr_carea' id='block_1_4' title="bbox 189 2169 1052 2270">
    <p class='ocr_par' dir='ltr' id='par_1_4' title="bbox 189 2169 1052 2270">
     <span class='ocr_line' id='line_1_26' title="bbox 189 2169 1052 2223; baseline -0.003 -13"><span class='ocrx_word' id='word_1_278' title='bbox 189 2173 430 2220; x_wconf 80' lang='grc' dir='ltr'>Αὐγούστου,</span> <span class='ocrx_word' id='word_1_279' title='bbox 467 2174 507 2209; x_wconf 82' lang='grc' dir='ltr'>ἐν</span> <span class='ocrx_word' id='word_1_280' title='bbox 529 2169 555 2223; x_wconf 84' lang='grc' dir='ltr'><em>ᾗ</em></span> <span class='ocrx_word' id='word_1_281' title='bbox 579 2176 670 2209; x_wconf 82' lang='grc' dir='ltr'>ποτὲ</span> <span class='ocrx_word' id='word_1_282' title='bbox 698 2173 742 2209; x_wconf 89' lang='grc' dir='ltr'>τὸ</span> <span class='ocrx_word' id='word_1_283' title='bbox 774 2173 922 2222; x_wconf 77' lang='grc' dir='ltr'><em>πρῶτον</em></span> <span class='ocrx_word' id='word_1_284' title='bbox 954 2172 1052 2208; x_wconf 83' lang='grc' dir='ltr'><em>ὑπά-</em></span> 
     </span>
     <span class='ocr_line' id='line_1_27' title="bbox 190 2224 1052 2270; baseline -0.001 -11"><span class='ocrx_word' id='word_1_285' title='bbox 190 2236 319 2266; x_wconf 82' lang='grc' dir='ltr'><em>τευσε,</em></span> <span class='ocrx_word' id='word_1_286' title='bbox 350 2225 576 2269; x_wconf 74' lang='grc' dir='ltr'><em>μετήλλαξε,</em></span> <span class='ocrx_word' id='word_1_287' title='bbox 609 2224 726 2269; x_wconf 84' lang='grc' dir='ltr'><em>ζήσας</em></span> <span class='ocrx_word' id='word_1_288' title='bbox 756 2227 827 2270; x_wconf 80' lang='grc' dir='ltr'>μὲν</span> <span class='ocrx_word' id='word_1_289' title='bbox 857 2227 966 2259; x_wconf 78' lang='grc' dir='ltr'><em>πέντε</em></span> <span class='ocrx_word' id='word_1_290' title='bbox 987 2227 1052 2258; x_wconf 77' lang='grc' dir='ltr'>καὶ</span> 
     </span>
    </p>
   </div>
   <div class='ocr_carea' id='block_1_5' title="bbox 1101 2175 1967 2269">
    <p class='ocr_par' dir='ltr' id='par_1_5' title="bbox 1101 2175 1967 2269">
     <span class='ocr_line' id='line_1_28' title="bbox 1101 2175 1967 2219; baseline 0 -10"><span class='ocrx_word' id='word_1_291' title='bbox 1101 2181 1255 2219; x_wconf 78' lang='lat' dir='ltr'>qustusne</span> <span class='ocrx_word' id='word_1_292' title='bbox 1283 2177 1426 2210; x_wconf 86' lang='lat' dir='ltr'>moriens</span> <span class='ocrx_word' id='word_1_293' title='bbox 1454 2177 1636 2219; x_wconf 73' lang='lat' dir='ltr'>reliquisset</span> <span class='ocrx_word' id='word_1_294' title='bbox 1665 2186 1712 2209; x_wconf 88' lang='lat' dir='ltr'>an</span> <span class='ocrx_word' id='word_1_295' title='bbox 1743 2176 1875 2209; x_wconf 88' lang='lat' dir='ltr'>nomine</span> <span class='ocrx_word' id='word_1_296' title='bbox 1896 2175 1967 2209; x_wconf 78' lang='lat' dir='ltr'>Au-</span> 
     </span>
     <span class='ocr_line' id='line_1_29' title="bbox 1102 2227 1965 2269; baseline -0.001 -10"><span class='ocrx_word' id='word_1_297' title='bbox 1102 2228 1188 2269; x_wconf 77' lang='lat' dir='ltr'>qusti</span> <span class='ocrx_word' id='word_1_298' title='bbox 1209 2228 1307 2260; x_wconf 86' lang='lat' dir='ltr'>Livia</span> <span class='ocrx_word' id='word_1_299' title='bbox 1329 2232 1358 2259; x_wconf 86' lang='lat' dir='ltr'>et</span> <span class='ocrx_word' id='word_1_300' title='bbox 1381 2237 1439 2267; x_wconf 89' lang='lat' dir='ltr'>ea,</span> <span class='ocrx_word' id='word_1_301' title='bbox 1465 2228 1592 2260; x_wconf 87' lang='lat' dir='ltr'>conscio</span> <span class='ocrx_word' id='word_1_302' title='bbox 1616 2227 1742 2259; x_wconf 86' lang='lat' dir='ltr'>Tiberio</span> <span class='ocrx_word' id='word_1_303' title='bbox 1764 2236 1810 2259; x_wconf 88' lang='lat' dir='ltr'>an</span> <span class='ocrx_word' id='word_1_304' title='bbox 1831 2227 1965 2268; x_wconf 76' lang='lat' dir='ltr'>iqnaro,</span> 
     </span>
    </p>
   </div>
   <div class='ocr_carea' id='block_1_6' title="bbox 190 2273 1060 3414">
    <p class='ocr_par' dir='ltr' id='par_1_6' title="bbox 190 2273 1057 3022">
     <span class='ocr_line' id='line_1_30' title="bbox 190 2273 1054 2334; baseline -0.002 -24"><span class='ocrx_word' id='word_1_305' title='bbox 190 2274 458 2319; x_wconf 82' lang='grc' dir='ltr'>ἑβδομήκοντα</span> <span class='ocrx_word' id='word_1_306' title='bbox 495 2273 561 2320; x_wconf 68' lang='grc' dir='ltr'>ἔτη</span> <span class='ocrx_word' id='word_1_307' title='bbox 599 2278 664 2310; x_wconf 82' lang='grc' dir='ltr'>καὶ</span> <span class='ocrx_word' id='word_1_308' title='bbox 700 2276 827 2334; x_wconf 79' lang='grc' dir='ltr'><em>μῆνας</em></span> <span class='ocrx_word' id='word_1_309' title='bbox 863 2275 955 2310; x_wconf 80' lang='grc' dir='ltr'><em>δέκα</em></span> <span class='ocrx_word' id='word_1_310' title='bbox 987 2277 1054 2309; x_wconf 79' lang='grc' dir='ltr'>καὶ</span> 
     </span>
     <span class='ocr_line' id='line_1_31' title="bbox 191 2322 1054 2383; baseline -0.001 -24"><span class='ocrx_word' id='word_1_311' title='bbox 191 2322 336 2373; x_wconf 71' lang='grc' dir='ltr'><em>ἡμέρας</em></span> <span class='ocrx_word' id='word_1_312' title='bbox 360 2323 401 2368; x_wconf 71' lang='grc' dir='ltr'>ἓξ</span> <span class='ocrx_word' id='word_1_313' title='bbox 423 2327 489 2359; x_wconf 83' lang='grc' dir='ltr'>καὶ</span> <span class='ocrx_word' id='word_1_314' title='bbox 512 2326 647 2360; x_wconf 80' lang='grc' dir='ltr'><strong><em>εἴκοσι·</em></strong></span> <span class='ocrx_word' id='word_1_315' title='bbox 683 2326 729 2374; x_wconf 82' lang='grc' dir='ltr'>τῇ</span> <span class='ocrx_word' id='word_1_316' title='bbox 753 2325 827 2383; x_wconf 61' lang='grc' dir='ltr'>γὰρ</span> <span class='ocrx_word' id='word_1_317' title='bbox 851 2328 957 2373; x_wconf 80' lang='grc' dir='ltr'><em>τρίτῃ</em></span> <span class='ocrx_word' id='word_1_318' title='bbox 988 2327 1054 2359; x_wconf 78' lang='grc' dir='ltr'>καὶ</span> 
     </span>
     <span class='ocr_line' id='line_1_32' title="bbox 192 2374 1054 2435; baseline -0.002 -25"><span class='ocrx_word' id='word_1_319' title='bbox 192 2377 347 2422; x_wconf 78' lang='grc' dir='ltr'>εἰκοστῇ</span> <span class='ocrx_word' id='word_1_320' title='bbox 364 2374 432 2410; x_wconf 84' lang='grc' dir='ltr'>τοῦ</span> <span class='ocrx_word' id='word_1_321' title='bbox 447 2376 708 2435; x_wconf 61' lang='grc' dir='ltr'>Σεπτεμβρίου</span> <span class='ocrx_word' id='word_1_322' title='bbox 726 2377 956 2420; x_wconf 74' lang='grc' dir='ltr'>ἑγεγέννητο·</span> <span class='ocrx_word' id='word_1_323' title='bbox 980 2386 1054 2419; x_wconf 88' lang='grc' dir='ltr'>μο-</span> 
     </span>
     <span class='ocr_line' id='line_1_33' title="bbox 191 2422 1053 2473; baseline 0 -14"><span class='ocrx_word' id='word_1_324' title='bbox 191 2425 390 2473; x_wconf 80' lang='grc' dir='ltr'><em>ναρχήσας</em></span> <span class='ocrx_word' id='word_1_325' title='bbox 423 2425 481 2468; x_wconf 81' lang='grc' dir='ltr'>δέ,</span> <span class='ocrx_word' id='word_1_326' title='bbox 521 2423 587 2468; x_wconf 73' lang='grc' dir='ltr'>ἀφ’</span> <span class='ocrx_word' id='word_1_327' title='bbox 624 2427 669 2460; x_wconf 81' lang='grc' dir='ltr'>οὑ</span> <span class='ocrx_word' id='word_1_328' title='bbox 707 2425 802 2473; x_wconf 80' lang='grc' dir='ltr'><strong><em>πρὸς</em></strong></span> <span class='ocrx_word' id='word_1_329' title='bbox 835 2426 885 2470; x_wconf 82' lang='grc' dir='ltr'>τῶ</span> <span class='ocrx_word' id='word_1_330' title='bbox 916 2422 1053 2469; x_wconf 78' lang='grc' dir='ltr'><em>Ἀκτίῳ</em></span> 
     </span>
     <span class='ocr_line' id='line_1_34' title="bbox 192 2472 1052 2533; baseline -0.002 -23"><span class='ocrx_word' id='word_1_331' title='bbox 192 2477 365 2520; x_wconf 75' lang='grc' dir='ltr'>ἐνίκησε,</span> <span class='ocrx_word' id='word_1_332' title='bbox 389 2477 559 2523; x_wconf 79' lang='grc' dir='ltr'><em>τέσσαρα</em></span> <span class='ocrx_word' id='word_1_333' title='bbox 580 2478 645 2509; x_wconf 81' lang='grc' dir='ltr'>καὶ</span> <span class='ocrx_word' id='word_1_334' title='bbox 667 2475 955 2533; x_wconf 77' lang='grc' dir='ltr'><em>τεσσαράκοντα</em></span> <span class='ocrx_word' id='word_1_335' title='bbox 973 2472 1052 2518; x_wconf 65' lang='grc' dir='ltr'>ἔτη,</span> 
     </span>
     <span class='ocr_line' id='line_1_35' title="bbox 191 2523 1056 2584; baseline -0.001 -25"><span class='ocrx_word' id='word_1_336' title='bbox 191 2525 396 2573; x_wconf 81' lang='grc' dir='ltr'><em>δεκατριῶν</em></span> <span class='ocrx_word' id='word_1_337' title='bbox 418 2524 572 2584; x_wconf 78' lang='grc' dir='ltr'><em>ἡμερῶν</em></span> <span class='ocrx_word' id='word_1_338' title='bbox 595 2525 740 2559; x_wconf 74' lang='grc' dir='ltr'>δέοντα.</span> <span class='ocrx_word' id='word_1_339' title='bbox 767 2528 820 2560; x_wconf 90' lang='grc'>34.</span> <span class='ocrx_word' id='word_1_340' title='bbox 846 2523 898 2559; x_wconf 89' lang='grc' dir='ltr'>Οὐ</span> <span class='ocrx_word' id='word_1_341' title='bbox 924 2527 1056 2583; x_wconf 73' lang='grc' dir='ltr'>μέντοι</span> 
     </span>
     <span class='ocr_line' id='line_1_36' title="bbox 192 2571 1055 2619; baseline -0.001 -10"><span class='ocrx_word' id='word_1_342' title='bbox 192 2577 258 2609; x_wconf 77' lang='grc' dir='ltr'>καὶ</span> <span class='ocrx_word' id='word_1_343' title='bbox 280 2572 453 2619; x_wconf 75' lang='grc' dir='ltr'><em>ἐκφανὴς</em></span> <span class='ocrx_word' id='word_1_344' title='bbox 476 2573 591 2617; x_wconf 77' lang='grc' dir='ltr'><em>εὐθὺς</em></span> <span class='ocrx_word' id='word_1_345' title='bbox 614 2573 636 2608; x_wconf 88' lang='grc' dir='ltr'>ὁ</span> <span class='ocrx_word' id='word_1_346' title='bbox 654 2576 823 2617; x_wconf 79' lang='grc' dir='ltr'>θάνατος</span> <span class='ocrx_word' id='word_1_347' title='bbox 838 2571 956 2608; x_wconf 81' lang='grc' dir='ltr'><em>αὐτοῦ</em></span> <span class='ocrx_word' id='word_1_348' title='bbox 974 2577 1055 2619; x_wconf 72' lang='grc' dir='ltr'>ἐγε-</span> 
     </span>
     <span class='ocr_line' id='line_1_37' title="bbox 192 2622 1053 2673; baseline -0.003 -13"><span class='ocrx_word' id='word_1_349' title='bbox 192 2636 290 2660; x_wconf 81' lang='grc' dir='ltr'><em>νετο·</em></span> <span class='ocrx_word' id='word_1_350' title='bbox 327 2623 352 2669; x_wconf 83' lang='grc' dir='ltr'><em>ἡ</em></span> <span class='ocrx_word' id='word_1_351' title='bbox 376 2624 448 2673; x_wconf 80' lang='grc' dir='ltr'>γὰρ</span> <span class='ocrx_word' id='word_1_352' title='bbox 471 2623 626 2666; x_wconf 85' lang='grc' dir='ltr'>Λιουία,</span> <span class='ocrx_word' id='word_1_353' title='bbox 661 2625 885 2669; x_wconf 81' lang='grc' dir='ltr'><em>φοβηθεῖσα</em></span> <span class='ocrx_word' id='word_1_354' title='bbox 906 2622 961 2668; x_wconf 74' lang='grc' dir='ltr'>μὴ</span> <span class='ocrx_word' id='word_1_355' title='bbox 986 2622 1053 2658; x_wconf 86' lang='grc' dir='ltr'>τοῦ</span> 
     </span>
     <span class='ocr_line' id='line_1_38' title="bbox 195 2673 1056 2723; baseline -0.001 -14"><span class='ocrx_word' id='word_1_356' title='bbox 195 2675 370 2723; x_wconf 80' lang='grc' dir='ltr'><strong><em>Τιβερίου</em></strong></span> <span class='ocrx_word' id='word_1_357' title='bbox 401 2676 441 2709; x_wconf 79' lang='grc' dir='ltr'>ἐν</span> <span class='ocrx_word' id='word_1_358' title='bbox 470 2675 516 2722; x_wconf 83' lang='grc' dir='ltr'>τῇ</span> <span class='ocrx_word' id='word_1_359' title='bbox 539 2675 730 2720; x_wconf 80' lang='grc' dir='ltr'><em>Δελματία</em></span> <span class='ocrx_word' id='word_1_360' title='bbox 758 2673 807 2708; x_wconf 74' lang='grc' dir='ltr'>ἔτ’</span> <span class='ocrx_word' id='word_1_361' title='bbox 830 2673 941 2717; x_wconf 80' lang='grc' dir='ltr'><em>ὄντος</em></span> <span class='ocrx_word' id='word_1_362' title='bbox 963 2685 1056 2708; x_wconf 84' lang='grc' dir='ltr'><em>νεω-</em></span> 
     </span>
     <span class='ocr_line' id='line_1_39' title="bbox 193 2718 1055 2772; baseline -0.001 -13"><span class='ocrx_word' id='word_1_363' title='bbox 193 2724 350 2772; x_wconf 78' lang='grc' dir='ltr'>τερισθῇ</span> <span class='ocrx_word' id='word_1_364' title='bbox 369 2735 423 2766; x_wconf 81' lang='grc' dir='ltr'>τι,</span> <span class='ocrx_word' id='word_1_365' title='bbox 448 2727 689 2772; x_wconf 75' lang='grc' dir='ltr'><em>συνέκρυψεν</em></span> <span class='ocrx_word' id='word_1_366' title='bbox 712 2722 830 2759; x_wconf 80' lang='grc' dir='ltr'><em>αὐτὸν</em></span> <span class='ocrx_word' id='word_1_367' title='bbox 852 2736 899 2768; x_wconf 76' lang='grc' dir='ltr'>με·</span> <span class='ocrx_word' id='word_1_368' title='bbox 903 2736 986 2772; x_wconf 75' lang='grc' dir='ltr'><strong><em>χρις</em></strong></span> <span class='ocrx_word' id='word_1_369' title='bbox 1010 2718 1055 2758; x_wconf 83' lang='grc' dir='ltr'>οὗ</span> 
     </span>
     <span class='ocr_line' id='line_1_40' title="bbox 195 2771 1056 2822; baseline -0.003 -12"><span class='ocrx_word' id='word_1_370' title='bbox 195 2775 340 2817; x_wconf 79' lang='grc' dir='ltr'>ἐκεῖνος</span> <span class='ocrx_word' id='word_1_371' title='bbox 362 2772 538 2816; x_wconf 82' lang='grc' dir='ltr'>ἀφίκετο.</span> <span class='ocrx_word' id='word_1_372' title='bbox 574 2773 695 2809; x_wconf 77' lang='grc' dir='ltr'><em>ταῦτα</em></span> <span class='ocrx_word' id='word_1_373' title='bbox 716 2773 788 2822; x_wconf 78' lang='grc' dir='ltr'>γὰρ</span> <span class='ocrx_word' id='word_1_374' title='bbox 805 2771 904 2808; x_wconf 79' lang='grc' dir='ltr'>οὕτω</span> <span class='ocrx_word' id='word_1_375' title='bbox 921 2779 1001 2816; x_wconf 85' lang='grc' dir='ltr'>τοῖς</span> <span class='ocrx_word' id='word_1_376' title='bbox 1017 2785 1056 2807; x_wconf 85' lang='grc' dir='ltr'>τε</span> 
     </span>
     <span class='ocr_line' id='line_1_41' title="bbox 195 2822 1053 2872; baseline -0.002 -13"><span class='ocrx_word' id='word_1_377' title='bbox 195 2825 344 2859; x_wconf 85' lang='grc' dir='ltr'><strong><em>πλείοσι</em></strong></span> <span class='ocrx_word' id='word_1_378' title='bbox 379 2827 444 2859; x_wconf 78' lang='grc' dir='ltr'>καὶ</span> <span class='ocrx_word' id='word_1_379' title='bbox 479 2822 719 2868; x_wconf 74' lang='grc' dir='ltr'>ἀξιοπιστοτε</span> <span class='ocrx_word' id='word_1_380' title='bbox 703 2836 804 2872; x_wconf 79' lang='grc' dir='ltr'><strong><em>-ροις</em></strong></span> <span class='ocrx_word' id='word_1_381' title='bbox 836 2836 875 2869; x_wconf 74' lang='grc' dir='ltr'>γε</span> <span class='ocrx_word' id='word_1_382' title='bbox 879 2835 1053 2871; x_wconf 75' lang='grc' dir='ltr'>γραπται.</span> 
     </span>
     <span class='ocr_line' id='line_1_42' title="bbox 195 2873 1057 2922; baseline -0.001 -14"><span class='ocrx_word' id='word_1_383' title='bbox 195 2877 270 2909; x_wconf 72' lang='grc' dir='ltr'><strong><em>εισι</em></strong></span> <span class='ocrx_word' id='word_1_384' title='bbox 291 2873 366 2921; x_wconf 77' lang='grc' dir='ltr'>γάρ</span> <span class='ocrx_word' id='word_1_385' title='bbox 387 2885 502 2917; x_wconf 83' lang='grc' dir='ltr'>τινες,</span> <span class='ocrx_word' id='word_1_386' title='bbox 538 2876 578 2908; x_wconf 83' lang='grc' dir='ltr'>οἳ</span> <span class='ocrx_word' id='word_1_387' title='bbox 599 2877 663 2908; x_wconf 80' lang='grc' dir='ltr'>καὶ</span> <span class='ocrx_word' id='word_1_388' title='bbox 688 2876 968 2922; x_wconf 75' lang='grc' dir='ltr'><em>παραγενεσθαι</em></span> <span class='ocrx_word' id='word_1_389' title='bbox 990 2873 1057 2907; x_wconf 87' lang='grc' dir='ltr'>τὸν</span> 
     </span>
     <span class='ocr_line' id='line_1_43' title="bbox 196 2922 1057 2972; baseline -0.003 -12"><span class='ocrx_word' id='word_1_390' title='bbox 196 2925 369 2972; x_wconf 76' lang='grc' dir='ltr'>Τιβέριον</span> <span class='ocrx_word' id='word_1_391' title='bbox 391 2924 437 2972; x_wconf 85' lang='grc' dir='ltr'>τῇ</span> <span class='ocrx_word' id='word_1_392' title='bbox 460 2924 564 2969; x_wconf 84' lang='grc' dir='ltr'><em>νόσῳ</em></span> <span class='ocrx_word' id='word_1_393' title='bbox 587 2922 706 2959; x_wconf 79' lang='grc' dir='ltr'><em>αὐτοῦ</em></span> <span class='ocrx_word' id='word_1_394' title='bbox 734 2928 798 2958; x_wconf 73' lang='grc' dir='ltr'>καὶ</span> <span class='ocrx_word' id='word_1_395' title='bbox 827 2923 1057 2968; x_wconf 65' lang='grc' dir='ltr'><strong><em>ἐπισκήψεις</em></strong></span> 
     </span>
     <span class='ocr_line' id='line_1_44' title="bbox 195 2973 893 3022; baseline -0.003 -12"><span class='ocrx_word' id='word_1_396' title='bbox 195 2973 300 3017; x_wconf 84' lang='grc' dir='ltr'><em>τινὰς</em></span> <span class='ocrx_word' id='word_1_397' title='bbox 323 2977 408 3022; x_wconf 80' lang='grc' dir='ltr'><em>παρ’</em></span> <span class='ocrx_word' id='word_1_398' title='bbox 433 2973 552 3008; x_wconf 78' lang='grc' dir='ltr'><em>αὐτοῦ</em></span> <span class='ocrx_word' id='word_1_399' title='bbox 577 2975 707 3016; x_wconf 83' lang='grc' dir='ltr'><em>λαβεῖν</em></span> <span class='ocrx_word' id='word_1_400' title='bbox 730 2973 893 3016; x_wconf 69' lang='grc' dir='ltr'>ἔφασαν.</span> 
     </span>
    </p>

    <p class='ocr_par' dir='ltr' id='par_1_7' title="bbox 196 3025 1060 3414">
     <span class='ocr_line' id='line_1_45' title="bbox 240 3025 1054 3068; baseline -0.005 -8"><span class='ocrx_word' id='word_1_401' title='bbox 240 3028 271 3060; x_wconf 91' lang='grc'><strong>6.</strong></span> <span class='ocrx_word' id='word_1_402' title='bbox 295 3027 444 3058; x_wconf 85' lang='lat' dir='ltr'>Primum</span> <span class='ocrx_word' id='word_1_403' title='bbox 457 3026 587 3067; x_wconf 79' lang='lat' dir='ltr'>facinus</span> <span class='ocrx_word' id='word_1_404' title='bbox 601 3027 683 3068; x_wconf 90' lang='lat' dir='ltr'>cet.]</span> <span class='ocrx_word' id='word_1_405' title='bbox 704 3027 890 3059; x_wconf 87' lang='lat' dir='ltr'>Suetonius</span> <span class='ocrx_word' id='word_1_406' title='bbox 906 3025 980 3058; x_wconf 87' lang='lat' dir='ltr'>Tib.</span> <span class='ocrx_word' id='word_1_407' title='bbox 995 3025 1054 3057; x_wconf 71' lang='lat'>23:</span> 
     </span>
     <span class='ocr_line' id='line_1_46' title="bbox 196 3076 1058 3117; baseline -0.003 -8"><span class='ocrx_word' id='word_1_408' title='bbox 196 3077 376 3109; x_wconf 60' lang='lat' dir='ltr'>Excessum</span> <span class='ocrx_word' id='word_1_409' title='bbox 389 3076 527 3117; x_wconf 65' lang='lat' dir='ltr'>Augusti</span> <span class='ocrx_word' id='word_1_410' title='bbox 547 3085 614 3108; x_wconf 81' lang='lat' dir='ltr'>non</span> <span class='ocrx_word' id='word_1_411' title='bbox 628 3076 725 3116; x_wconf 79' lang='lat' dir='ltr'>prius</span> <span class='ocrx_word' id='word_1_412' title='bbox 737 3076 854 3116; x_wconf 83' lang='lat' dir='ltr'>palam</span> <span class='ocrx_word' id='word_1_413' title='bbox 867 3076 942 3116; x_wconf 84' lang='lat' dir='ltr'>fecit</span> <span class='ocrx_word' id='word_1_414' title='bbox 958 3084 1058 3116; x_wconf 86' lang='lat' dir='ltr'>quam</span> 
     </span>
     <span class='ocr_line' id='line_1_47' title="bbox 196 3125 1060 3168; baseline -0.005 -9"><span class='ocrx_word' id='word_1_415' title='bbox 196 3126 346 3168; x_wconf 75' lang='lat' dir='ltr'>Aqrippa</span> <span class='ocrx_word' id='word_1_416' title='bbox 381 3126 496 3157; x_wconf 86' lang='lat' dir='ltr'>iuvene</span> <span class='ocrx_word' id='word_1_417' title='bbox 531 3125 734 3166; x_wconf 82' lang='lat' dir='ltr'>interempto.</span> <span class='ocrx_word' id='word_1_418' title='bbox 779 3125 873 3157; x_wconf 89' lang='lat' dir='ltr'>Hunc</span> <span class='ocrx_word' id='word_1_419' title='bbox 911 3125 1060 3156; x_wconf 81' lang='lat' dir='ltr'>tribunus</span> 
     </span>
     <span class='ocr_line' id='line_1_48' title="bbox 196 3174 1057 3217; baseline -0.005 -9"><span class='ocrx_word' id='word_1_420' title='bbox 196 3176 338 3208; x_wconf 83' lang='lat' dir='ltr'>militum</span> <span class='ocrx_word' id='word_1_421' title='bbox 367 3175 601 3217; x_wconf 81' lang='lat' dir='ltr'>(centurionem</span> <span class='ocrx_word' id='word_1_422' title='bbox 628 3183 709 3206; x_wconf 91' lang='lat' dir='ltr'>cum</span> <span class='ocrx_word' id='word_1_423' title='bbox 731 3175 846 3206; x_wconf 87' lang='lat' dir='ltr'>Tacito</span> <span class='ocrx_word' id='word_1_424' title='bbox 873 3175 973 3205; x_wconf 85' lang='lat' dir='ltr'>vocat</span> <span class='ocrx_word' id='word_1_425' title='bbox 995 3174 1057 3205; x_wconf 91' lang='lat' dir='ltr'>Dio</span> 
     </span>
     <span class='ocr_line' id='line_1_49' title="bbox 198 3223 1059 3265; baseline -0.005 -7"><span class='ocrx_word' id='word_1_426' title='bbox 198 3226 252 3265; x_wconf 81' lang='lat'>57,</span> <span class='ocrx_word' id='word_1_427' title='bbox 269 3226 308 3262; x_wconf 85' lang='lat'>3;</span> <span class='ocrx_word' id='word_1_428' title='bbox 333 3225 555 3257; x_wconf 79' lang='lat' dir='ltr'>centurionem</span> <span class='ocrx_word' id='word_1_429' title='bbox 571 3233 594 3256; x_wconf 89' lang='lat' dir='ltr'>a</span> <span class='ocrx_word' id='word_1_430' title='bbox 613 3224 741 3256; x_wconf 84' lang='lat' dir='ltr'>tribuno</span> <span class='ocrx_word' id='word_1_431' title='bbox 757 3225 880 3255; x_wconf 79' lang='lat' dir='ltr'>iussum</span> <span class='ocrx_word' id='word_1_432' title='bbox 895 3224 991 3255; x_wconf 84' lang='lat' dir='ltr'>recte</span> <span class='ocrx_word' id='word_1_433' title='bbox 1009 3223 1059 3254; x_wconf 92' lang='lat' dir='ltr'>in-</span> 
     </span>
     <span class='ocr_line' id='line_1_50' title="bbox 197 3273 1059 3314; baseline -0.005 -7"><span class='ocrx_word' id='word_1_434' title='bbox 197 3274 328 3307; x_wconf 85' lang='lat' dir='ltr'>tellexit</span> <span class='ocrx_word' id='word_1_435' title='bbox 349 3274 508 3308; x_wconf 86' lang='lat' dir='ltr'>wolfius.</span> <span class='ocrx_word' id='word_1_436' title='bbox 529 3274 580 3306; x_wconf 83' lang='lat' dir='ltr'>Cf.</span> <span class='ocrx_word' id='word_1_437' title='bbox 601 3283 632 3305; x_wconf 88' lang='lat' dir='ltr'>v.</span> <span class='ocrx_word' id='word_1_438' title='bbox 651 3274 691 3306; x_wconf 87' lang='grc'>43</span> <span class='ocrx_word' id='word_1_439' title='bbox 709 3276 776 3314; x_wconf 86' lang='lat' dir='ltr'>sq.)</span> <span class='ocrx_word' id='word_1_440' title='bbox 801 3277 907 3305; x_wconf 85' lang='lat' dir='ltr'>custos</span> <span class='ocrx_word' id='word_1_441' title='bbox 930 3273 1059 3312; x_wconf 82' lang='lat' dir='ltr'>apposi-</span> 
     </span>
     <span class='ocr_line' id='line_1_51' title="bbox 199 3323 1060 3364; baseline -0.003 -7"><span class='ocrx_word' id='word_1_442' title='bbox 199 3328 250 3357; x_wconf 80' lang='lat' dir='ltr'>tus</span> <span class='ocrx_word' id='word_1_443' title='bbox 271 3325 387 3357; x_wconf 83' lang='lat' dir='ltr'>occidit</span> <span class='ocrx_word' id='word_1_444' title='bbox 409 3325 498 3357; x_wconf 89' lang='lat' dir='ltr'>lectis</span> <span class='ocrx_word' id='word_1_445' title='bbox 513 3324 686 3364; x_wconf 80' lang='lat' dir='ltr'>codicillis,</span> <span class='ocrx_word' id='word_1_446' title='bbox 710 3323 825 3364; x_wconf 85' lang='lat' dir='ltr'>quibus</span> <span class='ocrx_word' id='word_1_447' title='bbox 837 3326 875 3355; x_wconf 83' lang='lat' dir='ltr'>ut</span> <span class='ocrx_word' id='word_1_448' title='bbox 891 3324 923 3355; x_wconf 87' lang='lat' dir='ltr'>id</span> <span class='ocrx_word' id='word_1_449' title='bbox 937 3323 1060 3363; x_wconf 81' lang='lat' dir='ltr'>faceret</span> 
     </span>
     <span class='ocr_line' id='line_1_52' title="bbox 201 3372 1060 3414; baseline -0.002 -8"><span class='ocrx_word' id='word_1_450' title='bbox 201 3373 381 3408; x_wconf 68' lang='lat' dir='ltr'>utebatur:</span> <span class='ocrx_word' id='word_1_451' title='bbox 417 3382 498 3414; x_wconf 86' lang='lat' dir='ltr'>quos</span> <span class='ocrx_word' id='word_1_452' title='bbox 531 3374 694 3407; x_wconf 76' lang='lat' dir='ltr'>codicillos</span> <span class='ocrx_word' id='word_1_453' title='bbox 729 3372 862 3405; x_wconf 85' lang='lat' dir='ltr'>dubium</span> <span class='ocrx_word' id='word_1_454' title='bbox 893 3373 958 3414; x_wconf 84' lang='lat' dir='ltr'>fuit</span> <span class='ocrx_word' id='word_1_455' title='bbox 989 3372 1060 3405; x_wconf 77' lang='lat' dir='ltr'>Au-</span> 
     </span>
    </p>
   </div>
   <div class='ocr_carea' id='block_1_7' title="bbox 1074 2185 1081 2410">
    <p class='ocr_par' dir='ltr' id='par_1_8' title="bbox 1074 2185 1081 2410">
     <span class='ocr_line' id='line_1_53' title="bbox 1074 2185 1081 2410; baseline 0 0"><span class='ocrx_word' id='word_1_456' title='bbox 1074 2185 1081 2410; x_wconf 95' lang='lat' dir='ltr'> </span> 
     </span>
    </p>
   </div>
   <div class='ocr_carea' id='block_1_8' title="bbox 1077 2414 1080 2528">
    <p class='ocr_par' dir='ltr' id='par_1_9' title="bbox 1077 2414 1080 2528">
     <span class='ocr_line' id='line_1_54' title="bbox 1077 2414 1080 2528; baseline 0 0"><span class='ocrx_word' id='word_1_457' title='bbox 1077 2414 1080 2528; x_wconf 95' lang='lat' dir='ltr'> </span> 
     </span>
    </p>
   </div>
   <div class='ocr_carea' id='block_1_9' title="bbox 1077 2529 1081 2672">
    <p class='ocr_par' dir='ltr' id='par_1_10' title="bbox 1077 2529 1081 2672">
     <span class='ocr_line' id='line_1_55' title="bbox 1077 2529 1081 2672; baseline 0 1098"><span class='ocrx_word' id='word_1_458' title='bbox 1077 2529 1081 2672; x_wconf 95' lang='lat' dir='ltr'> </span> 
     </span>
    </p>
   </div>
   <div class='ocr_carea' id='block_1_10' title="bbox 1078 2714 1082 2912">
    <p class='ocr_par' dir='ltr' id='par_1_11' title="bbox 1078 2714 1082 2912">
     <span class='ocr_line' id='line_1_56' title="bbox 1078 2714 1082 2912; baseline 0 858"><span class='ocrx_word' id='word_1_459' title='bbox 1078 2714 1082 2912; x_wconf 95' lang='lat' dir='ltr'> </span> 
     </span>
    </p>
   </div>
   <div class='ocr_carea' id='block_1_11' title="bbox 1103 2277 1970 2669">
    <p class='ocr_par' dir='ltr' id='par_1_12' title="bbox 1103 2277 1970 2669">
     <span class='ocr_line' id='line_1_57' title="bbox 1103 2277 1965 2319; baseline -0.001 -10"><span class='ocrx_word' id='word_1_460' title='bbox 1103 2279 1264 2310; x_wconf 80' lang='lat' dir='ltr'>dictasset.</span> <span class='ocrx_word' id='word_1_461' title='bbox 1291 2295 1326 2301; x_wconf 90' lang='lat'><em>-</em></span> <span class='ocrx_word' id='word_1_462' title='bbox 1354 2278 1560 2319; x_wconf 83' lang='lat' dir='ltr'>quandoque]</span> <span class='ocrx_word' id='word_1_463' title='bbox 1585 2278 1637 2310; x_wconf 84' lang='lat' dir='ltr'>Cf.</span> <span class='ocrx_word' id='word_1_464' title='bbox 1663 2279 1813 2310; x_wconf 89' lang='lat' dir='ltr'>Gronov.</span> <span class='ocrx_word' id='word_1_465' title='bbox 1831 2277 1876 2308; x_wconf 90' lang='lat' dir='ltr'>ad</span> <span class='ocrx_word' id='word_1_466' title='bbox 1893 2278 1965 2309; x_wconf 89' lang='lat' dir='ltr'>Liv.</span> 
     </span>
     <span class='ocr_line' id='line_1_58' title="bbox 1104 2327 1968 2369; baseline -0.002 -9"><span class='ocrx_word' id='word_1_467' title='bbox 1104 2330 1136 2367; x_wconf 93' lang='grc'>4,</span> <span class='ocrx_word' id='word_1_468' title='bbox 1160 2328 1213 2360; x_wconf 69' lang='lat'>24.</span> <span class='ocrx_word' id='word_1_469' title='bbox 1254 2328 1341 2360; x_wconf 88' lang='lat' dir='ltr'>lbid.</span> <span class='ocrx_word' id='word_1_470' title='bbox 1367 2328 1424 2360; x_wconf 92' lang='grc'>34.</span> <span class='ocrx_word' id='word_1_471' title='bbox 1456 2329 1652 2369; x_wconf 83' lang='lat' dir='ltr'>quandoque</span> <span class='ocrx_word' id='word_1_472' title='bbox 1672 2328 1758 2360; x_wconf 81' lang='lat' dir='ltr'>idem</span> <span class='ocrx_word' id='word_1_473' title='bbox 1776 2327 1968 2369; x_wconf 76' lang='lat' dir='ltr'>prodiqium</span> 
     </span>
     <span class='ocr_line' id='line_1_59' title="bbox 1103 2378 1968 2420; baseline 0 -10"><span class='ocrx_word' id='word_1_474' title='bbox 1103 2379 1323 2410; x_wconf 75' lang='lat' dir='ltr'>nuntiaretur.</span> <span class='ocrx_word' id='word_1_475' title='bbox 1349 2396 1392 2402; x_wconf 91' lang='lat'>—-</span> <span class='ocrx_word' id='word_1_476' title='bbox 1406 2381 1537 2410; x_wconf 86' lang='lat' dir='ltr'>senatus</span> <span class='ocrx_word' id='word_1_477' title='bbox 1551 2378 1708 2420; x_wconf 86' lang='lat' dir='ltr'>consulto]</span> <span class='ocrx_word' id='word_1_478' title='bbox 1733 2378 1875 2410; x_wconf 85' lang='lat' dir='ltr'>sueton.</span> <span class='ocrx_word' id='word_1_479' title='bbox 1900 2378 1968 2410; x_wconf 94' lang='lat' dir='ltr'>Oc-</span> 
     </span>
     <span class='ocr_line' id='line_1_60' title="bbox 1105 2427 1970 2467; baseline -0.001 -7"><span class='ocrx_word' id='word_1_480' title='bbox 1105 2430 1172 2460; x_wconf 83' lang='lat' dir='ltr'>tav.</span> <span class='ocrx_word' id='word_1_481' title='bbox 1206 2429 1264 2461; x_wconf 85' lang='lat'>65:</span> <span class='ocrx_word' id='word_1_482' title='bbox 1312 2429 1400 2460; x_wconf 82' lang='lat' dir='ltr'>cavit</span> <span class='ocrx_word' id='word_1_483' title='bbox 1432 2429 1532 2460; x_wconf 82' lang='lat' dir='ltr'>etiam</span> <span class='ocrx_word' id='word_1_484' title='bbox 1564 2431 1696 2460; x_wconf 86' lang='lat' dir='ltr'>senatus</span> <span class='ocrx_word' id='word_1_485' title='bbox 1728 2427 1893 2467; x_wconf 82' lang='lat' dir='ltr'>consulte,</span> <span class='ocrx_word' id='word_1_486' title='bbox 1931 2431 1970 2460; x_wconf 84' lang='lat' dir='ltr'>ut</span> 
     </span>
     <span class='ocr_line' id='line_1_61' title="bbox 1104 2477 1969 2519; baseline -0.001 -9"><span class='ocrx_word' id='word_1_487' title='bbox 1104 2479 1214 2510; x_wconf 87' lang='lat' dir='ltr'>eodem</span> <span class='ocrx_word' id='word_1_488' title='bbox 1235 2479 1298 2510; x_wconf 84' lang='lat' dir='ltr'>loci</span> <span class='ocrx_word' id='word_1_489' title='bbox 1321 2479 1366 2519; x_wconf 90' lang='lat' dir='ltr'>(in</span> <span class='ocrx_word' id='word_1_490' title='bbox 1389 2477 1500 2510; x_wconf 89' lang='lat' dir='ltr'>insula</span> <span class='ocrx_word' id='word_1_491' title='bbox 1524 2477 1691 2517; x_wconf 86' lang='lat' dir='ltr'>Planasia)</span> <span class='ocrx_word' id='word_1_492' title='bbox 1720 2478 1756 2510; x_wconf 88' lang='lat' dir='ltr'>in</span> <span class='ocrx_word' id='word_1_493' title='bbox 1773 2481 1969 2518; x_wconf 80' lang='lat' dir='ltr'>perpetuum</span> 
     </span>
     <span class='ocr_line' id='line_1_62' title="bbox 1105 2527 1967 2569; baseline -0.001 -9"><span class='ocrx_word' id='word_1_494' title='bbox 1105 2529 1336 2560; x_wconf 77' lang='lat' dir='ltr'>contineretur.</span> <span class='ocrx_word' id='word_1_495' title='bbox 1365 2546 1399 2550; x_wconf 98' lang='lat'><strong>—</strong></span> <span class='ocrx_word' id='word_1_496' title='bbox 1426 2529 1460 2560; x_wconf 86' lang='lat' dir='ltr'>in</span> <span class='ocrx_word' id='word_1_497' title='bbox 1482 2529 1603 2560; x_wconf 85' lang='lat' dir='ltr'>nullius</span> <span class='ocrx_word' id='word_1_498' title='bbox 1617 2545 1667 2551; x_wconf 91' lang='lat'>-—</span> <span class='ocrx_word' id='word_1_499' title='bbox 1681 2536 1792 2560; x_wconf 84' lang='lat' dir='ltr'>necem</span> <span class='ocrx_word' id='word_1_500' title='bbox 1822 2527 1967 2569; x_wconf 85' lang='lat' dir='ltr'>duravit]</span> 
     </span>
     <span class='ocr_line' id='line_1_63' title="bbox 1107 2578 1970 2618; baseline -0.001 -8"><span class='ocrx_word' id='word_1_501' title='bbox 1107 2578 1158 2610; x_wconf 82' lang='lat' dir='ltr'>Cf.</span> <span class='ocrx_word' id='word_1_502' title='bbox 1185 2578 1237 2616; x_wconf 87' lang='grc'>44</span> <span class='ocrx_word' id='word_1_503' title='bbox 1267 2580 1303 2609; x_wconf 83' lang='grc'>4;</span> <span class='ocrx_word' id='word_1_504' title='bbox 1339 2579 1487 2610; x_wconf 79' lang='lat' dir='ltr'>credente</span> <span class='ocrx_word' id='word_1_505' title='bbox 1515 2578 1604 2610; x_wconf 86' lang='lat' dir='ltr'>nullo</span> <span class='ocrx_word' id='word_1_506' title='bbox 1632 2586 1735 2618; x_wconf 87' lang='lat' dir='ltr'>usque</span> <span class='ocrx_word' id='word_1_507' title='bbox 1764 2578 1809 2609; x_wconf 91' lang='lat' dir='ltr'>ad</span> <span class='ocrx_word' id='word_1_508' title='bbox 1837 2578 1970 2614; x_wconf 81' lang='lat' dir='ltr'>caedem</span> 
     </span>
     <span class='ocr_line' id='line_1_64' title="bbox 1106 2627 1970 2669; baseline 0 -10"><span class='ocrx_word' id='word_1_509' title='bbox 1106 2629 1174 2660; x_wconf 81' lang='lat' dir='ltr'>eius</span> <span class='ocrx_word' id='word_1_510' title='bbox 1207 2628 1375 2659; x_wconf 88' lang='lat' dir='ltr'>duratura</span> <span class='ocrx_word' id='word_1_511' title='bbox 1404 2628 1466 2669; x_wconf 76' lang='lat' dir='ltr'>filii</span> <span class='ocrx_word' id='word_1_512' title='bbox 1499 2628 1588 2659; x_wconf 85' lang='lat' dir='ltr'>odia</span> <span class='ocrx_word' id='word_1_513' title='bbox 1625 2645 1660 2651; x_wconf 93' lang='lat'>—</span> <span class='ocrx_word' id='word_1_514' title='bbox 1691 2627 1859 2659; x_wconf 77' lang='lat' dir='ltr'>nuntianti</span> <span class='ocrx_word' id='word_1_515' title='bbox 1892 2636 1970 2659; x_wconf 87' lang='lat' dir='ltr'>cen-</span> 
     </span>
    </p>
   </div>
   <div class='ocr_carea' id='block_1_12' title="bbox 1078 2673 1970 2719">
    <p class='ocr_par' dir='ltr' id='par_1_13' title="bbox 1078 2673 1970 2719">
     <span class='ocr_line' id='line_1_65' title="bbox 1078 2673 1970 2719; baseline -0.001 -9"><span class='ocrx_word' id='word_1_516' title='bbox 1078 2673 1081 2711; x_wconf 66' lang='lat'><em>}</em></span> <span class='ocrx_word' id='word_1_517' title='bbox 1106 2678 1229 2709; x_wconf 73' lang='lat' dir='ltr'>curioni</span> <span class='ocrx_word' id='word_1_518' title='bbox 1256 2677 1337 2719; x_wconf 91' lang='lat' dir='ltr'>cet]</span> <span class='ocrx_word' id='word_1_519' title='bbox 1371 2677 1498 2710; x_wconf 84' lang='lat' dir='ltr'>lisdem</span> <span class='ocrx_word' id='word_1_520' title='bbox 1531 2678 1603 2710; x_wconf 86' lang='lat' dir='ltr'>fere</span> <span class='ocrx_word' id='word_1_521' title='bbox 1635 2676 1754 2710; x_wconf 91' lang='lat' dir='ltr'>verbis</span> <span class='ocrx_word' id='word_1_522' title='bbox 1784 2677 1970 2709; x_wconf 87' lang='lat' dir='ltr'>Suetonius</span> 
     </span>
    </p>
   </div>
   <div class='ocr_carea' id='block_1_13' title="bbox 1105 2727 1972 3414">
    <p class='ocr_par' dir='ltr' id='par_1_14' title="bbox 1105 2727 1972 3414">
     <span class='ocr_line' id='line_1_66' title="bbox 1108 2727 1971 2768; baseline -0.002 -8"><span class='ocrx_word' id='word_1_523' title='bbox 1108 2738 1138 2760; x_wconf 88' lang='lat' dir='ltr'>c.</span> <span class='ocrx_word' id='word_1_524' title='bbox 1163 2728 1221 2758; x_wconf 72' lang='lat'>2¹2:</span> <span class='ocrx_word' id='word_1_525' title='bbox 1258 2728 1462 2759; x_wconf 75' lang='lat' dir='ltr'>renuntianti</span> <span class='ocrx_word' id='word_1_526' title='bbox 1484 2727 1618 2760; x_wconf 83' lang='lat' dir='ltr'>tribuno</span> <span class='ocrx_word' id='word_1_527' title='bbox 1638 2727 1766 2768; x_wconf 83' lang='lat' dir='ltr'>factum</span> <span class='ocrx_word' id='word_1_528' title='bbox 1794 2735 1861 2759; x_wconf 86' lang='lat' dir='ltr'>esse</span> <span class='ocrx_word' id='word_1_529' title='bbox 1883 2727 1971 2768; x_wconf 84' lang='lat' dir='ltr'>quod</span> 
     </span>
     <span class='ocr_line' id='line_1_67' title="bbox 1105 2777 1970 2818; baseline 0 -10"><span class='ocrx_word' id='word_1_530' title='bbox 1105 2778 1295 2817; x_wconf 80' lang='lat' dir='ltr'>imperasset</span> <span class='ocrx_word' id='word_1_531' title='bbox 1338 2786 1442 2818; x_wconf 85' lang='lat' dir='ltr'>neque</span> <span class='ocrx_word' id='word_1_532' title='bbox 1482 2778 1660 2817; x_wconf 81' lang='lat' dir='ltr'>imperasse</span> <span class='ocrx_word' id='word_1_533' title='bbox 1695 2779 1726 2809; x_wconf 88' lang='lat' dir='ltr'>et</span> <span class='ocrx_word' id='word_1_534' title='bbox 1761 2777 1970 2809; x_wconf 85' lang='lat' dir='ltr'>redditurum</span> 
     </span>
     <span class='ocr_line' id='line_1_68' title="bbox 1106 2826 1971 2867; baseline -0.002 -8"><span class='ocrx_word' id='word_1_535' title='bbox 1106 2837 1179 2859; x_wconf 86' lang='lat' dir='ltr'>eum</span> <span class='ocrx_word' id='word_1_536' title='bbox 1201 2827 1329 2859; x_wconf 82' lang='lat' dir='ltr'>senatui</span> <span class='ocrx_word' id='word_1_537' title='bbox 1342 2827 1507 2859; x_wconf 76' lang='lat' dir='ltr'>rationem</span> <span class='ocrx_word' id='word_1_538' title='bbox 1521 2827 1705 2867; x_wconf 82' lang='lat' dir='ltr'>respondit,</span> <span class='ocrx_word' id='word_1_539' title='bbox 1729 2826 1893 2859; x_wconf 81' lang='lat' dir='ltr'>invidiam</span> <span class='ocrx_word' id='word_1_540' title='bbox 1910 2826 1971 2857; x_wconf 86' lang='lat' dir='ltr'>sci·</span> 
     </span>
     <span class='ocr_line' id='line_1_69' title="bbox 1107 2875 1969 2916; baseline -0.001 -8"><span class='ocrx_word' id='word_1_541' title='bbox 1107 2877 1178 2908; x_wconf 84' lang='lat' dir='ltr'>licet</span> <span class='ocrx_word' id='word_1_542' title='bbox 1199 2886 1235 2908; x_wconf 77' lang='lat' dir='ltr'>in</span> <span class='ocrx_word' id='word_1_543' title='bbox 1255 2877 1443 2916; x_wconf 83' lang='lat' dir='ltr'>praesentia</span> <span class='ocrx_word' id='word_1_544' title='bbox 1465 2877 1588 2914; x_wconf 82' lang='lat' dir='ltr'>vitans,·</span> <span class='ocrx_word' id='word_1_545' title='bbox 1622 2885 1704 2908; x_wconf 86' lang='lat' dir='ltr'>nam</span> <span class='ocrx_word' id='word_1_546' title='bbox 1732 2885 1813 2908; x_wconf 77' lang='lat' dir='ltr'>mox</span> <span class='ocrx_word' id='word_1_547' title='bbox 1842 2875 1969 2907; x_wconf 88' lang='lat' dir='ltr'>silentio</span> 
     </span>
     <span class='ocr_line' id='line_1_70' title="bbox 1106 2925 1969 2967; baseline -0.001 -10"><span class='ocrx_word' id='word_1_548' title='bbox 1106 2935 1177 2958; x_wconf 87' lang='lat' dir='ltr'>rem</span> <span class='ocrx_word' id='word_1_549' title='bbox 1210 2926 1416 2958; x_wconf 84' lang='lat' dir='ltr'>oblitteravit.</span> <span class='ocrx_word' id='word_1_550' title='bbox 1450 2944 1493 2949; x_wconf 90' lang='lat'>—-</span> <span class='ocrx_word' id='word_1_551' title='bbox 1526 2925 1712 2967; x_wconf 84' lang='lat' dir='ltr'>Sallustius]</span> <span class='ocrx_word' id='word_1_552' title='bbox 1742 2925 1896 2958; x_wconf 89' lang='lat' dir='ltr'>historici</span> <span class='ocrx_word' id='word_1_553' title='bbox 1926 2933 1969 2956; x_wconf 84' lang='lat' dir='ltr'>ex</span> 
     </span>
     <span class='ocr_line' id='line_1_71' title="bbox 1108 2974 1969 3017; baseline -0.002 -9"><span class='ocrx_word' id='word_1_554' title='bbox 1108 2985 1228 3008; x_wconf 91' lang='lat' dir='ltr'>sorore</span> <span class='ocrx_word' id='word_1_555' title='bbox 1253 2984 1382 3016; x_wconf 87' lang='lat' dir='ltr'>nepos,</span> <span class='ocrx_word' id='word_1_556' title='bbox 1407 2974 1452 3007; x_wconf 85' lang='lat' dir='ltr'>ab</span> <span class='ocrx_word' id='word_1_557' title='bbox 1477 2984 1519 3007; x_wconf 89' lang='lat' dir='ltr'>eo</span> <span class='ocrx_word' id='word_1_558' title='bbox 1542 2975 1740 3017; x_wconf 88' lang='lat' dir='ltr'>adoptatus.</span> <span class='ocrx_word' id='word_1_559' title='bbox 1779 2974 1855 3007; x_wconf 87' lang='lat' dir='ltr'>vid.</span> <span class='ocrx_word' id='word_1_560' title='bbox 1880 2974 1969 3006; x_wconf 89' lang='lat' dir='ltr'>Anu.</span> 
     </span>
     <span class='ocr_line' id='line_1_72' title="bbox 1109 3022 1972 3065; baseline -0.003 -7"><span class='ocrx_word' id='word_1_561' title='bbox 1109 3026 1139 3064; x_wconf 89' lang='lat'>3,</span> <span class='ocrx_word' id='word_1_562' title='bbox 1165 3026 1216 3058; x_wconf 87' lang='lat'>30.</span> <span class='ocrx_word' id='word_1_563' title='bbox 1243 3026 1386 3065; x_wconf 84' lang='lat' dir='ltr'>Augusti</span> <span class='ocrx_word' id='word_1_564' title='bbox 1401 3026 1554 3057; x_wconf 87' lang='lat' dir='ltr'>amicum</span> <span class='ocrx_word' id='word_1_565' title='bbox 1576 3025 1743 3057; x_wconf 78' lang='lat' dir='ltr'>interioris</span> <span class='ocrx_word' id='word_1_566' title='bbox 1764 3022 1972 3056; x_wconf 83' lang='lat' dir='ltr'>admissionis</span> 
     </span>
     <span class='ocr_line' id='line_1_73' title="bbox 1109 3072 1971 3113; baseline -0.002 -7"><span class='ocrx_word' id='word_1_567' title='bbox 1109 3083 1191 3106; x_wconf 89' lang='lat' dir='ltr'>eum</span> <span class='ocrx_word' id='word_1_568' title='bbox 1215 3077 1316 3107; x_wconf 84' lang='lat' dir='ltr'>vocat</span> <span class='ocrx_word' id='word_1_569' title='bbox 1331 3076 1463 3107; x_wconf 86' lang='lat' dir='ltr'>Seneca</span> <span class='ocrx_word' id='word_1_570' title='bbox 1487 3075 1532 3107; x_wconf 94' lang='lat' dir='ltr'>de</span> <span class='ocrx_word' id='word_1_571' title='bbox 1557 3074 1667 3107; x_wconf 91' lang='lat' dir='ltr'>Clem.</span> <span class='ocrx_word' id='word_1_572' title='bbox 1688 3076 1718 3113; x_wconf 86' lang='grc'>4,</span> <span class='ocrx_word' id='word_1_573' title='bbox 1745 3074 1797 3105; x_wconf 83' lang='grc'>40.</span> <span class='ocrx_word' id='word_1_574' title='bbox 1817 3090 1852 3095; x_wconf 92' lang='grc'>-</span> <span class='ocrx_word' id='word_1_575' title='bbox 1868 3072 1971 3104; x_wconf 83' lang='lat' dir='ltr'>&#39;codi-</span> 
     </span>
     <span class='ocr_line' id='line_1_74' title="bbox 1107 3121 1971 3165; baseline -0.001 -11"><span class='ocrx_word' id='word_1_576' title='bbox 1107 3124 1207 3165; x_wconf 78' lang='lat' dir='ltr'>cinos]</span> <span class='ocrx_word' id='word_1_577' title='bbox 1230 3124 1434 3156; x_wconf 84' lang='lat' dir='ltr'>Huiusmodi</span> <span class='ocrx_word' id='word_1_578' title='bbox 1451 3123 1626 3156; x_wconf 90' lang='lat' dir='ltr'>codicillos</span> <span class='ocrx_word' id='word_1_579' title='bbox 1642 3123 1822 3165; x_wconf 75' lang='lat' dir='ltr'>formulam</span> <span class='ocrx_word' id='word_1_580' title='bbox 1842 3121 1971 3154; x_wconf 83' lang='lat' dir='ltr'>letalem</span> 
     </span>
     <span class='ocr_line' id='line_1_75' title="bbox 1109 3171 1969 3214; baseline -0.002 -9"><span class='ocrx_word' id='word_1_581' title='bbox 1109 3176 1210 3206; x_wconf 88' lang='lat' dir='ltr'>vocat</span> <span class='ocrx_word' id='word_1_582' title='bbox 1225 3175 1397 3206; x_wconf 88' lang='lat' dir='ltr'>Ammian.</span> <span class='ocrx_word' id='word_1_583' title='bbox 1416 3175 1521 3207; x_wconf 84' lang='lat' dir='ltr'>Marc.</span> <span class='ocrx_word' id='word_1_584' title='bbox 1541 3174 1594 3212; x_wconf 84' lang='grc'>44,</span> <span class='ocrx_word' id='word_1_585' title='bbox 1621 3175 1651 3206; x_wconf 92' lang='grc'>4.</span> <span class='ocrx_word' id='word_1_586' title='bbox 1676 3191 1710 3196; x_wconf 96' lang='grc'>-</span> <span class='ocrx_word' id='word_1_587' title='bbox 1735 3172 1824 3204; x_wconf 81' lang='lat' dir='ltr'>ratio</span> <span class='ocrx_word' id='word_1_588' title='bbox 1838 3171 1969 3214; x_wconf 81' lang='lat' dir='ltr'>constet]</span> 
     </span>
     <span class='ocr_line' id='line_1_76' title="bbox 1109 3221 1972 3263; baseline -0.002 -8"><span class='ocrx_word' id='word_1_589' title='bbox 1109 3232 1128 3255; x_wconf 86' lang='lat' dir='ltr'>a</span> <span class='ocrx_word' id='word_1_590' title='bbox 1151 3223 1455 3256; x_wconf 82' lang='lat' dir='ltr'>ratiocinatoribus</span> <span class='ocrx_word' id='word_1_591' title='bbox 1475 3223 1618 3255; x_wconf 90' lang='lat' dir='ltr'>ductum</span> <span class='ocrx_word' id='word_1_592' title='bbox 1632 3248 1639 3262; x_wconf 94' lang='lat'>,</span> <span class='ocrx_word' id='word_1_593' title='bbox 1665 3221 1793 3263; x_wconf 88' lang='lat' dir='ltr'>quibus</span> <span class='ocrx_word' id='word_1_594' title='bbox 1809 3222 1972 3254; x_wconf 88' lang='lat' dir='ltr'>constant</span> 
     </span>
     <span class='ocr_line' id='line_1_77' title="bbox 1109 3269 1970 3314; baseline -0.002 -9"><span class='ocrx_word' id='word_1_595' title='bbox 1109 3274 1260 3306; x_wconf 89' lang='lat' dir='ltr'>rationes</span> <span class='ocrx_word' id='word_1_596' title='bbox 1297 3273 1431 3314; x_wconf 88' lang='lat' dir='ltr'>accepti</span> <span class='ocrx_word' id='word_1_597' title='bbox 1466 3275 1500 3305; x_wconf 87' lang='lat' dir='ltr'>et</span> <span class='ocrx_word' id='word_1_598' title='bbox 1534 3272 1696 3314; x_wconf 86' lang='lat' dir='ltr'>expensi,</span> <span class='ocrx_word' id='word_1_599' title='bbox 1737 3279 1820 3304; x_wconf 90' lang='lat' dir='ltr'>cum</span> <span class='ocrx_word' id='word_1_600' title='bbox 1857 3269 1970 3304; x_wconf 89' lang='lat' dir='ltr'>nullus</span> 
     </span>
     <span class='ocr_line' id='line_1_78' title="bbox 1109 3317 1971 3366; baseline -0.003 -11"><span class='ocrx_word' id='word_1_601' title='bbox 1109 3324 1198 3356; x_wconf 81' lang='lat' dir='ltr'>inest</span> <span class='ocrx_word' id='word_1_602' title='bbox 1232 3332 1342 3355; x_wconf 86' lang='lat' dir='ltr'>error.</span> <span class='ocrx_word' id='word_1_603' title='bbox 1390 3324 1564 3363; x_wconf 88' lang='lat' dir='ltr'>Persaepe</span> <span class='ocrx_word' id='word_1_604' title='bbox 1599 3322 1669 3353; x_wconf 88' lang='lat' dir='ltr'>hoc</span> <span class='ocrx_word' id='word_1_605' title='bbox 1701 3317 1829 3366; x_wconf 76' lang='grc' dir='ltr'><em>τρόπῳ</em></span> <span class='ocrx_word' id='word_1_606' title='bbox 1863 3321 1971 3353; x_wconf 89' lang='lat' dir='ltr'>utitur</span> 
     </span>
     <span class='ocr_line' id='line_1_79' title="bbox 1109 3369 1968 3414; baseline -0.002 -9"><span class='ocrx_word' id='word_1_607' title='bbox 1109 3372 1236 3405; x_wconf 92' lang='lat' dir='ltr'>Plinius</span> <span class='ocrx_word' id='word_1_608' title='bbox 1249 3373 1361 3405; x_wconf 87' lang='lat' dir='ltr'>iunior</span> <span class='ocrx_word' id='word_1_609' title='bbox 1375 3372 1423 3414; x_wconf 89' lang='grc'><strong>(4,</strong></span> <span class='ocrx_word' id='word_1_610' title='bbox 1437 3373 1469 3412; x_wconf 82' lang='grc'>5,</span> <span class='ocrx_word' id='word_1_611' title='bbox 1495 3372 1546 3403; x_wconf 89' lang='grc'>47.</span> <span class='ocrx_word' id='word_1_612' title='bbox 1569 3371 1606 3410; x_wconf 92' lang='grc'>4,</span> <span class='ocrx_word' id='word_1_613' title='bbox 1631 3369 1663 3411; x_wconf 86' lang='grc'>9,</span> <span class='ocrx_word' id='word_1_614' title='bbox 1679 3370 1710 3403; x_wconf 92' lang='grc'>4.</span> <span class='ocrx_word' id='word_1_615' title='bbox 1728 3369 1812 3412; x_wconf 76' lang='lat'>2,4,</span> <span class='ocrx_word' id='word_1_616' title='bbox 1827 3369 1968 3412; x_wconf 52' lang='lat' dir='ltr'>hcet.)-</span> 
     </span>
    </p>
   </div>
  </div>
 </body>
</html>
