2254 3770
777 280 934 328 LIBER
948 280 1030 345 ⁰111.
1089 280 1191 339 Cap.
1221 279 1288 326 26.
1319 281 1387 326 27.

1884 279 1967 324 ⁴65

181 393 400 438 hominum
427 390 579 436 animis
608 388 823 449 simplices
848 393 988 442 erant;
1017 387 1288 446 maximeque
1318 387 1429 432 fama
1449 386 1681 432 celebravit
1700 385 1968 432 Cretensium

182 482 291 528 quas
318 468 472 518 Minos,
511 466 817 525 Spartanorum
845 478 955 523 quas
982 464 1224 523 Lycurgus,
1264 477 1315 508 ac
1348 478 1450 507 mox
1476 461 1805 508 Atheniensibus
1834 475 1969 520 quae-

182 545 350 589 sitiores
379 543 465 587 iam
494 548 536 587 et
562 541 709 601 plures
737 540 838 585 Solo
866 539 1129 599 perscripsit.
1158 538 1284 584 nobis
1304 539 1522 591 Romulus,
1552 545 1600 583 ut
1626 538 1805 592 libitum,
1834 537 1970 595 impe-

181 620 401 672 ritaverat3
432 618 532 663 dein
551 619 689 663 Numa
708 615 986 675 religionibus
1006 621 1048 660 et
1066 614 1211 659 divino
1240 615 1334 659 iure
1363 615 1571 674 populum
1591 614 1790 665 devinxit,
1822 626 1972 671 reper-

181 702 310 755 taque
340 694 553 754 quaedam
583 708 609 738 a
638 692 756 737 Tullo
786 698 829 737 et
847 692 976 736 Anco.
1007 690 1086 736 sed
1116 691 1375 750 praecipuus
1405 691 1581 735 Servius
1611 689 1772 734 Tullius
1801 694 2003 733 sanctors

180 771 324 829 legum
351 770 438 820 fuit,
471 770 569 829 quis
598 769 727 814 etiam
756 781 882 826 reges
912 767 1269 826 obtemperarent.
1302 766 1383 823 (27)
1413 765 1538 824 pulso
1558 764 1788 824 Tarquinio
1818 763 1973 809 adver-

181 862 275 892 sum
305 852 472 905 patrum
490 845 693 890 factiones
712 844 844 888 multa
865 843 1050 902 populus
1070 842 1232 900 paravit
1251 841 1436 886 tuendae
1455 841 1662 886 libertatis
1678 846 1721 886 et
1738 839 1972 884 firmandae

181 921 458 974 concordiae;
489 921 708 979 creatique
739 919 972 964 decemviri
1003 925 1047 962 et
1075 918 1220 962 accitis
1251 931 1363 976 quae
1392 931 1576 976 usquam
1602 916 1776 975 egregia
1797 929 1974 974 compo-

181 998 287 1042 sitae
307 996 538 1041 duodecim
555 995 736 1046 tabulae,
767 994 864 1038 finis
889 993 1015 1052 aequi
1036 993 1154 1037 iuris.
1184 1007 1284 1037 nam
1303 999 1478 1038 secutae
1498 992 1618 1050 leges
1640 992 1720 1036 etsi
1741 991 1972 1050 aliquando

181 1075 224 1118 in
253 1072 471 1117 maleficos
501 1085 556 1116 ex
585 1070 751 1118 delicto.
784 1070 958 1128 saepius
987 1075 1127 1113 tamen
1157 1068 1427 1113 dissensione
1458 1068 1656 1113 ordinum
1681 1074 1724 1112 et
1752 1066 1974 1126 apiscendi
1987 1079 2024 1110 ιο

181 1148 364 1193 inlicitos
403 1148 588 1191 honores
627 1152 702 1190 aut
738 1144 927 1204 pellendi
966 1144 1104 1189 claros
1144 1144 1259 1188 viros
1300 1134 1468 1202 aliaque
1508 1142 1565 1187 ob
1603 1156 1735 1201 prava
1775 1156 1855 1201 per
1887 1142 1974 1186 vim

181 1224 292 1268 latae
322 1229 432 1267 sunt.
462 1222 562 1267 hinc
583 1221 762 1266 Gracchi
785 1227 828 1265 et
856 1220 1071 1265 Saturnini
1095 1220 1336 1264 turbatores
1355 1218 1509 1278 plebis,
1539 1232 1622 1263 nec
1640 1218 1778 1262 minor
1798 1217 1975 1274 largitor

182 1300 354 1344 nomine
374 1304 547 1343 senatus
567 1299 756 1349 Drusus;
788 1296 976 1354 corrupti
1007 1310 1085 1354 spe
1114 1302 1187 1339 aut
1215 1295 1342 1339 inlusi
1370 1309 1451 1354 per
1479 1294 1833 1339 intercessionem
1853 1293 1973 1338 socii.

184 1389 235 1420 ac
271 1388 326 1418 ne
361 1373 476 1435 bello
506 1372 683 1432 quidem
720 1371 883 1422 Italico,
922 1385 1022 1414 mox
1052 1371 1163 1415 civili
1195 1371 1399 1415 omissum
1431 1370 1534 1429 quin
1570 1369 1703 1414 multa
1732 1375 1775 1414 et
1802 1369 1975 1414 diversa

183 1451 479 1501 sciscerentur,
511 1449 649 1493 donec
669 1449 714 1492 L.
736 1447 853 1492 Sulla
873 1446 1053 1491 dictator
1082 1446 1250 1491 abolitis
1279 1445 1348 1491 vel
1377 1446 1595 1491 conversis
1623 1445 1852 1504 prioribus,
1876 1457 2024 1490 cumis

184 1525 306 1584 plura
333 1524 581 1576 addidisset,
612 1523 747 1567 otium
775 1523 870 1567 eius
898 1522 962 1566 rei
990 1521 1105 1566 haud
1134 1522 1178 1565 in
1206 1522 1380 1579 longum
1406 1522 1591 1580 paravit,
1622 1522 1765 1566 statim
1792 1520 1975 1566 turbidis

247 1659 280 1692 2.
304 1658 415 1691 nunus
435 1658 470 1691 M
494 1657 612 1699 (Minos
633 1655 767 1698 margo)
794 1674 830 1680 —
862 1655 1026 1697 lyguryus
1045 1655 1079 1689 M
1104 1672 1141 1680 —
1171 1655 1203 1690 5.
1229 1663 1318 1698 ango
1339 1655 1374 1689 M
1397 1654 1497 1698 (Anco
1519 1655 1653 1698 margo)
1680 1673 1718 1680 -
1738 1654 1920 1697 precipuus
1940 1654 1976 1688 M

186 1733 222 1740 —
248 1715 280 1748 9.
305 1714 415 1748 tabule
435 1714 470 1748 M
494 1731 530 1738 -
556 1714 611 1746 46.
635 1713 705 1746 eius
726 1713 781 1746 M:
805 1712 835 1746 ei
856 1712 1058 1745 Rhenanus.

188 1827 274 1861 λευε
302 1823 393 1868 Διὸς
421 1822 590 1870 μεγάλου
620 1821 817 1872 ὀαριστής.
844 1842 879 1848 -
911 1833 953 1858 ac
974 1833 1057 1858 mox

184 1877 428 1911 Atheniensibus
451 1875 533 1919 cet.]
563 1874 639 1908 Noli
660 1876 945 1918 praetermittere
968 1883 1056 1908 ana-

187 1927 378 1961 coluthiam
400 1935 443 1959 ex
466 1927 564 1968 grata
580 1925 734 1968 quadam
750 1924 959 1967 negligentia
974 1934 1057 1968 pro-

188 1978 328 2011 fectam.
365 1977 436 2010 Lex
467 1976 696 2018 grammatica
724 1976 861 2009 hancce
884 1974 1057 2018 poscebat

187 2027 488 2062 constructionem
498 2036 505 2058 :
522 2026 617 2068 fama
627 2026 775 2059 maxime
785 2025 963 2059 celebravit
973 2026 1058 2068 leyes

187 2078 406 2118 Cretensium,
431 2085 516 2119 quas
529 2076 657 2117 Minos,
680 2077 947 2117 Spartanorum,
972 2084 1058 2118 quas

186 2129 369 2169 Lycurgus,
387 2130 487 2168 atque
501 2126 742 2159 Atheniensium
758 2127 973 2166 quaesitiores
987 2126 1057 2158 iam

186 2181 219 2211 et
239 2178 372 2219 plures,
407 2185 494 2218 quas
522 2176 599 2208 Solo
620 2177 851 2217 perscripsit.»
883 2177 988 2208 BAcn.
1017 2193 1053 2199 -

186 2227 351 2269 Romulus]
384 2226 598 2268 Pomponius
625 2226 670 2259 de
693 2227 785 2268 Orig.
812 2226 897 2259 iuris
921 2226 995 2267 Dig.
1022 2226 1055 2266 4,

186 2279 207 2311 2
218 2303 226 2318 ,
252 2279 266 2310 4
283 2287 291 2309 :
315 2277 414 2310 Initio
435 2276 581 2309 civitatis
594 2279 732 2309 nostrae
748 2276 892 2317 populus
905 2276 974 2308 sine
989 2275 1058 2317 lege

187 2331 297 2368 certa,
321 2327 391 2360 sine
412 2327 486 2359 iure
507 2329 597 2359 certo
615 2327 764 2367 primum
781 2335 881 2368 ayere
901 2325 1057 2366 instituit,

188 2378 367 2420 omniaque
400 2385 506 2409 manu
541 2385 565 2408 a
600 2376 732 2418 regibus
771 2375 1055 2418 qubemabantur.

186 2429 302 2461 Postea
315 2445 364 2452 --
378 2426 535 2459 Romulus
564 2426 649 2468 leges
671 2427 835 2467 quasdam
857 2429 889 2458 et
909 2426 977 2467 ipse
997 2433 1059 2457 cu-

187 2479 296 2511 riatas
318 2477 364 2510 ad
379 2476 543 2518 populum
563 2476 656 2517 tulit,
681 2477 830 2509 tulerunt
844 2479 875 2509 et
892 2478 1059 2517 sequentes

187 2536 292 2570 reyes.
318 2544 354 2549 —
388 2529 420 2559 et
441 2526 552 2558 divino
574 2526 659 2568 iure]
691 2526 787 2568 quod
809 2526 923 2568 ipsum
948 2525 1058 2557 oritur

190 2587 233 2611 ex
254 2576 478 2619 religionibus.
506 2593 541 2598 —
574 2575 719 2618 sanctor]
752 2577 853 2608 Nunc
876 2576 932 2608 est
952 2569 1058 2617 ἅπαξ

190 2624 410 2671 λεγόμενον.

233 2678 287 2710 27.
308 2677 386 2720 finis
408 2676 508 2717 aequi
521 2675 616 2717 iuris]
641 2674 803 2718 Plerique
818 2675 1057 2717 interpretan-

190 2729 246 2760 tur
268 2725 527 2760 absolutionem
543 2726 578 2758 et
600 2725 854 2768 perfectionem
876 2725 972 2758 iuris.
1004 2725 1058 2756 Li-

189 2779 266 2811 vius
282 2778 377 2810 enim
392 2777 425 2817 3,
439 2776 481 2809 34
497 2775 686 2808 duodecim
702 2774 839 2808 tabulas
853 2775 975 2817 fontem
990 2783 1059 2807 om-

188 2827 240 2859 nis
258 2826 381 2868 publici
398 2826 595 2867 privatique
616 2826 701 2858 iuris
721 2827 837 2859 vocat.
864 2826 988 2858 Cicero
1012 2824 1057 2857 de

190 2878 283 2910 Orat.
309 2877 323 2909 4
357 2875 376 2918 5
408 2876 470 2909 495
504 2876 710 2909 bibliothecas
739 2876 886 2909 omnium
913 2875 1059 2916 philoso-

185 2927 330 2969 phorum
350 2935 455 2959 unum
474 2926 539 2958 XII
565 2925 756 2959 tabularum
777 2926 920 2959 libellum
942 2928 973 2958 et
994 2934 1059 2957 au-

189 2977 353 3010 ctoritatis
366 2977 514 3017 pondere
528 2979 558 3009 et
572 2976 726 3009 utilitatis
738 2976 887 3009 ubertate
900 2983 1061 3017 superare

191 3027 286 3060 dicit.
317 3027 430 3068 Atque
453 3026 551 3059 idem
566 3027 666 3068 tinem
680 3026 843 3059 honorum
854 3025 969 3067 populi
984 3034 1061 3057 con-

190 3077 336 3110 sulatum
356 3076 460 3108 vocat
479 3084 545 3118 pro
568 3075 708 3109 Plancio
732 3076 822 3118 560.
854 3077 917 3108 Hic
940 3077 1060 3108 tamen

193 3126 364 3169 significat
386 3126 525 3158 Tacitus
547 3127 628 3168 post
648 3126 708 3158 XII
731 3125 869 3159 tabulas
892 3133 1059 3166 aequum,

190 3177 228 3210 id
262 3178 316 3209 est
354 3174 453 3209 civile
468 3200 476 3215 ‚
511 3174 695 3216 publicum
729 3177 764 3208 et
795 3175 973 3217 privatum
1005 3174 1060 3207 ius

193 3227 414 3260 continentes
434 3224 623 3267 plerasque
646 3224 743 3266 leges
766 3224 982 3266 posteriores
998 3224 1062 3256 ini-

194 3284 282 3317 quas
304 3276 411 3309 fuisse
435 3283 477 3307 ac
504 3283 570 3316 per
590 3274 662 3306 vim
690 3273 776 3306 latas
799 3275 860 3305 aut
882 3274 978 3306 certe
1002 3282 1062 3306 so-

194 3323 267 3357 lum
290 3325 336 3358 ad
359 3323 486 3357 delicta
508 3325 639 3358 atrocia
658 3324 868 3357 coercenda.
891 3324 982 3356 Finis
1002 3324 1062 3365 igi-

197 3374 254 3405 tur
278 3373 376 3407 idem
397 3374 470 3407 fere
494 3375 601 3416 atque
626 3374 808 3407 «ultimum
831 3382 994 3416 corpus».
1020 3391 1058 3398 —

197 3421 376 3462 aliquando
405 3424 442 3457 in
462 3423 645 3467 maleficos]
679 3423 777 3465 leges
804 3423 990 3469 Calpurnia
1015 3423 1061 3457 de

1104 1825 1264 1868 pecuniis
1297 1823 1503 1867 repetundis
1534 1824 1579 1867 (a.
1604 1832 1640 1857 u.
1666 1823 1761 1865 605),
1797 1822 1902 1856 Fabia
1930 1822 1976 1856 de

1105 1875 1295 1918 plagiariis,
1329 1874 1470 1908 Hostilia
1502 1874 1547 1907 de
1571 1874 1690 1915 furtis,
1721 1873 1907 1908 Peducaea
1930 1873 1977 1906 de

1105 1927 1243 1959 incestu
1259 1926 1301 1969 (a.
1320 1934 1356 1958 u.
1375 1924 1469 1966 64⁴),
1495 1924 1596 1958 aliae.
1617 1943 1654 1948 -
1672 1933 1716 1957 ex
1731 1924 1858 1966 delicto]
1880 1924 1978 1966 post-

1106 1985 1214 2019 quam
1237 1975 1405 2009 delictum
1428 1975 1571 2018 aliquod
1593 1975 1692 2008 atrox
1706 1973 1793 2017 legis
1809 1974 1977 2008 ferendae

1106 2028 1358 2060 necessitatem
1387 2024 1563 2058 attulerat.
1591 2043 1626 2049 —
1662 2025 1859 2058 dissensione
1885 2024 1979 2057 ordi-

1105 2077 1196 2119 num]
1219 2079 1259 2109 ut
1280 2075 1337 2109 lex
1358 2075 1497 2109 Valeria
1519 2075 1709 2108 Horatiana
1729 2083 1761 2108 a.
1778 2083 1815 2107 u.
1833 2074 1917 2107 305:
1941 2077 1980 2106 ut

1107 2128 1194 2170 quod
1216 2127 1366 2159 tributim
1382 2126 1471 2167 plebs
1485 2126 1646 2166 iussisset,
1666 2125 1828 2167 populum
1841 2127 1976 2165 teneret,

1106 2178 1255 2220 repetita
1285 2186 1318 2209 a.
1343 2175 1408 2209 425
1435 2175 1512 2218 lege
1534 2174 1698 2215 Publilia;
1730 2174 1788 2208 lex
1811 2173 1979 2208 Canuleia

1107 2228 1152 2260 de
1176 2226 1329 2260 conubio
1347 2225 1462 2269 plebis
1478 2235 1510 2259 a.
1528 2225 1604 2259 309.
1626 2243 1663 2249 -
1687 2225 1865 2267 apiscendi]
1888 2223 1978 2257 Vide

1107 2277 1153 2310 ad
1175 2277 1213 2318 2,
1238 2277 1292 2310 59.
1322 2295 1357 2300 —
1381 2277 1524 2309 inlicitos
1544 2275 1694 2318 honores]
1722 2276 1762 2308 ut
1782 2274 1838 2308 lex
1861 2275 1979 2308 Sextia

1107 2328 1237 2360 Licinia
1260 2327 1305 2360 de
1329 2325 1473 2360 consule
1499 2325 1640 2369 plebeio
1664 2324 1819 2359 creando
1843 2333 1874 2357 a.
1901 2324 1977 2358 387.

1110 2396 1147 2401 —
1169 2377 1311 2419 pellendi
1337 2377 1449 2409 claros
1474 2376 1574 2418 viros]
1605 2376 1645 2408 ut
1667 2374 1871 2415 Camillum,
1902 2374 1979 2408 Me-

1106 2427 1230 2460 tellum
1251 2427 1493 2467 Numidicum,
1519 2428 1557 2459 P.
1582 2425 1749 2459 Rutilium
1771 2424 1911 2459 Rufum.
1938 2443 1975 2449 —

1106 2477 1292 2519 Saturnini]
1317 2478 1353 2510 L.
1372 2475 1564 2519 Appuleius
1595 2476 1802 2509 Saturninus
1817 2474 1979 2508 tribunus

1107 2527 1154 2570 pl.
1179 2527 1308 2560 iterum
1331 2535 1363 2559 a.
1389 2526 1466 2560 654.
1488 2545 1524 2550 —
1548 2525 1736 2559 turbatores
1750 2525 1869 2567 plebis]
1895 2524 1980 2567 legi-

1106 2577 1176 2611 bus
1213 2577 1358 2618 agrariis
1396 2577 1432 2609 et
1468 2575 1707 2610 frumentariis
1745 2575 1911 2609 ferendis.
1939 2591 1976 2599 —

1107 2628 1250 2670 largitor
1270 2627 1402 2660 nomine
1423 2629 1557 2659 senatus
1576 2627 1720 2667 Drusus]
1753 2624 1909 2668 Intellige
1933 2625 1979 2658 de

1107 2678 1151 2711 Μ.
1170 2677 1265 2710 Livio
1282 2678 1408 2717 Druso,
1434 2675 1575 2709 tribuno
1589 2674 1652 2718 pl„
1677 2676 1738 2718 qui
1761 2685 1844 2709 cum
1863 2685 1897 2709 a.
1916 2675 1979 2708 663

1106 2727 1316 2760 renovasset
1330 2727 1556 2769 Sempronias
1571 2725 1681 2768 leges,
1698 2726 1977 2765 frumentariam,

1108 2778 1300 2819 agrariam,
1323 2776 1451 2810 eodem
1467 2785 1559 2810 anno
1575 2777 1715 2810 occisus
1731 2777 1796 2810 est.
1823 2777 1896 2810 Cic.
1913 2784 1978 2818 pro

1108 2826 1233 2861 Milone
1258 2826 1277 2869 S
1295 2827 1354 2859 ⁴6:
1379 2827 1479 2859 Domi
1500 2835 1580 2860 suae
1601 2826 1821 2859 nobilissimus
1841 2827 1908 2867 vir,
1932 2834 1981 2858 se-

1107 2880 1209 2910 natus
1231 2879 1467 2918 propuqnator
1493 2880 1593 2918 atque
1614 2876 1680 2909 illis
1701 2876 1834 2918 quidem
1854 2879 1981 2916 tempo-

1107 2927 1198 2959 ribus
1214 2935 1323 2967 paene
1338 2929 1522 2967 patronus,
1546 2926 1700 2959 tribunus
1719 2926 1769 2968 pl.
1786 2927 1833 2959 Μ.
1850 2927 1981 2959 Drusus

1108 2977 1233 3010 occisus
1248 2979 1305 3008 est.
1331 2975 1383 3008 Cf.
1400 2976 1472 3010 Liv.
1483 2977 1573 3019 Epit.
1588 2977 1643 3010 70.
1657 2977 1711 3009 74.
1737 2975 1858 3008 Vellei.
1873 2976 1908 3016 2,
1923 2974 1977 3008 ⁴4.

1113 3044 1148 3050 -
1173 3026 1338 3058 inlusi--
1352 3025 1449 3068 socii]
1479 3035 1514 3059 v.
1540 3035 1572 3060 c.
1595 3025 1674 3068 lege
1706 3026 1800 3059 Livia
1822 3034 1843 3057 a
1864 3026 1980 3058 Druso

1111 3075 1239 3109 eodem
1254 3074 1312 3108 illo
1328 3085 1420 3109 anno
1442 3075 1512 3109 lata
1533 3076 1578 3109 de
1602 3076 1741 3109 civitate
1765 3075 1868 3109 sociis
1888 3075 1982 3109 dan-

1111 3126 1174 3166 da,
1205 3134 1313 3168 quam
1342 3127 1461 3160 tamen
1491 3127 1638 3160 demum
1666 3126 1748 3169 post
1768 3124 1902 3158 bellum
1925 3134 1982 3159 so-

1111 3175 1198 3209 ciale
1214 3175 1451 3210 obtinuerunt.
1475 3176 1564 3210 Flor.
1582 3176 1614 3217 3,
1633 3177 1695 3209 ⁴7:
1714 3177 1845 3208 Drusus
1856 3175 1982 3216 plebem

1111 3227 1156 3258 aa
1183 3234 1218 3258 se
1251 3226 1455 3259 Gracchanis
1483 3226 1623 3269 legibus,
1655 3226 1773 3258 eisdem
1802 3226 1907 3259 socios
1935 3227 1982 3260 ad

1111 3284 1200 3316 spem
1229 3276 1373 3309 civitatis
1394 3277 1502 3310 erexit
1525 3276 1661 3318 (itaque
1684 3275 1821 3308 semina
1844 3275 1981 3309 exitiosi

1112 3324 1193 3358 belli
1226 3324 1365 3359 socialis
1398 3327 1471 3360 sive
1503 3324 1611 3358 Italici
1633 3323 1737 3365 iecit).
1777 3324 1828 3358 Cf.
1856 3324 1977 3359 Vellei.

1111 3376 1150 3415 2,
1175 3374 1229 3409 ⁴4.
1251 3393 1286 3399 —
1312 3376 1415 3418 civili]
1439 3377 1530 3409 inter
1551 3374 1699 3408 Marium
1721 3375 1758 3408 et
1779 3373 1922 3409 Sullam.
1939 3392 1976 3400 -

1111 3425 1181 3459 eius
1189 3425 1250 3469 rei]
1264 3435 1435 3461 novarum
1446 3425 1565 3469 legum
1577 3424 1814 3461 ferendarum.
1821 3444 1858 3451 —
1866 3426 1979 3460 statim
