2254 3770
793 291 948 347 uam
973 289 1043 336 xl.
1087 290 1189 350 Cap.
1216 291 1257 338 2.
1285 290 1325 336 3.
1354 291 1395 336 4.
1883 293 1966 339 3⁴3

203 405 302 444 sunt
328 398 493 444 Claudii·
515 397 649 443 verba
677 398 720 442 in
739 397 921 444 eandem
941 398 1220 444 clementiam.
1254 399 1518 444 hortantibus
1537 399 1692 445 dehinc
1710 399 1968 459 quibusdam

202 461 447 522 inediamet
463 473 603 518 lenem
623 474 792 526 exitum,
821 474 1038 519 remittere
1065 473 1321 519 beneficium
1340 476 1548 520 Asiaticus
1577 475 1653 529 ait;
1682 482 1726 520 et
1752 476 1968 534 usurpatis

201 550 357 609 quibus
385 549 627 594 insueverat
655 549 1044 602 exercitationibus,
1083 548 1198 594 lauto
1228 563 1424 609 corpore,
1466 550 1597 596 hilare
1626 550 1839 610 epulatus,
1870 564 1970 596 cum

201 639 251 670 se
279 624 498 669 honestius
527 623 752 670 calliditate
780 625 935 670 Tiberii
963 624 1032 669 vel
1060 625 1221 683 impetu
1251 626 1295 670 C.
1317 626 1510 671 Caesaris
1539 622 1775 685 periturum
1795 626 1972 671 dixisset

200 714 329 759 quam
358 698 475 758 quod
504 699 652 744 fraude
681 699 877 751 muliebri
897 707 940 744 et
968 700 1169 758 inpudico
1189 700 1340 746 Vitellii
1369 715 1443 746 ore
1464 702 1646 754 caderet,
1677 715 1809 747 venas
1829 701 2002 746 exsol-ts

199 776 274 827 vit,
305 774 398 819 viso
427 781 568 819 tamen
597 781 693 820 ante
722 790 827 834 rogo
857 775 1061 834 iussoque
1091 776 1305 821 transferri
1334 784 1499 835 partem
1527 779 1568 821 in
1601 777 1743 830 aliam,
1780 791 1835 822 ne
1864 791 1969 835 opa-

199 850 304 896 citas
333 850 533 894 arborum
561 864 719 909 vapore
749 851 858 909 ignis
881 852 1152 898 minueretur.
1194 858 1354 896 tantum
1377 852 1435 895 illi
1455 853 1693 897 securitatis
1711 853 1969 897 novissimae

197 926 285 970 fuit.
332 926 385 983 (4)
413 932 617 970 vocantur
643 933 741 985 post
768 927 876 972 haec
903 934 1058 985 patres,
1087 927 1315 986 pergitque
1338 927 1511 972 Suillius
1540 928 1700 973 addere
1727 943 1828 974 reos
1848 929 1971 988 equi-

0 1014 8 1091 ἰ
197 1008 264 1046 tes
293 1003 504 1047 Romanos
536 1001 732 1054 illustres,
763 1002 920 1061 quibus
948 1004 1074 1047 Petra
1101 1009 1442 1061 cognomentum.
1486 1009 1529 1047 at
1549 1017 1680 1048 causa
1707 1005 1825 1049 necis
1843 1019 1898 1049 ex
1915 1018 1969 1049 eo

0 1091 9 1139 ἶ·
198 1077 316 1136 quod
335 1078 509 1122 domum
535 1091 659 1122 suam
678 1078 897 1123 Mnesteris
917 1084 960 1122 et
978 1080 1204 1137 Poppaeae
1225 1078 1528 1136 congressibus
1557 1079 1865 1137 praebuissent.
1895 1091 2020 1124 ve-io

0 1149 25 1213 ᾗ,
198 1167 295 1196 rum
323 1160 556 1198 nocturnae
577 1153 732 1212 quietis
761 1154 930 1212 species
960 1153 1080 1198 alteri
1100 1154 1276 1205 obiecta,
1307 1160 1524 1212 tamquam
1552 1155 1729 1199 vidisset
1748 1154 1972 1200 Claudium

0 1214 9 1242 ἲ
197 1228 344 1287 spicea
364 1242 522 1273 corona
541 1229 766 1280 evinctum,
798 1229 927 1287 spicis
957 1236 1071 1273 retro
1092 1230 1322 1281 conversis,
1354 1243 1492 1288 eaque
1522 1230 1704 1288 imagine
1725 1231 1972 1288 gravitatem

197 1317 388 1348 annonae
424 1304 612 1348 dixisset.
660 1304 834 1363 quidam
869 1305 1142 1363 pampineam
1177 1319 1379 1350 coronam
1417 1305 1656 1350 albentibus
1691 1306 1801 1350 soliis
1836 1307 1971 1350 visam

197 1386 324 1438 atque
363 1380 421 1424 ita
456 1380 775 1438 interpretatum
809 1380 1044 1432 tradidere,
1084 1388 1286 1439 vergente
1322 1387 1524 1426 autumno
1559 1388 1740 1426 mortem
1768 1382 1972 1441 principis

197 1455 377 1500 ostendi.
419 1454 523 1498 illud
551 1455 666 1499 haud
695 1455 931 1513 ambigitur,
963 1456 1264 1515 qualicumque
1294 1457 1504 1501 insomnio
1534 1457 1614 1516 ipsi
1643 1458 1844 1516 fratrique
1872 1471 1971 1515 per-
1984 1467 2022 1497 45

195 1530 352 1575 niciem
381 1530 560 1575 allatam.
591 1531 834 1575 sestertium
863 1531 1114 1589 quindecies
1144 1538 1186 1576 et
1213 1532 1395 1590 insignia
1422 1539 1648 1591 praeturae
1671 1533 1866 1591 Crispino
1895 1532 1973 1577 de-

0 683 2 693 —
0 506 9 664 twa-v„
0 465 4 486 —
0 354 10 446 ,ηε-«Ἰ.
0 311 2 315 <

259 1676 292 1710 4.
318 1676 367 1719 C.]
395 1677 435 1710 G.
459 1677 493 1710 M
518 1694 555 1700 —
591 1677 623 1710 7.
646 1677 822 1710 nouissime
843 1678 877 1711 M
910 1694 943 1702 -
983 1677 1015 1711 8.
1040 1678 1161 1711 addere
1182 1679 1232 1712 M:
1269 1687 1370 1721 agere
1396 1679 1563 1713 Muretus.
1595 1695 1632 1702 —
1667 1679 1699 1712 9.
1723 1682 1973 1721 coquomentmn

196 1736 289 1767 crat.-
318 1742 422 1766 causa
448 1733 646 1773 Ernestius;
677 1736 714 1765 at
735 1732 888 1766 Acidalio
917 1734 978 1766 aut
1006 1733 1196 1767 delendum
1220 1736 1281 1767 aut
1302 1735 1338 1767 in
1360 1738 1390 1767 et
1412 1735 1621 1768 mutandum
1642 1734 1848 1775 videbatur,
1872 1736 1909 1768 in
1931 1745 1972 1768 ac

196 1788 283 1822 aliis.
309 1807 346 1812 —
381 1789 433 1823 40.
457 1789 626 1822 mnesteris
647 1788 716 1832 (vel
738 1790 773 1822 in
795 1789 940 1831 nestoris)
964 1790 1043 1823 cod.
1067 1790 1258 1824 Budensis:
1291 1791 1426 1823 nestoris
1448 1791 1497 1830 M;
1531 1791 1653 1824 Valerii
1675 1791 1795 1824 ceteri.
1822 1810 1859 1816 —-
1887 1800 1973 1833 pop-

189 1854 275 1888 peae
296 1846 330 1879 M
354 1863 390 1869 -
423 1846 476 1878 44.
501 1846 627 1879 oblecta
649 1847 682 1880 Μ
712 1865 748 1870 -
785 1847 836 1879 43.
862 1856 1015 1881 annonae
1030 1849 1255 1889 praedixisset
1279 1849 1480 1881 Rhenanus.
1508 1864 1545 1872 —
1573 1848 1626 1882 ⁴4.
1650 1852 1810 1882 autumno
1832 1850 1879 1883 M:
1907 1858 1973 1882 au-

195 1906 329 1936 ctumno
351 1901 418 1935 alii.
444 1902 496 1935 Cf.
515 1911 546 1936 c.
565 1903 618 1936 34.
643 1904 810 1945 Wagneri
832 1904 991 1946 orthogr.
1018 1905 1146 1947 Vergil.
1171 1915 1206 1948 p.
1223 1905 1299 1939 4⁴8.
1325 1923 1362 1928 —
1388 1905 1441 1938 45.
1465 1906 1534 1938 aad
1555 1914 1610 1948 pr.
1633 1906 1678 1939 M.

194 2036 279 2061 nam
306 2028 342 2060 in
372 2028 528 2060 oratione
552 2027 775 2069 Lugdunensi
798 2027 871 2062 Col.
895 2029 929 2062 2.
954 2030 1001 2062 ita
1023 2030 1059 2062 in
1108 2030 1163 2062 nis
1184 2029 1241 2063 vel
1264 2039 1307 2063 ex
1325 2030 1451 2072 privati
1466 2029 1611 2063 alicuius
1625 2030 1778 2063 hominis
1794 2038 1974 2063 commen-

196 2085 279 2110 eum
299 2077 528 2110 acerbissime
544 2077 734 2110 invehitur:
762 2078 802 2110 Ut
816 2079 928 2111 dirum
942 2088 1060 2112 nomen
1108 2081 1216 2117 tariis.
1242 2098 1277 2103 —
1304 2080 1415 2122 causa]
1439 2089 1540 2120 vera,
1566 2080 1631 2112 sed
1647 2079 1692 2112 ab
1708 2080 1972 2113 accusatoribus

195 2128 335 2160 latronis
357 2131 485 2160 taceam
505 2130 536 2159 ct
551 2128 605 2160 odi
621 2128 704 2160 illud
717 2128 956 2168 palaestricum
972 2138 1058 2170 pro-

196 2179 340 2220 digium,
365 2178 451 2218 quod
473 2181 549 2210 amc
569 2179 606 2210 in
629 2179 761 2211 domum
781 2179 988 2212 consulatum
1010 2180 1060 2212 in-

196 2229 291 2268 tulit,
316 2237 418 2268 qaam
440 2229 570 2261 colonia
592 2237 655 2261 sua
674 2229 830 2270 (Vienna)
855 2230 995 2262 solidum
1009 2231 1059 2263 ci-

194 2279 307 2311 vitatis
332 2279 500 2310 Romanae
526 2278 715 2320 beneficium
737 2283 912 2312 consecuta
932 2283 991 2312 est.
1019 2297 1055 2303 -—

196 2329 404 2361 hortantibus
419 2329 626 2361 --inediam
657 2332 689 2362 et
710 2329 813 2362 lenem
834 2331 972 2372 emitum]
1003 2331 1059 2363 Sic

199 2380 322 2412 Cicero
346 2379 391 2411 ad
414 2381 482 2411 Att.
507 2380 539 2419 7,
565 2379 622 2420 ⁴4,
641 2380 680 2412 2:
705 2381 821 2412 Pacem
836 2382 966 2421 quidem
979 2382 1059 2413 hor-

198 2431 266 2463 tari
293 2439 360 2462 non
388 2430 509 2462 desino.
547 2429 592 2462 ad
622 2430 662 2469 Q.
687 2431 740 2463 Fr.
767 2431 798 2470 4,
825 2432 855 2470 4,
881 2431 941 2463 36;
981 2432 1060 2472 quid

197 2490 257 2523 eqo
279 2484 310 2513 te
330 2481 409 2513 baec
431 2480 570 2513 hortor?
598 2481 658 2514 Est
685 2482 805 2514 autem
832 2482 965 2515 dictum
995 2491 1058 2524 pro

196 2532 327 2565 inediae
347 2531 451 2563 lenem
471 2531 618 2571 avitum,
651 2532 747 2563 certe
776 2532 851 2564 sine
874 2533 1056 2573 sanguine,

198 2583 227 2615 si
250 2590 319 2615 non
342 2582 418 2614 sine
441 2590 572 2622 angore
595 2590 638 2614 ac
660 2580 850 2615 doloribus.
877 2600 913 2605 —
933 2583 1061 2624 peritu—

196 2632 284 2674 rum]
308 2632 434 2671 fuisse,
458 2634 498 2666 ut
518 2633 570 2671 ⁴5,
596 2632 656 2665 ⁴6:
687 2633 871 2665 relicturos.
903 2633 991 2666 Vide
1014 2633 1059 2665 ad

197 2683 231 2723 2,
243 2682 339 2715 3⁴.-
356 2682 510 2722 inpudico
528 2683 562 2714 V.
577 2682 645 2724 ore]
661 2691 770 2715 sensu
787 2691 872 2716 sane
889 2683 1057 2724 obsceno,

198 2741 286 2770 non,
316 2732 354 2764 ut
383 2731 439 2764 alii
460 2730 599 2771 volunt,
630 2731 675 2764 de
699 2732 799 2765 foeda
824 2733 859 2766 in
882 2732 1060 2775 loquendo

196 2781 346 2815 licentia.
360 2800 396 2806 —
410 2791 452 2815 m
465 2783 616 2823 opacitas
631 2782 788 2815 arborum
801 2784 883 2826 cet.]
900 2785 937 2816 ln
949 2784 1060 2817 hortis

197 2831 406 2865 Lucullianis
437 2833 486 2873 (c.
513 2834 549 2873 4)
579 2841 618 2865 se
649 2833 820 2866 occidisse
842 2833 993 2866 videtur.
1022 2851 1060 2857 —

197 2883 385 2915 securitatis
414 2882 626 2924 novissimae]
662 2884 844 2916 vacuitatis
873 2893 893 2915 a
919 2884 1059 2923 timore,

198 2930 465 2973 tranquillitatis,
490 2941 574 2965 cum
588 2933 726 2965 iamiam
744 2942 839 2966 mors
855 2934 886 2966 ei
903 2934 1058 2966 instaret.

199 2982 256 3014 Sic
280 2982 333 3021 46,
359 2982 394 3013 44
412 2990 420 3012 :
451 2991 492 3014 ne
512 2984 618 3015 vitam
639 2984 816 3015 novissimo
838 2983 970 3015 servicio
990 2983 1062 3023 foc-

199 3031 305 3063 daret.
341 3031 479 3064 Codicis
509 3031 611 3064 lectio
632 3033 806 3067 novissime
832 3041 957 3075 parum
980 3033 1061 3074 apte

200 3080 412 3122 significaret
433 3083 513 3113 ante
537 3084 734 3114 extremum
751 3083 892 3124 tempus
909 3082 1061 3114 eandem

201 3131 432 3164 constantiam
454 3131 487 3164 ei
509 3131 676 3165 defuisse.

243 3180 275 3214 4.
303 3181 434 3223 addere]
457 3183 642 3224 Poppaeae
665 3184 701 3215 et
722 3183 884 3216 Asiatico.
912 3200 948 3206 --
973 3183 1063 3224 equi-

201 3233 248 3263 tas
275 3231 313 3263 R.
342 3231 495 3273 illustres]
531 3231 616 3264 Vide
647 3232 693 3264 ad
723 3233 762 3270 2,
794 3233 848 3264 59.
875 3250 911 3256 —
948 3233 1064 3273 quibus

199 3281 299 3313 Petra
317 3281 577 3323 coynomontum]
600 3282 686 3315 Mire
707 3282 758 3314 sic
773 3281 937 3322 loquitur,
962 3283 1062 3323 quasi

201 3329 396 3370 ignorasset
423 3341 553 3365 nomen
584 3340 707 3364 eorum
731 3331 875 3373 gentile;
907 3331 943 3364 id
967 3332 1062 3374 quod

203 3379 302 3413 facile
330 3381 407 3414 fieri
439 3383 565 3424 potuit,
595 3383 625 3416 si
655 3382 754 3416 locus
775 3382 832 3415 hic
855 3382 1063 3424 desumptus

204 3431 281 3462 erat
301 3439 372 3464 non
393 3440 436 3465 ex
459 3433 546 3466 actis
568 3434 730 3474 senatus,
755 3432 820 3466 sed
834 3431 949 3466 velex
965 3432 1063 3465 diur-

1109 2130 1294 2170 occultata‚
1320 2132 1400 2173 quia
1418 2131 1464 2163 ad
1480 2131 1698 2164 damnandos
1714 2140 1776 2164 eos
1791 2131 1846 2163 vix
1863 2130 1974 2164 suffe-

1109 2181 1233 2219 cisset,
1260 2180 1369 2214 multo
1392 2181 1587 2224 speciosius
1609 2182 1705 2213 certe
1728 2180 1876 2214 alterum
1903 2181 1973 2214 cri-

1108 2241 1191 2264 men
1226 2233 1312 2264 erat.
1349 2250 1384 2256 -
1419 2231 1604 2273 Mnesteris]
1648 2232 1854 2274 pantomimi
1887 2232 1973 2264 tunc

1109 2280 1389 2320 celebratissimi,
1415 2289 1523 2322 quem
1546 2281 1682 2323 perdite
1706 2280 1848 2314 amabat
1866 2282 1973 2313 etiam

1108 2331 1291 2365 Messalina
1316 2333 1351 2364 et
1373 2332 1443 2364 iam
1467 2333 1548 2364 ante
1573 2331 1735 2373 Caligula.
1760 2331 1810 2364 Cf.
1837 2340 1912 2374 cap.
1930 2331 1972 2364 28

1109 2384 1144 2415 et
1167 2382 1220 2415 36.
1246 2382 1310 2414 Dio
1335 2382 1389 2422 60,
1409 2382 1462 2414 22.
1480 2382 1533 2414 28.
1559 2382 1702 2414 Sueton.
1721 2381 1826 2423 Calig.
1844 2381 1898 2415 36.
1916 2382 1970 2414 55.

1109 2433 1163 2464 57.
1192 2448 1227 2454 —
1258 2433 1367 2472 spicea
1388 2431 1523 2473 corona]
1555 2440 1645 2472 quae
1669 2432 1808 2464 Cereris
1831 2432 1972 2474 propria

1111 2484 1147 2514 et
1169 2481 1316 2514 fratrum
1338 2482 1423 2514 item
1447 2480 1633 2521 arvalium,
1663 2483 1702 2514 ut
1723 2481 1851 2514 Plinius
1875 2482 1974 2514 notat

1110 2533 1168 2571 48,
1193 2532 1225 2564 2.
1261 2532 1399 2564 Corona
1422 2540 1483 2571 ea,
1507 2530 1592 2564 alias
1615 2540 1686 2563 non
1708 2530 1840 2571 infelix,
1867 2540 1972 2564 omen

1108 2582 1206 2614 triste
1230 2581 1369 2620 habuit,
1399 2580 1494 2622 quod
1522 2581 1628 2623 spicis
1651 2582 1746 2614 esset
1766 2583 1863 2614 retro
1887 2590 1973 2614 con-

1108 2632 1238 2672 versis,
1263 2632 1354 2664 sicut
1376 2631 1470 2672 quod
1493 2633 1574 2664 ante
1589 2639 1744 2673 pugnam
1758 2632 1793 2664 in
1808 2630 1972 2674 Philippis

1110 2691 1240 2715 corona
1264 2682 1404 2714 inversa
1422 2682 1542 2715 Cassio
1558 2682 1731 2724 imposita.
1759 2681 1856 2723 (Plut.
1874 2683 1970 2715 Brut.

1110 2732 1177 2773 56.)
1202 2733 1287 2764 ers.
1315 2749 1351 2754 —
1383 2732 1582 2773 aravitatem
1604 2731 1770 2773 annonae]
1796 2731 1846 2765 Cf.
1865 2732 1897 2772 6,
1915 2732 1969 2764 43.

1111 2782 1221 2815 Plaut.
1247 2781 1352 2814 Stich.
1378 2781 1411 2822 4,
1434 2782 1467 2821 2,
1492 2783 1552 2815 52:
1582 2783 1690 2820 Vides,
1714 2785 1752 2814 ut
1773 2791 1908 2814 annona
1927 2784 1974 2814 est

1108 2833 1234 2873 yravis.
1263 2850 1299 2854 —
1325 2831 1472 2873 dimisset]
1499 2831 1727 2873 brachylogia
1749 2840 1814 2874 pro
1838 2831 1974 2872 «signi-

1110 2881 1208 2914 ficari
1238 2881 1464 2923 praedicique
1494 2881 1672 2914 dixisset.»
1698 2900 1734 2906 —
1759 2883 1973 2923 pampineam

1113 2931 1195 2972 cet.]
1219 2931 1461 2963 Artemidorus
1483 2931 1515 2970 4,
1541 2931 1581 2963 ’Π
1604 2940 1640 2973 p.
1666 2932 1728 2964 440
1751 2931 1852 2965 Reiff:
1881 2930 1973 2963 Στέ-

1111 2990 1236 3021 φανος
1262 2976 1436 3022 ἀμπέλου
1466 2980 1532 3013 καὶ
1565 2979 1704 3014 κισσοῦ
1733 2978 1869 3024 μόνοις
1890 2982 1972 3021 τοῖς

1112 3030 1193 3076 περὶ
1226 3026 1293 3062 τὸν
1323 3028 1511 3064 Διόνυσον
1544 3032 1730 3072 τεχνίταις
1760 3031 1946 3077 συμφέρει
1961 3040 1969 3048 ·

1110 3084 1192 3121 τοῖς
1225 3079 1265 3113 δὲ
1298 3077 1428 3122 ἄλλοις
1460 3079 1583 3125 δεσμὰ
1612 3083 1791 3125 σημαίνει
1819 3077 1882 3113 διὰ
1902 3077 1972 3122 τὰς

1110 3126 1238 3172 ἕλικας
1266 3132 1332 3164 καὶ
1361 3129 1430 3174 τὰς
1459 3130 1706 3179 προσπλοκὰς
1727 3130 1794 3165 τοῦ
1817 3129 1970 3172 κισσοῦ,

1110 3177 1136 3225 ἢ
1171 3179 1288 3215 νόσον
1317 3180 1379 3216 διὰ
1407 3179 1539 3216 ταύτά.
1576 3184 1741 3216 Ceterum
1769 3183 1826 3215 hic
1848 3183 1971 3216 mortis

1111 3232 1315 3273 significatio
1338 3234 1427 3267 inest
1449 3234 1485 3266 in
1500 3233 1683 3266 albentibus
1694 3233 1793 3274 foliis.
1814 3249 1848 3255 —
1867 3233 1972 3266 inter-

1108 3283 1292 3326 pretatum]
1323 3283 1397 3317 scil.
1422 3285 1577 3323 Petram,
1602 3292 1673 3315 non
1695 3281 1867 3315 Suillium:
1898 3291 1971 3316 non

1112 3334 1183 3366 tam
1206 3334 1382 3367 somnium
1405 3334 1541 3366 crimini
1564 3333 1714 3365 dabatur
1735 3340 1841 3373 quam
1867 3333 1972 3366 inter-

1111 3384 1260 3424 pretatio
1289 3384 1428 3417 somnii.
1457 3402 1492 3407 —-
1522 3383 1668 3425 insignia
1690 3385 1875 3423 praeturae
1895 3384 1971 3417 on·-

1109 3433 1203 3475 spt'no
1224 3434 1366 3481 decreta]
1398 3433 1498 3467 Idem
1522 3433 1575 3474 46,
1598 3433 1640 3466 47
1663 3432 1888 3467 consularibus
1913 3434 1970 3467 in-
