2254 3770
811 303 967 354 LIBER
993 303 1101 347 XIII.
1146 303 1246 362 Cap.
1275 303 1344 347 27.
1373 303 1442 348 28.
1930 300 2005 345 444

234 411 344 455 duas
370 410 540 469 species
568 410 802 462 institutas,
832 417 879 454 ut
904 410 1220 469 relinqueretur
1247 412 1532 469 paenitentiae
1558 417 1632 455 aut
1658 424 1772 455 novo
1803 410 2012 454 beneficio

232 485 365 530 locus.
409 498 520 543 quos
564 485 747 530 vindicta
790 492 995 544 patronus
1029 499 1114 530 non
1154 486 1419 539 liberaverit,
1466 486 1581 531 velut
1617 485 1757 531 vinclo
1796 485 2011 529 servitutis

229 560 408 604 attineri.
445 560 676 618 dispiceret
702 561 888 619 quisque
918 562 1069 605 merita
1097 561 1307 620 tardeque
1337 562 1595 607 concederet
1622 560 1904 620 quod-datum
1926 574 2011 604 non

228 635 502 680 adimeretur.
551 636 659 680 baec
687 636 897 680 sententia
925 636 1074 688 valuit,
1112 637 1370 695 scripsitque
1402 638 1561 681 Caesar
1589 636 1774 688 senatui,
1815 636 2012 693 privatim

228 710 520 769 expenderent
539 724 713 754 causam
735 710 994 764 libertorum,
1024 712 1223 770 quotiens
1243 725 1269 755 a
1287 712 1479 770 patronis
1501 718 1800 770 arguerentur:
1831 711 1875 754 in
1895 721 2043 755 com-s

226 800 354 830 mune
384 785 486 829 nihil
513 785 782 843 derogarent.
813 800 894 830 nec
912 785 1045 830 multo
1064 793 1162 845 post
1181 793 1356 845 ereptus
1375 788 1530 831 amitae
1549 787 1727 831 libertus
1747 787 1867 831 Paris
1887 787 2010 845 quasi

226 861 319 904 iure
339 861 474 913 civili,
507 874 591 904 non
620 861 713 905 sine
745 861 915 905 infamia
942 861 1164 919 principis,
1197 862 1320 906 cuius
1350 862 1469 906 iussn
1498 869 1791 920 perpetratum
1818 861 2013 919 ingenui-

225 936 319 980 tatis
351 936 555 981 iudicinm
585 943 688 980 erat.

338 1011 420 1068 (28)
465 1011 663 1055 Manebat
699 1011 830 1055 nihilo
860 1012 999 1056 minus
1028 1011 1243 1071 quaedam
1270 1012 1412 1070 imago
1440 1013 1504 1056 rei
1533 1028 1574 1071 p.
1605 1026 1702 1056 nam
1731 1013 1840 1056 inter
1868 1011 2013 1057 Vibul-

225 1086 329 1130 lium
358 1093 602 1145 praetorem
630 1093 673 1130 et
701 1086 845 1144 plebei
874 1087 1090 1130 tribunum
1119 1087 1342 1131 Antistium
1372 1094 1511 1132 ortum
1531 1094 1769 1138 certamen,
1799 1087 1916 1146 quod
1947 1087 2062 1130 in-40

223 1161 443 1205 modestos
486 1161 672 1205 fautores
716 1161 967 1205 histrionum
1005 1169 1048 1206 et
1085 1175 1111 1205 a
1150 1168 1347 1220 praetore
1388 1163 1430 1205 in
1460 1162 1598 1207 vincla
1627 1163 1779 1207 ductos
1814 1163 2011 1206 tribunus

224 1236 358 1280 omitti
389 1236 597 1280 iussisset.
627 1236 949 1294 conprobavere
970 1245 1132 1295 patres,
1160 1238 1352 1293 incusata
1370 1238 1533 1281 Antistii
1555 1238 1735 1282 licentia.
1767 1237 1891 1282 simul
1910 1252 2005 1296 pro-

223 1311 342 1355 hibiti
373 1311 530 1355 tribuni
561 1311 627 1354 ius
657 1319 903 1369 praetorum
932 1319 974 1356 et
1003 1313 1227 1357 consulum
1255 1313 1522 1371 praeripere,
1553 1319 1627 1357 aut
1645 1327 1801 1357 vocare
1820 1327 1875 1357 ex
1893 1313 2009 1357 Italia

224 1400 322 1431 cum
352 1386 511 1444 quibus
541 1386 636 1444 lege
666 1387 733 1446 agi
763 1395 922 1445 posset.
958 1387 1122 1431 addidit
1140 1389 1184 1431 L.
1206 1389 1325 1439 Piso,
1357 1388 1606 1446 designatus
1627 1389 1796 1440 consul,
1830 1403 1883 1433 ne
1904 1389 2006 1447 quid

286 1507 319 1539 4.
341 1507 540 1548 penitentiae
561 1507 595 1540 M
619 1524 655 1530 —
682 1506 714 1540 4.
739 1507 796 1540 hec
817 1509 851 1542 M
879 1526 912 1531 -
938 1508 1127 1550 scriptaque
1149 1510 1182 1542 M
1206 1509 1347 1550 (scripsit
1369 1509 1503 1551 margo)
1530 1496 1565 1532 -“
1593 1510 1624 1542 5.
1650 1518 1754 1542 causa
1776 1511 1810 1543 M
1836 1524 1871 1532 -
1898 1510 1930 1543 6.
1953 1509 2009 1542 m·-

219 1562 285 1595 ehil
306 1564 339 1596 Μ
365 1581 399 1587 -
426 1564 625 1606 deroqarent
646 1563 824 1597 Muretus:
850 1565 1005 1607 derogent
1027 1566 1060 1598 Μ
1086 1583 1122 1589 -
1157 1566 1258 1598 amite
1280 1566 1313 1598 Μ
1340 1583 1375 1589 -
1402 1565 1433 1599 9.
1458 1566 1579 1599 nichilo
1601 1567 1634 1599 M
1660 1583 1694 1589 —
1720 1566 1891 1599 bibullium
1912 1567 1945 1600 Μ
1970 1584 2005 1590 -

221 1619 263 1654 43
286 1620 323 1652 et
345 1619 398 1654 ⁴4.
423 1629 489 1653 cos.
515 1621 560 1653 Μ.

220 1726 347 1759 Duum
369 1744 404 1749 —
423 1725 587 1768 decurias]
604 1725 747 1768 collegia
765 1726 975 1767 scribarum,
993 1727 1091 1760 licto-

219 1785 312 1815 rum,
322 1777 510 1816 viatorum,
522 1785 752 1819 praeconum,
760 1786 995 1811 accensorum
1004 1780 1071 1811 cet.
1079 1804 1087 1818 ,

221 1834 313 1868 quae
336 1827 464 1868 partim
486 1827 614 1859 iterum
643 1826 885 1868 significantur
906 1829 1090 1869 sequenti·

220 1875 289 1909 bus
309 1877 497 1909 ministeria
519 1878 587 1909 cet.
613 1878 740 1910 Dasea.
761 1895 797 1901 --
820 1878 968 1910 cohortes
988 1879 1090 1911 eliam

218 1927 255 1958 in
286 1925 367 1958 urbe
398 1927 620 1969 conscriptas]
655 1927 677 1959 i.
710 1935 741 1959 e.
768 1929 840 1960 tres
869 1927 1024 1960 urbanas
1054 1929 1090 1960 et

219 1977 357 2018 septem
386 1975 548 2017 vigilum,
582 1976 627 2009 de
657 1976 785 2017 quibus
813 1977 895 2010 vide
919 1977 965 2010 ad
988 1977 1027 2017 4,
1053 1979 1086 2010 5.

219 2025 272 2058 Cf.
296 2020 479 2065 straho's,
504 2025 536 2061 3.
555 2026 575 2058 7
600 2035 634 2067 p.
656 2027 731 2059 235,
756 2026 857 2059 Adde
874 2028 905 2066 4,
924 2027 959 2059 34
978 2037 985 2059 :
1009 2036 1088 2060 ver-

218 2076 343 2109 nacula
364 2076 562 2116 multitudo,
585 2085 692 2117 nuper
711 2080 787 2109 acto
807 2078 845 2110 in
859 2077 940 2110 urbe
955 2077 1087 2117 dilectu,

219 2125 378 2158 lasciviae
398 2129 504 2158 sueta.
526 2143 561 2148 —
585 2126 841 2158 manumittendi
859 2127 944 2159 duas
957 2128 1087 2168 species]

219 2174 365 2208 alteram
381 2176 510 2208 iustam
527 2176 564 2208 et
578 2175 786 2217 legitimam,
810 2178 961 2210 vindicta
976 2178 1088 2217 (cuius

219 2224 327 2259 solius
349 2226 510 2258 meminit
529 2226 677 2266 Tacitus)
702 2227 763 2258 aut
782 2235 883 2258 censu
904 2228 965 2259 aut
986 2230 1088 2259 lesta-

218 2277 346 2315 mento,
371 2284 441 2316 qua
465 2276 524 2317 qui
549 2275 888 2309 manumittebantur
911 2277 1007 2309 cives
1025 2278 1090 2309 Ro-

218 2326 315 2357 mani
330 2325 481 2363 fiebant3
507 2324 654 2358 alteram
671 2325 926 2367 imperfectam,
941 2335 1003 2367 per
1017 2328 1089 2366 epi-

218 2375 338 2407 stolam
367 2371 428 2408 aut
453 2376 542 2407 inter
571 2376 696 2408 amicos
722 2377 783 2408 aut
811 2377 981 2417 convivio,
1017 2385 1087 2418 qua

219 2426 425 2458 manumissi
441 2425 660 2458 Latinitatem
673 2425 960 2467 adipiscebantur
975 2428 1011 2459 et
1025 2428 1090 2459 La-

218 2475 280 2508 tini
305 2475 441 2507 Iuniani
469 2484 512 2507 ex
542 2474 619 2516 lege
647 2476 745 2508 lunia
766 2475 997 2509 vocabantur.
1034 2476 1084 2510 Cf.

219 2523 352 2566 Ulpiani
375 2525 458 2557 Exc.
484 2526 520 2569 l,
546 2525 588 2567 §5
611 2526 742 2558 5-44.
778 2526 913 2558 Seneca
941 2526 987 2559 de
1010 2527 1086 2559 Vita

218 2574 323 2608 beata
346 2574 407 2608 24:
443 2575 638 2608 Hominibus
660 2577 816 2615 prodesse
835 2579 965 2610 natura
986 2577 1087 2618 iubet,-

218 2626 304 2657 servi
325 2624 459 2658 liberive
475 2626 560 2665 sint,
584 2626 720 2666 inqenui
735 2635 781 2658 an
795 2626 956 2667 libertini,
980 2628 1088 2660 iustae

218 2674 380 2707 libertatis
401 2684 448 2706 an
470 2677 558 2707 inter
580 2677 706 2708 amicos
726 2677 836 2709 datae.
858 2694 893 2699 --
916 2679 1088 2718 paeniten-

218 2724 295 2766 tiae]
320 2725 559 2757 Paenitentiae
582 2727 638 2757 est
661 2734 731 2757 non
748 2725 834 2758 dare
850 2734 1020 2768 umquam
1037 2728 1087 2759 iu-

218 2775 309 2806 stam
333 2773 544 2813 libertatem,
570 2776 670 2808 cuius
693 2783 795 2817 spem
820 2775 965 2814 feceris;
991 2776 1086 2818 quod

219 2823 268 2862 fit,
294 2823 324 2856 si
339 2824 466 2865 prioris
483 2823 646 2857 beneficii
663 2827 830 2866 paenitet.
849 2826 928 2858 Ena.
948 2843 979 2848 —
1001 2835 1087 2858 novo

218 2873 380 2915 beneflcio]
405 2875 427 2906 i.
450 2883 482 2906 e.
507 2876 772 2908 manumissioni
794 2885 860 2918 per
882 2877 1083 2909 vindictam.

219 2922 305 2956 Plin.
331 2924 418 2965 Epp.
443 2924 476 2961 7.
500 2925 554 2965 46,
571 2925 609 2957 3:
634 2925 767 2966 Confido
789 2927 890 2962 facile
909 2936 961 2959 me
982 2928 1087 2967 impe-

219 2975 390 3004 trecarum
417 2976 456 3006 ut
477 2982 522 3006 ex
542 2974 661 3007 itinere
682 2976 832 3016 deflectat
853 2977 899 3008 ad
920 2980 950 3008 te
973 2975 1086 3017 (Cale—

219 3023 326 3056 strius
341 3023 432 3061 Tiro,
450 3032 514 3064 pro
526 3024 670 3057 consule
686 3027 885 3066 provinciae
897 3027 1085 3067 Baeticae).

218 3074 246 3105 si
267 3073 357 3104 voles
377 3073 525 3105 vindicta
546 3074 689 3106 liberare
706 3075 868 3116 (vindicta
885 3076 979 3108 enim
997 3075 1087 3108 libe-

220 3122 391 3155 rabantur
405 3123 500 3164 apud
512 3126 766 3165 magistratum,
782 3125 877 3158 velut
887 3125 1084 3165 consulem,

220 3172 469 3215 proconsulem
492 3175 753 3215 praetoremve)
776 3185 857 3216 quos
866 3178 1024 3216 proxime
1037 3178 1087 3208 in—

219 3226 270 3255 ter
291 3224 416 3256 amicos
435 3225 670 3257 manumisisti.
699 3243 734 3247 —
768 3226 855 3257 velut
881 3226 990 3257 vinclo
1014 3235 1087 3258 ser-

217 3274 335 3305 vitutis
354 3274 502 3314 attineri]
533 3274 682 3306 Institut.
707 3274 739 3312 3,
764 3275 796 3313 7,
821 3274 860 3307 4:
890 3275 1087 3308 Latinorum

222 3324 469 3364 (lunianornm)
485 3325 700 3356 successiones
711 3325 825 3356 nullae
833 3326 963 3365 penitus
976 3329 1086 3366 erant,

221 3373 278 3414 qui
300 3373 374 3405 licet
394 3377 433 3406 ut
453 3374 548 3406 liberi
561 3375 668 3406 vitam
683 3383 779 3406 suam
791 3374 1006 3416 peragebant,
1030 3380 1086 3408 at·

219 3424 328 3455 tamen
347 3424 419 3464 ipso
440 3425 556 3457 ultimo
571 3425 693 3466 spiritu
707 3424 805 3457 simul
818 3426 968 3457 animam
984 3429 1085 3467 atque

1138 1728 1324 1761 libertatem
1338 1728 1549 1768 amittebant,
1573 1732 1616 1769 et,
1641 1730 1738 1770 quasi
1751 1738 1936 1768 servorum,
1959 1730 2010 1762 ita

1139 1778 1225 1811 bona
1246 1787 1362 1811 eorum
1382 1779 1456 1810 iure
1471 1779 1712 1819 quodammodo
1729 1779 1853 1820 peculii
1874 1788 1919 1812 ex
1940 1780 2009 1821 leae

1137 1829 1237 1861 lania
1265 1829 1523 1861 manumissores
1545 1829 1742 1862 detinebant.
1771 1847 1807 1853 —
1831 1830 2007 1872 privatim]

1138 1879 1278 1921 propria
1295 1881 1331 1911 et
1345 1880 1505 1920 separata
1521 1878 1566 1911 de
1581 1880 1752 1921 cuiusque
1769 1878 1884 1912 liberti
1900 1888 2007 1913 eausa

1140 1929 1349 1969 cognitione.
1367 1946 1402 1951 ——
1421 1930 1547 1961 amitae
1561 1929 1698 1962 libertus
1712 1929 1817 1971 Paris]
1834 1930 1884 1962 Cf.
1904 1939 1936 1964 c.
1952 1930 2004 1964 49.

1138 1979 1252 2018 Paris,
1279 1979 1339 2020 qui
1361 1979 1475 2020 pretio
1497 1978 1580 2011 dato
1603 1988 1622 2011 a
1642 1980 1792 2012 Domitia
1817 1981 2008 2013 manumis-

1138 2038 1199 2062 sus
1229 2031 1321 2068 erat‚
1358 2029 1393 2061 id
1423 2029 1577 2071 pretium
1607 2038 1627 2061 a
1657 2032 1803 2071 patrona
1833 2031 2005 2072 repetivit,

1138 2081 1238 2121 quasi
1272 2080 1445 2120 ingenuus
1480 2079 1620 2119 fuisset,
1661 2089 1877 2121 causamque
1913 2081 2005 2122 apud

1137 2130 1292 2163 iudicem
1319 2130 1401 2162 vicit
1429 2138 1447 2161 a
1477 2131 1615 2163 Nerone
1650 2130 1801 2164 adiutus.
1844 2130 2007 2172 Ulpianus

1138 2181 1213 2221 Dig.
1241 2181 1294 2217 ⁴2,
1319 2178 1358 2218 4,
1383 2180 1415 2218 3,
1433 2180 1471 2212 5:
1497 2181 1656 2213 Neratius
1677 2181 1771 2214 libris
1792 2181 2008 2214 Membrana-

1136 2239 1214 2262 rum
1234 2229 1352 2270 refert,
1377 2229 1531 2262 Paridem
1544 2231 1792 2270 pantomimum
1806 2240 1830 2263 a
1845 2232 2006 2271 Domitia,

1137 2280 1278 2312 Neronis
1297 2279 1370 2320 tilia
1394 2279 1514 2319 (immo
1537 2280 1654 2320 amita)
1677 2281 1786 2313 decem
1809 2281 2004 2322 (sestertia),

1138 2339 1225 2371 quae
1254 2330 1283 2362 ei
1304 2338 1371 2370 pro
1392 2329 1544 2362 libertate
1569 2331 1721 2370 dederat,
1752 2333 1921 2372 repetiisse
1945 2340 2007 2372 per

1135 2380 1297 2419 iudicem,
1327 2387 1386 2411 nec
1414 2379 1515 2419 fuisse
1544 2382 1750 2421 quaesitum,
1782 2390 1828 2414 an
1858 2381 2007 2414 Domitia

1137 2431 1241 2462 sciens
1262 2429 1402 2462 liberum
1427 2430 1613 2469 accepisset.

1180 2480 1234 2512 28.
1258 2479 1449 2521 Antistium]
1477 2480 1677 2513 Sosianum.
1715 2480 1766 2515 Cf.
1793 2481 1845 2521 ⁴4,
1870 2480 1923 2514 48.
1950 2482 2003 2518 46,

1137 2530 1190 2563 ⁴4.
1215 2531 1269 2563 2⁴.
1298 2531 1382 2563 nist.
1408 2530 1445 2570 4,
1471 2530 1525 2563 44.
1553 2548 1589 2554 -
1619 2531 1862 2571 conprobavere
1879 2533 2004 2573 patres]

1137 2580 1210 2613 scil.
1245 2580 1280 2612 id
1303 2580 1399 2622 quod
1423 2582 1566 2623 praetor
1587 2581 1730 2614 fecerat.
1758 2600 1795 2606 --
1819 2591 1940 2614 vocare
1961 2591 2006 2615 ex

1134 2631 1246 2673 Italia]
1271 2640 1352 2664 reos
1374 2632 1411 2663 in
1433 2633 1561 2670 rostra,
1585 2632 1621 2664 id
1638 2631 1734 2673 quod
1749 2631 1832 2665 olim
1855 2632 2004 2666 tribunis

1136 2680 1182 2722 pl.
1219 2690 1264 2713 ne
1299 2681 1333 2712 in
1366 2680 1456 2713 urbe
1491 2681 1637 2722 quidem
1672 2684 1747 2714 erat
1777 2691 2001 2715 concessum.

1137 2731 1256 2764 Ateius
1285 2731 1406 2773 Capito
1434 2731 1544 2773 (apud
1567 2731 1714 2765 Gellium
1737 2734 1777 2766 N.
1803 2734 1842 2765 A.
1869 2733 1921 2771 43,
1947 2734 2001 2771 42,

1135 2781 1166 2822 4)
1192 2782 1237 2814 de
1253 2782 1400 2814 Antistio
1424 2782 1607 2815 Labeone:
1634 2783 1716 2816 Cum
1738 2792 1761 2815 a
1781 2784 1920 2815 muliere
1940 2784 2004 2815 tri-

1135 2831 1215 2863 buni
1239 2831 1289 2871 pl.
1315 2832 1493 2863 adversum
1522 2841 1598 2863 eum
1629 2833 1712 2864 aditi
1742 2833 1930 2866 Gellianum
1958 2834 2003 2865 ad

1135 2890 1209 2913 eum
1236 2883 1416 2921 misissent,
1446 2885 1484 2912 ut
1510 2883 1639 2915 veniret
1660 2886 1692 2915 et
1711 2885 1842 2916 mulieri
1864 2892 2003 2923 respon-

1136 2931 1244 2969 deret,
1267 2932 1365 2963 iussit
1386 2939 1478 2970 eum,
1503 2932 1561 2973 qui
1581 2933 1702 2965 ”fissus
1722 2936 1814 2973 erat,
1842 2934 1951 2966 redire
1972 2937 2003 2966 et

1135 2979 1276 3011 tribunis
1304 2981 1428 3020 dicere,
1458 2982 1511 3013 ius
1540 2990 1595 3014 eos
1615 2991 1682 3014 non
1704 2983 1824 3015 habere
1846 2992 1949 3023 neque
1969 2992 2002 3016 se

1134 3037 1240 3070 neque
1271 3030 1379 3062 alium
1411 3039 1610 3071 quemquam
1642 3034 1806 3073 vocandi,
1845 3034 2003 3073 qnoniam

1134 3078 1281 3111 moribus
1301 3080 1470 3113 maiorum
1491 3081 1615 3114 tribuni
1638 3082 1685 3122 pl.
1708 3085 1916 3123 prensionem
1937 3083 2001 3115 ha—

1136 3127 1265 3166 berent,
1288 3130 1493 3163 amotionem
1512 3140 1578 3163 non
1593 3131 1768 3164 haberent:
1785 3140 1882 3172 posse
1894 3132 2002 3174 igitur

1135 3186 1189 3210 eos
1216 3179 1328 3211 venire
1355 3183 1387 3212 et
1413 3181 1534 3220 prendi
1558 3190 1593 3213 se
1613 3181 1742 3221 iubere,
1777 3183 1833 3214 sed
1858 3184 2002 3215 vocandi

1135 3228 1297 3261 absentem
1317 3231 1372 3262 ius
1391 3239 1458 3262 non
1480 3231 1609 3263 habere.
1637 3249 1673 3254 —
1701 3233 1736 3264 L.
1757 3232 1840 3273 Piso]
1865 3234 1901 3265 L.
1920 3232 2001 3266 Cal-

1135 3280 1250 3320 purnii
1278 3281 1430 3319 Pisonis,
1463 3280 1618 3313 consulis
1647 3290 1678 3313 a.
1704 3291 1739 3314 u.
1765 3282 1829 3315 780
1855 3282 1898 3323 (4,
1924 3283 1997 3324 δί),

1135 3327 1245 3368 filius,
1270 3331 1412 3362 curator
1434 3339 1606 3370 aquarum
1631 3331 1742 3369 (annis
1761 3331 1944 3373 843-846)
1965 3336 2000 3365 et

1134 3377 1243 3411 frater
1256 3378 1403 3413 Arvalis.
1429 3380 1479 3412 Cf.
1498 3388 1528 3412 c.
1547 3379 1600 3412 34.
1623 3381 1676 3417 45,
1699 3381 1749 3413 48.
1776 3382 1927 3416 Frontin.
1952 3383 1997 3416 de

1133 3429 1285 3470 aquaed.
1310 3438 1341 3462 c.
1369 3430 1443 3462 ⁴02.
1481 3429 1603 3462 Marini
1625 3429 1697 3463 tab.
1722 3431 1794 3472 XV,
1819 3432 1854 3463 44
1883 3434 1920 3465 et
1940 3433 1994 3465 20.
