2254 3770
741 614 798 663 P.
850 611 1268 664 CORNELII
1314 610 1617 664 TACITI

611 758 682 816 A
767 756 834 816 N
919 757 985 816 N
1068 757 1140 815 A
1224 756 1287 816 1.
1378 754 1423 814 1
1512 756 1580 818 {J
1663 757 1748 818 M

830 906 895 947 AB
922 904 1160 947 EXCESSU
1183 905 1286 946 DIVI
1310 904 1530 946 AUGUSTI

926 1031 1083 1075 LIBER
1111 1029 1431 1076 UNDECIMUS.

885 1262 1268 1303 BREVIARIUM
1296 1262 1470 1303 LIBRI.

289 1352 363 1390 cap.
385 1352 413 1383 1.
434 1352 463 1383 2.
484 1352 513 1381 3.
536 1351 683 1382 Valerius
703 1350 863 1381 Asiaticus
884 1358 903 1380 a
923 1350 1035 1381 Suillio
1056 1354 1089 1381 et
1113 1351 1240 1382 Sosibio
1261 1354 1434 1382 accusatus
1453 1352 1568 1382 fraude
1587 1351 1782 1382 Messalinae
1800 1354 1834 1382 et
1845 1351 1962 1383 Vitellii
1980 1359 2078 1383 ever—

326 1404 420 1442 titur,
442 1405 475 1433 et
493 1402 598 1433 hilare
617 1401 766 1432 moritur.
795 1401 824 1431 4.
845 1402 1013 1432 Somnium
1034 1403 1191 1432 saevitiae
1211 1409 1323 1432 causa.
1357 1403 1386 1432 5.
1407 1402 1442 1432 In
1462 1401 1634 1439 perfidiam
1653 1402 1884 1433 advocatorum
1902 1402 1957 1433 lex
1970 1398 2079 1433 Cincla

325 1454 495 1491 flagitatur.
536 1454 564 1484 6.
584 1454 614 1483 7.
634 1453 792 1483 Praemiis
812 1461 870 1490 pro
890 1454 1069 1490 patrocimo
1089 1454 1207 1483 modus
1226 1454 1357 1491 ponitur
1376 1460 1396 1483 a
1414 1454 1572 1491 principe.

365 1505 394 1534 8.
421 1504 528 1534 Parthi
555 1504 755 1534 discordant.
788 1504 943 1533 Gotarzes
970 1504 1087 1541 pulsus
1107 1504 1196 1534 vires
1215 1506 1355 1541 reparat.
1394 1504 1422 1534 9.
1443 1504 1562 1534 Pacem
1580 1504 1638 1533 init
1657 1510 1735 1534 cum
1753 1503 1912 1534 Vardane.
1952 1504 1999 1534 ⁴0.
2020 1503 2079 1534 Hic

324 1555 430 1586 victor
448 1561 467 1584 a
487 1555 557 1584 suis
578 1556 735 1584 caeditur.

364 1605 409 1636 ll.
439 1604 519 1635 Ludi
554 1606 752 1636 saeculares.
804 1604 962 1636 Domitius
996 1604 1082 1635 Nero
1113 1605 1293 1636 destinatur
1326 1605 1474 1642 imperio.
1525 1605 1572 1636 42.
1598 1605 1772 1635 Messalina
1798 1604 1913 1634 Silium
1939 1604 2076 1641 deperit.

328 1655 374 1686 13.
397 1654 548 1685 Claudius
568 1652 655 1685 aliud
678 1655 751 1692 agit.
777 1654 882 1693 Leges
902 1657 973 1686 fert.
1002 1656 1109 1686 Novas
1128 1655 1307 1686 litterarum
1326 1657 1448 1686 formas
1467 1656 1587 1692 vulgat.
1627 1655 1674 1686 ⁴4.
1694 1657 1741 1686 De
1760 1656 1940 1686 litterarum
1959 1655 2077 1686 inven—

327 1707 463 1737 toribus.
503 1706 550 1736 45.
572 1706 724 1736 Claudius
742 1707 935 1743 haruspices
955 1708 1071 1737 firmat.
1987 1740 1992 1750 .

364 1758 411 1788 46.
440 1757 572 1787 Italicus
601 1765 658 1787 rex
689 1758 863 1787 Cheruscis
891 1759 1078 1795 petentibus
1108 1758 1211 1788 datur.
1250 1757 1297 1787 47.
1322 1757 1396 1787 Mox
1424 1757 1466 1786 de
1492 1765 1532 1787 eo
1560 1757 1723 1787 discordia
1748 1757 1853 1793 gentis
1883 1758 1916 1786 et
1941 1753 2076 1788 bellum.

327 1809 373 1839 18.
402 1808 609 1840 Rebellantes
637 1808 787 1839 Chaucos
813 1808 950 1839 Corbulo
975 1810 1132 1846 reprimit.
1172 1809 1202 1839 Is
1228 1816 1346 1839 severe
1371 1809 1436 1846 agit
1462 1808 1496 1838 in
1521 1809 1651 1838 milites.
1692 1807 1738 1838 49.
1763 1808 1883 1837 Frisios
1902 1806 2077 1843 componit.

326 1859 533 1889 Gannascum
554 1860 663 1889 caedit
691 1861 739 1890 20.
761 1860 864 1890 Ardor
883 1861 955 1890 eius
975 1868 994 1890 a
1006 1860 1138 1890 Claudio
1159 1868 1345 1897 repressus.
1365 1860 1498 1890 Fossam
1517 1860 1601 1889 inter
1619 1859 1743 1889 Mosam
1761 1861 1795 1888 et
1814 1858 1961 1888 Rhenum
1974 1857 2077 1888 ducit.

326 1909 468 1946 Insignia
487 1910 642 1947 triumphi
663 1910 692 1939 ei
712 1910 847 1941 indulta.
886 1911 935 1941 2l.
956 1911 1010 1940 Sic
1030 1913 1063 1941 et
1082 1910 1189 1940 Curtio
1209 1911 1301 1940 Rufo.
1340 1911 1387 1941 22.
1410 1910 1533 1940 Nonius
1552 1911 1647 1947 perit.
1678 1910 1725 1940 De
1744 1909 1932 1947 spectaculo
1952 1906 2078 1945 gladia-

328 1962 436 1990 torum
454 1963 487 1990 et
506 1961 747 1996 quaestoribus.
776 1962 779 1965 ’

362 2011 411 2042 23.
438 2009 487 2041 24.
515 2011 598 2040 Galli
625 2011 789 2040 civitatem
817 2011 945 2047 plenam
970 2011 1122 2041 affectant
1148 2013 1181 2041 et
1205 2011 1353 2048 principe
1371 2011 1594 2048 patrocinante
1616 2010 1665 2042 25.
1694 2010 1885 2048 impetrant,
1911 2011 1946 2040 et
1969 2008 2081 2047 primo.

328 2061 463 2098 quidem
483 2061 597 2091 Aedui.
631 2060 757 2089 Patricii
778 2061 929 2097 suppleti.
961 2060 1111 2090 Lustrum
1132 2060 1310 2090 conditum.

362 2111 410 2142 26.
430 2111 606 2141 Messalina
625 2118 736 2140 amore
756 2118 895 2140 vaecors
914 2110 963 2141 27.
985 2111 1061 2140 Silio
1081 2112 1193 2152 palam·
1209 2112 1312 2141 nubit.
1351 2111 1399 2143 28.
1422 2111 1602 2140 Turbantur
1620 2110 1727 2139 aulici.
1765 2110 1812 2141 29.
1833 2110 1881 2140 30.
1901 2109 2077 2141 Narcissus

326 2169 385 2199 per
409 2162 535 2198 pelices
561 2169 632 2191 rem
653 2162 765 2191 defert.
798 2161 846 2191 3⁴.
869 2162 1021 2192 Claudius
1042 2162 1189 2199 trepidat.
1220 2162 1394 2192 Messalina
1414 2162 1602 2192 bacchatur.
1635 2160 1681 2191 32.
1703 2160 1821 2190 Preces
1839 2168 1901 2198 per
1913 2160 2075 2190 Vestalem

325 2215 427 2250 parat.
462 2209 515 2252 331
542 2211 714 2241 Narcissus
744 2213 924 2249 principem
951 2214 1117 2241 nutantem
1148 2213 1270 2242 incitat.
1307 2211 1354 2243 34.
1376 2213 1495 2242 Preces
1515 2211 1674 2240 amolitur.
1712 2210 1761 2240 35.
1781 2210 1830 2240 36.
1850 2211 2012 2248 Sontium,
2042 2211 2076 2240 in

325 2264 376 2293 his
392 2263 575 2299 Mnesteris,
592 2264 790 2300 supplicium
804 2266 909 2299 urget.
931 2263 978 2293 37.
993 2263 1040 2293 38.
1055 2263 1261 2293 Messalinam
1273 2264 1448 2301 languente
1461 2263 1619 2300 principe,
1636 2262 1712 2291 dein
1725 2261 1846 2300 ignaro,
1864 2261 1958 2292 caedi
1972 2263 2074 2292 curat.

363 2315 452 2344 Haec
482 2317 573 2350 gesta
598 2315 690 2344 annis
716 2315 784 2344 fere
810 2315 957 2353 duobus,
987 2315 1032 2345 Ti.
1062 2315 1193 2344 Claudio
1220 2315 1358 2345 Caesare
1384 2315 1423 2344 IV
1448 2313 1481 2344 L.
1503 2314 1628 2344 Vitellio
1651 2313 1707 2352 ΙΙΙ,
1738 2313 1773 2342 Δ.
1795 2312 1920 2342 Vitellio
1938 2311 1974 2342 L.
1995 2311 2075 2349 Vip-

326 2367 419 2396 stano
439 2371 527 2396 OOSS.

400 2523 418 2541 *
438 2523 455 2541 *
474 2534 573 2563 nam
593 2519 808 2564 Valerium
828 2520 1074 2573 Asiaticum,
1098 2520 1168 2564 bis
1190 2519 1420 2571 consulem,
1448 2519 1580 2563 fuisse
1599 2518 1817 2578 quondam
1835 2517 2076 2562 adulterum

244 2659 247 2662 y
290 2596 384 2640 eius
415 2594 619 2647 credidit;
651 2595 896 2653 pariterque
927 2595 1060 2640 hortis
1091 2595 1276 2647 inhians,
1308 2610 1418 2653 quos
1448 2595 1517 2639 ille
1547 2609 1572 2639 a
1600 2594 1777 2639 Lucullo
1808 2599 1982 2652 coeptos
2013 2593 2077 2636 in-

291 2671 399 2730 signi
430 2670 742 2729 magnificentia
771 2670 1016 2723 extollebat,
1050 2671 1243 2715 Suillium
1273 2670 1526 2715 accusandis
1555 2670 1748 2728 utrisque
1778 2669 1970 2714 immittit.
2000 2667 2077 2712 ad-

355 2805 547 2838 versamur
569 2804 640 2836 iam
665 2806 698 2837 in
722 2804 844 2837 codice
868 2804 1028 2839 Mediceo
1051 2803 1173 2838 altero.
1201 2823 1237 2828 —
1262 2805 1295 2837 2.
1321 2805 1403 2837 ortis
1423 2805 1457 2837 M
1481 2821 1516 2826 —
1541 2807 1649 2850 captos
1670 2803 1714 2836 Μ.

334 2925 363 2957 l.
390 2922 437 2943 *¹⁹¹
458 2923 548 2966 nm]
573 2924 709 2957 Desunt
731 2933 789 2958 res
813 2924 914 2957 annis
938 2925 1080 2958 circiter
1098 2924 1159 2957 de-

289 2983 368 3008 cem
393 2976 513 3016 gestae
537 2975 573 3006 et
596 2974 631 3006 in
652 2975 704 3007 his
723 2976 760 3007 C.
780 2975 940 3008 Caesaris
958 2973 1155 3016 (Caligulae)

289 3026 502 3068 principatus
531 3025 567 3056 in
589 3025 793 3058 universum
817 3027 852 3057 et
878 3026 1052 3066 primores
1076 3025 1157 3058 anni

289 3084 351 3109 sex
376 3074 521 3108 Claudii.
556 3074 620 3107 Cui
651 3075 701 3106 roi
725 3074 1021 3107 demonstrandae
1048 3076 1158 3117 parti-

290 3125 366 3159 cula
388 3134 469 3158 nam
493 3125 706 3163 inservierit,
734 3133 775 3157 ex
799 3126 908 3157 Dione
934 3126 986 3165 60,
1012 3126 1054 3158 27
1079 3126 1157 3166 (ubi

289 3176 334 3208 de
350 3175 488 3208 Valerio
503 3176 654 3209 Asiatico
671 3175 793 3216 agitur)
812 3174 922 3216 colligi
939 3185 1008 3208 non
1029 3177 1154 3218 potest.

291 3244 326 3249 —
354 3225 403 3258 bis
425 3225 605 3267 consulem]
636 3225 823 3259 suffectum
852 3227 932 3257 ante
966 3234 1096 3258 annum
1120 3235 1154 3259 u.

290 3276 353 3309 794
378 3277 454 3316 (Dio
477 3276 532 3316 59,
558 3277 631 3317 30),
665 3275 847 3309 consulem
871 3276 997 3308 iterum
1022 3285 1053 3308 a.
1080 3276 1155 3309 799.

291 3327 403 3359 Etiam
438 3326 656 3368 praefectum
690 3325 787 3359 urbis
813 3325 921 3358 fuisse
945 3329 1092 3367 apparet
1116 3336 1157 3358 ex

290 3375 387 3408 titulo
409 3377 445 3408 in
469 3377 634 3409 Boeckhii
658 3377 695 3409 (ἶ.
720 3377 746 3409 Ι.
772 3376 811 3408 G.
836 3384 871 3408 n.
896 3375 993 3407 2587.
1016 3393 1050 3398 -
1075 3377 1157 3417 eius]

291 3427 475 3468 Poppaeae
509 3426 677 3463 Sabinae,
714 3434 805 3469 quae
828 3423 898 3458 filia
920 3424 983 3458 fuit
1004 3426 1158 3468 Poppaei

1209 2923 1327 2956 Sabini
1354 2922 1397 2963 (6,
1423 2921 1495 2963 39),
1525 2930 1618 2955 nunc
1641 2929 1731 2954 uxor
1754 2922 1789 2954 P.
1814 2921 1984 2963 Scipionis
2006 2921 2074 2962 (Η,

1209 2974 1241 3006 2.
1268 2973 1318 3012 4),
1344 2971 1426 3005 olim
1449 2972 1486 3004 T.
1512 2969 1603 3009 Ollii.
1629 2980 1672 3004 ex
1695 2972 1988 3014 quoPoppaeam
2011 2972 2075 3004 Sa-

1210 3023 1348 3062 binam,
1374 3022 1521 3055 Neronis
1545 3021 1694 3064 pelicem
1719 3023 1754 3054 et
1776 3031 1859 3054 mox
1874 3022 2071 3063 coniugem,

1209 3075 1380 3116 genuerat
1413 3072 1486 3113 (⁴3,
1512 3071 1583 3113 45).
1614 3090 1647 3096 —-
1685 3072 1841 3115 credidit]
1875 3070 2071 3112 Messalina,

1209 3123 1342 3158 Claudii
1367 3131 1471 3155 uxor.
1506 3139 1542 3146 -
1577 3123 1681 3155 hortis
1708 3123 1841 3156 inhians
1869 3123 1952 3162 cet]
1985 3121 2072 3154 Hinc

1208 3175 1325 3208 statim
1356 3174 1515 3216 proximo
1548 3182 1639 3206 anno
1661 3174 1842 3206 Messalina
1863 3172 2075 3206 Lucullianos

1207 3226 1243 3257 in
1272 3225 1383 3257 hortos
1405 3224 1562 3265 digressa
1594 3225 1649 3257 est
1673 3225 1714 3263 (c.
1734 3224 1798 3263 32).
1827 3241 1863 3246 -
1895 3231 1918 3256 a
1939 3221 2074 3254 Lucullo

1208 3275 1347 3316 coeptos]
1382 3274 1542 3315 anyeleyt.
1581 3272 1667 3306 Plut.
1694 3274 1729 3306 in
1753 3271 1895 3306 Lucullo
1918 3271 1976 3305 39:
2009 3270 2074 3304 καὶ

1208 3322 1296 3365 νῦν,
1321 3323 1491 3358 ἐπίδοσιν
1513 3321 1692 3367 τοιαύτης
1714 3321 1783 3366 τῆς
1797 3320 1944 3369 τρυφῆς
1959 3319 2076 3361 ἐχού-

1209 3387 1298 3420 σης,
1330 3376 1371 3408 οἱ
1398 3374 1701 3409 Λουκουλλιανοὶ
1722 3372 1839 3418 κῆποι
1861 3371 1935 3406 τῶν
1957 3372 2074 3414 βασι-

1208 3424 1323 3459 λικῶν
1346 3425 1387 3460 ἐν
1408 3428 1490 3467 τοῖς
1512 3422 1847 3465 πολυτελεστάτοις
1864 3418 2074 3471 ἀριθμοῦν-
