2254 3770
287 285 371 331 274
766 287 810 330 P.
843 285 1092 330 CORNELII
1122 285 1292 329 TACITI
1321 285 1589 330 ANNALIUM

287 391 450 436 alienos
480 406 505 436 a
534 393 785 444 coniunctis,
827 392 988 436 amicos
1027 391 1080 435 ab
1115 392 1285 450 ignotis.
1323 391 1427 449 quid
1467 405 1623 449 repens
1658 398 1730 435 aut
1757 397 1967 435 vetustate
1997 391 2076 436 ob-

286 481 482 512 scurum:
514 468 694 526 perinde
724 468 765 510 in
794 467 899 517 foro,
932 468 974 510 in
998 467 1205 517 convivio,
1238 480 1412 524 quaqua
1434 466 1488 510 de
1520 480 1566 510 re
1598 466 1724 511 locuti
1758 466 2072 518 incusabantur,

284 549 331 587 ut
360 543 457 601 quis
486 543 740 601 praevenire
771 549 814 587 et
842 557 962 587 reum
995 542 1210 587 destinare
1241 548 1464 599 properat,
1504 555 1604 599 pars
1640 541 1693 586 ad
1724 542 1963 586 subsidium
1994 542 2074 593 sui,

284 618 431 676 plures
468 618 607 663 infecti
646 620 769 677 quasi
804 617 1036 662 valitudine
1073 624 1115 661 et
1150 624 1361 662 contactu.
1410 617 1487 661 sed
1529 618 1737 662 Minucius
1776 625 1819 662 et
1862 618 2076 662 Servaeus

254 695 471 738 ⁵damnati
511 694 724 738 indicibus
765 707 1004 739 accessere.
1054 693 1262 751 tractique
1305 699 1403 736 sunt
1443 693 1485 735 in
1527 707 1673 736 casum
1712 693 1901 737 'eundem
1944 692 2077 736 Iulius

286 770 507 814 Africanus
544 784 568 814 e
607 770 821 821 Santonis,
865 769 1024 814 Gallica
1061 768 1247 819 civitate,
1287 768 1411 812 Seius
1442 768 1708 821 Quadratus:
1755 769 1963 826 originem
1992 782 2077 812 non

284 846 472 904 repperi.
516 859 659 904 neque
697 860 791 889 sum
826 845 999 903 ignarus
1036 858 1062 887 a
1098 843 1317 902 plerisque
1348 843 1629 902 scriptoribus
1660 844 1819 888 omissa
1849 843 2079 888 multorum

283 920 476 980 pericula
505 927 547 965 et
575 934 749 979 poenas,
782 920 886 964 dum
915 920 1039 978 copia
1068 919 1266 963 fatiscunt
1295 926 1378 969 aut,
1410 933 1523 977 quae
1553 919 1658 977 ipsis
1688 920 1819 963 nimia
1845 925 1887 963 et
1914 925 2078 964 maesta

284 997 462 1049 fuerant,
493 1010 548 1041 ne
578 996 671 1055 pari
696 996 838 1041 taedio
859 995 1046 1040 lecturos
1067 994 1302 1039 adficerent
1320 1001 1542 1038 verentur:
1573 995 1698 1039 nobis
1720 994 1927 1054 pleraque
1949 995 2077 1052 digna

237 1079 273 1109 ⁴0
285 1073 457 1131 cognitu
486 1072 714 1122 obvenere,
747 1085 1009 1131 quamquam
1039 1071 1093 1114 ab
1124 1070 1217 1113 aliis
1248 1069 1519 1114 incelebrata.

399 1149 452 1206 (8)
483 1149 587 1193 Nam
620 1162 690 1198 ea.
707 1153 960 1206 tempestate
995 1160 1082 1205 qua
1119 1146 1261 1190 Seiani
1299 1145 1526 1189 amicitiam
1556 1145 1687 1190 ceteri
1724 1144 1828 1189 salso
1858 1151 2076 1197 exuerant,

286 1237 417 1268 ausus
448 1230 514 1268 est
541 1238 678 1282 eques
705 1225 934 1272 Romanus,
966 1223 1018 1265 Μ.
1049 1221 1290 1271 Terentius,
1322 1221 1378 1265 ob
1408 1220 1450 1264 id
1482 1234 1600 1269 reus,
1632 1220 1847 1278 amplecti,
1880 1220 1935 1264 ad
1965 1219 2079 1265 hunc

284 1299 460 1344 modum
491 1299 606 1358 apud
637 1305 831 1343 senatum
852 1298 1084 1342 ordiendo:
1125 1297 1343 1340 «fortunae
1372 1295 1546 1354 quidem
1576 1309 1700 1339 meae
1729 1296 1909 1340 fortasse
1938 1295 2079 1339 minus

285 1374 486 1434 expediat
524 1374 791 1433 adgnoscere
831 1374 992 1418 crimen
1032 1387 1161 1431 quam
1203 1371 1407 1416 abnuere.
1454 1370 1532 1416 sed
1561 1380 1796 1430 utcumque
1825 1385 1979 1416 casura
2007 1384 2079 1415 res

235 1455 273 1487 ⁴⁶
286 1457 362 1502 est,
393 1450 558 1495 fatebor
583 1456 625 1495 et
653 1450 786 1494 fuisse
815 1463 884 1493 me
915 1449 1072 1493 Seiano
1103 1448 1298 1495 amicum,
1331 1454 1373 1490 et
1402 1453 1448 1490 ut
1468 1460 1611 1491 essem
1633 1447 1859 1505 expetisse,
1891 1453 1935 1491 et
1962 1452 2080 1505 post-

285 1541 415 1585 quam
452 1526 634 1584 adeptus
665 1539 784 1570 eram
818 1525 1033 1569 laetatum.
1077 1523 1268 1567 videram
1299 1522 1505 1580 collegam
1545 1522 1673 1579 patris
1714 1522 1913 1581 regendis
1953 1535 2078 1580 prae-

284 1603 405 1647 toriis
441 1601 706 1652 cohortibus,
749 1615 847 1645 mox
883 1600 1003 1644 urbis
1040 1606 1082 1644 et
1119 1599 1293 1643 militiae
1333 1599 1478 1642 munia
1513 1598 1637 1642 simul
1673 1598 1917 1643 obeuntem.
1967 1597 2079 1642 illius

349 1787 382 1820 2.
401 1786 543 1829 proinde
572 1794 638 1828 per
668 1787 790 1818 notam
817 1785 851 1818 M
880 1801 916 1807 --
950 1783 982 1817 4.
1007 1783 1166 1816 minutius
1189 1783 1222 1816 M
1250 1801 1283 1806 —
1320 1790 1454 1815 seruitus
1477 1782 1510 1815 M
1536 1801 1571 1806 —
1608 1783 1639 1816 5.
1666 1782 1831 1823 tractique
1861 1780 2076 1815 Beroaldus:

282 1844 483 1884 tractatique
506 1843 538 1876 M
564 1860 600 1866 —
631 1842 663 1875 8.
690 1845 815 1883 autque
835 1840 916 1882 ipsis
937 1841 970 1873 M
997 1858 1032 1863 —
1065 1843 1170 1872 mesta
1192 1841 1224 1872 M
1247 1857 1290 1863 —
1320 1839 1351 1873 9.
1377 1840 1541 1872 taecturos
1562 1840 1595 1872 M
1621 1856 1657 1862 -
1684 1840 1736 1872 ⁴2.
1762 1848 1843 1881 equo
1863 1847 2022 1871 romanos
2043 1838 2078 1872 M

285 1917 322 1925 -
346 1900 522 1933 terrentius
543 1899 577 1933 M
613 1915 648 1921 —
685 1898 853 1939 amplectit
883 1895 1019 1939 (ultima
1050 1895 1163 1929 littera
1192 1894 1323 1937 deleta)
1355 1896 1387 1929 M
1420 1913 1454 1919 -
1491 1896 1599 1928 adhuc
1621 1896 1655 1930 M
1679 1896 1741 1937 (ad
1761 1896 1848 1929 hunc
1870 1894 2010 1937 margo)
2037 1911 2073 1918 -

283 1956 336 1990 43.
359 1956 494 1998 fortune
514 1956 548 1990 M
571 1972 608 1979 -
635 1954 689 1988 ⁴4,
714 1955 893 1988 adnoscere
913 1954 948 1987 M
972 1970 1007 1976 -
1040 1952 1093 1986 46.
1118 1953 1273 1995 colligam
1297 1961 1350 1994 pr.
1375 1953 1419 1986 M.

284 2125 408 2158 Cestius
428 2125 506 2157 Pius
527 2133 548 2157 a
572 2125 707 2157 Seneca
731 2132 840 2166 saepe
856 2123 1003 2156 vocatur
1026 2123 1062 2155 et
1083 2121 1156 2155 lau-

284 2175 399 2216 datur,
413 2174 521 2208 veluti
535 2175 700 2208 Controv.
717 2175 747 2206 ⁴.
764 2174 795 2207 3.
810 2175 842 2207 5.
859 2174 900 2207 44
913 2175 1002 2206 cet.»
1019 2175 1153 2206 Rirrmi.

286 2243 322 2249 —-
347 2225 473 2268 repens]
502 2233 566 2267 pro
590 2233 735 2264 recens,
770 2225 807 2257 ut
829 2224 914 2257 item
939 2225 990 2263 ii,
1017 2224 1072 2257 24.
1099 2225 1152 2263 45,

284 2275 338 2308 68.
364 2275 452 2308 Hist.
482 2276 510 2315 l,
528 2274 582 2308 23.
607 2273 640 2315 4,
659 2275 713 2307 25.
735 2291 771 2298 —
796 2274 958 2307 indicibus
980 2274 1154 2314 accessere]

284 2333 323 2358 se
352 2324 498 2357 iunxere
522 2333 604 2357 cum
636 2323 830 2364 indicibus,
862 2323 898 2356 id
922 2325 992 2364 est,
1025 2324 1155 2356 servati

284 2375 381 2413 sunt,
418 2375 498 2416 quia
533 2375 599 2417 ipsi
630 2382 772 2415 quoque
803 2373 972 2407 indicium
1007 2373 1156 2416 professi

283 2425 377 2457 sunt.
404 2423 454 2456 Cf.
480 2433 511 2456 c.
529 2424 570 2457 3:
594 2433 759 2456 summam
780 2424 979 2465 supplicium
1001 2424 1157 2457 decerne-

284 2473 402 2514 batur,
427 2473 494 2506 nisi
514 2474 674 2506 indiciwm
691 2475 860 2516 professus
879 2474 976 2515 foret.
994 2492 1038 2498 —
1052 2474 1157 2506 Iulias

282 2523 472 2566 Africanus]
496 2525 529 2557 Is
552 2525 653 2567 pater
675 2524 816 2558 videtur
829 2524 982 2557 Africani
1006 2524 1155 2557 oratoris

286 2574 332 2607 da
356 2582 428 2615 quo
451 2573 682 2607 Dia1.45.-
708 2574 881 2615 Santonis]
907 2573 1032 2607 Strabo
1056 2573 1095 2614 4,
1120 2575 1153 2614 2,

285 2625 323 2656 i:
348 2620 526 2663 ἐκβάλλει
548 2621 578 2655 δ’
601 2619 623 2655 ὁ
646 2621 844 2670 Γαρούνας
867 2624 921 2665 εἰς
942 2621 988 2657 τὸ
1010 2620 1154 2667 μεταξὺ

286 2672 520 2719 Βιτουρίγων
542 2683 583 2706 τε
604 2674 668 2707 καὶ
684 2671 899 2715 Σαντόνων,
924 2669 1155 2720 ἀμφοτέρων

283 2721 503 2756 Γαλατικῶν
537 2721 671 2756 ἐθνῶν.
700 2742 756 2749 --
782 2722 856 2756 τῶν
887 2722 928 2756 δὲ
951 2722 1155 2756 Σαντόνων

284 2770 395 2814 πόλις
423 2772 503 2806 ἐστὶ
532 2772 794 2807 Μεδιολάνιον.
828 2791 864 2797 --
899 2775 1060 2816 originem
1088 2783 1156 2806 non

284 2823 431 2864 repperi]
470 2822 545 2856 Noli
579 2824 731 2857 otiosum
769 2825 893 2866 putare
928 2824 998 2857 hoc
1031 2823 1152 2863 colon;

285 2873 412 2916 partim
435 2874 623 2915 opponitur
644 2873 763 2907 verbis
787 2883 804 2906 e
826 2874 1000 2914 Santonis,
1025 2874 1153 2916 partim

284 2922 458 2965 significat
478 2923 574 2955 hunc
591 2931 733 2964 quoque
754 2923 861 2957 fuisse
879 2924 994 2956 civem
1011 2923 1156 2966 provin-

285 2972 430 3014 cialem,
463 2972 625 3014 adeoque
648 2974 706 3005 vix
737 2972 880 3015 intelligi
903 2982 1030 3016 posse,
1064 2981 1154 3016 quo-

284 3022 392 3056 modo
414 3022 577 3056 homines
598 3023 705 3055 etiam
721 3023 818 3055 tenui
834 3022 911 3056 loco
927 3024 994 3056 orti
1010 3023 1045 3056 in
1061 3023 1153 3056 hanc

285 3074 480 3115 perniciem
506 3073 608 3106 tracti
641 3074 720 3106 sint.
755 3090 791 3096 —
825 3073 1045 3114 incelebrata]
1079 3074 1153 3106 Hoc

285 3122 394 3156 verbo
418 3131 504 3156 usus
528 3123 584 3156 est
602 3122 709 3155 etiam
725 3120 906 3155 Sallustius
922 3123 1008 3156 Hist.
1028 3122 1150 3165 fragm.

283 3174 307 3205 1.
334 3182 366 3206 c.
385 3174 417 3206 ὕ.
440 3172 482 3206 fr.
501 3172 542 3206 62
558 3171 616 3205 ed.
634 3172 745 3204 Kritz:
769 3172 939 3213 multaque
961 3175 1031 3205 tam
1053 3173 1154 3206 ductu

282 3223 352 3255 eius
373 3226 494 3255 curata
507 3222 619 3263 primo
634 3230 698 3263 per
712 3220 950 3263 ignobilitatem
966 3223 1080 3255 deindo
1091 3231 1154 3264 per

282 3273 443 3305 invidiam
454 3273 655 3313 scriptorum
667 3271 706 3303 in
714 3270 801 3303 cole
810 3270 855 3302 br
863 3274 904 3303 at
914 3280 937 3303 a
949 3275 1036 3304 sunt.
1050 3272 1152 3314 Apud

282 3321 370 3355 alios
385 3323 576 3365 scriptores
591 3321 698 3354 hodie
714 3319 860 3362 quidem
877 3329 947 3353 non
963 3323 1150 3363 reperitur.

1204 2115 1330 2155 ἄλλων
1352 2118 1465 2154 τινῶν
1488 2122 1616 2155 καίτοι
1637 2119 1689 2165 τῷ
1706 2119 1860 2166 Σηϊανῷ
1884 2118 2078 2166 ᾠκειωμέ-

1205 2183 1302 2213 νων,
1335 2171 1520 2213 ἐφείσατο
1542 2171 1583 2205 δὲ
1605 2173 1671 2205 καὶ
1693 2170 1853 2219 Μάρκου
1878 2173 2077 2219 Τερεντίου

1207 2221 1366 2264 ἱππέως,
1403 2218 1463 2256 ὅτι
1495 2222 1556 2256 ἐπὶ
1588 2222 1635 2270 τῇ
1665 2221 1733 2280 τρῦ
1748 2222 1931 2283 ,Σηῖανοῦ
1968 2222 2079 2267 φιλίᾳ

1205 2270 1430 2333 κρινόμενος
1446 2271 1519 2313 οὐχ
1536 2268 1633 2306 ὅσον
1649 2269 1720 2306 οὐκ
1737 2270 1952 2321 ἠρνήσατο,
1977 2269 2076 2306 ἀλλὰ

1205 2325 1270 2357 και
1303 2319 1380 2367 ἐφη
1415 2324 1480 2357 καὶ
1510 2322 1732 2357 σπουδάσω
1760 2322 1932 2367 μάλιστα
1957 2319 2078 2357 αυτὸν

1205 2375 1271 2407 καὶ
1303 2372 1558 2421 θεραπεῦσαι,
1596 2371 1726 2417 ἐπειδὴ
1760 2374 1826 2408 καὶ
1860 2370 1920 2408 ὑπ’
1955 2369 2078 2408 aare&

1205 2425 1273 2459 τοῦ
1310 2424 1488 2481 Τιβερίου
1522 2419 1645 2466 οὕτως
1674 2423 1852 2468 ετιμᾶτο,
1890 2418 2019 2458 «ωστε
2043 2423 2080 2457 εἰ

1204 2475 1277 2519 μὲν
1299 2475 1444 2517 ἐκεῖνος
1468 2470 1620 2522 ὀρθῶς»
1647 2472 1750 2509 εἶπεν
1776 2474 1925 2509 «ἐποίει
1946 2484 2078 2509 τοιου-

1205 2536 1257 2570 τῳ
1281 2525 1381 2571 φίλῳ
1401 2523 1618 2583 χριόμενος,
1643 2521 1724 2560 ουδ’
1748 2522 1822 2570 ἐγώ
1837 2534 1874 2559 τι
1890 2521 2075 2569 ἠδίκηκα·

1206 2577 1242 2609 ει
1261 2572 1293 2608 δ’
1319 2572 1342 2608 ὁ
1365 2571 1613 2634 αὐτοκράτωρ
1637 2571 1660 2607 ὁ
1685 2574 1811 2608 πάντα
1833 2571 2002 2622 ἀκριβῶς
2023 2575 2078 2608 el-

1204 2623 1280 2668 δὼς
1302 2623 1521 2669 ἐπλανήθη,
1544 2626 1584 2659 τί
1605 2622 1835 2669 θαυμαστὸν
1858 2626 1894 2658 εἰ
1912 2625 1979 2659 καὶ
2000 2622 2075 2669 synt

1206 2676 1247 2709 οἱ
1267 2673 1611 2719 συνεξηπατήθην,-
1632 2677 1699 2709 καὶ
1721 2673 1812 2733 γάρ
1811 2684 1873 2708 τοι
1888 2671 2077 2722 προσήκει

1205 2723 1300 2770 ἡμῖν
1322 2723 1468 2767 πάντας
1487 2723 1580 2767 τοίς
1603 2721 1665 2759 υπ’
1692 2721 1812 2759 αὐτοῦ
1835 2725 2076 2769 τιμωμένους

1204 2773 1375 2821 ἀγαπᾷν,
1414 2774 1470 2819 μὴ
1503 2773 1901 2834 πολυπραγμονοῦσιν
1942 2771 2075 2808 ὁποῖοί

1203 2835 1303 2867 τινες
1341 2826 1454 2866 εἰσίν,
1490 2820 1570 2858 ἀλλ
1606 2820 1674 2858 ἕνα
1709 2819 1803 2881 ὅρον
1836 2822 1907 2868 τῆς
1942 2823 2075 2867 φιλίας

1204 2873 1317 2917 σφῶν
1339 2875 1587 2918 ποιουμένοις
1600 2872 1646 2908 τὸ
1662 2872 1714 2919 τῷ
1730 2870 1987 2934 αὐτοκράτορι
2001 2871 2075 2909 αὗ-

1203 2935 1295 2967 τους
1318 2921 1506 2983 αρέσκειν.
1513 2937 1528 2955 ιο
1553 2919 1579 2968 ἧ
1593 2934 1634 2958 τε
1648 2922 1721 2971 γὰρ
1734 2921 1858 2968 βουλὴ
1874 2922 1938 2958 διὰ
1953 2922 2074 2959 ταῦτα

1204 2972 1324 3010 αὐτὸν
1353 2971 1502 3018 ἀφῆκε,
1534 2974 1601 3008 καὶ
1629 2975 1786 3022 προσέτι
1807 2975 1874 3008 καὶ
1896 2978 1979 3017 τοῖς
2000 2985 2074 3008 κα-

1203 3022 1466 3084 τηγορήσασιν
1488 3021 1608 3058 αὐτοῦ
1633 3025 1976 3071 προσεπιτίμησει,
2006 3025 2074 3059 καὶ

1204 3072 1227 3109 ὁ
1245 3074 1419 3123 Τιβέριος
1441 3074 1699 3119 συγκατέθπο
1714 3074 1862 3115 σφίσιν.
1885 3092 1919 3098 -
1943 3075 2074 3116 fatebor

1203 3130 1233 3159 ot
1261 3126 1361 3167 fuisso
1387 3134 1440 3159 mo
1464 3125 1585 3158 Seiano
1610 3126 1756 3158 amicum
1779 3124 1862 3167 cet.]
1892 3123 2072 3159 simillima

1202 3177 1285 3209 huic
1300 3176 1344 3210 M.
1363 3176 1514 3209 Terentii
1531 3175 1679 3208 orationi
1693 3175 1776 3208 sunt
1791 3183 1846 3213 ea,
1868 3182 1959 3216 quae
1975 3174 2072 3218 apud

1203 3225 1362 3259 Curtium
1386 3226 1430 3266 (7,
1447 3224 1479 3265 4)
1502 3225 1673 3266 Amyntas
1697 3223 1743 3256 ad
1764 3222 2001 3258 Alexandrum
2024 3223 2070 3258 de

1204 3273 1357 3308 Philotae
1381 3274 1533 3307 amicitia
1549 3273 1651 3307 dixit:
1675 3273 1865 3306 Amicitiam
1879 3281 1965 3314 quae
1978 3273 2072 3306 nobis

1201 3332 1276 3356 cum
1298 3324 1425 3356 Philota
1447 3324 1512 3366 fuit
1533 3324 1616 3357 adeo
1637 3332 1706 3356 non
1724 3331 1762 3355 οο
1783 3321 1924 3364 infitias,
1948 3325 1986 3355 ut
2006 3331 2072 3356 οω-

329 3373 362 3406 3.
393 3383 495 3407 ausus
527 3377 574 3407 est
600 3381 699 3414 equos
726 3373 764 3406 R.
795 3373 844 3406 Μ.
872 3372 1038 3405 Terentius
1069 3373 1150 3415 cet.]
1198 3374 1315 3414 petisse
1345 3381 1476 3414 quoquo
1504 3381 1564 3406 nos
1591 3379 1795 3415 magnosque
1816 3379 1860 3404 σω
1882 3380 1920 3404 oo
1940 3372 2072 3415 fructus

282 3422 346 3456 Dio
375 3423 437 3465 58,
471 3422 530 3457 ⁴9:
566 3420 655 3457 τότε
686 3419 728 3455 δὲ
760 3419 945 3463 ἐφείσατο
978 3420 1051 3464 μὲν
1085 3423 1151 3456 καὶ
1195 3422 1378 3464 percepisse
1409 3423 1570 3465 confluat·
1598 3423 1667 3456 cet.
1699 3438 1735 3446 -
1771 3419 1932 3463 cottoqmn
1957 3420 2070 3464 patr&
