2254 3770
604 287 759 332 LIBER
793 288 861 331 III.
1843 286 1916 330 484

136 399 290 448 forent,
330 396 535 443 adiunxit,
575 393 908 452 magnitudinem
939 394 1104 452 imperii
1134 393 1358 444 extollens,
1395 407 1537 452 neque
1568 393 1775 437 decorum
1804 392 1923 450 prin-

135 473 318 532 cipibus,
358 473 394 515 si
416 485 516 515 -una
555 470 742 515 alterave
779 470 926 514 civitas
965 469 1123 520 turbet,
1167 470 1326 513 omissa
1365 468 1493 519 urbe,
1537 468 1651 512 unde
1693 468 1738 511 in
1780 467 1923 511 omnia

132 549 342 606 regimen,
375 548 470 590 ***.
509 560 623 590 nunc
651 546 752 605 quia
780 560 865 589 non
894 551 1011 590 metu
1041 545 1231 594 ducatur,
1263 545 1438 595 iturum,
1469 550 1518 588 ut
1545 543 1793 602 praesentia
1822 557 1922 600 spe-

132 631 265 669 ctaret
300 629 676 681 componeretque.
718 621 951 666 decrevere
986 627 1130 679 patres
1166 626 1265 664 vota
1300 634 1379 678 pro
1409 619 1550 664 reditu
1579 619 1673 663 eius
1705 617 1920 676 supplica-

132 700 355 757 tionesque
386 705 427 742 et
455 698 537 741 alia
567 697 737 741 decora.
781 696 897 740 solus
926 695 1147 740 Dolabella
1169 694 1403 747 Cornelius,
1435 695 1539 739 dum
1566 693 1728 739 anteire
1751 699 1950 740 ceteross

129 782 261 833 parat,
292 773 522 818 absurdam
553 774 594 816 in
619 772 905 816 adulationem
929 785 1195 830 progressus,
1228 771 1394 815 censuit
1422 777 1468 814 ut
1488 784 1619 814 ovans
1641 783 1666 814 e
1689 769 1919 827 Campania

131 851 283 894 urbem
311 849 514 892 introiret.
556 848 681 906 igitur
710 854 884 892 secutae
916 846 1112 891 Caesaris
1141 846 1317 897 litterae,
1350 846 1507 904 quibus
1537 859 1585 889 se
1614 859 1699 888 non
1727 851 1814 888 tam
1843 859 1919 889 va-

133 941 259 970 cuum
299 924 431 982 gloria
471 923 764 981 praedicabat,
806 930 852 965 ut
889 930 986 980 post
1026 922 1312 967 ferocissimas
1349 927 1497 979 gentes
1535 920 1815 978 perdomitas,
1857 926 1918 964 tot
1966 915 1972 921 ’

131 1007 328 1059 receptos
368 1001 409 1042 in
447 1000 618 1043 iuventa
657 1005 729 1042 aut
763 1005 931 1056 spretos
966 997 1222 1055 triumphos,
1262 997 1347 1041 iam
1381 997 1526 1040 senior
1562 995 1916 1054 peregrinationis

77 1112 81 1116 .
131 1076 403 1120 suburbanae
433 1075 557 1118 inane
588 1074 826 1132 praemium
854 1080 1032 1131 peteret.
1929 1089 1967 1119 ιο

244 1151 324 1208 (48)
357 1150 445 1194 Sub
479 1149 591 1193 idem
621 1156 806 1207 tempus,
844 1156 891 1193 ut
926 1163 1042 1193 mors
1080 1148 1255 1207 Sulpicii
1292 1147 1456 1201 Quirini
1485 1147 1668 1205 publicis
1699 1147 1916 1205 exsequiis

129 1227 488 1285 frequentaretur,
519 1225 667 1283 petivit
697 1239 721 1268 a
751 1231 914 1268 senatu.
946 1224 1047 1267 nihil
1077 1224 1130 1268 ad
1162 1230 1352 1268 veterem
1382 1230 1424 1267 et
1452 1223 1675 1281 patriciam
1705 1222 1917 1280 Sulpicio-

130 1317 225 1345 rum
253 1301 453 1345 familiam
482 1301 701 1353 Quirinius
731 1300 944 1358 pertinuit,
977 1305 1227 1357 ortus‘aput
1255 1299 1533 1357 municipium
1559 1298 1805 1350 Lanuvium,
1837 1298 1916 1342 sed

131 1378 309 1434 impiger
339 1376 512 1421 militiae
533 1383 575 1420 et
597 1376 767 1420 acribus
796 1376 1041 1419 ministeriis
1062 1375 1330 1426 consulatum
1359 1374 1439 1418 sub
1464 1374 1564 1418 divo
1583 1375 1785 1431 Augusto,
1815 1388 1916 1418 mox

130 1453 380 1510 expugnatis
396 1465 476 1509 per
492 1451 680 1495 Ciliciam
696 1451 1090 1494 Homonadensium
1105 1450 1288 1494 castellis
1303 1450 1480 1506 insignia
1496 1448 1699 1507 triumphi
1720 1448 1913 1507 adeptus,
1928 1464 1966 1494 ⁴5

133 1529 346 1585 datusque
375 1533 519 1571 rector
549 1527 593 1570 C.
627 1526 798 1570 Caesari
830 1527 1072 1570 Armeniam
1102 1525 1304 1584 optinenti
1335 1525 1550 1569 Tiberium
1578 1538 1754 1583 quoque
1778 1524 1915 1569 Rhodi

129 1609 323 1660 agentem
345 1602 548 1646 coluerat.
579 1601 698 1660 quod
727 1607 827 1644 tunc
856 1601 1055 1659 patefecit
1084 1602 1126 1644 in
1157 1607 1318 1651 senatu,
1350 1600 1532 1644 laudatis
1562 1600 1604 1643 in
1634 1614 1682 1643 se
1703 1599 1852 1645 officiis
1873 1607 1916 1645 et

132 1680 324 1721 incusato
356 1679 408 1720 M.
438 1677 583 1728 Lollio,
615 1691 746 1735 quem
775 1683 994 1721 auctorem
1024 1677 1068 1720 C.
1101 1676 1272 1720 Caesari
1303 1676 1520 1734 pravitatis
1541 1682 1583 1719 et
1602 1675 1913 1720 discordiarum

131 1753 348 1810 arguebat.
380 1753 458 1797 sed
487 1753 641 1796 ceteris
671 1752 772 1795 haut
800 1751 911 1796 laeta
938 1752 1142 1796 memoria
1167 1751 1332 1804 Quirini
1353 1757 1445 1795 erat
1463 1750 1519 1795 ob
1549 1751 1719 1803 intenta,
1749 1757 1796 1795 ut
1823 1765 1915 1795 me-

130 1830 304 1877 moravi,
335 1828 523 1886 Lepidae
553 1827 743 1885 pericula
773 1827 1080 1885 sordidamque
1112 1834 1153 1871 et
1182 1833 1505 1885 praepotentem
1534 1833 1763 1870 senectam.
1926 1839 1964 1869 20

242 1904 325 1960 (49)
356 1904 460 1947 Fine
490 1904 588 1947 anni
618 1903 838 1946 Lutorium
869 1903 1080 1956 Priscum,
1112 1903 1300 1961 equitem
1329 1904 1585 1953 Romanum,
1616 1908 1714 1959 post
1742 1901 1914 1946 celebre

923 287 1023 345 Cap.
1054 286 1122 330 46.
1152 287 1219 330 47.
1251 287 1317 330 48.
1349 287 1416 330 49.

192 2019 224 2051 2.
243 2017 351 2050 turbet
419 2018 541 2050 omissa
554 2017 634 2050 urbe
650 2017 868 2060 Nipperdey;
887 2017 1007 2057 turbet,
1025 2019 1180 2050 omissam
1194 2017 1309 2050 urbem
1324 2017 1449 2050 Haase.
1466 2034 1501 2039 —
1521 2017 1553 2049 3.
1567 2017 1725 2059 regimen,
1738 2015 1803 2038 ***
1817 2017 1916 2049 Nunc

128 2076 297 2107 Ritterus:
321 2076 479 2116 reqimen.
496 2083 586 2106 nunc
600 2074 634 2107 M
651 2092 687 2097 —-
707 2074 760 2106 43.
780 2074 939 2115 Quirinus
953 2074 1115 2114 Ryckius.
1135 2091 1169 2097 —
1186 2074 1237 2106 45.
1256 2073 1527 2106 onomadensium
1541 2073 1592 2111 M;
1610 2072 1705 2115 apud
1716 2072 1863 2106 Plinium
1879 2074 1915 2106 in

128 2130 244 2162 lndice
257 2129 335 2162 libri
347 2130 386 2162 V.
402 2130 522 2172 optimi
536 2129 639 2163 codd.
653 2129 819 2162 exhibent
834 2130 1089 2162 omanadum.-—
1107 2130 1159 2162 46.
1176 2129 1215 2162 G.
1229 2129 1264 2162 h.
1279 2128 1301 2162 l.
1316 2130 1362 2169 M,
1380 2128 1446 2162 sed
1457 2137 1539 2161 mox
1555 2128 1634 2161 C.—
1654 2128 1706 2161 48.
1720 2129 1825 2162 Lollio
1837 2129 1916 2171 Lip-

128 2186 216 2218 sius:
237 2186 316 2228 folio
331 2186 365 2219 M
380 2203 416 2209 —
433 2186 487 2219 20.
504 2186 634 2227 lepedae
648 2195 701 2227 pr.
716 2186 749 2219 M
761 2203 796 2208 —
814 2186 850 2218 24
860 2210 868 2218 .
886 2186 1059 2219 Lutorium
1074 2186 1243 2218 Ritterus:
1261 2185 1498 2223 clutoriumM;
1518 2185 1553 2217 C.
1570 2185 1748 2218 Lutorium
1763 2185 1912 2228 Lipsius.

132 2279 311 2321 Cornelius]
336 2280 374 2312 In
399 2279 497 2313 fastis
522 2279 722 2322 Capitolinis
747 2289 778 2312 a.
797 2289 831 2312 u.
851 2280 914 2312 763
938 2289 1000 2313 no-

133 2330 287 2362 minatur
320 2331 353 2362 P.
387 2330 556 2363 Cornelius
585 2332 621 2363 P.
645 2331 670 2371 f.
696 2331 729 2362 Ρ.
754 2341 788 2363 n.
814 2331 996 2364 Dolabella.

132 2380 260 2412 lnscrr.
286 2381 373 2412 Latt.
397 2389 432 2412 u.
450 2380 554 2413 2365:
579 2381 614 2412 P.
633 2381 782 2413 Cornelio
795 2381 997 2421 Dolabellae,

131 2438 211 2469 cos„
241 2430 369 2462 VIIviro
392 2430 540 2470 epuloni,
564 2430 669 2462 sodali
685 2431 833 2470 Titiensi,
858 2431 920 2472 leq.
934 2440 999 2471 pro

126 2488 182 2519 pr.
209 2479 278 2511 divi
306 2479 446 2521 Auqusli
475 2483 506 2511 et
537 2480 582 2512 Ti.
608 2481 760 2513 Caesaris
784 2481 923 2522 Augusti
948 2482 996 2520 (a.

132 2537 166 2559 u.
185 2529 258 2568 767)
283 2529 430 2561 civitates
451 2529 632 2569 superioris
649 2530 844 2570 provinciae
861 2530 997 2570 Illyrici.

133 2578 182 2610 Cf.
209 2577 328 2611 Vellei.
355 2580 374 2611 2
392 2605 399 2619 ,
425 2580 499 2618 425,
525 2580 558 2611 5.
601 2581 667 2612 Pro
699 2579 842 2613 consule
866 2582 942 2613 erat
964 2581 998 2613 in

133 2628 248 2661 Africa
272 2638 303 2660 a.
322 2638 357 2660 u.
376 2630 450 2661 777.
478 2629 528 2662 Cf.
555 2629 642 2662 infra
667 2639 697 2662 c.
718 2630 770 2662 69.
796 2629 832 2669 4,
857 2630 984 2662 23-26

133 2696 168 2701 -
195 2678 384 2719 triumphos]
411 2679 497 2711 Vide
523 2679 567 2711 ad
592 2681 623 2718 4,
644 2679 677 2712 4.
703 2678 854 2712 Velleius
870 2681 902 2719 2,
921 2680 997 2720 422,

133 2729 146 2758 4
164 2738 172 2759 ε
207 2729 287 2768 Quis
307 2738 374 2760 non
395 2729 483 2761 inter
504 2730 655 2770 reliqua,
681 2729 798 2770 quibus
818 2730 1000 2771 sinyularis

132 2778 314 2810 moderatio
349 2779 394 2811 Ti.
422 2779 573 2811 Caesaris
605 2780 706 2812 elucet
740 2783 839 2820 atque
868 2780 997 2819 eminet,

131 2829 190 2860 hoc
224 2837 353 2870 quoque
385 2830 545 2870 miretur,
584 2831 687 2870 quod,
723 2839 798 2862 cum
827 2830 896 2862 sine
928 2830 998 2862 ulla

132 2878 333 2911 dubitatione
353 2882 473 2920 septem
495 2881 676 2921 triumphos
693 2881 866 2919 meruerit,
894 2880 998 2912 tribus

130 2932 298 2961 contentus
318 2929 447 2970 fuerit?

98 3006 109 3015 .
176 2978 228 3011 48.
261 2979 399 3019 Sulpicii
431 2980 577 3021 Quirini]
614 2980 701 3013 Vide
732 2981 776 3013 ad
805 2981 844 3020 2,
876 2981 929 3013 30.
957 2998 993 3003 -

130 3028 352 3070 consulatum]
384 3038 415 3060 a.
441 3038 476 3062 u.
502 3029 577 3063 742.
613 3048 648 3053 —
684 3029 995 3071 Homonadensium]

132 3078 256 3110 Strabo
281 3079 340 3116 42.
371 3079 409 3117 6,
442 3079 474 3111 5.
504 3088 538 3121 p.
564 3080 645 3112 569:
684 3077 782 3120 Τοὺς
814 3078 855 3112 δὲ
885 3075 998 3122 Ὁμο-

132 3126 267 3168 ναδέας
304 3128 483 3174 Κυρίνιος
514 3125 756 3184 ἐξεπόρθησε
794 3126 890 3172 λιμῷ
933 3129 998 3161 καὶ

133 3177 457 3224 τετρακισχιλίους
506 3171 648 3224 ανδρας
695 3177 903 3235 ἐζωγρησε
933 3179 997 3210 καὶ

135 3225 345 3271 συνώκισεν
376 3229 430 3268 εἰς
459 3225 527 3268 τὰς
551 3225 660 3271 εγγύς
688 3226 832 3269 πόλεις,
860 3224 931 3270 τὴν
957 3227 998 3260 δὲ

135 3274 262 3322 χώραν
298 3273 478 3311 ἀπέλιπεν
514 3273 659 3324 ἔρημον
692 3276 766 3311 τῶν
802 3277 843 3311 ἐν
876 3275 994 3325 ακμῇ.

138 3325 347 3360 Habitabant
389 3328 424 3360 in
465 3329 577 3360 Tauro
615 3329 734 3360 monte
753 3354 760 3367 ,
807 3328 840 3360 in
881 3314 995 3360 Cilic‘ta

137 3382 274 3416 aspera.
301 3392 336 3400 —
369 3377 529 3420 datusque
549 3378 674 3419 rector]
708 3378 767 3409 diu
791 3377 896 3410 etiam
918 3379 999 3419 post

136 3424 171 3456 in
194 3424 329 3465 Syriam
352 3427 482 3460 missus
505 3427 550 3460 ad
574 3436 703 3461 census
727 3427 995 3469 describendos,

1049 2279 1094 2313 de
1128 2288 1198 2322 qua
1232 2288 1271 2311 re
1305 2278 1414 2312 multa
1449 2278 1622 2320 Iosephus
1656 2277 1715 2318 48,
1746 2278 1778 2310 4.
1808 2278 1829 2310 2
1857 2286 1912 2319 sq.

1049 2331 1160 2363 Lucas
1183 2330 1314 2370 Evang.
1339 2329 1379 2369 2,
1406 2329 1437 2361 4.
1466 2329 1542 2361 Act.
1568 2328 1658 2369 App.
1683 2328 1716 2367 5,
1741 2328 1794 2361 37.
1825 2328 1912 2360 Lu‘s.

1052 2398 1087 2404 -
1114 2380 1148 2413 C.
1168 2380 1304 2413 Caesari
1318 2379 1356 2412 A.
1379 2378 1548 2420 optinenti]
1573 2377 1624 2410 Cf.
1641 2378 1680 2417 2,
1697 2377 1730 2410 4.
1752 2395 1788 2400 —
1812 2377 1916 2410 Rhodi

1049 2429 1210 2471 agentem]
1235 2429 1285 2462 Cf.
1304 2429 1335 2468 4,
1357 2428 1390 2462 4.
1410 2446 1446 2451 —
1471 2427 1628 2469 coluerat]
1645 2427 1696 2460 Cf.
1713 2427 1746 2467 2,
1766 2426 1826 2460 42:
1851 2436 1916 2460 rea>

1047 2482 1226 2515 Archelaus
1239 2500 1259 2505 -
1271 2499 1289 2506 -
1311 2481 1438 2513 invisus
1453 2480 1598 2520 Tiberio,
1623 2480 1710 2520 quod
1724 2488 1798 2512 eum
1812 2480 1916 2512 Rhodi

1048 2535 1198 2574 agentem
1218 2532 1308 2564 nullo
1335 2531 1442 2572 officio
1470 2530 1627 2563 coluerat.
1662 2547 1698 2553 —
1726 2531 1773 2563 M.
1798 2530 1915 2570 Lollio]

1049 2582 1108 2622 qui
1131 2583 1212 2614 ante
1237 2581 1432 2620 Quirinium
1455 2581 1573 2613 rector
1596 2580 1634 2612 C.
1653 2579 1812 2612 Caesaris
1835 2579 1915 2612 fue-

991 2656 996 2662 .
1049 2632 1119 2670 rat,
1152 2632 1188 2664 in
1209 2632 1375 2664 Armenia
1397 2639 1536 2663 veneno
1559 2630 1732 2662 mortuus.
1767 2630 1911 2663 sueton.

1048 2681 1122 2713 Tib.
1143 2682 1205 2713 42:
1233 2682 1427 2723 privignum
1450 2681 1572 2713 Gaium
1595 2679 1720 2712 Orienti
1738 2680 1913 2720 praeposi—

1047 2734 1135 2770 tum,
1166 2740 1242 2763 cum
1269 2731 1394 2763 visendi
1415 2731 1531 2772 qratia
1554 2729 1733 2762 traiecisset
1752 2729 1910 2770 Samum,

1047 2781 1238 2814 alieniorem
1271 2781 1330 2813 sibi
1357 2781 1456 2813 sensit
1484 2789 1527 2813 ex
1555 2779 1841 2811 criminationibus
1861 2780 1909 2812 Μ.

1047 2831 1150 2871 Lolli,
1183 2831 1310 2863 comitis
1333 2834 1364 2863 et
1388 2830 1527 2863 rectoris
1548 2830 1627 2862 eius.
1654 2829 1705 2862 Cf.
1737 2827 1857 2862 Vellei.
1876 2829 1908 2868 2,

1048 2881 1121 2912 402.
1159 2880 1242 2913 Plin.
1270 2881 1308 2917 9,
1333 2880 1352 2921 S
1378 2879 1451 2912 448.
1487 2879 1541 2912 Ad
1570 2879 1664 2911 hunc
1686 2877 1833 2911 Lollium
1857 2879 1912 2911 est

1047 2931 1178 2963 Horatii
1203 2931 1240 2963 C.
1266 2930 1303 2970 4,
1330 2930 1360 2962 9.
1386 2930 1437 2962 De
1460 2929 1614 2963 Lolliana
1637 2928 1737 2962 clade
1753 2938 1786 2962 v.
1806 2930 1837 2968 4,
1854 2929 1908 2961 40.

1050 2997 1084 3003 -
1110 2979 1308 3021 pravitatis]
1341 2979 1397 3011 Sic
1420 2980 1491 3012 LiV.
1517 2979 1549 3020 4,
1574 2979 1634 3012 26:
1655 2979 1809 3020 pravitas
1830 2987 1911 3010 con-

1046 3030 1153 3061 sulum
1185 3032 1216 3061 et
1248 3029 1426 3062 discordia.
1473 3028 1663 3071 Utrobique
1697 3027 1911 3069 significatur

1047 3080 1140 3112 hanc
1167 3079 1376 3120 pravitatem
1398 3080 1551 3112 maxime
1579 3080 1615 3111 in
1639 3077 1822 3111 discordiis
1845 3085 1911 3119 ap-

1047 3129 1217 3170 paruisse.
1246 3147 1282 3152 -
1306 3132 1343 3161 ut
1363 3128 1554 3170 memoravi]
1579 3129 1692 3171 capite
1715 3128 1769 3160 22.

1090 3177 1144 3210 49.
1179 3178 1352 3211 Laterium
1380 3180 1529 3212 Priscum
1560 3178 1642 3220 cet]
1677 3177 1740 3210 Dio
1766 3177 1820 3217 57,
1845 3177 1906 3210 20:

1047 3225 1305 3270 ἑκδημοῦντος
1327 3226 1368 3261 δὲ
1390 3226 1458 3261 τοῦ
1483 3227 1658 3273 Τιβερίου
1678 3226 1794 3267 Γάϊος
1807 3202 1909 3261 ’Λου-

1047 3276 1183 3324 τώριος
1203 3278 1392 3336 Πρίσκος,
1418 3276 1571 3319 ἱππεύς,
1603 3273 1726 3318 αλλως
1747 3285 1788 3309 τε
1809 3278 1908 3321 μέγα

1047 3327 1108 3361 ἐπι
1142 3325 1296 3371 ποιήσει
1332 3327 1486 3375 φρονῶν
1518 3328 1583 3360 καὶ
1614 3325 1816 3367 ἐπιτάφιον
1845 3326 1908 3361 ἐπὶ

1046 3375 1098 3421 τῷ
1113 3373 1331 3425 Γερμανικῷ
1354 3375 1521 3419 ἐπιφανῆ
1542 3375 1785 3435 συγγράψας,
1809 3387 1908 3411 ωστε

1046 3427 1111 3461 καὶ
1133 3426 1312 3476 χρήματα
1333 3427 1378 3462 δι’
1403 3424 1524 3462 αὐτὸν
1542 3422 1664 3461 πολλὰ
1678 3425 1821 3470 λαβεῖν,
1845 3429 1906 3463 αἰ-
