2254 3770
340 286 424 331 304
694 263 695 267 ’
833 293 878 336 Ρ.
909 291 1159 338 εοΒΝΕΕΠ
1187 295 1360 340 ΤΑοΙΤΙ
1387 297 1655 344 ΑΝΝΑΜΗΜ

340 397 458 455 plum
487 401 682 457 Augusto.
706 406 749 443 et
779 402 1230 460 scenam-Pompeiani
1260 403 1433 456 theatri;
1470 417 1613 463 eaque
1639 404 1845 464 pet-secta,
1883 413 2128 466 contemptu

338 474 580 518 ambitionis
608 489 663 518 an
691 489 771 532 per
800 476 1082 527 senectutem,
1120 477 1205 521 hau
1235 478 1461 523 dedicavit.
1513 480 1590 524 sed
1622 482 1886 526 aestimando
1917 483 2127 542 cuiusque

338 549 592 594 detrimento
623 557 824 609 quattuor
853 554 1079 609 progeneri
1102 552 1319 605 Caesaris,
1349 555 1426 599 Cn.
1447 556 1876 607 Domitius,·Cassius
1898 558 2125 616 Longinus,

337 626 395 668 M.
420 626 618 677 Vinicius,
651 626 871 670 Rubellius
901 627 1086 672 Blandus
1107 629 1282 679 delecti,
1316 629 1576 689 additusque
1596 632 1882 677 nominatione
1904 633 2128 678 consulum

304 701 381 750 5P.
413 701 649 745 Petronius.
695 709 738 746 et
766 716 844 759 pro
874 702 1044 760 ingenio
1074 705 1287 763 cuiusque
1317 706 1499 764 quaesiti
1530 705 1780 766 decretique
1813 709 1855 752 in
1889 709 2127 768 principem

336 776 536 821 honores.
581 791 693 835 quos
714 778 915 822 omiserit
943 781 1227 838 receperitve,
1260 780 1303 823 in
1333 781 1496 825 incerto
1527 782 1602 826 fuit
1632 782 1688 827 ob
1708 784 1996 843 propinquum
2015 784 2127 830 vitae

335 851 478 896 finem
650 875 651 878 ¹
909 871 914 891 ε

447 931 598 988 Neque
636 930 749 974 enim
790 930 938 975 multo
959 939 1057 989 post
1085 932 1275 989 supremi
1306 932 1474 976 Tiberio
1505 928 1726 985 consules,
1765 935 1839 979 Cn.
1869 935 2127 981 Acerronius

336 1006 380 1050 C.
410 1006 606 1056 Pontius,
652 1006 944 1064 magistratum
977 1020 1210 1065 occepere,
1257 1008 1386 1052 nimia
1424 1008 1508 1052 iam
1547 1010 1737 1068 potentia
1775 1011 2005 1064 Macronis,
2052 1011 2127 1071 qui

283 1098 320 1128 ιο
334 1081 511 1140 gratiam
541 1082 586 1126 C.
620 1081 816 1126 Caesaris
846 1096 1080 1140 numquam
1110 1083 1190 1126 sibi
1222 1083 1457 1141 neglectam
1486 1085 1628 1129 acrius
1658 1086 1700 1128 in
1727 1085 1821 1130 dies
1850 1087 2020 1131 fovebat
2048 1088 2127 1132 im-

332 1157 590 1216 puleratque
627 1165 725 1216 post
766 1164 947 1202 mortem
993 1158 1213 1209 Claudiae,
1262 1173 1392 1217 quam
1431 1167 1624 1218 nuptam·
1654 1162 1694 1205 ei
1738 1161 1899 1212 rettuli,
1945 1177 2125 1207 uxorem

333 1247 456 1278 suam
498 1233 675 1277 Enniam
716 1234 920 1278 imita-ndo
963 1247 1154 1278 amorem
1196 1235 1395 1279 iuvenem
1424 1235 1598 1280 inlicere
1627 1244 1840 1295 pactoque
1867 1238 2124 1283 matrimonii

333 1310 512 1362 vincire,
542 1308 655 1353 nihil
677 1309 953 1361 abnuentem,
987 1309 1090 1353 dum
1120 1310 1427 1355 dominationis«
1451 1312 1728 1369 apisceretur.
1774 1325 1873 1357 nam
1900 1314 1982 1358 etsi
2006 1327 2124 1358 com*

331 1392 472 1430 motus
502 1385 672 1444 ingenio
694 1384 1010 1429 simulationum
1032 1393 1171 1430 tamen
1192 1386 1296 1430 falsa
1318 1387 1358 1430 in
1381 1387 1476 1431 sinu
1497 1388 1564 1431 avi
1584 1388 1884 1446 perdidicerat.
1916 1389 1997 1446 (46)
2019 1403 2123 1448 gna-

282 1473 318 1506 ⁴5
330 1472 426 1506 rum
456 1462 539 1506 hoc
567 1461 767 1520 principi,
800 1474 942 1520 eoque
972 1460 1181 1505 dubitavit
1208 1462 1264 1506 de
1289 1462 1496 1507 tradenda
1518 1477 1565 1508 re
1588 1464 1780 1522 publica,
1809 1464 1995 1522 primum
2012 1465 2122 1511 inter

329 1547 527 1598 nepotes,
560 1551 744 1597 quorum
764 1538 914 1581 'Druso
944 1538 1112 1595 genitus
1141 1538 1347 1595 sanguine
1371 1545 1415 1583 et
1435 1539 1607 1584 caritate
1623 1542 1810 1598 propior
1832 1540 1912 1584 sed
1930 1540 2120 1586 nondum

393 1668 424 1702 3.
451 1667 532 1701 C..N
559 1667 594 1701 M
618 1683 654 1690 —
681 1666 713 1700 4.
737 1666 896 1699 rur-emus
919 1675 972 1709 pr.
998 1667 1032 1700 M
1056 1683 1091 1688 —
1118 1667 1150 1699 5.
1176 1638 1334 1711 cuiusque
1355 1666 1566 1700 Beroaldus:
1592 1667 1688 1700 cuius
1709 1668 1742 1701 Μ
1766 1684 1801 1691 -
1829 1668 1860 1701 6.
1886 1647 2042 1703 omiserat
2048 1679 2118 1721 pr.

325 1725 359 1759 M
384 1742 419 1747 —
446 1723 478 1757 8.
503 1723 645 1757 consulis
668 1722 701 1756 M
727 1742 762 1747 —
789 1718 857 1756 CN.
883 1722 916 1757 M
942 1741 978 1746 —
1005 1722 1057 1756 42.
1082 1718 1243 1756 imitando
1266 1724 1315 1757 M:
1342 1722 1545 1757 immittendo
1569 1733 1703 1767 margo.
1725 1743 1761 1749 —
1787 1723 1905 1759 amore
1929 1726 1981 1784 M.
1999 1720 2120 1761 'amore

323 1779 440 1823 vulgo.
467 1796 504 1804 —
527 1784 691 1822 pactoque
713 1778 761 1813 M.
782 1780 982 1821 patrimonii
1005 1780 1038 1812 M
1064 1795 1100 1804 —
1127 1779 1180 1813 43.
1205 1781 1339 1813 uincere
1361 1789 1414 1823 pr.
1440 1781 1485 1814 M.
1943 1793 1946 1797 ²
2011 1795 2013 1798 ·

1245 1888 1299 1920 55.
1318 1887 1372 1921 84.
1400 1887 1431 1927 3,
1450 1887 1503 1921 st.
1530 1889 1583 1922 60.
1609 1888 1641 1928 4,
1663 1889 1715 1922 45.
1735 1889 1788 1922 24.
1814 1890 1846 1929 5,
1864 1889 1897 1922 6.
1923 1890 1956 1931 6,
1973 1889 2026 1923 38.
2046 1888 2113 1932 [44,

1244 1937 1314 1979 32]
1338 1937 1392 1979 43,
1418 1939 1472 1971 44.
1497 1937 1551 1972 47.
1578 1939 1632 1972 50.
1653 1939 1706 1972 53.
1725 1938 1779 1973 54.
1806 1939 1859 1980 ⁴4,
1877 1939 1910 1972 3.
1934 1940 1967 1972 7.
1984 1940 2039 1974 20.
2055 1940 2112 1974 28.

1244 1987 1297 2021 34.
1323 1988 1381 2029 45,
1403 1988 1439 2021 8.
1465 1988 1517 2022 38.
1543 1989 1598 2022 57.
1624 1989 1676 2028 46,
1695 1990 1728 2023 7.
1755 1990 1840 2025 Hist.
1862 1991 1894 2028 4,
1911 1989 1966 2023 23.
1983 1989 2038 2024 24.
2055 1989 2112 2025 ba.

1244 2039 1298 2071 65.
1316 2038 1370 2072 77.
1392 2039 1446 2072 87.
1472 2040 1505 2080 2,
1523 2039 1577 2073 48.
1596 2039 1629 2080 3,
1647 2040 1700 2073 39.
1718 2040 1773 2074 54.
1797 2040 1831 2080 4,
1850 2040 1902 2074 49.
1927 2042 2008 2082 Agr.
2027 2041 2059 2074 6.
2077 2041 2110 2075 9.

1236 2089 1485 2123 >Gerundivum
1508 2099 1589 2124 cum
1612 2089 1764 2123 ablativo
1787 2092 1938 2125 nominis
1951 2091 2113 2127 substan-

1243 2140 1303 2173 tivi
1330 2149 1410 2173 raro
1441 2149 1484 2174 ac
1512 2149 1583 2174 non
1606 2141 1681 2174 sine
1705 2142 1801 2174 certa
1825 2150 1933 2175 causa
1955 2141 2108 2183 admisit,

1243 2189 1349 2223 veluti
1373 2191 1427 2231 42,
1453 2189 1506 2224 34.
1539 2191 1602 2223 Hic
1625 2187 1804 2224 extremus
1827 2199 1932 2225 casus
1954 2190 2112 2234 postula-

323 1889 452 1922 στείου
476 1885 800 1921 κατεσκευάσατο.
830 1885 880 1919 Cf.
906 1885 1028 1919 Vellei.
1049 1887 1089 1926 2,
1116 1887 1190 1920 430.

323 1940 466 1972 sueton.
485 1938 560 1971 Tib.
579 1938 632 1972 47.
653 1952 689 1961 -·
707 1945 840 1970 scenam
853 1936 1045 1977 Pompeiani
1060 1935 1192 1980 theatri]

325 1990 377 2023 Cf.
403 1990 436 2029 3,
461 1989 516 2022 72.
538 2005 573 2012 --
598 1988 667 2020 hau
682 1986 862 2028 dedicavit]
879 1987 1066 2020 Suetonius
1083 1986 1190 2028 Calig.

323 2041 385 2075 2⁴:
411 2041 521 2081 Opera
542 2039 601 2071 sub
625 2038 750 2071 Tiberio
772 2038 1013 2079 semiperfecta,
1038 2038 1194 2079 templum

322 2092 463 2134 Augusti
485 2091 714 2131 theatrumque
738 2089 888 2129 Pompei,
919 2088 1060 2121 absolvit
1084 2088 1194 2130 (Cali-

322 2142 428 2185 gula).
454 2141 518 2174 Dio
541 2140 596 2181 59,
621 2140 640 2172 7
666 2139 722 2181 (ad
744 2148 775 2171 a.
802 2148 838 2171 u.
856 2138 948 2179 790):
975 2137 1018 2171 ἐκ
1042 2136 1082 2171 δὲ
1103 2135 1194 2172 τού-

322 2203 391 2227 του
415 2188 460 2225 τὸ
476 2187 604 2238 ἡρῷον
620 2186 664 2222 τὸ
680 2187 748 2222 τοῦ
765 2184 990 2233 Αὐγούστου
1007 2184 1190 2222 atomon.

326 2262 362 2269 —
388 2245 549 2284 quattuor
564 2240 755 2282 proyeneri]
782 2240 830 2272 Ex
847 2239 901 2272 his
916 2238 1071 2273 Blandus
1086 2239 1192 2272 Iuliae

322 2295 428 2330 Drusi
461 2292 571 2333 filiae,
607 2291 736 2324 Tiberii
769 2291 883 2333 neptis
918 2291 1060 2331 coniux,
1097 2290 1192 2324 solus

323 2346 387 2379 fuit
418 2347 544 2377 natura
578 2350 753 2385 progener
785 2341 832 2382 (6,
856 2340 935 2381 27),
971 2341 1080 2373 ceteri
1104 2340 1192 2373 ado-

322 2395 452 2439 ptionis
474 2395 568 2432 iure;
599 2392 772 2424 Domitius
796 2391 1022 2433 Agrippinam
1055 2390 1096 2432 (4,
1123 2390 1188 2431 75),

322 2446 499 2488 Longinus
532 2441 739 2483 Drusillam,
775 2442 930 2474 Vinicius
965 2441 1086 2474 Iuliam
1117 2441 1190 2474 sive

321 2495 497 2536 Livillam,
522 2494 719 2527 Germanici
741 2492 842 2531 filias,
865 2501 995 2526 uxores
1019 2492 1192 2526 duxerant

323 2548 375 2589 (6,
392 2546 458 2587 45).
484 2546 587 2578 Bao-r.
615 2561 651 2567 -
677 2544 712 2576 P.
737 2543 918 2583 Petronius]
944 2542 1054 2583 Cf..3,
1076 2541 1130 2575 49.
1151 2558 1187 2566 —-

321 2598 379 2632 Cn.
403 2596 604 2630 Acerronius
626 2593 707 2636 cet.]
739 2594 885 2627 Nomina
908 2594 1043 2626 horum·
1060 2602 1191 2626 consu-

318 2648 393 2682 ium
425 2648 556 2680 Inscrr.
581 2645 669 2684 batt.
695 2654 730 2677 n.
756 2644 841 2677 3665
874 2644 926 2677 sic
956 2643 1186 2677 exhibentur:

322 2699 381 2733 On.
399 2697 607 2731 Acerronius
626 2696 788 2728 Proculus
810 2695 845 2728 C.
863 2695 1038 2728 Petronius
1057 2695 1193 2727 Pontius

319 2750 493 2792 Nigrinus.
521 2765 558 2772 -
589 2749 664 2787 post
685 2749 825 2779 mortem
845 2745 1020 2787 Claudiae]
1052 2746 1187 2778 Iuniam

320 2797 538 2836 Claudillam,
559 2797 607 2830 vM.
625 2795 729 2829 Silani
744 2795 863 2834 filiam,
884 2796 988 2828 vocat
1001 2795 1188 2829 Suetonius

320 2850 427 2892 Calig.
443 2849 484 2881 42
500 2855 653 2889 eamque
667 2846 866 2880 decessisse
883 2855 926 2879 ex
941 2848 1043 2889 partu
1055 2847 1185 2879 narrat.

319 2899 416 2934 Philo
446 2899 564 2940 Legat.
589 2897 636 2930 ad
662 2898 786 2930 Gaium
808 2897 845 2929 9·
883 2893 1089 2943 ὦκυμόρου
1118 2893 1188 2938 τῆς

318 2945 511 3008 θυγατρὸς
521 2946 648 2990 (Silani)
665 2943 955 2990 ἀποθανούσης.
977 2948 1106 2981 Contra
1121 2947 1186 2980 Dio

318 3002 374 3041 59,
391 3001 424 3035 8·
445 2996 516 3044 τὴν
530 2997 723 3043 θυγατέρα
738 2996 864 3038 (Silani)
881 2994 1054 3038 ἐκβαλών
1069 2993 1187 3042 ’ἔγημε

318 3049 528 3098 Κορνελιαν
551 3044 780 3095 ’.Ορεστίναν
808 3065 844 3071 -
875 3049 1002 3091 rettuli]
1027 3057 1104 3091 cap.
1129 3049 1184 3081 20.

321 3099 550 3142 —imitandoJ
565 3097 778 3137 simulando,
796 3099 881 3138 uti,
900 3097 960 3131 24:
981 3107 1187 3139 quamquam

316 3153 529 3186 maestitiam
547 3149 776 3183 imitarentur.
803 3163 839 3170 —
865 3148 1022 3190 amorem]
1046 3149 1185 3182 Tacitus

315 3201 378 3234 ubi
410 3199 600 3234 variandae
635 3197 803 3231 orationis
833 3205 939 3229 causa
974 3198 1185 3239 gerundium

317 3251 464 3284 adhibet
478 3248 794 3291 eadempotestate
811 3248 1008 3289 praeditum
1023 3257 1091 3290 qua
1107 3257 1185 3291 par-

316 3302 474 3344 ticipium
488 3299 659 3343 temporis
675 3298 884 3342 praesentis,
902 3297 1008 3330 veluti
1022 3299 1185 3331 imitando

317 3359 466 3384 amorem
497 3358 562 3393 pro
585 3358 630 3383 eo
652 3347 748 3392 quod
778 3348 834 3380 est
860 3347 995 3379 imitans
1022 3356 1182 3390 amorem,

317 3400 557 3433 accusativum
581 3398 732 3432 nominis
755 3403 890 3439 ponere
905 3395 1012 3434 solet,
1037 3405 1106 3429 nou
1122 3397 1184 3430 ab·

1242 2241 1292 2272 vit
1318 2242 1359 2273 ut
1381 2240 1736 2274 accommodarentur
1758 2242 1915 2284 priores,
1947 2250 1992 2275 ne
2023 2249 2111 2275 con-

1242 2291 1391 2324 cinnitas
1413 2290 1605 2324 verborum
1627 2288 1771 2334 periret.
1803 2291 1903 2325 Idem
1919 2291 2111 2326 dicendum

1243 2340 1287 2373 de
1312 2341 1398 2374 nist.
1417 2340 1455 2381 4,
1480 2341 1534 2374 26.
1557 2342 1674 2383 Atque
1698 2340 1751 2382 44,
1777 2341 1797 2375 4
1820 2342 1984 2383 eaepwnea
2004 2335 2111 2376 simu-

1241 2391 1364 2424 latione
1387 2400 1457 2423 non
1482 2392 1536 2424 est
1559 2391 1653 2424 idem
1671 2391 1765 2433 quod
1788 2392 2029 2425 simulationem
2047 2400 2111 2425 οω-

1236 2442 1342 2482 plens,
1360 2441 1425 2475 sed
1438 2443 1492 2474 est
1503 2441 1542 2474 ob
1554 2442 1752 2483 explendam
1762 2443 2016 2476 simulationem.
2034 2443 2110 2476 Iam

1241 2501 1352 2532 unus,
1389 2493 1424 2525 ni
1446 2491 1563 2532 fallor,
1595 2491 1694 2526 locus
1717 2494 1829 2526 restat
1849 2494 1910 2535 qui
1931 2493 2109 2536 repugnat

1241 2543 1415 2576 constanti
1440 2541 1570 2585 alioqui
1595 2543 1840 2577 consuetudini
1861 2543 2105 2584 cornelianae,

1241 2593 1273 2632 6,
1298 2593 1358 2632 23ς
1392 2592 1456 2626 sed
1483 2593 1580 2627 hunc
1609 2593 1688 2635 plus
1717 2602 1790 2626 uno
1813 2593 2108 2636 nominovsuspe-

1240 2644 1337 2676 ctum
1353 2651 1433 2677 esse
1447 2652 1513 2677 suo
1529 2642 1608 2676 loco
1623 2644 1756 2677 monui.
1773 2644 1908 2678 errssx.
1928 2658 1966 2668 —
1985 2646 2107 2685 paam

1239 2702 1301 2734 que
1314 2694 1522 2726 matrimonii
1536 2693 1672 2734 vincire]
1694 2692 1842 2735 Culpam
1855 2693 1916 2726 uni
1931 2693 2105 2728 Macronis

1239 2744 1378 2785 coniugi
1400 2743 1522 2776 tribuit
1541 2743 1638 2777 Philo
1664 2745 1781 2784 Legat.
1800 2743 1846 2776 ad
1870 2744 1993 2777 Gaium
2007 2743 2046 2776 6:
2064 2739 2104 2777 Ὁ

1237 2792 1403 2841 Μάκρων
1434 2790 1505 2837 τὴν
1537 2790 1755 2839 διαφθορὰν
1782 2793 1855 2836 μὲν
1883 2792 1953 2828 τοῦ
1969 2791 2103 2838 quinon

1237 2845 1303 2877 καὶ.
1324 2843 1394 2887 τῆς
1417 2845 1541 2885 οἰκίας
1562 2841 1731 2888 ἀγνοῶν,
1755 2841 1826 2887 τὴν
1843 2842 1886 2878 δὲ
1899 2843 2105 2879 κολακείαν

1236 2893 1306 2938 τῆς
1327 2892 1508 2938 γυναικὸς
1531 2890 1685 2928 εὔνοιαν.
1695 2890 2036 2940 ,ἀκραιφνεστάτην
2050 2891 2105 2929 εἶ·

1236 2955 1300 2978 ναι
1321 2945 1502 2988 νομίζων,
1525 2940 1718 2978 ἀπατάται
1738 2946 1806 2978 καὶ
1826 2943 2010 2983 λανθάνει
2021 2949 2105 2989 «οη,-

1234 2992 1530 3043 στρατηγήμασι
1551 2992 1643 3037 τοὺς
1664 2994 1869 3037 ἐχθίστους
1890 2992 1943 3038 ὥς
1964 2993 2103 3038 φιλτά-

1235 3055 1326 3088 τους
1348 3046 1610 3093 προσιέμενος.
1636 3046 1674 3078 In
1697 3046 1821 3079 Gaium
1836 3045 1974 3089 culpam
1991 3047 2104 3080 wans-

1236 3097 1303 3130 fert
1325 3097 1510 3129 Suetonius
1534 3094 1640 3137 Calig.
1666 3096 1726 3128 42:
1757 3096 1903 3129 Enniam
1922 3096 2100 3138 Naevium,

1235 3146 1405 3180 Macronis
1436 3154 1597 3185 «morsm,
1619 3145 1824 3179 ¹sollicitavit
1854 3145 1900 3179 ad
1933 3148 2099 3187 stuprum,

1229 3197 1399 3238 pollicitus
1430 3199 1464 3229 et
1489 3197 1743 3229 matrimonium
1770 3205 1885 3237 mum,
1920 3196 1949 3228 si
1975 3197 2100 3237 pomus

1233 3247 1371 3288 imperio
1391 3245 1525 3288 fuisset,
1555 3246 1658 3287 deque
1689 3255 1788 3278 aare
1807 3248 1840 3278 et
1859 3246 1935 3278 iure
1954 3245 2101 3279 tur-mdo

1233 3299 1265 3329 et
1279 3296 1512 3352 chiroarapho
1513 3297 1615 3329 cavit.
1640 3296 1769 3328 Contra
1785 3302 1867 3327 cum
1882 3294 2000 3328 Tacito
2015 3294 2099 3328 iacit

1235 3346 1297 3379 Dio
1320 3345 1374 3384 58,
1399 3345 1460 3378 28:
1485 3338 1554 3378 ἅτε
1580 3341 1660 3404 γὰρ
1680 3342 1808 3385 maie
1836 3339 1911 3387 ἤδη
1940 3343 2010 3378 τοῦ
2032 3345 2099 3378 1¹⁶¹*

1232 3394 1302 3442 βερ
1303 3396 1364 3428 lov
1388 3393 1599 3436 νοσοῦντος
1619 3391 1688 3427 τὸν
1709 3394 1911 3427 νεανίσκον
1935 3395 1985 3436 (C.
2003 3395 2097 3434 Gan-

315 3448 462 3483 lativum
484 3455 569 3483 cum
590 3445 800 3490 gerundivo.
825 3443 877 3479 cf.
895 3445 928 3486 4,
944 3445 978 3478 6.
995 3444 1050 3480 42.
1074 3446 1109 3486 2,
1126 3446 1180 3480 26.
1233 3443 1362 3485 sarem)
1382 3441 1589 3491 ἐθεράπευρ
1604 3444 1758 3486 (Macro),
1781 3443 1848 3477 καὶ
1860 3442 2019 3487 μάλισθ’
2034 3438 2096 3478 ὅτι
