2254 3770
757 269 911 313 LIBER
938 269 1021 312 xv.
1067 268 1168 325 Cap.
1198 267 1265 310 53.
1295 266 1363 310 54.

1865 263 1948 308 527

164 378 358 437 quamvis
397 377 632 421 absurdum
668 376 888 420 videretur
923 381 994 418 aut
1033 374 1203 418 inanem
1231 375 1285 419 ad
1317 389 1437 433 spem
1470 373 1691 423 Antoniam
1723 385 1877 415 nomen
1907 378 1949 415 et

163 452 399 512 periculum
440 452 799 501 commodavisse,
841 456 912 494 aut
951 450 1147 492 Pisonem
1180 456 1326 493 notum
1354 463 1500 493 amore
1529 447 1675 491 uxoris
1705 447 1774 490 alii
1807 446 1949 490 matri-

163 529 306 572 monio
337 542 384 571 se
405 527 701 578 obstrinxisse,
734 526 813 569 nisi
840 527 874 569 si
897 523 1054 582 cupido
1075 523 1318 567 dominandi
1342 524 1505 568 cunctis
1525 522 1747 567 affectibus
1768 521 1949 578 flagran-

163 604 244 647 tior
281 610 357 647 est.
409 602 491 659 (54)
531 602 608 646 sed
647 601 822 651 mirum,
863 613 990 657 quam
1030 599 1138 642 inter
1173 598 1330 643 diversi
1367 588 1538 657 gene'ris
1568 597 1752 649 ordinis,
1799 597 1949 640 aetatis

163 692 309 729 sexus,
350 678 460 721 dites
489 690 723 734 pauperes,
766 675 1048 719 taciturnitate
1079 674 1221 717 omnia
1251 674 1435 718 cohibita
1465 674 1565 724 sint,
1598 672 1737 716 donec
1766 671 1980 729 proditios

163 753 304 811 coepit
333 766 357 796 e
387 752 516 796 domo
547 751 766 803 Scaevini;
798 750 869 808 qui
902 748 1038 806 pridie
1070 748 1320 792 insidiarum
1349 748 1479 792 multo
1510 761 1710 792 sermone
1740 761 1838 791 cum
1867 748 1950 790 An-

165 828 278 872 tonio
309 826 471 878 Natale,
504 826 604 870 dein
636 839 858 883 regressus
887 816 1062 867 domum
1092 830 1391 867 testamentum
1420 824 1674 880 obsignavit,
1707 828 1950 880 promptum

164 903 315 961 vagina
354 895 603 960 pugionem,
650 900 705 943 de
745 914 833 958 quo
871 913 1002 956 supra
1041 898 1200 948 rettuli,
1244 905 1453 942 vetustate
1491 898 1690 941 obtusum
1724 898 1951 954 increpans

165 978 355 1036 asperari
400 990 503 1020 saxo
541 982 584 1019 et
623 976 664 1018 in
702 988 951 1018 mucronem
989 973 1218 1017 ardescere
1255 973 1380 1016 iussit
1408 987 1591 1031 eamque
1622 986 1769 1017 curam
1799 971 1952 1015 liberto

165 1052 331 1097 Milicho
367 1052 593 1095 mandavit.
644 1049 767 1094 simul
807 1049 1047 1093 affluentius
1085 1048 1208 1092 solito
1248 1048 1488 1092 convivium
1520 1048 1685 1099 initum,
1729 1058 2002 1090 servorumto

165 1127 374 1172 carissimi
409 1117 603 1170 libertate
634 1132 677 1169 et
705 1125 775 1168 alii
804 1124 988 1182 pecunia
1008 1124 1172 1167 donati.
1203 1129 1331 1181 atque
1362 1124 1455 1180 ipse
1484 1129 1673 1166 maestus
1704 1128 1747 1166 et
1774 1135 1952 1179 magnae

165 1203 433 1261 cogitationis
462 1200 710 1244 manifestus
732 1206 833 1250 erat,
858 1199 1054 1257 quamvis
1075 1198 1274 1242 laetitiam
1295 1198 1413 1256 vagis
1434 1198 1704 1241 sermonibus
1724 1196 1952 1240 simularet.

112 1323 113 1326 ,
164 1285 381 1337 postremo
411 1275 657 1320 volneribus
687 1275 933 1332 ligamenta,
966 1274 1213 1332 quibusque
1243 1273 1406 1316 sistitur
1434 1273 1629 1330 sanguis,
1666 1285 1820 1330 parare
1849 1285 1955 1315 eun-

165 1353 264 1397 dem
293 1352 507 1395 Milichum
535 1357 698 1401 monet,
732 1351 823 1393 sive
844 1363 1023 1407 gnarum
1043 1348 1346 1392 coniurationis
1367 1354 1410 1392 et
1429 1347 1528 1391 illuc
1549 1361 1689 1405 usque
1710 1346 1854 1398 fidum,
1877 1360 1955 1390 seu

164 1429 358 1473 nescium
387 1434 430 1471 et
459 1434 560 1470 tunc
589 1426 774 1483 primum
795 1425 976 1482 arreptis
998 1423 1337 1482 suspicionibus,
1370 1429 1416 1466 ut
1435 1422 1631 1481 plerique
1651 1422 1876 1474 tradidere,
1899 1420 1954 1465 de
1969 1433 2006 1463 ⁴5

166 1502 553 1561 consequentibus.
575 1515 674 1544 nam
705 1514 803 1544 cum
833 1514 982 1544 secum
1011 1499 1177 1543 servilis
1198 1499 1364 1542 animus
1385 1498 1577 1556 praemia
1598 1497 1806 1555 perfidiae
1827 1510 1956 1555 repu-

167 1579 289 1630 tavit,
323 1577 536 1634 simulque
568 1576 761 1620 inmensa
791 1575 974 1633 pecunia
1003 1581 1045 1618 et
1073 1573 1259 1632 potentia
1288 1573 1638 1625 obversabantur,
1670 1573 1799 1617 cessit
1826 1572 1889 1616 fas
1915 1579 1958 1616 et

231 1732 264 1763 4.
287 1731 422 1762 inanem
450 1729 495 1761 ad
524 1728 696 1761 Pichena:

732 1728 833 1760 inane
863 1730 923 1759 aut
945 1727 977 1759 M
1003 1743 1037 1749 —
1070 1726 1103 1759 6.
1127 1726 1214 1772 cepit
1235 1726 1267 1758 M
1295 1743 1328 1749 -
1365 1725 1399 1758 8.
1422 1725 1522 1757 retuli
1543 1726 1577 1758 M
1602 1742 1639 1748 —
1675 1725 1707 1758 9.
1732 1725 1886 1766 asperari
1909 1726 1954 1758 G:

164 1786 342 1828 aspernari
365 1786 398 1819 Μ
424 1803 458 1808 -
486 1788 516 1817 et
537 1786 776 1817 immucronem
799 1784 830 1816 M
857 1802 892 1807 —
919 1783 972 1815 Η.
997 1782 1166 1814 karissimi
1187 1781 1408 1823 libertalltate
1430 1782 1462 1814 M
1486 1800 1530 1805 —
1550 1784 1672 1814 mestus
1693 1782 1727 1815 M
1753 1800 1788 1804 —
1815 1781 1868 1814 43.
1890 1790 1958 1822 pa·-

164 1853 245 1876 rare
266 1840 496 1875 Puteolanus:
518 1841 723 1882 partiebatq;
746 1841 798 1878 M;
820 1839 965 1880 petebat,
991 1847 1078 1880 quae
1103 1839 1236 1877 Haase;
1262 1837 1318 1870 alii
1334 1836 1412 1878 alia,
1437 1838 1570 1870 incerta
1595 1838 1724 1870 omnia.
1747 1856 1780 1861 —
1808 1837 1861 1871 ⁴4.
1886 1847 1958 1870 me-

164 1899 266 1932 licum
287 1899 323 1931 h.
342 1897 364 1930 l.
385 1899 415 1930 M
440 1914 475 1920 -
501 1897 568 1930 sibe
590 1898 623 1931 M
647 1914 682 1920 -
711 1897 763 1929 ⁴5.
780 1895 1019 1937 suscipionibus
1041 1895 1075 1929 M
1102 1913 1136 1918 —
1163 1895 1216 1927 ⁴6.
1242 1902 1352 1940 secum
1374 1895 1408 1928 M
1433 1911 1468 1918 —-
1496 1894 1550 1928 ⁴7.
1569 1894 1714 1940 pecunia
1737 1895 1781 1928 M.

166 2051 274 2092 psius,
293 2049 333 2081 ut
347 2046 571 2081 Plutarchum
588 2055 606 2079 a
624 2046 741 2079 Tacito
758 2045 938 2079 diversum
956 2054 1039 2078 cum

166 2109 210 2133 eo
234 2098 413 2138 conciliet,
440 2098 758 2139 conspirationem,
784 2097 829 2130 de
845 2105 916 2138 qua
937 2097 964 2129 is
985 2097 1040 2128 in-

166 2148 394 2190 telligendus,
429 2148 647 2180 Vinicianam
678 2148 787 2188 putat.
823 2147 894 2179 Sed
917 2146 1039 2178 dubito

167 2207 214 2231 au
236 2199 326 2231 haec
349 2197 538 2230 concordia
563 2196 698 2229 admitti
714 2197 835 2237 possit.
860 2196 1039 2228 Viniciana

169 2249 264 2281 enim
288 2248 462 2289 posterior
484 2248 520 2279 et
543 2246 735 2278 Beneventi
759 2246 908 2278 conflata
933 2248 1039 2286 atque

169 2298 329 2336 detecta,
365 2298 454 2329 teste
487 2296 652 2327 Suetonio
683 2296 765 2327 Ner.
792 2304 822 2327 c.
847 2295 902 2334 36,
936 2303 1041 2336 prae-

170 2349 267 2380 terea
296 2349 368 2379 tam
399 2345 570 2384 obscura,
605 2347 644 2377 ut
673 2346 814 2387 praeter
837 2345 1042 2377 Suetonium

170 2406 276 2431 nemo
306 2396 395 2429 illius
424 2396 637 2429 meminerit.
668 2395 750 2428 Veri
779 2395 891 2428 simile
922 2397 1042 2427 autem

171 2449 206 2481 in
229 2447 346 2480 reditu
369 2446 518 2479 Neronis
541 2454 582 2477 ex
606 2445 737 2477 Achaia
762 2453 844 2477 cum
866 2446 900 2477 in
919 2445 1043 2476 Vatinii

170 2499 317 2540 gratiam
341 2496 574 2534 substitisset,
600 2495 792 2527 Beneventi
816 2496 937 2527 contra
959 2502 1042 2527 eum

171 2548 422 2589 conspiratum.
450 2545 551 2585 Quod
568 2554 649 2577 cum
666 2546 729 2578 Dio
745 2545 967 2587 praeterierit
982 2546 1044 2577 aut

171 2600 286 2640 potius
311 2595 524 2639 xiphilinus,
549 2595 646 2637 apud
669 2596 828 2628 Tacitum
850 2604 936 2627 vero
958 2603 1043 2636 per—

172 2649 252 2680 ierit
274 2656 356 2680 cum
380 2648 468 2679 actis
493 2646 574 2678 anni
597 2646 679 2684 820,
712 2654 805 2678 nune
828 2646 1041 2687 ignoramus.

172 2700 285 2731 Immo
314 2697 359 2730 de
387 2697 571 2730 Pisoniana
595 2695 821 2728 Plutarchum
844 2694 1043 2736 intelligen-

173 2747 259 2780 dum
291 2748 327 2780 et
355 2746 453 2779 urbis
481 2747 612 2778 Romae
644 2745 776 2778 mentio
805 2747 840 2778 et
863 2744 949 2777 aliae
974 2745 1044 2776 cir—

173 2797 405 2830 cumstantiae
434 2795 595 2829 suadent.
626 2796 728 2828 chx.
766 2794 882 2827 Verba
906 2793 1043 2827 Plutar-

173 2847 231 2880 chi
253 2846 312 2888 (de
337 2845 544 2878 Garrulitate
569 2853 646 2886 cap.
670 2845 701 2884 7)
726 2844 815 2876 haec
839 2845 938 2876 sunt:
966 2840 1043 2886 Τὴν

173 2895 214 2929 δὲ
242 2892 438 2938 Ρωμαίων
470 2892 581 2927 πόλιν
616 2891 807 2927 ἐκώλυσεν
840 2892 1044 2939 ἐλευθέραν

173 2946 370 2991 γενέσθω,
404 2946 580 2991 Νέρωνος
620 2941 921 2988 ἀπαλλαγεῖσαν,
957 2940 1045 2984 ἑνὸς

173 2993 313 3056 ἀνδρός
336 2993 556 3035 ἀδολεσχία.
582 2995 660 3028 Μία
682 2992 755 3041 γὰρ
779 2989 827 3037 ἦν
850 2992 931 3036 νύξ,
956 2993 1042 3036 μεθ’

175 3043 227 3091 ἢν
251 3043 327 3080 ε’δει
348 3043 416 3078 τὸν
438 3042 624 3103 τύραννον
647 3040 904 3083 ἀπολωλέναι,
929 3052 1045 3102 παρε-

176 3097 449 3139 σκευασμένων
471 3102 674 3127 απαντων·
701 3090 723 3126 ὃ
746 3092 787 3126 δὲ
808 3092 957 3136 μέλλων
974 3090 1045 3126 αύ-

175 3144 242 3180 τὸν
265 3142 559 3184 ἀποκτιννύναι,
594 3140 852 3190 πορευόμενος
876 3143 931 3183 εἰς
951 3142 1046 3175 θέα-

174 3206 277 3244 τρον,
303 3193 392 3229 ἰδών
414 3204 499 3228 τινα
519 3192 594 3227 τῶν
609 3193 817 3237 δεδεμένων
833 3193 893 3226 ἐπὶ
909 3190 1046 3251 θύραις

175 3246 365 3290 μέλλοντα
399 3242 664 3303 προσάγεσθαι
696 3244 873 3290 Νέρωνι
875 3243 942 3276 καὶ
975 3239 1046 3286 τὴν

176 3294 296 3331 αὑτοῦ
319 3294 440 3340 τύχην
462 3292 768 3342 ἀποδυρόμενον,
793 3291 904 3337 ἐγγὺς
927 3302 1047 3338 προσ-

176 3346 295 3390 ῆλθεν
317 3343 420 3407 αὖςτῷ
443 3347 510 3379 καὶ
533 3345 868 3404 προσψιθυρίσας,
897 3340 1045 3383 Εὔχου,

178 3398 316 3440 φησίν,
339 3408 370 3429 ω
393 3392 590 3443 ανθρωπε,
614 3392 684 3438 τὴν
707 3391 878 3441 σήμερον
900 3389 1048 3440 ἡμέραν

1090 2043 1292 2102 παρελθεῖν
1321 2040 1461 2086 μόνον,
1493 2053 1628 2102 αυριον
1650 2041 1692 2077 δέ
1712 2053 1782 2087 μοι
1804 2039 1959 2091 εὐχαρι-

1090 2092 1255 2138 στήσεις.
1277 2090 1465 2148 Ἀρπάσας
1481 2087 1551 2127 οὖν
1565 2091 1610 2126 τὸ
1626 2094 1799 2134 αἰνιχθὲν
1814 2094 1959 2136 ἐκεῖνος

1089 2145 1154 2177 καὶ
1177 2142 1343 2187 νοήσας,
1377 2140 1505 2187 οἶμαι,
1537 2139 1597 2177 ὅτι
1628 2142 1813 2187 «Νήπιος,
1845 2155 1890 2187 ος
1911 2142 1958 2178 τὰ

1091 2189 1226 2237 ἕτοιμα
1248 2192 1367 2227 λιπών
1390 2190 1576 2237 ἀνέτοιμα
1597 2191 1742 2236 διώκει,
1749 2206 1764 2223 υ
1795 2191 1866 2251 '⁷2¹'
1891 2193 1959 2235 βε-

1089 2243 1294 2289 βαιοτέραν
1328 2242 1448 2277 εἵλετο
1479 2245 1690 2303 σωτηρίαν
1701 2243 1774 2291 πρὸ
1804 2243 1874 2288 τῆς
1902 2243 1960 2278 δι-

1090 2295 1303 2341 καιοτέρας.
1334 2290 1524 2337 Ἔμήνυσε
1547 2293 1619 2342 γὰρ
1640 2293 1691 2338 τῷ
1718 2296 1863 2342 Νέρωνι
1888 2293 1959 2339 τὴν

1091 2342 1226 2387 φωνὴν
1258 2342 1326 2377 τοῦ
1361 2341 1591 2390 ἀνθρώπου·
1633 2341 1810 2387 κάκεῖνος
1843 2342 1961 2388 εὐθὺς

1090 2391 1329 2441 ἀνήρπαστο,
1353 2395 1419 2427 καὶ
1441 2391 1611 2434 βάσανοι
1632 2395 1698 2428 καὶ
1714 2393 1788 2442 πῦρ
1802 2396 1867 2428 καὶ
1882 2394 1961 2440 μοί-

1091 2455 1216 2504 στιγες
1249 2445 1305 2478 ἐπ’
1340 2441 1477 2486 αὐτόν,
1499 2441 1750 2502 ἀρνούμενον
1773 2444 1868 2493 πρὸς
1890 2445 1960 2491 τὴν

1090 2492 1276 2539 ἀνάγκην,
1299 2492 1326 2527 ἃ
1347 2497 1465 2543 χωρὶς
1486 2491 1657 2540 ἀνάγκης
1671 2494 1850 2540 ἐμήνυσε.
1876 2499 1961 2531 Tota

1092 2547 1238 2588 quidem
1260 2556 1319 2580 res
1342 2549 1397 2580 est
1413 2548 1565 2588 incerta,
1590 2549 1744 2582 maxime
1761 2550 1840 2590 quia
1855 2549 1889 2582 in
1906 2549 1960 2582 his

1091 2596 1201 2629 rebus
1231 2596 1427 2629 minoribus
1459 2605 1567 2639 saepe
1597 2598 1727 2630 mirum
1755 2599 1790 2631 in
1813 2599 1961 2632 modum

1092 2647 1228 2679 variant
1251 2647 1454 2688 scriptores.
1483 2666 1519 2672 -
1554 2648 1594 2680 de
1621 2657 1687 2688 quo
1711 2658 1815 2690 supra
1835 2649 1959 2692 rettuli]

1094 2706 1125 2730 c.
1151 2696 1205 2729 53.
1233 2714 1270 2722 -
1303 2697 1405 2739 ειη-ο]
1433 2696 1546 2730 Nobili
1568 2697 1680 2730 verbo
1703 2707 1788 2731 usus
1813 2701 1868 2732 est
1896 2708 1961 2742 pro

1091 2750 1173 2779 cote.
1201 2764 1236 2770 -
1269 2747 1306 2778 in
1341 2755 1533 2779 mucronem
1561 2748 1749 2790 ardescere]
1786 2751 1852 2782 «ut
1881 2750 1960 2782 cote

1093 2797 1296 2838 asperatus,
1331 2796 1417 2829 dum
1446 2797 1571 2830 fricatu
1604 2797 1802 2839 incalescit,
1838 2808 1961 2832 mucro

1093 2847 1218 2879 acutus
1242 2845 1378 2878 fieret.»
1403 2847 1564 2880 Lucanus
1587 2847 1619 2887 7,
1647 2847 1729 2880 ⁴39:
1753 2849 1818 2881 nisi
1839 2849 1964 2882 cotibus

1092 2904 1191 2936 asper
1204 2896 1347 2928 Exarsit
1358 2905 1486 2929 mucro.
1507 2897 1627 2930 Horat.
1653 2898 1691 2930 C.
1708 2898 1740 2938 2,
1759 2899 1790 2938 8,
1810 2899 1869 2931 ⁴5:
1895 2899 1963 2932 Cu-

1089 2947 1170 2987 pido
1203 2946 1339 2986 Semper
1371 2947 1523 2979 ardentes
1555 2955 1676 2979 acuens
1713 2949 1855 2990 sayittas
1888 2949 1963 2982 cote

1093 2999 1243 3028 cruenta.
1270 3013 1306 3018 —
1332 2996 1476 3039 Milicho]
1501 2997 1639 3029 Nomen
1662 2998 1805 3039 servile,
1835 3008 1855 3031 a
1877 3000 1963 3042 μεί-

1094 3044 1219 3086 λιχος,
1250 3046 1363 3087 mitis,
1397 3047 1528 3080 suavis.
1557 3062 1594 3070 —
1624 3048 1721 3088 vaqis
1749 3049 1961 3092 sermonibus]

1095 3095 1202 3128 modo
1231 3095 1353 3136 huius,
1383 3096 1491 3129 modo
1522 3096 1611 3129 illius
1641 3100 1851 3139 argumenti.
1887 3098 1962 3132 Alio

1096 3154 1203 3178 sensu
1227 3144 1407 3178 Claudian.
1433 3146 1538 3179 Prob.
1563 3148 1600 3180 et
1628 3146 1747 3189 Olyhr.
1775 3157 1874 3182 cons.
1899 3149 1960 3182 3⁴:

1099 3195 1187 3227 Vivit
1203 3195 1312 3227 adhuc
1324 3196 1527 3236 completque
1540 3196 1636 3238 vagis
1648 3197 1850 3230 sermonibus
1865 3206 1964 3231 aures

1097 3244 1214 3277 Gloria
1233 3245 1311 3286 fusa
1332 3245 1446 3284 Probi,
1471 3245 1532 3277 ubi
1557 3247 1611 3278 est
1632 3244 1724 3278 fama
1740 3245 1809 3279 late
1825 3255 1959 3290 sparsa.

1097 3293 1148 3327 Cf.
1167 3294 1256 3327 Ann.
1274 3295 1307 3334 2,
1325 3294 1385 3327 39:
1409 3303 1497 3336 vago
1515 3303 1667 3334 rumore,
1691 3296 1767 3328 sine
1782 3298 1881 3330 certo
1898 3306 1963 3330 au-

1098 3344 1207 3376 ctore.
1220 3361 1255 3367 —-
1270 3344 1310 3376 de
1324 3343 1602 3385 consequentibus]
1625 3343 1690 3377 «de
1706 3345 1759 3385 iis,
1772 3353 1863 3387 quae
1880 3355 1963 3380 cou-

1097 3396 1334 3435 sequerentur
1348 3392 1405 3427 vel
1425 3395 1659 3427 consecutura
1683 3396 1841 3429 essent».
1866 3396 1962 3430 Haec
