2254 3770
775 272 931 318 uasa
957 273 1008 317 11.
1056 271 1158 329 Cap
1187 271 1255 316 3⁴.
1283 271 1353 316 32.
1380 271 1448 316 33.

1926 277 1984 321 95

203 384 411 429 sententia
438 381 665 428 constituti.
712 379 827 424 dona
854 378 942 423 Iovi
973 378 1094 422 Marti
1123 377 1407 431 Concordiae,
1445 384 1578 436 utque
1611 377 1758 422 iduum
1789 380 1983 438 Septem-

201 459 343 504 brium
371 458 486 508 dies,
517 470 606 515 quo
635 469 684 500 se
713 454 819 498 Libo
851 453 1131 502 interfecerat.
1167 453 1261 496 dies
1291 453 1423 497 festus
1453 453 1703 504 haberetur,
1743 455 1790 499 1..
1818 456 1911 500 Piso
1940 463 1984 500 et

203 534 347 580 Gallus
381 532 550 577 Asinius
592 538 635 575 et
679 530 837 588 Papius
871 527 1040 572 Mutilus
1081 534 1124 572 et
1160 528 1206 571 L.
1243 528 1456 585 Apronius
1499 529 1753 582 decrevere3
1798 544 1983 588 quorum

201 609 474 654 auctoritates
509 605 865 662 adulationesque
902 602 1059 654 rettuli,
1104 609 1152 646 ut
1189 602 1370 646 sciretur
1399 610 1522 647 vetus
1562 603 1606 647 id
1635 605 1687 647 -in
1722 618 1769 649 re
1811 605 1981 662 publica

200 684 372 729 malum.
415 682 526 727 facta
554 689 597 726 et
624 681 680 725 de
708 678 1016 724 mathematicis
1045 678 1268 735 magisque
1300 677 1419 721 Italia
1448 678 1658 736 pellendis
1688 687 1862 724 senatus
1881 694 2015 725 con-5

200 758 332 812 sulta;
362 771 549 816 quorum
577 770 602 800 e
632 768 810 800 numero
839 755 886 798 L.
915 753 1134 797 Pituanius
1162 766 1266 796 saxo
1296 752 1489 797 deiectus
1518 760 1604 805 est,
1637 754 1679 798 in
1709 756 1753 798 P.
1779 756 1983 800 Marcium

200 833 400 879 consules
421 839 538 877 extra
559 837 726 890 portam
746 828 1026 888 Esquilinam,
1050 842 1149 873 cum
1168 827 1396 872 classicum
1416 819 1571 874 canere
1592 829 1833 882 iussissent,
1862 845 1983 876 more

199 910 343 967 prisco
368 907 612 952 advertere.

310 984 397 1041 (33)
423 983 636 1026 Proximo
675 958 851 1025 senatus
888 978 961 1022 die
997 977 1128 1022 multa
1166 977 1209 1021 in
1238 976 1384 1022 luxum
1413 979 1592 1023 civitatis
1622 979 1735 1025 dicta
1762 995 1790 1026 a
1818 983 1867 1035 Q.
1898 984 1984 1028 Ha-

201 1058 308 1103 terio
337 1056 570 1109 consulari,
602 1055 781 1101 Octavio
811 1057 1023 1098 Frontone
1053 1059 1255 1111 praetura
1281 1053 1445 1107 funct03
1476 1054 1786 1114 decretumque
1804 1071 1860 1101 ne
1880 1072 1983 1102 vasa
1996 1070 2034 1100 ιο

201 1148 308 1178 auro
347 1132 486 1177 solida
523 1130 811 1175 ministrandis
850 1129 958 1174 cibis
995 1128 1167 1180 fierent,
1209 1142 1264 1173 ne
1293 1129 1426 1173 vestis
1455 1130 1604 1174 Serica
1631 1131 1748 1176 viros
1777 1132 1982 1178 foedaret.

245 1248 278 1281 4.
301 1246 478 1280 constituti.
496 1245 586 1278 dom
600 1242 880 1277 Freinshemius:
903 1242 1081 1275 constituti.
1098 1242 1225 1275 utdoua
1245 1243 1296 1282 M3
1321 1246 1423 1276 const.
1448 1247 1479 1276 et
1499 1244 1589 1277 dona
1603 1245 1772 1279 Muretus.
1788 1263 1824 1270 —
1849 1248 1985 1282 cordiae

201 1304 236 1338 Μ
250 1303 463 1345 (Concordiae
477 1303 610 1344 margo)
625 1317 662 1325 —
679 1301 838 1342 septrium
851 1307 905 1342 pr.
919 1300 954 1333 M
972 1317 1009 1324 -
1025 1301 1060 1333 2.
1077 1300 1151 1332 Piso
1164 1300 1191 1332 1.
1206 1300 1260 1333 Fr.
1275 1300 1488 1334 Gronovius:
1513 1302 1549 1335 P.
1567 1302 1619 1340 M;
1645 1302 1690 1335 cf.
1704 1311 1736 1336 c.
1746 1302 1801 1337 34.
1815 1303 1847 1343 3,
1864 1305 1981 1339 44.68.

201 1359 236 1401 4,
251 1360 308 1393 24.
327 1376 364 1383 -
387 1359 498 1401 aazias
519 1367 574 1401 pr.
590 1358 625 1391 M
643 1374 679 1382 --
697 1358 730 1391 6.
746 1357 886 1390 delectus
908 1364 962 1399 pr.
980 1356 1030 1395 M;
1055 1356 1190 1390 dilectus
1205 1365 1298 1389 corr.
1314 1357 1349 1390 Μ
1363 1357 1518 1397 (deiectus
1533 1357 1669 1400 margo)
1687 1376 1723 1384 -
1742 1359 1797 1392 44.
1814 1361 1921 1394 sirica
1934 1362 1981 1395 Μ.

203 1465 277 1498 ticis
290 1482 339 1489 -—
354 1468 486 1497 senatus
506 1463 667 1505 consulta]
698 1463 809 1495 immo
830 1461 980 1504 repetita
1003 1469 1070 1503 po-

202 1516 284 1549 tius.
329 1516 404 1548 Iam
431 1523 464 1548 a.
489 1523 525 1548 u.
550 1523 582 1547 c.
611 1513 676 1547 6⁴4
709 1513 879 1546 Cornelius
909 1511 1071 1552 Hispellus

201 1568 341 1606 praetor
361 1565 466 1597 edicto
489 1564 670 1597 Chaldaeos
689 1564 783 1595 intra
804 1563 964 1594 decimum
985 1561 1071 1593 diem

203 1615 296 1648 abire
322 1623 366 1647 ez:
387 1614 468 1646 urbe
497 1618 598 1656 atque
618 1613 721 1646 Italia
741 1613 854 1652 iussit,
884 1613 975 1643 teste
997 1611 1070 1643 Va-

205 1665 292 1699 lerio
315 1666 404 1698 Max.
430 1665 462 1703 4,
486 1664 517 1704 3,
542 1665 575 1696 2.
615 1663 688 1696 Alia
712 1661 873 1704 exempla
896 1670 1070 1694 annorum

203 1716 262 1749 724
298 1715 334 1747 et
360 1715 418 1747 764
455 1713 605 1756 praehet
631 1714 696 1746 Dio
717 1712 772 1752 49,
804 1712 847 1745 43
870 1713 906 1744 et
927 1711 982 1751 56,
1014 1712 1069 1744 25.

206 1765 295 1798 Vide
318 1764 423 1806 Lipsii
445 1764 642 1797 Excursum
665 1764 704 1795 G.
722 1764 759 1794 et
781 1761 828 1795 cf.
853 1762 939 1794 Hist.
957 1762 989 1802 4,
1013 1762 1069 1794 22.

209 1815 299 1848 Cum
328 1812 499 1847 maleficis
526 1813 786 1854 coniunguntur
813 1811 899 1845 Cod.
925 1811 980 1844 IX.
1004 1810 1068 1843 Tit.

207 1865 267 1898 ⁴8:
292 1865 333 1896 de
352 1863 510 1906 maleficis
531 1866 562 1896 et
582 1861 832 1896 mathematicis.
860 1862 902 1894 A.
926 1859 1011 1893 Gell.
1036 1861 1068 1900 4,

207 1914 245 1946 9;
281 1913 422 1955 Vulgus,
450 1921 532 1954 quos
552 1913 717 1955 gentilicio
738 1910 870 1944 nomine
892 1910 1072 1944 Chaldaeos

207 1963 314 1996 dicere
341 1965 484 2004 oportet,
520 1962 767 1995 mathematicos
795 1962 884 1994 dicit.
911 1977 947 1983 —
973 1959 1070 2002 saxo]

206 2014 263 2046 Sic
291 2014 363 2046 Cic.
387 2012 434 2045 ad
463 2013 532 2045 Att.
559 2012 620 2051 ⁴4,
651 2013 692 2045 45
720 2012 765 2044 de
796 2010 994 2044 Dolabella:
1031 2011 1071 2043 de

205 2071 293 2095 samo
316 2062 475 2104 (Tarpeio
496 2061 684 2095 seditiosos
700 2061 832 2094 liberos
847 2060 1072 2103 praecipitari

205 2112 330 2152 iussit),
353 2112 389 2144 ia
410 2119 542 2144 crucem
563 2114 701 2154 (servos
724 2111 805 2152 agi).
851 2111 894 2143 Et
921 2111 973 2143 sic
999 2110 1070 2142 iam

206 2160 348 2194 Plautus
369 2162 462 2194 Trin.
480 2162 513 2201 2,
530 2162 562 2201 4,
579 2160 632 2194 30.
658 2162 798 2193 Lucret.
816 2160 848 2200 3,
866 2160 963 2193 4028.
987 2160 1069 2192 Tac.

205 2212 297 2244 Anu.
314 2210 348 2252 4,
371 2211 427 2244 29.
450 2211 527 2244 vid.
549 2210 684 2243 Becker
704 2210 822 2251 Antiq.
845 2210 946 2242 Rom.
971 2210 1012 2249 11,
1037 2209 1070 2241 4.

207 2269 243 2303 p.
261 2262 302 2294 7‘1
325 2262 399 2294 not.
419 2261 495 2294 476.
514 2278 551 2284 -
576 2263 679 2294 mro
696 2263 831 2301 portam
851 2257 1071 2300 Esquilinam]

203 2315 301 2344 nunc
318 2314 422 2352 porta
442 2310 634 2352 ’Μαρίαν-ο,
662 2311 729 2343 sita
750 2309 797 2342 ad
818 2307 992 2342 australes
1014 2317 1073 2349 ag-

205 2362 299 2402 geris
321 2361 498 2402 Tarquinii
512 2359 663 2402 Superbi
682 2360 864 2392 terminos.
890 2359 1072 2392 Cadavera

206 2412 327 2443 autem
358 2410 476 2444 securi
507 2418 761 2452 percussorum
787 2409 922 2443 ibidem
951 2410 988 2442 in
1009 2418 1072 2451 pu-

206 2459 332 2493 ticulos
364 2459 630 2493 abiiciebantur.
681 2458 859 2501 Supplicia
902 2457 1071 2501 pleraque

207 2509 302 2552 apud
334 2510 511 2543 Romanos
544 2509 637 2542 sumi
670 2508 770 2542 solita
799 2510 899 2542 extra
931 2510 1071 2551 portam

208 2558 330 2601 (Plaut.
353 2559 426 2593 Mil.
449 2559 495 2602 gl.
519 2559 553 2599 2,
569 2558 604 2599 4,
620 2559 654 2591 6.
678 2555 759 2592 C'as.
783 2559 818 2599 2,
834 2559 868 2599 6,
884 2560 917 2591 2.
941 2558 1068 2592 Pseud.

207 2610 224 2641 4
242 2633 252 2649 ,
289 2609 310 2642 3
326 2634 336 2650 ,
373 2609 456 2651 97),
495 2607 571 2643 scil.
609 2608 849 2650 Esquilinam,
894 2608 932 2641 id
975 2608 1072 2650 quod

206 2657 264 2690 vel
297 2667 340 2691 ex
372 2660 495 2692 nostro
527 2657 606 2691 loco
638 2659 748 2700 patet.
795 2657 894 2691 Coni.
926 2659 1069 2690 Sueton.

208 2706 331 2740 Claud.
348 2708 410 2740 25:
434 2708 603 2741 civitatem
623 2708 807 2741 Romanam
827 2711 1026 2748 usurpantes
1037 2708 1073 2740 in

206 2757 507 2798 cannposssquilino
527 2756 818 2798 securipercussit.
838 2773 875 2781 -
899 2766 975 2790 mun
989 2757 1074 2790 ctas-

205 2807 310 2840 sicum
331 2816 451 2840 ωπον-ο
471 2807 650 2849 missust]
686 2808 776 2840 Cum
804 2808 871 2840 civi
898 2807 951 2840 rei
979 2808 1073 2849 capi-

206 2855 285 2889 talis
307 2856 384 2889 dies
406 2857 499 2890 dicta
522 2858 633 2896 esset,
657 2856 844 2890 classicum
862 2857 899 2889 in
915 2855 1073 2890 celeber-

206 2905 307 2938 rimis
321 2905 421 2939 urbis
434 2905 521 2939 locis
535 2905 730 2939 canebatur
745 2908 781 2939 et
794 2907 974 2950 postremo
989 2907 1072 2939 ante

207 2954 356 2989 domum
376 2955 545 2992 damnati.
590 2954 767 2990 Plutarch.
793 2956 832 2989 C.
857 2956 1004 2989 Gracch.
1027 2956 1068 2989 3:

207 3001 368 3051 πάτριόν
400 3004 506 3040 ἐστιν
538 3001 657 3049 ἡμῖν,
692 3003 731 3039 εἴ
753 3014 812 3046 τις
839 3001 940 3045 ἔχων
962 3003 1072 3048 δίκην

207 3051 421 3097 θανατικὴν
442 3051 499 3098 μὴ
517 3051 716 3095 ὑπακούει,
740 3052 879 3088 τούτου
894 3052 990 3111 ugo<
1004 3051 1073 3095 τὰς

208 3099 331 3150 θύρας
354 3100 472 3137 ἕωθεν
492 3101 657 3138 ἐλθόντα
676 3100 949 3148 ommvffle’
925 3114 1073 3136 ανακα-

208 3153 361 3188 teroem
390 3151 438 3201 τῇ
474 3151 651 3198 σάλπιγγι
688 3154 754 3187 καὶ
789 3150 846 3196 μὴ
883 3151 1072 3200 πρότερον

209 3202 400 3250 ἐπιφέρειν
412 3190 524 3248 asinii
547 3200 639 3244 τοὺς
650 3200 845 3244 δικαστάς.
876 3204 1011 3236 Seneca
1026 3203 1072 3236 de

211 3253 321 3293 irat,
347 3253 600 3288 ⁴6.VarroL.
623 3254 662 3287 L.
687 3253 720 3293 6,
745 3253 800 3286 92.
823 3251 918 3287 Miill.
933 3261 969 3295 p.
987 3253 1069 3285 444;

211 3302 250 3334 1¹·
268 3306 376 3336 estere
395 3303 632 3337 mentm-io
652 3303 884 3343 anquisitiom‘s
900 3303 947 3335 Μ.
964 3302 1075 3343 Serpit

212 3350 307 3384 uani
334 3352 397 3394 filii
429 3353 632 3394 quaestoris,
665 3352 725 3393 qui
755 3352 874 3392 capitis
905 3351 1075 3384 accusavit

217 3397 375 3442 stom,
407 3400 1075 3443 mmmmmmutedicti

1117 1461 1177 1494 hoc
1199 1464 1267 1494 cst:
1289 1462 1402 1494 --uti
1422 1465 1538 1495 curent
1559 1472 1597 1496 eo
1619 1464 1671 1497 die
1692 1474 1756 1505 quo
1779 1466 1831 1499 die
1848 1468 1984 1501 comitia

1118 1511 1334 1554 (centuriata)
1368 1516 1481 1553 emat,
1516 1514 1553 1545 in
1586 1523 1666 1547 arce
1697 1515 1851 1549 classicus
1881 1522 1986 1550 canat

1119 1564 1189 1594 tum
1210 1561 1401 1602 circumque
1421 1571 1550 1595 moeros
1570 1566 1603 1596 et
1617 1567 1693 1597 ante
1711 1566 1840 1605 privati
1852 1567 1985 1601 huiusce

1121 1611 1154 1643 T.
1187 1612 1300 1652 Quinti
1329 1611 1512 1654 (Quinctii)
1543 1613 1641 1655 Troyi
1668 1615 1817 1648 scelerosi
1845 1617 1985 1650 hostium

1121 1661 1285 1703 (ostium)
1315 1665 1418 1694 canat
1445 1666 1477 1695 et
1496 1666 1534 1695 ut
1554 1664 1590 1695 in
1619 1664 1743 1706 Campo
1771 1675 1847 1698 cum
1873 1668 1984 1708 primo

1119 1712 1185 1744 luci
1199 1712 1290 1744 assit.
1327 1712 1463 1746 Seneca
1476 1713 1605 1746 iterum
1620 1715 1690 1747 huc
1705 1717 1860 1758 respexit
1875 1718 1983 1759 Epist.

1119 1761 1174 1794 70.
1207 1762 1294 1794 Lips.
1323 1779 1359 1785 —
1390 1771 1484 1795 more
1509 1765 1623 1804 prisco
1655 1766 1838 1809 advertere]
1873 1767 1925 1800 Cf.
1949 1767 1983 1808 4,

1119 1810 1184 1844 30:
1223 1815 1261 1844 ut
1296 1812 1437 1845 Serenus
1471 1821 1564 1846 more
1598 1815 1766 1848 maiorum
1794 1817 1983 1857 puniretur.

1120 1861 1263 1894 Sueton.
1288 1862 1369 1894 Ner.
1394 1861 1450 1895 49:
1475 1864 1593 1904 puniri
1613 1873 1705 1898 more
1725 1867 1909 1899 maiorum:
1934 1884 1986 1892 —-

1118 1911 1200 1943 nudi
1220 1911 1360 1944 hominis
1380 1913 1539 1946 servicem
1560 1915 1668 1956 inyeri
1694 1915 1831 1958 furcae,
1865 1926 1986 1959 corpus

1119 1961 1225 2003 viryis
1246 1962 1291 1994 ad
1311 1970 1422 1995 necem
1443 1962 1549 1996 caedi.

1163 2059 1218 2093 33.
1253 2061 1291 2101 Q.
1315 2061 1463 2104 Haterio]
1500 2062 1551 2095 Cf.
1582 2062 1622 2103 4,
1657 2064 1711 2098 64.
1747 2081 1783 2088 -—-
1818 2070 1986 2107 praetura

1118 2110 1244 2152 [taneto]
1273 2111 1330 2143 Sic
1351 2112 1536 2153 scripsisse
1558 2112 1700 2146 videtur
1726 2123 1791 2156 pro
1812 2118 1986 2156 praetorio

1121 2160 1278 2193 variandi
1300 2169 1409 2193 causa
1431 2165 1512 2203 post
1532 2171 1611 2195 voc.
1635 2161 1780 2210 κύριον,
1805 2167 1983 2200 consulari.

1122 2209 1235 2242 Nolim
1258 2211 1353 2243 enim
1369 2211 1516 2244 credere
1533 2213 1772 2247 Freinshemio
1795 2217 1870 2249 sine
1886 2219 1986 2250 certo

1123 2259 1285 2302 exemplo
1307 2260 1514 2302 affirmanti,
1542 2262 1611 2295 hac
1632 2266 1748 2297 aetate
1771 2264 1854 2299 illud
1878 2268 1988 2309 signi-

1122 2308 1230 2342 ficare
1268 2318 1370 2350 eum,
1409 2311 1469 2353 qui
1505 2320 1635 2345 munus
1671 2315 1788 2356 ipsum
1825 2318 1985 2358 gesserit,

1122 2359 1338 2400 praetorium
1360 2369 1446 2393 vero
1469 2369 1571 2402 eum,
1600 2363 1659 2404 qui
1682 2366 1858 2406 praetoria
1881 2366 1988 2399 dum-

1121 2409 1218 2441 taxat
1247 2409 1395 2451 insignia
1429 2410 1579 2453 adeptus
1608 2413 1654 2445 sit
1686 2413 1738 2455 (id
1767 2415 1863 2456 quod
1892 2425 1987 2449 nunc

1122 2466 1249 2491 omnes
1270 2459 1462 2502 repetunt).
1483 2477 1520 2484 —
1544 2469 1631 2494 auro
1643 2463 1762 2505 solida]
1778 2465 1880 2506 Verg
1896 2466 1985 2500 Aen.

1122 2507 1154 2546 2,
1172 2507 1254 2541 765;
1278 2512 1427 2542 crateres
1447 2518 1534 2543 auro
1555 2511 1715 2544 solidi.-
1740 2515 1838 2547 vestis
1858 2514 1984 2557 Serica]

1123 2556 1174 2590 Cf.
1191 2557 1298 2599 Lipsii
1319 2559 1517 2593 Excursum
1539 2559 1585 2592 ad
1606 2560 1642 2593 h.
1659 2560 1684 2594 l.
1701 2563 1801 2597 Voss.
1819 2563 1865 2597 ad
1879 2565 1985 2606 Verg.

1123 2606 1184 2639 Ge.
1209 2608 1247 2647 2,
1273 2608 1348 2641 424.
1383 2609 1512 2642 Cuvier
1539 2609 1587 2643 ad
1615 2609 1699 2644 Plin.
1725 2613 1888 2646 Lemairii
1909 2613 1985 2647 Vol.

1122 2658 1179 2690 lv.
1213 2665 1249 2699 p.
1281 2657 1364 2698 43⁴,
1403 2659 1464 2700 qui
1497 2659 1604 2692 ambo
1637 2660 1832 2703 intelligunt
1865 2662 1910 2696 de
1944 2671 1985 2695 ea

1123 2707 1278 2746 textura,
1313 2716 1422 2749 quam
1455 2717 1521 2742 nos
1552 2717 1723 2744 vocamus
1756 2712 1869 2753 Seiae,
1907 2713 1985 2753 soie,

1122 2760 1210 2796 seta,
1240 2766 1310 2789 non
1332 2766 1416 2790 cum
1438 2757 1514 2791 aliis
1537 2758 1582 2791 de
1605 2761 1850 2803 gossympina,
1880 2770 1990 2794 mous-

1121 2806 1238 2846 setino,
1265 2807 1488 2848 Baumwolle,
1519 2811 1658 2842 cottone.
1683 2827 1723 2834 —
1745 2811 1904 2852 foedaret]
1928 2812 1988 2844 Se-

1123 2864 1211 2888 neca
1233 2855 1280 2888 de
1294 2856 1415 2889 Benef.
1433 2857 1468 2898 7,
1492 2857 1524 2898 9,
1550 2859 1590 2890 5:
1618 2859 1716 2892 Video
1736 2861 1860 2893 sericas
1872 2863 1985 2901 vestes,

1122 2906 1151 2938 si
1171 2908 1276 2938 vestes
1295 2907 1467 2941 vocandae
1486 2910 1579 2948 aaut,
1609 2908 1646 2941 in
1672 2909 1790 2950 quibus
1814 2911 1897 2944 nihil
1924 2913 1984 2951 est,

1122 2963 1188 2996 quo
1216 2955 1344 2995 defendi
1372 2959 1433 2988 aut
1464 2965 1585 2998 corpus
1616 2962 1677 2991 aut
1709 2959 1849 3001 denique
1877 2961 1988 3000 pudor

1117 3005 1241 3045 possit,
1271 3004 1389 3045 quibus
1415 3007 1553 3047 sumptis
1572 3007 1693 3040 mlier
1709 3017 1837 3049 parum
1862 3009 1988 3050 liquido

1120 3053 1247 3086 nudam
1266 3062 1302 3087 se
1314 3063 1381 3086 nou
1395 3063 1462 3088 esse
1475 3055 1611 3089 iurabit.
1634 3057 1706 3090 Hae
1718 3058 1986 3099 iacenti-summa

1122 3103 1165 3136 ab
1198 3103 1321 3145 ignotis
1355 3105 1458 3138 etiam
1493 3106 1540 3137 ad
1573 3108 1803 3139 commercium
1837 3107 1987 3148 amahus

1121 3156 1354 3194 accermtur,
1378 3157 1417 3187 ut
1436 3157 1758 3188 matr-onaemstrae
1770 3164 1812 3188 ne
1826 3157 1988 3190 adulter-is

1123 3203 1774 3244 quidemplussuiincubiculoquam
1800 3206 1984 3247 inpublico

1123 3253 1304 3286 ostendant.
1329 3253 1438 3295 Epist.
1462 3254 1516 3293 90,
1540 3254 1601 3286 2οι
1626 3254 1728 3294 Quia,
1751 3254 1779 3286 si
1800 3256 1986 3298 concipisset

1123 3301 1523 3335 illiadderehasnostri
1551 3303 1704 3343 temporis
1731 3303 1832 3345 telas,
1865 3306 1982 3346 quibus

1121 3351 1218 3384 vestis
1245 3352 1328 3385 nihil
1355 3352 1508 3385 celatura
1533 3352 1725 3394 conficitur,
1759 3353 1796 3385 iu
1821 3362 1890 3395 qua
1915 3365 1983 3388 non

1122 3401 1195 3435 dico
1226 3401 1357 3435 sulm
1388 3401 1521 3442 corpori
1552 3400 1739 3442 aumatium,
1772 3403 1829 3436 sed
1855 3404 1983 3437 nultum
