<?xml version="1.0" encoding="UTF-8"?>
<!DOCTYPE html PUBLIC "-//W3C//DTD XHTML 1.0 Transitional//EN"
    "http://www.w3.org/TR/xhtml1/DTD/xhtml1-transitional.dtd">
<html xmlns="http://www.w3.org/1999/xhtml" xml:lang="en" lang="en">
 <head>
  <title>
</title>
<meta http-equiv="Content-Type" content="text/html;charset=utf-8" />
  <meta name='ocr-system' content='tesseract 3.04.00' />
  <meta name='ocr-capabilities' content='ocr_page ocr_carea ocr_par ocr_line ocrx_word'/>
</head>
<body>
  <div class='ocr_page' id='page_1' title='image "./pcorneliitacitio01taciuoft_0462.png"; bbox 0 0 2254 3770; ppageno 0'>
   <div class='ocr_carea' id='block_1_1' title="bbox 308 273 1617 321">
    <p class='ocr_par' dir='ltr' id='par_1_1' title="bbox 308 273 1617 321">
     <span class='ocr_line' id='line_1_1' title="bbox 308 273 1617 321; baseline 0.002 -3"><span class='ocrx_word' id='word_1_1' title='bbox 308 274 391 319; x_wconf 76' lang='lat'>424</span> <span class='ocrx_word' id='word_1_2' title='bbox 788 275 834 318; x_wconf 94' lang='grc' dir='ltr'>Ρ.</span> <span class='ocrx_word' id='word_1_3' title='bbox 867 273 1118 319; x_wconf 88' lang='lat' dir='ltr'>CORNELII</span> <span class='ocrx_word' id='word_1_4' title='bbox 1147 274 1319 318; x_wconf 85' lang='lat' dir='ltr'><strong>TACITI</strong></span> <span class='ocrx_word' id='word_1_5' title='bbox 1347 273 1617 321; x_wconf 85' lang='lat' dir='ltr'>ANNALIUM</span> 
     </span>
    </p>
   </div>
   <div class='ocr_carea' id='block_1_2' title="bbox 256 379 2103 2174">
    <p class='ocr_par' dir='ltr' id='par_1_2' title="bbox 308 379 2103 665">
     <span class='ocr_line' id='line_1_2' title="bbox 308 379 2103 441; baseline 0.001 -16"><span class='ocrx_word' id='word_1_6' title='bbox 308 381 529 426; x_wconf 90' lang='lat' dir='ltr'>saevitiam</span> <span class='ocrx_word' id='word_1_7' title='bbox 569 381 715 426; x_wconf 88' lang='lat' dir='ltr'>Suillio</span> <span class='ocrx_word' id='word_1_8' title='bbox 753 379 1035 424; x_wconf 89' lang='lat' dir='ltr'>obiectabant.</span> <span class='ocrx_word' id='word_1_9' title='bbox 1087 379 1157 424; x_wconf 93' lang='lat' dir='ltr'>ille</span> <span class='ocrx_word' id='word_1_10' title='bbox 1195 379 1296 423; x_wconf 91' lang='lat' dir='ltr'>nihil</span> <span class='ocrx_word' id='word_1_11' title='bbox 1339 394 1391 424; x_wconf 89' lang='lat' dir='ltr'>ex</span> <span class='ocrx_word' id='word_1_12' title='bbox 1429 380 1494 424; x_wconf 91' lang='lat' dir='ltr'>his</span> <span class='ocrx_word' id='word_1_13' title='bbox 1536 385 1983 441; x_wconf 58' lang='lat' dir='ltr'>sponte‘susceptum‚</span> <span class='ocrx_word' id='word_1_14' title='bbox 2023 382 2103 428; x_wconf 87' lang='lat' dir='ltr'>sed</span> 
     </span>
     <span class='ocr_line' id='line_1_3' title="bbox 308 455 2102 516; baseline 0.001 -16"><span class='ocrx_word' id='word_1_15' title='bbox 308 458 489 516; x_wconf 79' lang='lat' dir='ltr'>principi</span> <span class='ocrx_word' id='word_1_16' title='bbox 515 458 711 515; x_wconf 83' lang='lat' dir='ltr'>paruisse</span> <span class='ocrx_word' id='word_1_17' title='bbox 735 455 1003 507; x_wconf 91' lang='lat' dir='ltr'>defendebat,</span> <span class='ocrx_word' id='word_1_18' title='bbox 1036 455 1174 500; x_wconf 89' lang='lat' dir='ltr'>donec</span> <span class='ocrx_word' id='word_1_19' title='bbox 1196 470 1292 499; x_wconf 91' lang='lat' dir='ltr'>eam</span> <span class='ocrx_word' id='word_1_20' title='bbox 1312 456 1548 500; x_wconf 85' lang='lat' dir='ltr'>orationem</span> <span class='ocrx_word' id='word_1_21' title='bbox 1570 457 1728 501; x_wconf 86' lang='lat' dir='ltr'>Caesar</span> <span class='ocrx_word' id='word_1_22' title='bbox 1748 458 1954 507; x_wconf 84' lang='lat' dir='ltr'>cohibuit,</span> <span class='ocrx_word' id='word_1_23' title='bbox 1985 472 2102 503; x_wconf 85' lang='lat' dir='ltr'>com-</span> 
     </span>
     <span class='ocr_line' id='line_1_4' title="bbox 308 531 2102 592; baseline 0.001 -16"><span class='ocrx_word' id='word_1_24' title='bbox 308 539 477 591; x_wconf 89' lang='lat' dir='ltr'>pertum</span> <span class='ocrx_word' id='word_1_25' title='bbox 507 533 588 576; x_wconf 92' lang='lat' dir='ltr'>sibi</span> <span class='ocrx_word' id='word_1_26' title='bbox 610 532 799 576; x_wconf 88' lang='lat' dir='ltr'>referens</span> <span class='ocrx_word' id='word_1_27' title='bbox 821 546 873 575; x_wconf 89' lang='lat' dir='ltr'>ex</span> <span class='ocrx_word' id='word_1_28' title='bbox 893 531 1208 590; x_wconf 88' lang='lat' dir='ltr'>commentariis</span> <span class='ocrx_word' id='word_1_29' title='bbox 1230 531 1361 589; x_wconf 89' lang='lat' dir='ltr'>patris</span> <span class='ocrx_word' id='word_1_30' title='bbox 1382 532 1449 575; x_wconf 91' lang='lat' dir='ltr'>sui</span> <span class='ocrx_word' id='word_1_31' title='bbox 1469 532 1628 576; x_wconf 90' lang='lat' dir='ltr'>nullam</span> <span class='ocrx_word' id='word_1_32' title='bbox 1648 533 1903 592; x_wconf 89' lang='lat' dir='ltr'>cuiusquam</span> <span class='ocrx_word' id='word_1_33' title='bbox 1923 547 2102 579; x_wconf 90' lang='lat' dir='ltr'>accusa-</span> 
     </span>
     <span class='ocr_line' id='line_1_5' title="bbox 308 606 2100 665; baseline 0.001 -13"><span class='ocrx_word' id='word_1_34' title='bbox 308 609 469 652; x_wconf 82' lang='lat' dir='ltr'>tionem</span> <span class='ocrx_word' id='word_1_35' title='bbox 499 608 552 652; x_wconf 91' lang='lat' dir='ltr'>ab</span> <span class='ocrx_word' id='word_1_36' title='bbox 584 622 636 652; x_wconf 91' lang='lat' dir='ltr'>eo</span> <span class='ocrx_word' id='word_1_37' title='bbox 658 613 862 652; x_wconf 89' lang='lat' dir='ltr'>coactam.</span> <span class='ocrx_word' id='word_1_38' title='bbox 893 613 982 650; x_wconf 91' lang='lat' dir='ltr'>tum</span> <span class='ocrx_word' id='word_1_39' title='bbox 1002 607 1120 651; x_wconf 91' lang='lat' dir='ltr'>iussa</span> <span class='ocrx_word' id='word_1_40' title='bbox 1140 606 1392 651; x_wconf 83' lang='lat' dir='ltr'>Messalinae</span> <span class='ocrx_word' id='word_1_41' title='bbox 1414 608 1637 665; x_wconf 90' lang='lat' dir='ltr'>praetendi</span> <span class='ocrx_word' id='word_1_42' title='bbox 1659 615 1702 653; x_wconf 92' lang='lat' dir='ltr'>et</span> <span class='ocrx_word' id='word_1_43' title='bbox 1719 609 1865 653; x_wconf 89' lang='lat' dir='ltr'>labare</span> <span class='ocrx_word' id='word_1_44' title='bbox 1886 609 2100 654; x_wconf 86' lang='lat' dir='ltr'>defensio:</span> 
     </span>
    </p>

    <p class='ocr_par' dir='ltr' id='par_1_3' title="bbox 277 682 2103 1045">
     <span class='ocr_line' id='line_1_6' title="bbox 277 682 2102 744; baseline 0.001 -16"><span class='ocrx_word' id='word_1_45' title='bbox 277 698 387 728; x_wconf 80' lang='lat' dir='ltr'>5cur</span> <span class='ocrx_word' id='word_1_46' title='bbox 416 684 530 727; x_wconf 92' lang='lat' dir='ltr'>enim</span> <span class='ocrx_word' id='word_1_47' title='bbox 558 683 771 727; x_wconf 89' lang='lat' dir='ltr'>neminem</span> <span class='ocrx_word' id='word_1_48' title='bbox 802 682 931 726; x_wconf 90' lang='lat' dir='ltr'>alium</span> <span class='ocrx_word' id='word_1_49' title='bbox 961 682 1175 727; x_wconf 90' lang='lat' dir='ltr'>delectum</span> <span class='ocrx_word' id='word_1_50' title='bbox 1205 683 1278 740; x_wconf 87' lang='lat' dir='ltr'>qui</span> <span class='ocrx_word' id='word_1_51' title='bbox 1309 684 1515 727; x_wconf 90' lang='lat' dir='ltr'>saevienti</span> <span class='ocrx_word' id='word_1_52' title='bbox 1540 684 1782 743; x_wconf 83' lang='lat' dir='ltr'>impudicae</span> <span class='ocrx_word' id='word_1_53' title='bbox 1805 699 1953 729; x_wconf 90' lang='lat' dir='ltr'>vocem</span> <span class='ocrx_word' id='word_1_54' title='bbox 1974 699 2102 744; x_wconf 89' lang='lat' dir='ltr'>prae-</span> 
     </span>
     <span class='ocr_line' id='line_1_7' title="bbox 309 758 2098 819; baseline 0.001 -16"><span class='ocrx_word' id='word_1_55' title='bbox 309 759 466 803; x_wconf 84' lang='lat' dir='ltr'>beret?</span> <span class='ocrx_word' id='word_1_56' title='bbox 506 758 746 816; x_wconf 90' lang='lat' dir='ltr'>puniendos</span> <span class='ocrx_word' id='word_1_57' title='bbox 775 772 920 802; x_wconf 89' lang='lat' dir='ltr'>rerum</span> <span class='ocrx_word' id='word_1_58' title='bbox 949 759 1157 803; x_wconf 88' lang='lat' dir='ltr'>atrocium</span> <span class='ocrx_word' id='word_1_59' title='bbox 1186 758 1418 810; x_wconf 90' lang='lat' dir='ltr'>ministros,</span> <span class='ocrx_word' id='word_1_60' title='bbox 1450 759 1523 803; x_wconf 94' lang='lat' dir='ltr'>ubi</span> <span class='ocrx_word' id='word_1_61' title='bbox 1554 761 1691 818; x_wconf 89' lang='lat' dir='ltr'>pretia</span> <span class='ocrx_word' id='word_1_62' title='bbox 1721 760 1933 805; x_wconf 88' lang='lat' dir='ltr'>scelerum</span> <span class='ocrx_word' id='word_1_63' title='bbox 1954 760 2098 819; x_wconf 83' lang='lat' dir='ltr'>adepti</span> 
     </span>
     <span class='ocr_line' id='line_1_8' title="bbox 309 833 2103 894; baseline 0.002 -16"><span class='ocrx_word' id='word_1_64' title='bbox 309 835 475 879; x_wconf 88' lang='lat' dir='ltr'>scelera</span> <span class='ocrx_word' id='word_1_65' title='bbox 513 835 606 892; x_wconf 90' lang='lat' dir='ltr'>ipsa</span> <span class='ocrx_word' id='word_1_66' title='bbox 642 833 735 877; x_wconf 91' lang='lat' dir='ltr'>aliis</span> <span class='ocrx_word' id='word_1_67' title='bbox 766 833 976 892; x_wconf 86' lang='lat' dir='ltr'>delegent.</span> <span class='ocrx_word' id='word_1_68' title='bbox 1022 834 1148 892; x_wconf 88' lang='lat' dir='ltr'>igitur</span> <span class='ocrx_word' id='word_1_69' title='bbox 1177 834 1376 892; x_wconf 85' lang='lat' dir='ltr'>adempta</span> <span class='ocrx_word' id='word_1_70' title='bbox 1406 834 1619 879; x_wconf 85' lang='lat' dir='ltr'>bonorum</span> <span class='ocrx_word' id='word_1_71' title='bbox 1649 843 1767 894; x_wconf 86' lang='lat' dir='ltr'>parte</span> <span class='ocrx_word' id='word_1_72' title='bbox 1802 838 1912 894; x_wconf 90' lang='lat' dir='ltr'>(nam</span> <span class='ocrx_word' id='word_1_73' title='bbox 1942 836 2029 880; x_wconf 92' lang='lat' dir='ltr'>filio</span> <span class='ocrx_word' id='word_1_74' title='bbox 2059 843 2103 881; x_wconf 91' lang='lat' dir='ltr'>et</span> 
     </span>
     <span class='ocr_line' id='line_1_9' title="bbox 310 909 2100 969; baseline 0.001 -15"><span class='ocrx_word' id='word_1_75' title='bbox 310 911 424 968; x_wconf 90' lang='lat' dir='ltr'>nepti</span> <span class='ocrx_word' id='word_1_76' title='bbox 454 924 555 968; x_wconf 90' lang='lat' dir='ltr'>pars</span> <span class='ocrx_word' id='word_1_77' title='bbox 585 909 920 961; x_wconf 79' lang='lat' dir='ltr'>concedebatur,</span> <span class='ocrx_word' id='word_1_78' title='bbox 955 910 1338 969; x_wconf 87' lang='lat' dir='ltr'>eximebanturque</span> <span class='ocrx_word' id='word_1_79' title='bbox 1369 911 1496 954; x_wconf 87' lang='lat' dir='ltr'>etiam</span> <span class='ocrx_word' id='word_1_80' title='bbox 1527 925 1640 969; x_wconf 90' lang='lat' dir='ltr'>quae</span> <span class='ocrx_word' id='word_1_81' title='bbox 1670 918 1924 956; x_wconf 87' lang='lat' dir='ltr'>testamento</span> <span class='ocrx_word' id='word_1_82' title='bbox 1954 912 2100 956; x_wconf 89' lang='lat' dir='ltr'>matris</span> 
     </span>
     <span class='ocr_line' id='line_1_10' title="bbox 309 985 2098 1045; baseline 0.001 -16"><span class='ocrx_word' id='word_1_83' title='bbox 309 992 382 1029; x_wconf 87' lang='lat' dir='ltr'>aut</span> <span class='ocrx_word' id='word_1_84' title='bbox 411 986 532 1029; x_wconf 91' lang='lat' dir='ltr'>aviae</span> <span class='ocrx_word' id='word_1_85' title='bbox 563 990 834 1043; x_wconf 86' lang='lat' dir='ltr'>acceperant)</span> <span class='ocrx_word' id='word_1_86' title='bbox 866 986 909 1028; x_wconf 92' lang='lat' dir='ltr'>in</span> <span class='ocrx_word' id='word_1_87' title='bbox 939 985 1100 1029; x_wconf 87' lang='lat' dir='ltr'>insulas</span> <span class='ocrx_word' id='word_1_88' title='bbox 1119 985 1321 1030; x_wconf 86' lang='lat' dir='ltr'>Baleares</span> <span class='ocrx_word' id='word_1_89' title='bbox 1342 985 1522 1044; x_wconf 87' lang='lat' dir='ltr'>pellitur,</span> <span class='ocrx_word' id='word_1_90' title='bbox 1555 1001 1641 1030; x_wconf 93' lang='lat' dir='ltr'>non</span> <span class='ocrx_word' id='word_1_91' title='bbox 1663 987 1820 1045; x_wconf 88' lang='lat' dir='ltr'>inipso</span> <span class='ocrx_word' id='word_1_92' title='bbox 1841 987 2098 1040; x_wconf 88' lang='lat' dir='ltr'>discrimine,</span> 
     </span>
    </p>

    <p class='ocr_par' dir='ltr' id='par_1_4' title="bbox 260 1061 2102 1346">
     <span class='ocr_line' id='line_1_11' title="bbox 260 1061 2102 1121; baseline 0.002 -17"><span class='ocrx_word' id='word_1_93' title='bbox 260 1076 296 1105; x_wconf 64' lang='grc' dir='ltr'>[ιο</span> <span class='ocrx_word' id='word_1_94' title='bbox 309 1076 394 1105; x_wconf 93' lang='lat' dir='ltr'>non</span> <span class='ocrx_word' id='word_1_95' title='bbox 425 1068 520 1119; x_wconf 88' lang='lat' dir='ltr'>post</span> <span class='ocrx_word' id='word_1_96' title='bbox 550 1061 864 1105; x_wconf 89' lang='lat' dir='ltr'>damnationem</span> <span class='ocrx_word' id='word_1_97' title='bbox 893 1061 1050 1105; x_wconf 86' lang='lat' dir='ltr'>fractus</span> <span class='ocrx_word' id='word_1_98' title='bbox 1080 1061 1243 1114; x_wconf 87' lang='lat' dir='ltr'>animo;</span> <span class='ocrx_word' id='word_1_99' title='bbox 1275 1061 1578 1120; x_wconf 85' lang='lat' dir='ltr'>ferebaturque</span> <span class='ocrx_word' id='word_1_100' title='bbox 1609 1064 1786 1121; x_wconf 90' lang='lat' dir='ltr'>copiosa</span> <span class='ocrx_word' id='word_1_101' title='bbox 1815 1069 1858 1107; x_wconf 93' lang='lat' dir='ltr'>et</span> <span class='ocrx_word' id='word_1_102' title='bbox 1882 1063 1995 1107; x_wconf 91' lang='lat' dir='ltr'>molli</span> <span class='ocrx_word' id='word_1_103' title='bbox 2018 1063 2102 1107; x_wconf 87' lang='lat' dir='ltr'>vita</span> 
     </span>
     <span class='ocr_line' id='line_1_12' title="bbox 309 1136 2100 1195; baseline 0.001 -14"><span class='ocrx_word' id='word_1_104' title='bbox 309 1143 523 1181; x_wconf 86' lang='lat' dir='ltr'>secretum</span> <span class='ocrx_word' id='word_1_105' title='bbox 553 1137 657 1180; x_wconf 91' lang='lat' dir='ltr'>illud</span> <span class='ocrx_word' id='word_1_106' title='bbox 687 1136 949 1181; x_wconf 87' lang='lat' dir='ltr'>toleravisse.</span> <span class='ocrx_word' id='word_1_107' title='bbox 981 1136 1113 1180; x_wconf 91' lang='lat' dir='ltr'>filium</span> <span class='ocrx_word' id='word_1_108' title='bbox 1144 1137 1237 1181; x_wconf 92' lang='lat' dir='ltr'>eius</span> <span class='ocrx_word' id='word_1_109' title='bbox 1258 1137 1522 1181; x_wconf 87' lang='lat' dir='ltr'>Nerullinum</span> <span class='ocrx_word' id='word_1_110' title='bbox 1543 1139 1758 1195; x_wconf 81' lang='lat' dir='ltr'>aggressis</span> <span class='ocrx_word' id='word_1_111' title='bbox 1779 1138 2100 1183; x_wconf 83' lang='lat' dir='ltr'>accusatoribus</span> 
     </span>
     <span class='ocr_line' id='line_1_13' title="bbox 308 1212 2101 1272; baseline 0.001 -17"><span class='ocrx_word' id='word_1_112' title='bbox 308 1227 388 1271; x_wconf 90' lang='lat' dir='ltr'>per</span> <span class='ocrx_word' id='word_1_113' title='bbox 427 1212 629 1256; x_wconf 91' lang='lat' dir='ltr'>invidiam</span> <span class='ocrx_word' id='word_1_114' title='bbox 658 1213 789 1270; x_wconf 88' lang='lat' dir='ltr'>patris</span> <span class='ocrx_word' id='word_1_115' title='bbox 821 1219 863 1256; x_wconf 88' lang='lat' dir='ltr'>et</span> <span class='ocrx_word' id='word_1_116' title='bbox 891 1213 1068 1258; x_wconf 86' lang='lat' dir='ltr'>crimina</span> <span class='ocrx_word' id='word_1_117' title='bbox 1097 1213 1449 1271; x_wconf 89' lang='lat' dir='ltr'>repetundarum,</span> <span class='ocrx_word' id='word_1_118' title='bbox 1494 1213 1735 1258; x_wconf 87' lang='lat' dir='ltr'>intercessit</span> <span class='ocrx_word' id='word_1_119' title='bbox 1762 1214 1964 1272; x_wconf 89' lang='lat' dir='ltr'>princeps</span> <span class='ocrx_word' id='word_1_120' title='bbox 1993 1220 2101 1258; x_wconf 86' lang='lat' dir='ltr'>tam·</span> 
     </span>
     <span class='ocr_line' id='line_1_14' title="bbox 309 1287 972 1346; baseline 0 -15"><span class='ocrx_word' id='word_1_121' title='bbox 309 1302 440 1346; x_wconf 89' lang='lat' dir='ltr'>quam</span> <span class='ocrx_word' id='word_1_122' title='bbox 469 1289 571 1332; x_wconf 89' lang='lat' dir='ltr'>satis</span> <span class='ocrx_word' id='word_1_123' title='bbox 603 1288 771 1346; x_wconf 87' lang='lat' dir='ltr'>expleta</span> <span class='ocrx_word' id='word_1_124' title='bbox 801 1287 972 1332; x_wconf 86' lang='lat' dir='ltr'>ultione.</span> 
     </span>
    </p>

    <p class='ocr_par' dir='ltr' id='par_1_5' title="bbox 259 1364 2102 1575">
     <span class='ocr_line' id='line_1_15' title="bbox 424 1364 2098 1423; baseline 0.001 -16"><span class='ocrx_word' id='word_1_125' title='bbox 424 1365 506 1422; x_wconf 85' lang='grc'>(44)</span> <span class='ocrx_word' id='word_1_126' title='bbox 552 1366 634 1408; x_wconf 91' lang='lat' dir='ltr'>Per</span> <span class='ocrx_word' id='word_1_127' title='bbox 670 1364 786 1408; x_wconf 91' lang='lat' dir='ltr'>idem</span> <span class='ocrx_word' id='word_1_128' title='bbox 824 1371 993 1422; x_wconf 87' lang='lat' dir='ltr'>tempus</span> <span class='ocrx_word' id='word_1_129' title='bbox 1024 1364 1229 1409; x_wconf 89' lang='lat' dir='ltr'>Octavius</span> <span class='ocrx_word' id='word_1_130' title='bbox 1260 1365 1435 1422; x_wconf 80' lang='lat' dir='ltr'>Sagitta,</span> <span class='ocrx_word' id='word_1_131' title='bbox 1480 1365 1621 1423; x_wconf 89' lang='lat' dir='ltr'>plebei</span> <span class='ocrx_word' id='word_1_132' title='bbox 1653 1365 1869 1418; x_wconf 88' lang='lat' dir='ltr'>tribunus,</span> <span class='ocrx_word' id='word_1_133' title='bbox 1911 1365 2098 1418; x_wconf 90' lang='lat' dir='ltr'>Pontiae,</span> 
     </span>
     <span class='ocr_line' id='line_1_16' title="bbox 259 1433 2102 1498; baseline 0.002 -16"><span class='ocrx_word' id='word_1_134' title='bbox 259 1453 297 1482; x_wconf 75' lang='lat'>⁴5</span> <span class='ocrx_word' id='word_1_135' title='bbox 309 1439 501 1484; x_wconf 91' lang='lat' dir='ltr'>mulieris</span> <span class='ocrx_word' id='word_1_136' title='bbox 532 1446 707 1498; x_wconf 87' lang='lat' dir='ltr'>nuptae,</span> <span class='ocrx_word' id='word_1_137' title='bbox 741 1454 887 1484; x_wconf 88' lang='lat' dir='ltr'>amore</span> <span class='ocrx_word' id='word_1_138' title='bbox 916 1454 1115 1491; x_wconf 82' lang='lat' dir='ltr'>vaecors,</span> <span class='ocrx_word' id='word_1_139' title='bbox 1148 1440 1390 1498; x_wconf 88' lang='lat' dir='ltr'>ingentibus</span> <span class='ocrx_word' id='word_1_140' title='bbox 1420 1440 1544 1484; x_wconf 91' lang='lat' dir='ltr'>donis</span> <span class='ocrx_word' id='word_1_141' title='bbox 1575 1441 1831 1485; x_wconf 88' lang='lat' dir='ltr'>adulterium</span> <span class='ocrx_word' id='word_1_142' title='bbox 1852 1449 1894 1485; x_wconf 86' lang='lat' dir='ltr'>et</span> <span class='ocrx_word' id='word_1_143' title='bbox 1912 1433 2023 1493; x_wconf 87' lang='lat' dir='ltr'>mox,</span> <span class='ocrx_word' id='word_1_144' title='bbox 2054 1447 2102 1485; x_wconf 90' lang='lat' dir='ltr'>ut</span> 
     </span>
     <span class='ocr_line' id='line_1_17' title="bbox 279 1516 2100 1575; baseline 0.001 -15"><span class='ocrx_word' id='word_1_145' title='bbox 279 1543 281 1545; x_wconf 89' lang='lat'>·</span> <span class='ocrx_word' id='word_1_146' title='bbox 309 1516 522 1560; x_wconf 88' lang='lat' dir='ltr'>omitteret</span> <span class='ocrx_word' id='word_1_147' title='bbox 550 1516 768 1568; x_wconf 88' lang='lat' dir='ltr'>maritum,</span> <span class='ocrx_word' id='word_1_148' title='bbox 802 1522 1060 1568; x_wconf 89' lang='lat' dir='ltr'>emercatur,</span> <span class='ocrx_word' id='word_1_149' title='bbox 1093 1530 1220 1560; x_wconf 90' lang='lat' dir='ltr'>suum</span> <span class='ocrx_word' id='word_1_150' title='bbox 1248 1517 1562 1560; x_wconf 89' lang='lat' dir='ltr'>matrimonium</span> <span class='ocrx_word' id='word_1_151' title='bbox 1590 1518 1841 1575; x_wconf 90' lang='lat' dir='ltr'>promittens</span> <span class='ocrx_word' id='word_1_152' title='bbox 1861 1531 1912 1561; x_wconf 91' lang='lat' dir='ltr'>ac</span> <span class='ocrx_word' id='word_1_153' title='bbox 1931 1517 2100 1575; x_wconf 86' lang='lat' dir='ltr'>nuptias</span> 
     </span>
    </p>

    <p class='ocr_par' dir='ltr' id='par_1_6' title="bbox 256 1591 2101 2174">
     <span class='ocr_line' id='line_1_18' title="bbox 309 1591 2100 1652; baseline 0.001 -16"><span class='ocrx_word' id='word_1_154' title='bbox 309 1593 403 1636; x_wconf 91' lang='lat' dir='ltr'>eius</span> <span class='ocrx_word' id='word_1_155' title='bbox 433 1599 595 1650; x_wconf 89' lang='lat' dir='ltr'>pactus.</span> <span class='ocrx_word' id='word_1_156' title='bbox 641 1591 719 1636; x_wconf 91' lang='lat' dir='ltr'>sed</span> <span class='ocrx_word' id='word_1_157' title='bbox 750 1592 824 1636; x_wconf 91' lang='lat' dir='ltr'>ubi</span> <span class='ocrx_word' id='word_1_158' title='bbox 856 1591 1009 1635; x_wconf 89' lang='lat' dir='ltr'>mulier</span> <span class='ocrx_word' id='word_1_159' title='bbox 1039 1606 1174 1636; x_wconf 93' lang='lat' dir='ltr'>vacua</span> <span class='ocrx_word' id='word_1_160' title='bbox 1203 1591 1296 1644; x_wconf 88' lang='lat' dir='ltr'>fuit,</span> <span class='ocrx_word' id='word_1_161' title='bbox 1329 1599 1502 1636; x_wconf 89' lang='lat' dir='ltr'>nectere</span> <span class='ocrx_word' id='word_1_162' title='bbox 1530 1606 1690 1644; x_wconf 90' lang='lat' dir='ltr'>moras,</span> <span class='ocrx_word' id='word_1_163' title='bbox 1723 1593 1948 1637; x_wconf 89' lang='lat' dir='ltr'>adversam</span> <span class='ocrx_word' id='word_1_164' title='bbox 1967 1593 2100 1652; x_wconf 88' lang='lat' dir='ltr'>patris</span> 
     </span>
     <span class='ocr_line' id='line_1_19' title="bbox 307 1668 2099 1729; baseline 0 -17"><span class='ocrx_word' id='word_1_165' title='bbox 307 1668 567 1712; x_wconf 86' lang='lat' dir='ltr'>voluntatem</span> <span class='ocrx_word' id='word_1_166' title='bbox 612 1669 780 1712; x_wconf 86' lang='lat' dir='ltr'>causari</span> <span class='ocrx_word' id='word_1_167' title='bbox 824 1674 1082 1726; x_wconf 88' lang='lat' dir='ltr'>repertaque</span> <span class='ocrx_word' id='word_1_168' title='bbox 1129 1682 1206 1726; x_wconf 92' lang='lat' dir='ltr'>spe</span> <span class='ocrx_word' id='word_1_169' title='bbox 1247 1668 1411 1711; x_wconf 88' lang='lat' dir='ltr'>ditioris</span> <span class='ocrx_word' id='word_1_170' title='bbox 1453 1668 1646 1729; x_wconf 79' lang='lat' dir='ltr'>coniugis</span> <span class='ocrx_word' id='word_1_171' title='bbox 1685 1670 1898 1727; x_wconf 91' lang='lat' dir='ltr'>promissa</span> <span class='ocrx_word' id='word_1_172' title='bbox 1927 1683 2099 1713; x_wconf 89' lang='lat' dir='ltr'>exuere.</span> 
     </span>
     <span class='ocr_line' id='line_1_20' title="bbox 308 1743 2101 1803; baseline 0 -14"><span class='ocrx_word' id='word_1_173' title='bbox 308 1745 512 1789; x_wconf 90' lang='lat' dir='ltr'>Octavius</span> <span class='ocrx_word' id='word_1_174' title='bbox 544 1750 692 1788; x_wconf 90' lang='lat' dir='ltr'>contra</span> <span class='ocrx_word' id='word_1_175' title='bbox 721 1744 850 1788; x_wconf 91' lang='lat' dir='ltr'>modo</span> <span class='ocrx_word' id='word_1_176' title='bbox 882 1743 1089 1801; x_wconf 87' lang='lat' dir='ltr'>conqueri</span> <span class='ocrx_word' id='word_1_177' title='bbox 1119 1743 1248 1787; x_wconf 93' lang='lat' dir='ltr'>modo</span> <span class='ocrx_word' id='word_1_178' title='bbox 1278 1744 1480 1796; x_wconf 88' lang='lat' dir='ltr'>minitari,</span> <span class='ocrx_word' id='word_1_179' title='bbox 1521 1744 1673 1790; x_wconf 88' lang='lat' dir='ltr'>famam</span> <span class='ocrx_word' id='word_1_180' title='bbox 1703 1744 1930 1802; x_wconf 89' lang='lat' dir='ltr'>perditam,</span> <span class='ocrx_word' id='word_1_181' title='bbox 1966 1758 2101 1803; x_wconf 90' lang='lat' dir='ltr'>pecu-</span> 
     </span>
     <span class='ocr_line' id='line_1_21' title="bbox 256 1819 2096 1879; baseline 0.002 -19"><span class='ocrx_word' id='word_1_182' title='bbox 256 1829 294 1860; x_wconf 75' lang='lat'>20</span> <span class='ocrx_word' id='word_1_183' title='bbox 307 1821 421 1864; x_wconf 90' lang='lat' dir='ltr'>niam</span> <span class='ocrx_word' id='word_1_184' title='bbox 464 1819 714 1864; x_wconf 86' lang='lat' dir='ltr'>exhaustam</span> <span class='ocrx_word' id='word_1_185' title='bbox 752 1820 988 1871; x_wconf 88' lang='lat' dir='ltr'>obtestans,</span> <span class='ocrx_word' id='word_1_186' title='bbox 1037 1819 1223 1877; x_wconf 87' lang='lat' dir='ltr'>denique</span> <span class='ocrx_word' id='word_1_187' title='bbox 1263 1819 1463 1872; x_wconf 88' lang='lat' dir='ltr'>salutem,</span> <span class='ocrx_word' id='word_1_188' title='bbox 1510 1834 1623 1878; x_wconf 88' lang='lat' dir='ltr'>quae</span> <span class='ocrx_word' id='word_1_189' title='bbox 1655 1819 1744 1863; x_wconf 87' lang='lat' dir='ltr'>sola</span> <span class='ocrx_word' id='word_1_190' title='bbox 1775 1820 1940 1879; x_wconf 90' lang='lat' dir='ltr'>reliqua</span> <span class='ocrx_word' id='word_1_191' title='bbox 1970 1826 2096 1872; x_wconf 89' lang='lat' dir='ltr'>esset,</span> 
     </span>
     <span class='ocr_line' id='line_1_22' title="bbox 306 1895 2098 1954; baseline -0.001 -14"><span class='ocrx_word' id='word_1_192' title='bbox 306 1896 480 1940; x_wconf 89' lang='lat' dir='ltr'>arbitrio</span> <span class='ocrx_word' id='word_1_193' title='bbox 525 1896 618 1940; x_wconf 92' lang='lat' dir='ltr'>eius</span> <span class='ocrx_word' id='word_1_194' title='bbox 657 1895 918 1954; x_wconf 87' lang='lat' dir='ltr'>permittens.</span> <span class='ocrx_word' id='word_1_195' title='bbox 965 1909 1015 1939; x_wconf 91' lang='lat' dir='ltr'>ac</span> <span class='ocrx_word' id='word_1_196' title='bbox 1053 1902 1279 1954; x_wconf 85' lang='lat' dir='ltr'>postquam</span> <span class='ocrx_word' id='word_1_197' title='bbox 1323 1896 1621 1953; x_wconf 89' lang='lat' dir='ltr'>spernebatur,</span> <span class='ocrx_word' id='word_1_198' title='bbox 1668 1902 1836 1940; x_wconf 88' lang='lat' dir='ltr'>noctem</span> <span class='ocrx_word' id='word_1_199' title='bbox 1875 1910 2004 1939; x_wconf 87' lang='lat' dir='ltr'>unam</span> <span class='ocrx_word' id='word_1_200' title='bbox 2043 1895 2098 1939; x_wconf 89' lang='lat' dir='ltr'>ad</span> 
     </span>
     <span class='ocr_line' id='line_1_23' title="bbox 305 1970 2098 2039; baseline -0.001 -23"><span class='ocrx_word' id='word_1_201' title='bbox 305 1972 509 2016; x_wconf 91' lang='lat' dir='ltr'>solacium</span> <span class='ocrx_word' id='word_1_202' title='bbox 540 1973 699 2029; x_wconf 88' lang='lat' dir='ltr'>poscit,</span> <span class='ocrx_word' id='word_1_203' title='bbox 733 1985 820 2029; x_wconf 90' lang='lat' dir='ltr'>qua</span> <span class='ocrx_word' id='word_1_204' title='bbox 849 1970 1060 2039; x_wconf 44' lang='lat' dir='ltr'>dele‘nitus</span> <span class='ocrx_word' id='word_1_205' title='bbox 1091 1970 1266 2014; x_wconf 90' lang='lat' dir='ltr'>modum</span> <span class='ocrx_word' id='word_1_206' title='bbox 1295 1971 1338 2014; x_wconf 91' lang='lat' dir='ltr'>in</span> <span class='ocrx_word' id='word_1_207' title='bbox 1368 1977 1588 2028; x_wconf 91' lang='lat' dir='ltr'>posterum</span> <span class='ocrx_word' id='word_1_208' title='bbox 1619 1970 1854 2015; x_wconf 88' lang='lat' dir='ltr'>adhiberet.</span> <span class='ocrx_word' id='word_1_209' title='bbox 1901 1971 2098 2029; x_wconf 83' lang='lat' dir='ltr'>statuitur</span> 
     </span>
     <span class='ocr_line' id='line_1_24' title="bbox 303 2045 2097 2100; baseline 0 -9"><span class='ocrx_word' id='word_1_210' title='bbox 303 2062 405 2100; x_wconf 89' lang='lat' dir='ltr'>nox,</span> <span class='ocrx_word' id='word_1_211' title='bbox 438 2053 481 2091; x_wconf 90' lang='lat' dir='ltr'>et</span> <span class='ocrx_word' id='word_1_212' title='bbox 508 2047 658 2091; x_wconf 86' lang='lat' dir='ltr'>Pontia</span> <span class='ocrx_word' id='word_1_213' title='bbox 689 2046 886 2091; x_wconf 89' lang='lat' dir='ltr'>consciae</span> <span class='ocrx_word' id='word_1_214' title='bbox 918 2045 1096 2090; x_wconf 91' lang='lat' dir='ltr'>ancillae</span> <span class='ocrx_word' id='word_1_215' title='bbox 1118 2046 1354 2090; x_wconf 89' lang='lat' dir='ltr'>custodiam</span> <span class='ocrx_word' id='word_1_216' title='bbox 1377 2046 1562 2090; x_wconf 88' lang='lat' dir='ltr'>cubiculi</span> <span class='ocrx_word' id='word_1_217' title='bbox 1583 2046 1767 2089; x_wconf 88' lang='lat' dir='ltr'>mandat.</span> <span class='ocrx_word' id='word_1_218' title='bbox 1799 2046 1869 2090; x_wconf 92' lang='lat' dir='ltr'>ille</span> <span class='ocrx_word' id='word_1_219' title='bbox 1889 2061 1977 2090; x_wconf 92' lang='lat' dir='ltr'>uno</span> <span class='ocrx_word' id='word_1_220' title='bbox 1999 2060 2097 2091; x_wconf 92' lang='lat' dir='ltr'>cum</span> 
     </span>
     <span class='ocr_line' id='line_1_25' title="bbox 302 2121 2094 2174; baseline 0 -8"><span class='ocrx_word' id='word_1_221' title='bbox 302 2123 456 2168; x_wconf 90' lang='lat' dir='ltr'>liberto</span> <span class='ocrx_word' id='word_1_222' title='bbox 497 2123 657 2167; x_wconf 87' lang='lat' dir='ltr'>ferrum</span> <span class='ocrx_word' id='word_1_223' title='bbox 691 2129 810 2167; x_wconf 89' lang='lat' dir='ltr'>veste</span> <span class='ocrx_word' id='word_1_224' title='bbox 851 2121 1065 2166; x_wconf 87' lang='lat' dir='ltr'>occultum</span> <span class='ocrx_word' id='word_1_225' title='bbox 1096 2122 1232 2166; x_wconf 90' lang='lat' dir='ltr'>infert.</span> <span class='ocrx_word' id='word_1_226' title='bbox 1276 2128 1386 2174; x_wconf 89' lang='lat' dir='ltr'>tum,</span> <span class='ocrx_word' id='word_1_227' title='bbox 1429 2128 1476 2165; x_wconf 87' lang='lat' dir='ltr'>ut</span> <span class='ocrx_word' id='word_1_228' title='bbox 1504 2121 1670 2166; x_wconf 88' lang='lat' dir='ltr'>adsolet</span> <span class='ocrx_word' id='word_1_229' title='bbox 1699 2122 1742 2164; x_wconf 92' lang='lat' dir='ltr'>in</span> <span class='ocrx_word' id='word_1_230' title='bbox 1771 2135 1917 2166; x_wconf 89' lang='lat' dir='ltr'>amore</span> <span class='ocrx_word' id='word_1_231' title='bbox 1949 2129 1992 2166; x_wconf 93' lang='lat' dir='ltr'>et</span> <span class='ocrx_word' id='word_1_232' title='bbox 2020 2122 2094 2174; x_wconf 87' lang='lat' dir='ltr'>ira,</span> 
     </span>
    </p>
   </div>
   <div class='ocr_carea' id='block_1_3' title="bbox 302 2241 2098 2456">
    <p class='ocr_par' dir='ltr' id='par_1_7' title="bbox 302 2241 2098 2456">
     <span class='ocr_line' id='line_1_26' title="bbox 368 2241 2098 2288; baseline -0.001 -10"><span class='ocrx_word' id='word_1_233' title='bbox 368 2247 400 2279; x_wconf 89' lang='grc'>4.</span> <span class='ocrx_word' id='word_1_234' title='bbox 425 2245 578 2278; x_wconf 85' lang='lat' dir='ltr'>seuitiam</span> <span class='ocrx_word' id='word_1_235' title='bbox 600 2244 635 2277; x_wconf 90' lang='lat' dir='ltr'>M</span> <span class='ocrx_word' id='word_1_236' title='bbox 666 2261 701 2267; x_wconf 94' lang='lat'>—-</span> <span class='ocrx_word' id='word_1_237' title='bbox 733 2243 834 2276; x_wconf 81' lang='lat' dir='ltr'>nichil</span> <span class='ocrx_word' id='word_1_238' title='bbox 856 2243 890 2276; x_wconf 92' lang='lat' dir='ltr'><strong>M</strong></span> <span class='ocrx_word' id='word_1_239' title='bbox 922 2262 958 2267; x_wconf 97' lang='lat'>—</span> <span class='ocrx_word' id='word_1_240' title='bbox 990 2242 1022 2276; x_wconf 98' lang='lat'>4.</span> <span class='ocrx_word' id='word_1_241' title='bbox 1047 2242 1219 2275; x_wconf 75' lang='lat' dir='ltr'>messaline</span> <span class='ocrx_word' id='word_1_242' title='bbox 1242 2243 1275 2276; x_wconf 92' lang='lat' dir='ltr'>M</span> <span class='ocrx_word' id='word_1_243' title='bbox 1309 2260 1345 2265; x_wconf 84' lang='lat'>-—</span> <span class='ocrx_word' id='word_1_244' title='bbox 1375 2243 1553 2283; x_wconf 75' lang='lat' dir='ltr'>praetendi</span> <span class='ocrx_word' id='word_1_245' title='bbox 1580 2241 1809 2288; x_wconf 79' lang='lat' dir='ltr'>Puteolanus:</span> <span class='ocrx_word' id='word_1_246' title='bbox 1844 2243 1998 2284; x_wconf 82' lang='lat' dir='ltr'>protendi</span> <span class='ocrx_word' id='word_1_247' title='bbox 2021 2244 2098 2286; x_wconf 88' lang='lat' dir='ltr'>(per</span> 
     </span>
     <span class='ocr_line' id='line_1_27' title="bbox 303 2299 2093 2342; baseline -0.001 -8"><span class='ocrx_word' id='word_1_248' title='bbox 303 2301 434 2342; x_wconf 86' lang='lat' dir='ltr'>notam)</span> <span class='ocrx_word' id='word_1_249' title='bbox 460 2302 494 2335; x_wconf 92' lang='lat' dir='ltr'><strong>M</strong></span> <span class='ocrx_word' id='word_1_250' title='bbox 520 2320 555 2324; x_wconf 96' lang='lat'><strong>—</strong></span> <span class='ocrx_word' id='word_1_251' title='bbox 580 2302 613 2333; x_wconf 80' lang='lat'>5.</span> <span class='ocrx_word' id='word_1_252' title='bbox 638 2301 774 2333; x_wconf 86' lang='lat' dir='ltr'>seuienti</span> <span class='ocrx_word' id='word_1_253' title='bbox 796 2300 960 2341; x_wconf 77' lang='lat' dir='ltr'>impudice</span> <span class='ocrx_word' id='word_1_254' title='bbox 983 2301 1016 2333; x_wconf 91' lang='lat' dir='ltr'>M</span> <span class='ocrx_word' id='word_1_255' title='bbox 1043 2317 1078 2323; x_wconf 91' lang='lat'><strong>—</strong></span> <span class='ocrx_word' id='word_1_256' title='bbox 1105 2300 1136 2332; x_wconf 89' lang='lat'>6.</span> <span class='ocrx_word' id='word_1_257' title='bbox 1159 2299 1234 2341; x_wconf 67' lang='lat' dir='ltr'>fitia</span> <span class='ocrx_word' id='word_1_258' title='bbox 1257 2300 1290 2332; x_wconf 93' lang='lat' dir='ltr'>M</span> <span class='ocrx_word' id='word_1_259' title='bbox 1316 2318 1351 2324; x_wconf 89' lang='lat'>—-</span> <span class='ocrx_word' id='word_1_260' title='bbox 1377 2300 1505 2340; x_wconf 78' lang='lat' dir='ltr'>adeptis</span> <span class='ocrx_word' id='word_1_261' title='bbox 1528 2300 1560 2332; x_wconf 91' lang='lat' dir='ltr'>M</span> <span class='ocrx_word' id='word_1_262' title='bbox 1585 2317 1622 2323; x_wconf 94' lang='lat'><strong>—</strong></span> <span class='ocrx_word' id='word_1_263' title='bbox 1649 2299 1680 2332; x_wconf 90' lang='grc'>9.</span> <span class='ocrx_word' id='word_1_264' title='bbox 1700 2299 1797 2332; x_wconf 86' lang='lat' dir='ltr'>aviae</span> <span class='ocrx_word' id='word_1_265' title='bbox 1814 2300 2093 2333; x_wconf 87' lang='lat' dir='ltr'>Freinshemius:</span> 
     </span>
     <span class='ocr_line' id='line_1_28' title="bbox 303 2355 2098 2398; baseline -0.001 -7"><span class='ocrx_word' id='word_1_266' title='bbox 303 2359 388 2392; x_wconf 83' lang='lat' dir='ltr'>auia</span> <span class='ocrx_word' id='word_1_267' title='bbox 409 2359 443 2391; x_wconf 93' lang='lat' dir='ltr'>M</span> <span class='ocrx_word' id='word_1_268' title='bbox 468 2376 503 2381; x_wconf 91' lang='lat'><em>-</em></span> <span class='ocrx_word' id='word_1_269' title='bbox 529 2355 642 2391; x_wconf 76' lang='lat' dir='ltr'>insuld‘</span> <span class='ocrx_word' id='word_1_270' title='bbox 667 2358 700 2391; x_wconf 91' lang='lat' dir='ltr'>M</span> <span class='ocrx_word' id='word_1_271' title='bbox 726 2375 762 2381; x_wconf 89' lang='lat'>——</span> <span class='ocrx_word' id='word_1_272' title='bbox 788 2358 841 2390; x_wconf 92' lang='grc'>44.</span> <span class='ocrx_word' id='word_1_273' title='bbox 861 2357 1067 2390; x_wconf 79' lang='lat' dir='ltr'>tolleram‘sse</span> <span class='ocrx_word' id='word_1_274' title='bbox 1089 2358 1123 2390; x_wconf 93' lang='lat' dir='ltr'>M</span> <span class='ocrx_word' id='word_1_275' title='bbox 1149 2375 1184 2381; x_wconf 88' lang='lat'><em>-</em></span> <span class='ocrx_word' id='word_1_276' title='bbox 1211 2358 1263 2390; x_wconf 75' lang='grc'>42.</span> <span class='ocrx_word' id='word_1_277' title='bbox 1289 2366 1350 2398; x_wconf 79' lang='lat' dir='ltr'>per</span> <span class='ocrx_word' id='word_1_278' title='bbox 1371 2357 1502 2389; x_wconf 82' lang='lat' dir='ltr'>inuidia</span> <span class='ocrx_word' id='word_1_279' title='bbox 1526 2357 1558 2390; x_wconf 89' lang='lat' dir='ltr'>M</span> <span class='ocrx_word' id='word_1_280' title='bbox 1583 2374 1618 2380; x_wconf 91' lang='lat'>—</span> <span class='ocrx_word' id='word_1_281' title='bbox 1646 2356 1698 2389; x_wconf 82' lang='grc'>45.</span> <span class='ocrx_word' id='word_1_282' title='bbox 1717 2364 1832 2390; x_wconf 84' lang='lat' dir='ltr'>uecors</span> <span class='ocrx_word' id='word_1_283' title='bbox 1854 2356 1888 2389; x_wconf 89' lang='lat' dir='ltr'>M</span> <span class='ocrx_word' id='word_1_284' title='bbox 1906 2374 1941 2380; x_wconf 91' lang='lat'>—</span> <span class='ocrx_word' id='word_1_285' title='bbox 1966 2356 2020 2389; x_wconf 77' lang='lat'>22.</span> <span class='ocrx_word' id='word_1_286' title='bbox 2039 2356 2098 2389; x_wconf 87' lang='lat' dir='ltr'>de-</span> 
     </span>
     <span class='ocr_line' id='line_1_29' title="bbox 302 2413 1176 2456; baseline -0.003 -7"><span class='ocrx_word' id='word_1_287' title='bbox 302 2416 422 2449; x_wconf 76' lang='lat' dir='ltr'>lenitus</span> <span class='ocrx_word' id='word_1_288' title='bbox 443 2416 495 2449; x_wconf 91' lang='lat' dir='ltr'>M:</span> <span class='ocrx_word' id='word_1_289' title='bbox 522 2415 676 2448; x_wconf 82' lang='lat' dir='ltr'>delinitus</span> <span class='ocrx_word' id='word_1_290' title='bbox 698 2413 814 2456; x_wconf 85' lang='lat' dir='ltr'>vulgo.</span> <span class='ocrx_word' id='word_1_291' title='bbox 842 2431 878 2438; x_wconf 90' lang='lat'>-</span> <span class='ocrx_word' id='word_1_292' title='bbox 906 2418 1109 2456; x_wconf 79' lang='lat' dir='ltr'>postremum</span> <span class='ocrx_word' id='word_1_293' title='bbox 1131 2415 1176 2448; x_wconf 91' lang='lat' dir='ltr'>M.</span> 
     </span>
    </p>
   </div>
   <div class='ocr_carea' id='block_1_4' title="bbox 298 2521 1176 3463">
    <p class='ocr_par' dir='ltr' id='par_1_8' title="bbox 298 2521 1176 3463">
     <span class='ocr_line' id='line_1_30' title="bbox 304 2521 1175 2562; baseline -0.001 -8"><span class='ocrx_word' id='word_1_294' title='bbox 304 2521 355 2555; x_wconf 83' lang='lat' dir='ltr'>Cf.</span> <span class='ocrx_word' id='word_1_295' title='bbox 383 2522 454 2554; x_wconf 88' lang='lat' dir='ltr'>Cic.</span> <span class='ocrx_word' id='word_1_296' title='bbox 480 2521 582 2554; x_wconf 89' lang='lat' dir='ltr'>Verr.</span> <span class='ocrx_word' id='word_1_297' title='bbox 600 2521 620 2554; x_wconf 89' lang='lat'>3</span> <span class='ocrx_word' id='word_1_298' title='bbox 644 2521 663 2562; x_wconf 65' lang='grc' dir='ltr'><strong>ἓ</strong></span> <span class='ocrx_word' id='word_1_299' title='bbox 685 2521 743 2554; x_wconf 71' lang='grc'>244</span> <span class='ocrx_word' id='word_1_300' title='bbox 762 2531 769 2553; x_wconf 91' lang='lat'>:</span> <span class='ocrx_word' id='word_1_301' title='bbox 796 2522 884 2562; x_wconf 81' lang='lat' dir='ltr'>quod</span> <span class='ocrx_word' id='word_1_302' title='bbox 905 2529 1000 2554; x_wconf 86' lang='lat' dir='ltr'>nemo</span> <span class='ocrx_word' id='word_1_303' title='bbox 1022 2522 1086 2554; x_wconf 82' lang='lat' dir='ltr'>nisi</span> <span class='ocrx_word' id='word_1_304' title='bbox 1109 2521 1175 2553; x_wconf 86' lang='lat' dir='ltr'>im-</span> 
     </span>
     <span class='ocr_line' id='line_1_31' title="bbox 298 2571 1175 2614; baseline 0 -10"><span class='ocrx_word' id='word_1_305' title='bbox 298 2571 424 2614; x_wconf 83' lang='lat' dir='ltr'>probus</span> <span class='ocrx_word' id='word_1_306' title='bbox 443 2571 574 2613; x_wconf 87' lang='lat' dir='ltr'>fecerit,</span> <span class='ocrx_word' id='word_1_307' title='bbox 607 2571 642 2603; x_wconf 83' lang='lat' dir='ltr'>id</span> <span class='ocrx_word' id='word_1_308' title='bbox 665 2571 810 2604; x_wconf 86' lang='lat' dir='ltr'>aliorum</span> <span class='ocrx_word' id='word_1_309' title='bbox 837 2571 986 2612; x_wconf 71' lang='lat' dir='ltr'>exemplo</span> <span class='ocrx_word' id='word_1_310' title='bbox 1008 2579 1042 2604; x_wconf 89' lang='lat' dir='ltr'>se</span> <span class='ocrx_word' id='word_1_311' title='bbox 1062 2571 1175 2612; x_wconf 74' lang='lat' dir='ltr'>fecisse</span> 
     </span>
     <span class='ocr_line' id='line_1_32' title="bbox 303 2620 1175 2663; baseline -0.003 -8"><span class='ocrx_word' id='word_1_312' title='bbox 303 2622 482 2663; x_wconf 83' lang='lat' dir='ltr'>defendat?</span> <span class='ocrx_word' id='word_1_313' title='bbox 506 2623 541 2654; x_wconf 92' lang='lat' dir='ltr'>in</span> <span class='ocrx_word' id='word_1_314' title='bbox 565 2621 680 2654; x_wconf 92' lang='lat' dir='ltr'>Pison.</span> <span class='ocrx_word' id='word_1_315' title='bbox 707 2620 725 2662; x_wconf 68' lang='lat' dir='ltr'><strong>g</strong></span> <span class='ocrx_word' id='word_1_316' title='bbox 746 2622 804 2654; x_wconf 85' lang='lat'>56:</span> <span class='ocrx_word' id='word_1_317' title='bbox 831 2622 859 2653; x_wconf 79' lang='lat' dir='ltr'>si</span> <span class='ocrx_word' id='word_1_318' title='bbox 882 2621 1086 2662; x_wconf 84' lang='lat' dir='ltr'>triumphum</span> <span class='ocrx_word' id='word_1_319' title='bbox 1108 2630 1175 2653; x_wconf 87' lang='lat' dir='ltr'>non</span> 
     </span>
     <span class='ocr_line' id='line_1_33' title="bbox 303 2672 1175 2713; baseline -0.002 -8"><span class='ocrx_word' id='word_1_320' title='bbox 303 2672 474 2713; x_wconf 86' lang='lat' dir='ltr'>cupiebas,</span> <span class='ocrx_word' id='word_1_321' title='bbox 504 2672 599 2704; x_wconf 85' lang='lat' dir='ltr'>cuius</span> <span class='ocrx_word' id='word_1_322' title='bbox 628 2672 760 2704; x_wconf 80' lang='lat' dir='ltr'>tandem</span> <span class='ocrx_word' id='word_1_323' title='bbox 786 2672 836 2704; x_wconf 84' lang='lat' dir='ltr'>rei</span> <span class='ocrx_word' id='word_1_324' title='bbox 860 2674 890 2704; x_wconf 88' lang='lat' dir='ltr'>te</span> <span class='ocrx_word' id='word_1_325' title='bbox 912 2672 1091 2712; x_wconf 82' lang='lat' dir='ltr'>cupiditate</span> <span class='ocrx_word' id='word_1_326' title='bbox 1113 2680 1175 2703; x_wconf 87' lang='lat' dir='ltr'>ar—</span> 
     </span>
     <span class='ocr_line' id='line_1_34' title="bbox 303 2723 1173 2764; baseline -0.001 -9"><span class='ocrx_word' id='word_1_327' title='bbox 303 2723 380 2756; x_wconf 81' lang='lat' dir='ltr'>sisse</span> <span class='ocrx_word' id='word_1_328' title='bbox 402 2723 579 2764; x_wconf 82' lang='lat' dir='ltr'>defendes?</span> <span class='ocrx_word' id='word_1_329' title='bbox 607 2740 641 2745; x_wconf 87' lang='lat'><em>—</em></span> <span class='ocrx_word' id='word_1_330' title='bbox 672 2731 716 2754; x_wconf 69' lang='lat' dir='ltr'>em</span> <span class='ocrx_word' id='word_1_331' title='bbox 739 2723 998 2763; x_wconf 83' lang='lat' dir='ltr'>commentariis]</span> <span class='ocrx_word' id='word_1_332' title='bbox 1026 2731 1096 2754; x_wconf 89' lang='lat' dir='ltr'>non</span> <span class='ocrx_word' id='word_1_333' title='bbox 1119 2723 1173 2754; x_wconf 92' lang='lat' dir='ltr'>hi-</span> 
     </span>
     <span class='ocr_line' id='line_1_35' title="bbox 305 2771 1174 2814; baseline -0.001 -9"><span class='ocrx_word' id='word_1_334' title='bbox 305 2772 462 2813; x_wconf 86' lang='lat' dir='ltr'>storicis,</span> <span class='ocrx_word' id='word_1_335' title='bbox 494 2771 558 2805; x_wconf 90' lang='lat' dir='ltr'>sed</span> <span class='ocrx_word' id='word_1_336' title='bbox 587 2771 716 2813; x_wconf 89' lang='lat' dir='ltr'>quibus</span> <span class='ocrx_word' id='word_1_337' title='bbox 740 2772 941 2814; x_wconf 87' lang='lat' dir='ltr'>quotidiana</span> <span class='ocrx_word' id='word_1_338' title='bbox 966 2771 1109 2804; x_wconf 90' lang='lat' dir='ltr'>consilia</span> <span class='ocrx_word' id='word_1_339' title='bbox 1133 2780 1174 2804; x_wconf 89' lang='lat' dir='ltr'>ac</span> 
     </span>
     <span class='ocr_line' id='line_1_36' title="bbox 304 2820 1176 2864; baseline -0.001 -9"><span class='ocrx_word' id='word_1_340' title='bbox 304 2822 443 2864; x_wconf 86' lang='lat' dir='ltr'>negotia</span> <span class='ocrx_word' id='word_1_341' title='bbox 457 2820 622 2854; x_wconf 87' lang='lat' dir='ltr'>Claudius</span> <span class='ocrx_word' id='word_1_342' title='bbox 640 2821 798 2860; x_wconf 83' lang='lat' dir='ltr'>notabat3</span> <span class='ocrx_word' id='word_1_343' title='bbox 817 2823 1071 2855; x_wconf 83' lang='lat' dir='ltr'>commentarios</span> <span class='ocrx_word' id='word_1_344' title='bbox 1081 2822 1176 2862; x_wconf 80' lang='lat' dir='ltr'>prin-</span> 
     </span>
     <span class='ocr_line' id='line_1_37' title="bbox 304 2870 1175 2914; baseline -0.001 -9"><span class='ocrx_word' id='word_1_345' title='bbox 304 2872 426 2914; x_wconf 83' lang='lat' dir='ltr'>cipales</span> <span class='ocrx_word' id='word_1_346' title='bbox 440 2872 543 2904; x_wconf 86' lang='lat' dir='ltr'>vocat</span> <span class='ocrx_word' id='word_1_347' title='bbox 566 2871 652 2903; x_wconf 89' lang='lat' dir='ltr'>Hist.</span> <span class='ocrx_word' id='word_1_348' title='bbox 670 2871 702 2911; x_wconf 90' lang='lat'>4,</span> <span class='ocrx_word' id='word_1_349' title='bbox 721 2871 775 2905; x_wconf 80' lang='lat'>40.</span> <span class='ocrx_word' id='word_1_350' title='bbox 798 2891 832 2896; x_wconf 92' lang='lat'><em>-</em></span> <span class='ocrx_word' id='word_1_351' title='bbox 851 2872 1006 2914; x_wconf 70' lang='lat' dir='ltr'>deleyent]</span> <span class='ocrx_word' id='word_1_352' title='bbox 1031 2872 1065 2904; x_wconf 91' lang='lat' dir='ltr'>in</span> <span class='ocrx_word' id='word_1_353' title='bbox 1088 2870 1175 2904; x_wconf 90' lang='lat' dir='ltr'>alios</span> 
     </span>
     <span class='ocr_line' id='line_1_38' title="bbox 306 2921 1174 2964; baseline -0.002 -9"><span class='ocrx_word' id='word_1_354' title='bbox 306 2923 469 2955; x_wconf 89' lang='lat' dir='ltr'>auctores</span> <span class='ocrx_word' id='word_1_355' title='bbox 485 2921 709 2960; x_wconf 80' lang='lat' dir='ltr'>transferant,</span> <span class='ocrx_word' id='word_1_356' title='bbox 724 2924 864 2964; x_wconf 90' lang='lat' dir='ltr'>sumpta</span> <span class='ocrx_word' id='word_1_357' title='bbox 881 2921 994 2954; x_wconf 87' lang='lat' dir='ltr'>forma</span> <span class='ocrx_word' id='word_1_358' title='bbox 1006 2921 1174 2963; x_wconf 90' lang='lat' dir='ltr'>loquendi</span> 
     </span>
     <span class='ocr_line' id='line_1_39' title="bbox 306 2972 1175 3015; baseline -0.001 -9"><span class='ocrx_word' id='word_1_359' title='bbox 306 2982 327 3006; x_wconf 90' lang='lat' dir='ltr'>a</span> <span class='ocrx_word' id='word_1_360' title='bbox 349 2982 388 3006; x_wconf 90' lang='lat' dir='ltr'>re</span> <span class='ocrx_word' id='word_1_361' title='bbox 412 2972 627 3015; x_wconf 87' lang='lat' dir='ltr'>pecuniaria.</span> <span class='ocrx_word' id='word_1_362' title='bbox 659 2973 730 3005; x_wconf 91' lang='lat' dir='ltr'>Cic.</span> <span class='ocrx_word' id='word_1_363' title='bbox 757 2981 791 3013; x_wconf 89' lang='lat' dir='ltr'>p.</span> <span class='ocrx_word' id='word_1_364' title='bbox 819 2973 915 3005; x_wconf 90' lang='lat' dir='ltr'>Font.</span> <span class='ocrx_word' id='word_1_365' title='bbox 942 2972 981 3005; x_wconf 86' lang='lat'>4:</span> <span class='ocrx_word' id='word_1_366' title='bbox 1021 2973 1122 3014; x_wconf 83' lang='lat' dir='ltr'>Quid,</span> <span class='ocrx_word' id='word_1_367' title='bbox 1147 2973 1175 3005; x_wconf 87' lang='lat' dir='ltr'>si</span> 
     </span>
     <span class='ocr_line' id='line_1_40' title="bbox 305 3022 1175 3064; baseline -0.001 -9"><span class='ocrx_word' id='word_1_368' title='bbox 305 3024 364 3055; x_wconf 81' lang='lat' dir='ltr'>hoc</span> <span class='ocrx_word' id='word_1_369' title='bbox 387 3024 512 3056; x_wconf 78' lang='lat' dir='ltr'>crimen</span> <span class='ocrx_word' id='word_1_370' title='bbox 534 3022 665 3063; x_wconf 82' lang='lat' dir='ltr'>optimis</span> <span class='ocrx_word' id='word_1_371' title='bbox 687 3022 872 3054; x_wconf 82' lang='lat' dir='ltr'>nominibus</span> <span class='ocrx_word' id='word_1_372' title='bbox 887 3023 1038 3064; x_wconf 64' lang='lat' dir='ltr'>delegare</span> <span class='ocrx_word' id='word_1_373' title='bbox 1053 3030 1175 3063; x_wconf 80' lang='lat' dir='ltr'>possu-</span> 
     </span>
     <span class='ocr_line' id='line_1_41' title="bbox 305 3072 1175 3114; baseline -0.001 -8"><span class='ocrx_word' id='word_1_374' title='bbox 305 3073 407 3106; x_wconf 80' lang='lat' dir='ltr'>mus?</span> <span class='ocrx_word' id='word_1_375' title='bbox 431 3074 514 3106; x_wconf 69' lang='lat' dir='ltr'>Eius.</span> <span class='ocrx_word' id='word_1_376' title='bbox 543 3090 578 3095; x_wconf 91' lang='lat'>-</span> <span class='ocrx_word' id='word_1_377' title='bbox 606 3072 722 3114; x_wconf 80' lang='lat' dir='ltr'>parte]</span> <span class='ocrx_word' id='word_1_378' title='bbox 755 3072 917 3110; x_wconf 86' lang='lat' dir='ltr'>dimidia;</span> <span class='ocrx_word' id='word_1_379' title='bbox 952 3081 1035 3105; x_wconf 87' lang='lat' dir='ltr'>nam</span> <span class='ocrx_word' id='word_1_380' title='bbox 1058 3073 1111 3106; x_wconf 91' lang='lat' dir='ltr'>sic</span> <span class='ocrx_word' id='word_1_381' title='bbox 1139 3073 1175 3105; x_wconf 87' lang='lat' dir='ltr'>in</span> 
     </span>
     <span class='ocr_line' id='line_1_42' title="bbox 307 3120 1171 3164; baseline -0.001 -9"><span class='ocrx_word' id='word_1_382' title='bbox 307 3122 365 3156; x_wconf 89' lang='lat' dir='ltr'>tali</span> <span class='ocrx_word' id='word_1_383' title='bbox 398 3132 437 3155; x_wconf 89' lang='lat' dir='ltr'>re</span> <span class='ocrx_word' id='word_1_384' title='bbox 468 3132 618 3164; x_wconf 80' lang='lat' dir='ltr'>pars--</span> <span class='ocrx_word' id='word_1_385' title='bbox 628 3131 713 3164; x_wconf 81' lang='lat' dir='ltr'>pars</span> <span class='ocrx_word' id='word_1_386' title='bbox 737 3120 949 3163; x_wconf 85' lang='lat' dir='ltr'>intelligitur.</span> <span class='ocrx_word' id='word_1_387' title='bbox 981 3123 1105 3155; x_wconf 71' lang='lat' dir='ltr'>Durum.</span> <span class='ocrx_word' id='word_1_388' title='bbox 1136 3141 1171 3146; x_wconf 90' lang='lat'>——</span> 
     </span>
     <span class='ocr_line' id='line_1_43' title="bbox 306 3172 1175 3216; baseline 0 -10"><span class='ocrx_word' id='word_1_389' title='bbox 306 3174 374 3216; x_wconf 75' lang='lat' dir='ltr'>filio</span> <span class='ocrx_word' id='word_1_390' title='bbox 398 3177 428 3206; x_wconf 91' lang='lat' dir='ltr'>et</span> <span class='ocrx_word' id='word_1_391' title='bbox 448 3173 548 3216; x_wconf 81' lang='lat' dir='ltr'>nepti]</span> <span class='ocrx_word' id='word_1_392' title='bbox 573 3172 695 3206; x_wconf 92' lang='lat' dir='ltr'>Filium</span> <span class='ocrx_word' id='word_1_393' title='bbox 718 3172 813 3205; x_wconf 86' lang='lat' dir='ltr'>hunc</span> <span class='ocrx_word' id='word_1_394' title='bbox 836 3180 918 3204; x_wconf 89' lang='lat' dir='ltr'>mox</span> <span class='ocrx_word' id='word_1_395' title='bbox 935 3174 1093 3205; x_wconf 90' lang='lat' dir='ltr'>nominat</span> <span class='ocrx_word' id='word_1_396' title='bbox 1107 3174 1175 3206; x_wconf 89' lang='lat' dir='ltr'>Ne-</span> 
     </span>
     <span class='ocr_line' id='line_1_44' title="bbox 306 3223 1174 3266; baseline 0 -10"><span class='ocrx_word' id='word_1_397' title='bbox 306 3224 468 3256; x_wconf 77' lang='lat' dir='ltr'>rullinum</span> <span class='ocrx_word' id='word_1_398' title='bbox 491 3224 545 3266; x_wconf 86' lang='lat' dir='ltr'>(cf.</span> <span class='ocrx_word' id='word_1_399' title='bbox 572 3225 625 3264; x_wconf 71' lang='grc'>42,</span> <span class='ocrx_word' id='word_1_400' title='bbox 643 3223 717 3264; x_wconf 75' lang='lat'><strong>25);</strong></span> <span class='ocrx_word' id='word_1_401' title='bbox 751 3223 866 3265; x_wconf 87' lang='lat' dir='ltr'>neptis</span> <span class='ocrx_word' id='word_1_402' title='bbox 889 3225 1008 3255; x_wconf 89' lang='lat' dir='ltr'>autem</span> <span class='ocrx_word' id='word_1_403' title='bbox 1031 3223 1174 3257; x_wconf 83' lang='lat' dir='ltr'>alterius</span> 
     </span>
     <span class='ocr_line' id='line_1_45' title="bbox 308 3272 1175 3316; baseline 0.003 -12"><span class='ocrx_word' id='word_1_404' title='bbox 308 3272 386 3313; x_wconf 89' lang='lat' dir='ltr'>filii,</span> <span class='ocrx_word' id='word_1_405' title='bbox 413 3274 598 3308; x_wconf 83' lang='lat' dir='ltr'>Caesonini</span> <span class='ocrx_word' id='word_1_406' title='bbox 623 3273 714 3316; x_wconf 90' lang='lat' dir='ltr'>(vide</span> <span class='ocrx_word' id='word_1_407' title='bbox 738 3272 783 3305; x_wconf 89' lang='lat' dir='ltr'>ad</span> <span class='ocrx_word' id='word_1_408' title='bbox 807 3273 860 3312; x_wconf 89' lang='grc'>44,</span> <span class='ocrx_word' id='word_1_409' title='bbox 879 3272 927 3312; x_wconf 76' lang='grc'>2),</span> <span class='ocrx_word' id='word_1_410' title='bbox 953 3273 1023 3305; x_wconf 85' lang='lat' dir='ltr'>iam</span> <span class='ocrx_word' id='word_1_411' title='bbox 1045 3275 1175 3307; x_wconf 90' lang='lat' dir='ltr'>mortui</span> 
     </span>
     <span class='ocr_line' id='line_1_46' title="bbox 308 3322 1171 3365; baseline 0.001 -10"><span class='ocrx_word' id='word_1_412' title='bbox 308 3322 364 3355; x_wconf 87' lang='lat' dir='ltr'>vel</span> <span class='ocrx_word' id='word_1_413' title='bbox 400 3324 516 3357; x_wconf 87' lang='lat' dir='ltr'>adhuc</span> <span class='ocrx_word' id='word_1_414' title='bbox 552 3323 681 3365; x_wconf 82' lang='lat' dir='ltr'>exulis,</span> <span class='ocrx_word' id='word_1_415' title='bbox 718 3322 787 3356; x_wconf 84' lang='lat' dir='ltr'>filia</span> <span class='ocrx_word' id='word_1_416' title='bbox 817 3322 922 3356; x_wconf 82' lang='lat' dir='ltr'>fuisse</span> <span class='ocrx_word' id='word_1_417' title='bbox 957 3322 1106 3356; x_wconf 86' lang='lat' dir='ltr'>videtur.</span> <span class='ocrx_word' id='word_1_418' title='bbox 1136 3343 1171 3348; x_wconf 92' lang='lat'>—</span> 
     </span>
     <span class='ocr_line' id='line_1_47' title="bbox 309 3370 1173 3416; baseline -0.001 -10"><span class='ocrx_word' id='word_1_419' title='bbox 309 3375 522 3415; x_wconf 79' lang='lat' dir='ltr'>acceperant]</span> <span class='ocrx_word' id='word_1_420' title='bbox 558 3373 648 3407; x_wconf 89' lang='lat' dir='ltr'>filius</span> <span class='ocrx_word' id='word_1_421' title='bbox 679 3375 714 3407; x_wconf 91' lang='lat' dir='ltr'>et</span> <span class='ocrx_word' id='word_1_422' title='bbox 746 3373 880 3416; x_wconf 88' lang='lat' dir='ltr'>neptis,</span> <span class='ocrx_word' id='word_1_423' title='bbox 913 3370 1001 3404; x_wconf 86' lang='lat' dir='ltr'>alter</span> <span class='ocrx_word' id='word_1_424' title='bbox 1032 3374 1173 3413; x_wconf 88' lang='lat' dir='ltr'>matris,</span> 
     </span>
     <span class='ocr_line' id='line_1_48' title="bbox 311 3422 1176 3463; baseline -0.001 -7"><span class='ocrx_word' id='word_1_425' title='bbox 311 3422 419 3457; x_wconf 85' lang='lat' dir='ltr'>altera</span> <span class='ocrx_word' id='word_1_426' title='bbox 441 3425 539 3457; x_wconf 84' lang='lat' dir='ltr'>aviae</span> <span class='ocrx_word' id='word_1_427' title='bbox 563 3425 788 3458; x_wconf 82' lang='lat' dir='ltr'>testamento.</span> <span class='ocrx_word' id='word_1_428' title='bbox 815 3440 850 3446; x_wconf 94' lang='lat'><strong>—</strong></span> <span class='ocrx_word' id='word_1_429' title='bbox 879 3423 1013 3463; x_wconf 80' lang='lat' dir='ltr'>eopiosa</span> <span class='ocrx_word' id='word_1_430' title='bbox 1034 3426 1063 3455; x_wconf 86' lang='lat' dir='ltr'>et</span> <span class='ocrx_word' id='word_1_431' title='bbox 1084 3423 1176 3456; x_wconf 84' lang='lat' dir='ltr'>molli</span> 
     </span>
    </p>
   </div>
   <div class='ocr_carea' id='block_1_5' title="bbox 1223 2518 2098 3465">
    <p class='ocr_par' dir='ltr' id='par_1_9' title="bbox 1224 2518 2098 2862">
     <span class='ocr_line' id='line_1_49' title="bbox 1224 2518 2098 2562; baseline 0.001 -10"><span class='ocrx_word' id='word_1_432' title='bbox 1224 2519 1307 2562; x_wconf 85' lang='lat' dir='ltr'>vita]</span> <span class='ocrx_word' id='word_1_433' title='bbox 1332 2518 1444 2562; x_wconf 87' lang='lat' dir='ltr'>qualis</span> <span class='ocrx_word' id='word_1_434' title='bbox 1467 2528 1554 2553; x_wconf 87' lang='lat' dir='ltr'>sane</span> <span class='ocrx_word' id='word_1_435' title='bbox 1578 2519 1632 2561; x_wconf 85' lang='lat' dir='ltr'>agi</span> <span class='ocrx_word' id='word_1_436' title='bbox 1657 2520 1795 2561; x_wconf 87' lang='lat' dir='ltr'>poterat</span> <span class='ocrx_word' id='word_1_437' title='bbox 1817 2519 1853 2552; x_wconf 89' lang='lat' dir='ltr'>in</span> <span class='ocrx_word' id='word_1_438' title='bbox 1875 2519 2034 2553; x_wconf 87' lang='lat' dir='ltr'>amoenis</span> <span class='ocrx_word' id='word_1_439' title='bbox 2054 2528 2098 2553; x_wconf 81' lang='lat' dir='ltr'>ac</span> 
     </span>
     <span class='ocr_line' id='line_1_50' title="bbox 1227 2568 2098 2612; baseline 0 -9"><span class='ocrx_word' id='word_1_440' title='bbox 1227 2569 1428 2612; x_wconf 87' lang='lat' dir='ltr'>voluptariis</span> <span class='ocrx_word' id='word_1_441' title='bbox 1455 2569 1521 2603; x_wconf 89' lang='lat' dir='ltr'>illis</span> <span class='ocrx_word' id='word_1_442' title='bbox 1547 2569 1682 2603; x_wconf 91' lang='lat' dir='ltr'>insulis.</span> <span class='ocrx_word' id='word_1_443' title='bbox 1719 2568 1928 2612; x_wconf 87' lang='lat' dir='ltr'>Exemplum</span> <span class='ocrx_word' id='word_1_444' title='bbox 1952 2571 2007 2603; x_wconf 86' lang='lat' dir='ltr'>est</span> <span class='ocrx_word' id='word_1_445' title='bbox 2027 2570 2098 2603; x_wconf 86' lang='lat' dir='ltr'>hoc</span> 
     </span>
     <span class='ocr_line' id='line_1_51' title="bbox 1226 2619 2094 2661; baseline 0 -8"><span class='ocrx_word' id='word_1_446' title='bbox 1226 2621 1430 2653; x_wconf 88' lang='lat' dir='ltr'>mitissimae</span> <span class='ocrx_word' id='word_1_447' title='bbox 1465 2619 1708 2661; x_wconf 86' lang='lat' dir='ltr'>relegationis,</span> <span class='ocrx_word' id='word_1_448' title='bbox 1744 2619 1804 2652; x_wconf 92' lang='lat' dir='ltr'>ubi</span> <span class='ocrx_word' id='word_1_449' title='bbox 1839 2628 1922 2652; x_wconf 90' lang='lat' dir='ltr'>cum</span> <span class='ocrx_word' id='word_1_450' title='bbox 1953 2620 2094 2661; x_wconf 85' lang='lat' dir='ltr'>ceteris,</span> 
     </span>
     <span class='ocr_line' id='line_1_52' title="bbox 1226 2669 2096 2712; baseline 0 -9"><span class='ocrx_word' id='word_1_451' title='bbox 1226 2672 1360 2712; x_wconf 85' lang='lat' dir='ltr'>Gyaro,</span> <span class='ocrx_word' id='word_1_452' title='bbox 1392 2679 1476 2703; x_wconf 85' lang='lat' dir='ltr'>saxo</span> <span class='ocrx_word' id='word_1_453' title='bbox 1504 2670 1663 2712; x_wconf 90' lang='lat' dir='ltr'>Seriphio</span> <span class='ocrx_word' id='word_1_454' title='bbox 1687 2678 1729 2702; x_wconf 91' lang='lat' dir='ltr'>ac</span> <span class='ocrx_word' id='word_1_455' title='bbox 1752 2669 1924 2703; x_wconf 90' lang='lat' dir='ltr'>similibus</span> <span class='ocrx_word' id='word_1_456' title='bbox 1947 2678 2096 2712; x_wconf 82' lang='lat' dir='ltr'>compa-</span> 
     </span>
     <span class='ocr_line' id='line_1_53' title="bbox 1225 2718 2096 2762; baseline -0.001 -8"><span class='ocrx_word' id='word_1_457' title='bbox 1225 2730 1296 2754; x_wconf 88' lang='lat' dir='ltr'>res.</span> <span class='ocrx_word' id='word_1_458' title='bbox 1331 2721 1499 2753; x_wconf 90' lang='lat' dir='ltr'>Ceterum</span> <span class='ocrx_word' id='word_1_459' title='bbox 1523 2720 1698 2762; x_wconf 89' lang='lat' dir='ltr'>ademptis</span> <span class='ocrx_word' id='word_1_460' title='bbox 1721 2719 1823 2752; x_wconf 91' lang='lat' dir='ltr'>bonis</span> <span class='ocrx_word' id='word_1_461' title='bbox 1839 2718 1895 2752; x_wconf 91' lang='lat' dir='ltr'>vel</span> <span class='ocrx_word' id='word_1_462' title='bbox 1917 2721 2096 2753; x_wconf 80' lang='lat' dir='ltr'>sustenta-</span> 
     </span>
     <span class='ocr_line' id='line_1_54' title="bbox 1225 2768 2096 2812; baseline 0 -9"><span class='ocrx_word' id='word_1_463' title='bbox 1225 2770 1329 2803; x_wconf 89' lang='lat' dir='ltr'>batur</span> <span class='ocrx_word' id='word_1_464' title='bbox 1351 2779 1371 2803; x_wconf 90' lang='lat' dir='ltr'>a</span> <span class='ocrx_word' id='word_1_465' title='bbox 1395 2769 1464 2803; x_wconf 90' lang='lat' dir='ltr'>filio</span> <span class='ocrx_word' id='word_1_466' title='bbox 1489 2772 1524 2802; x_wconf 90' lang='lat' dir='ltr'>et</span> <span class='ocrx_word' id='word_1_467' title='bbox 1547 2771 1643 2812; x_wconf 89' lang='lat' dir='ltr'>nepti</span> <span class='ocrx_word' id='word_1_468' title='bbox 1659 2768 1715 2802; x_wconf 91' lang='lat' dir='ltr'>vel</span> <span class='ocrx_word' id='word_1_469' title='bbox 1731 2770 1812 2802; x_wconf 88' lang='lat' dir='ltr'>aute</span> <span class='ocrx_word' id='word_1_470' title='bbox 1828 2769 2016 2802; x_wconf 82' lang='lat' dir='ltr'>abdiderat</span> <span class='ocrx_word' id='word_1_471' title='bbox 2029 2779 2096 2812; x_wconf 86' lang='lat' dir='ltr'>pe-</span> 
     </span>
     <span class='ocr_line' id='line_1_55' title="bbox 1226 2820 2093 2862; baseline 0 -8"><span class='ocrx_word' id='word_1_472' title='bbox 1226 2822 1346 2854; x_wconf 90' lang='lat' dir='ltr'>cunias</span> <span class='ocrx_word' id='word_1_473' title='bbox 1367 2830 1428 2862; x_wconf 82' lang='lat' dir='ltr'>per</span> <span class='ocrx_word' id='word_1_474' title='bbox 1451 2821 1593 2853; x_wconf 88' lang='lat' dir='ltr'>occultos</span> <span class='ocrx_word' id='word_1_475' title='bbox 1613 2821 1722 2860; x_wconf 84' lang='lat' dir='ltr'>sinus,</span> <span class='ocrx_word' id='word_1_476' title='bbox 1748 2821 1785 2852; x_wconf 87' lang='lat' dir='ltr'>ut</span> <span class='ocrx_word' id='word_1_477' title='bbox 1809 2821 1863 2852; x_wconf 91' lang='lat' dir='ltr'>est</span> <span class='ocrx_word' id='word_1_478' title='bbox 1883 2820 1969 2853; x_wconf 88' lang='lat' dir='ltr'>Hist.</span> <span class='ocrx_word' id='word_1_479' title='bbox 1987 2821 2020 2860; x_wconf 79' lang='lat'>2,</span> <span class='ocrx_word' id='word_1_480' title='bbox 2038 2820 2093 2854; x_wconf 81' lang='lat'>92.</span> 
     </span>
    </p>

    <p class='ocr_par' dir='ltr' id='par_1_10' title="bbox 1223 2869 2095 3465">
     <span class='ocr_line' id='line_1_56' title="bbox 1269 2869 2092 2913; baseline -0.002 -9"><span class='ocrx_word' id='word_1_481' title='bbox 1269 2871 1322 2905; x_wconf 90' lang='lat'>44.</span> <span class='ocrx_word' id='word_1_482' title='bbox 1340 2872 1537 2912; x_wconf 77' lang='lat' dir='ltr'>emereatur]</span> <span class='ocrx_word' id='word_1_483' title='bbox 1554 2871 1636 2903; x_wconf 89' lang='lat' dir='ltr'>dato</span> <span class='ocrx_word' id='word_1_484' title='bbox 1653 2871 1766 2913; x_wconf 90' lang='lat' dir='ltr'>pretio</span> <span class='ocrx_word' id='word_1_485' title='bbox 1783 2869 1928 2903; x_wconf 86' lang='lat' dir='ltr'>tandem</span> <span class='ocrx_word' id='word_1_486' title='bbox 1945 2869 2092 2903; x_wconf 80' lang='lat' dir='ltr'>obtinet.</span> 
     </span>
     <span class='ocr_line' id='line_1_57' title="bbox 1227 2920 2092 2962; baseline -0.001 -8"><span class='ocrx_word' id='word_1_487' title='bbox 1227 2940 1262 2946; x_wconf 93' lang='lat'>-—</span> <span class='ocrx_word' id='word_1_488' title='bbox 1290 2921 1471 2962; x_wconf 86' lang='lat' dir='ltr'>obtestans]</span> <span class='ocrx_word' id='word_1_489' title='bbox 1502 2929 1584 2953; x_wconf 92' lang='lat' dir='ltr'>cum</span> <span class='ocrx_word' id='word_1_490' title='bbox 1608 2920 1843 2953; x_wconf 84' lang='lat' dir='ltr'>obtestatione</span> <span class='ocrx_word' id='word_1_491' title='bbox 1867 2929 2033 2962; x_wconf 87' lang='lat' dir='ltr'>querens.</span> <span class='ocrx_word' id='word_1_492' title='bbox 2055 2938 2092 2944; x_wconf 91' lang='lat'>-</span> 
     </span>
     <span class='ocr_line' id='line_1_58' title="bbox 1224 2970 2095 3012; baseline -0.002 -8"><span class='ocrx_word' id='word_1_493' title='bbox 1224 2972 1358 3005; x_wconf 78' lang='lat' dir='ltr'>modum</span> <span class='ocrx_word' id='word_1_494' title='bbox 1374 2989 1391 2995; x_wconf 93' lang='lat'><em>-</em></span> <span class='ocrx_word' id='word_1_495' title='bbox 1404 2989 1422 2994; x_wconf 99' lang='lat'>-</span> <span class='ocrx_word' id='word_1_496' title='bbox 1438 2970 1616 3012; x_wconf 82' lang='lat' dir='ltr'>adhiberet]</span> <span class='ocrx_word' id='word_1_497' title='bbox 1640 2970 1763 3002; x_wconf 88' lang='lat' dir='ltr'>amori.</span> <span class='ocrx_word' id='word_1_498' title='bbox 1793 2988 1827 2993; x_wconf 94' lang='lat'>-</span> <span class='ocrx_word' id='word_1_499' title='bbox 1854 2973 1892 3002; x_wconf 88' lang='lat' dir='ltr'>ut</span> <span class='ocrx_word' id='word_1_500' title='bbox 1913 2970 2038 3003; x_wconf 81' lang='lat' dir='ltr'>adsolet</span> <span class='ocrx_word' id='word_1_501' title='bbox 2059 2970 2095 3002; x_wconf 75' lang='lat' dir='ltr'>in</span> 
     </span>
     <span class='ocr_line' id='line_1_59' title="bbox 1225 3019 2095 3062; baseline -0.003 -7"><span class='ocrx_word' id='word_1_502' title='bbox 1225 3031 1340 3055; x_wconf 90' lang='lat' dir='ltr'>amore</span> <span class='ocrx_word' id='word_1_503' title='bbox 1373 3025 1404 3054; x_wconf 90' lang='lat' dir='ltr'>et</span> <span class='ocrx_word' id='word_1_504' title='bbox 1431 3020 1503 3062; x_wconf 86' lang='lat' dir='ltr'>ira]</span> <span class='ocrx_word' id='word_1_505' title='bbox 1540 3022 1679 3053; x_wconf 87' lang='lat' dir='ltr'>Terent.</span> <span class='ocrx_word' id='word_1_506' title='bbox 1715 3021 1802 3053; x_wconf 82' lang='lat' dir='ltr'>Eun.</span> <span class='ocrx_word' id='word_1_507' title='bbox 1837 3021 1868 3060; x_wconf 90' lang='grc'>4,</span> <span class='ocrx_word' id='word_1_508' title='bbox 1902 3022 1934 3060; x_wconf 85' lang='grc'>4,</span> <span class='ocrx_word' id='word_1_509' title='bbox 1961 3019 2019 3053; x_wconf 81' lang='grc'>44;</span> <span class='ocrx_word' id='word_1_510' title='bbox 2056 3021 2095 3053; x_wconf 85' lang='lat' dir='ltr'>In</span> 
     </span>
     <span class='ocr_line' id='line_1_60' title="bbox 1225 3070 2095 3105; baseline -0.001 0"><span class='ocrx_word' id='word_1_511' title='bbox 1225 3081 1340 3105; x_wconf 85' lang='lat' dir='ltr'>amore</span> <span class='ocrx_word' id='word_1_512' title='bbox 1362 3073 1441 3105; x_wconf 86' lang='lat' dir='ltr'>haec</span> <span class='ocrx_word' id='word_1_513' title='bbox 1464 3071 1577 3104; x_wconf 86' lang='lat' dir='ltr'>omnia</span> <span class='ocrx_word' id='word_1_514' title='bbox 1598 3071 1711 3103; x_wconf 84' lang='lat' dir='ltr'>insunt</span> <span class='ocrx_word' id='word_1_515' title='bbox 1731 3071 1816 3103; x_wconf 87' lang='lat' dir='ltr'>vitia</span> <span class='ocrx_word' id='word_1_516' title='bbox 1825 3080 1836 3103; x_wconf 93' lang='lat'><em>:</em></span> <span class='ocrx_word' id='word_1_517' title='bbox 1859 3070 2006 3104; x_wconf 83' lang='lat' dir='ltr'>iniuriae</span> <span class='ocrx_word' id='word_1_518' title='bbox 2026 3070 2095 3104; x_wconf 77' lang='lat' dir='ltr'>Su-</span> 
     </span>
     <span class='ocr_line' id='line_1_61' title="bbox 1225 3120 2094 3163; baseline -0.002 -8"><span class='ocrx_word' id='word_1_519' title='bbox 1225 3122 1397 3163; x_wconf 79' lang='lat' dir='ltr'>spiciones,</span> <span class='ocrx_word' id='word_1_520' title='bbox 1420 3121 1637 3161; x_wconf 77' lang='lat' dir='ltr'>inimicitiae,</span> <span class='ocrx_word' id='word_1_521' title='bbox 1662 3121 1828 3161; x_wconf 83' lang='lat' dir='ltr'>indutiae,</span> <span class='ocrx_word' id='word_1_522' title='bbox 1851 3120 1997 3160; x_wconf 80' lang='lat' dir='ltr'>Bellum,</span> <span class='ocrx_word' id='word_1_523' title='bbox 2018 3129 2094 3161; x_wconf 78' lang='lat' dir='ltr'>pax</span> 
     </span>
     <span class='ocr_line' id='line_1_62' title="bbox 1224 3169 2090 3213; baseline -0.002 -9"><span class='ocrx_word' id='word_1_524' title='bbox 1224 3181 1371 3205; x_wconf 87' lang='lat' dir='ltr'>rursum.</span> <span class='ocrx_word' id='word_1_525' title='bbox 1403 3190 1438 3196; x_wconf 88' lang='lat'><em>-</em></span> <span class='ocrx_word' id='word_1_526' title='bbox 1471 3180 1555 3212; x_wconf 84' lang='lat' dir='ltr'>pars</span> <span class='ocrx_word' id='word_1_527' title='bbox 1577 3174 1599 3203; x_wconf 88' lang='lat' dir='ltr'>t.</span> <span class='ocrx_word' id='word_1_528' title='bbox 1625 3170 1752 3203; x_wconf 74' lang='lat' dir='ltr'>libidini</span> <span class='ocrx_word' id='word_1_529' title='bbox 1773 3170 1927 3213; x_wconf 79' lang='lat' dir='ltr'>seposita]</span> <span class='ocrx_word' id='word_1_530' title='bbox 1959 3169 2010 3202; x_wconf 84' lang='lat' dir='ltr'>Cf.</span> <span class='ocrx_word' id='word_1_531' title='bbox 2036 3169 2090 3210; x_wconf 79' lang='grc'>44,</span> 
     </span>
     <span class='ocr_line' id='line_1_63' title="bbox 1225 3219 2093 3263; baseline -0.007 -7"><span class='ocrx_word' id='word_1_532' title='bbox 1225 3222 1284 3256; x_wconf 77' lang='lat'>54:</span> <span class='ocrx_word' id='word_1_533' title='bbox 1313 3222 1400 3263; x_wconf 85' lang='lat' dir='ltr'>quod</span> <span class='ocrx_word' id='word_1_534' title='bbox 1422 3222 1578 3263; x_wconf 82' lang='lat' dir='ltr'>temporis</span> <span class='ocrx_word' id='word_1_535' title='bbox 1598 3221 1772 3253; x_wconf 81' lang='lat' dir='ltr'>hortorum</span> <span class='ocrx_word' id='word_1_536' title='bbox 1787 3223 1848 3252; x_wconf 83' lang='lat' dir='ltr'>aut</span> <span class='ocrx_word' id='word_1_537' title='bbox 1860 3219 2018 3251; x_wconf 81' lang='lat' dir='ltr'>villarum</span> <span class='ocrx_word' id='word_1_538' title='bbox 2031 3228 2093 3251; x_wconf 86' lang='lat' dir='ltr'>cu-</span> 
     </span>
     <span class='ocr_line' id='line_1_64' title="bbox 1224 3269 2091 3314; baseline -0.005 -9"><span class='ocrx_word' id='word_1_539' title='bbox 1224 3282 1286 3306; x_wconf 84' lang='lat' dir='ltr'>rae</span> <span class='ocrx_word' id='word_1_540' title='bbox 1307 3273 1487 3314; x_wconf 81' lang='lat' dir='ltr'>seponitur.</span> <span class='ocrx_word' id='word_1_541' title='bbox 1516 3290 1550 3294; x_wconf 97' lang='lat'><strong>—</strong></span> <span class='ocrx_word' id='word_1_542' title='bbox 1584 3274 1870 3311; x_wconf 82' lang='lat' dir='ltr'>commoveratque</span> <span class='ocrx_word' id='word_1_543' title='bbox 1892 3269 1976 3310; x_wconf 69' lang='lat' dir='ltr'>cet]</span> <span class='ocrx_word' id='word_1_544' title='bbox 2007 3278 2091 3311; x_wconf 89' lang='lat' dir='ltr'>pro-</span> 
     </span>
     <span class='ocr_line' id='line_1_65' title="bbox 1225 3319 2090 3366; baseline -0.003 -10"><span class='ocrx_word' id='word_1_545' title='bbox 1225 3325 1305 3366; x_wconf 89' lang='lat' dir='ltr'>pter</span> <span class='ocrx_word' id='word_1_546' title='bbox 1338 3324 1451 3365; x_wconf 89' lang='lat' dir='ltr'>ipsam</span> <span class='ocrx_word' id='word_1_547' title='bbox 1486 3324 1558 3354; x_wconf 87' lang='lat' dir='ltr'>tam</span> <span class='ocrx_word' id='word_1_548' title='bbox 1592 3329 1801 3364; x_wconf 82' lang='lat' dir='ltr'>generosam</span> <span class='ocrx_word' id='word_1_549' title='bbox 1830 3319 2090 3353; x_wconf 79' lang='lat' dir='ltr'>confessionem</span> 
     </span>
     <span class='ocr_line' id='line_1_66' title="bbox 1225 3370 2090 3412; baseline -0.005 -6"><span class='ocrx_word' id='word_1_550' title='bbox 1225 3372 1354 3406; x_wconf 87' lang='lat' dir='ltr'>multos</span> <span class='ocrx_word' id='word_1_551' title='bbox 1378 3373 1423 3406; x_wconf 81' lang='lat' dir='ltr'>ad</span> <span class='ocrx_word' id='word_1_552' title='bbox 1446 3372 1554 3405; x_wconf 89' lang='lat' dir='ltr'>fidem</span> <span class='ocrx_word' id='word_1_553' title='bbox 1579 3373 1611 3405; x_wconf 87' lang='lat' dir='ltr'>ei</span> <span class='ocrx_word' id='word_1_554' title='bbox 1635 3370 1859 3404; x_wconf 86' lang='lat' dir='ltr'>tribuendam</span> <span class='ocrx_word' id='word_1_555' title='bbox 1881 3378 1995 3412; x_wconf 82' lang='lat' dir='ltr'>paene</span> <span class='ocrx_word' id='word_1_556' title='bbox 2018 3370 2090 3403; x_wconf 83' lang='lat' dir='ltr'>iam</span> 
     </span>
     <span class='ocr_line' id='line_1_67' title="bbox 1223 3419 2090 3465; baseline -0.002 -9"><span class='ocrx_word' id='word_1_557' title='bbox 1223 3423 1428 3464; x_wconf 81' lang='lat' dir='ltr'>induxerat,</span> <span class='ocrx_word' id='word_1_558' title='bbox 1446 3422 1561 3456; x_wconf 89' lang='lat' dir='ltr'>donec</span> <span class='ocrx_word' id='word_1_559' title='bbox 1579 3422 1645 3455; x_wconf 87' lang='lat' dir='ltr'>cet.</span> <span class='ocrx_word' id='word_1_560' title='bbox 1668 3439 1702 3445; x_wconf 93' lang='lat'>-</span> <span class='ocrx_word' id='word_1_561' title='bbox 1722 3423 1901 3465; x_wconf 79' lang='lat' dir='ltr'>postquam</span> <span class='ocrx_word' id='word_1_562' title='bbox 1915 3419 2090 3455; x_wconf 74' lang='lat' dir='ltr'>tribunatu</span> 
     </span>
    </p>
   </div>
  </div>
 </body>
</html>
