2254 3770
657 322 813 368 LIBER
839 321 923 368 XV.
967 321 1069 380 Cap.
1100 322 1165 366 ⁴9.
1195 323 1263 367 20.
1290 324 1357 368 2⁴.
1387 324 1456 370 22.
1871 322 1946 366 50⁴

174 429 349 478 avaritia
366 429 594 492 §Calpurnia
617 430 723 474 scita
742 435 1013 488 pepererunt.
1043 442 1141 474 nam
1163 429 1288 488 culpa
1303 444 1432 489 quam
1451 444 1592 489 poena
1610 436 1802 489 tempore
1820 431 1949 489 prior,

174 505 391 551 emendari
421 519 550 565 quam
579 519 762 564 peccare
791 505 1005 564 posterius
1034 511 1111 550 est.
1158 519 1260 563 ergo
1290 506 1498 551 adversus
1526 521 1682 551 novam
1710 506 1952 565 provincia-

171 581 276 625 lium
303 580 551 639 superbiam
580 581 755 639 dignum
781 580 868 625 fide
897 581 1218 639 constantiaque
1246 583 1436 626 Romana
1465 581 1684 640 capiamus
1712 580 1948 632 consilium,

170 671 258 715 quo
287 656 444 700 tutelae
473 657 686 701 sociorum
716 655 817 700 nihil
846 656 1087 714 derogetur,
1117 655 1241 700 nobis
1271 657 1416 714 opinio
1442 657 1641 710 decedat,
1673 657 1812 716 qualis
1832 656 1951 715 quis-

169 746 256 791 que
284 732 509 783 habeatur,
542 732 640 776 alibi
670 746 799 791 quam
829 732 872 774 in
902 731 1055 776 civium
1083 731 1243 775 iudicio
1272 745 1383 776 esse.
1430 732 1510 789 (21)
1539 732 1640 776 olim
1659 732 1836 791 quidem
1865 742 1981 775 none

169 807 296 852 modo
325 814 497 866 praetor
525 814 598 852 aut
627 807 794 859 consul,
837 806 914 850 sed
944 806 1095 864 privati
1126 807 1254 850 etiam
1283 806 1571 859 mittebantur,
1604 808 1677 867 qui
1707 807 1949 866 provincias

166 884 354 928 viserent
381 889 442 935 et,
474 883 580 942 quid
609 883 663 927 de
688 883 897 941 cuiusque
917 882 1126 940 obsequio
1149 881 1375 934 videretur,
1399 883 1630 936 reserrent3
1660 882 1949 941 trepidabant-

165 973 252 1017 que
280 965 429 1017 gentes
459 958 514 1003 de
545 959 838 1002 aestimatione
862 957 1137 1015 singulorum.
1168 965 1210 1001 at
1228 972 1342 1002 nunc
1362 958 1543 1013 colimus
1560 965 1760 1002 externos
1780 965 1823 1002 et
1842 958 1949 1002 adu-

164 1034 323 1087 lamur;
361 1040 403 1077 et
430 1048 516 1092 quo
546 1033 675 1077 modo
704 1034 759 1077 ad
789 1040 934 1077 nutum
965 1032 1145 1077 alicuius
1173 1039 1334 1090 grates,
1375 1033 1431 1077 ita
1462 1034 1700 1092 promptius
1730 1034 1946 1078 accusatio

163 1109 419 1154 decernitur.
451 1109 813 1167 decernaturque,
845 1115 888 1152 et
916 1115 1085 1152 maneat
1111 1108 1443 1166 provincialibus
1471 1110 1703 1167 potentiam
1724 1123 1846 1153 suam
1874 1108 1946 1153 tali
1960 1120 1997 1150 ιο

163 1184 290 1229 modo
319 1184 581 1229 ostentandi:
613 1183 691 1228 sed
718 1184 812 1228 laus
843 1183 946 1227 falsa
976 1191 1019 1228 et
1046 1184 1248 1242 precibus
1272 1197 1477 1242 expressa
1498 1184 1676 1242 perinde
1696 1184 1947 1229 cohibeatur

161 1274 290 1319 quam
319 1259 497 1312 malitia,
529 1273 659 1318 quam
690 1258 930 1304 crudelitas.
966 1258 1088 1316 plura
1117 1273 1249 1317 saepe
1279 1266 1511 1318 peccantur
1539 1259 1643 1304 dum
1672 1260 1946 1304 demeremur

160 1349 290 1394 quam
318 1334 421 1379 dum
450 1335 717 1379 offendimus.
762 1334 975 1392 quaedam
1003 1334 1132 1378 immo
1162 1335 1339 1379 virtutes
1369 1335 1470 1379 odio
1491 1342 1606 1387 sunt,
1641 1336 1846 1380 severitas
1866 1335 1944 1380 ob-

159 1411 328 1462 stinata,
360 1411 540 1455 invictus
570 1410 799 1454 adversum
828 1410 1004 1468 gratiam
1035 1410 1214 1454 animus.
1261 1410 1360 1454 inde
1389 1411 1508 1455 initia
1525 1411 1847 1468 magistratuum
1865 1425 1943 1454 no-

158 1492 342 1546 strorum
378 1485 557 1530 meliora
594 1486 746 1536 ferme,
785 1492 828 1529 et
855 1484 951 1528 finis
981 1485 1168 1537 inclinat,
1209 1485 1311 1530 dum
1342 1486 1384 1529 in
1412 1486 1589 1530 modum
1618 1486 1943 1531 candidatorum
1955 1499 1992 1530 is

157 1561 358 1619 suffragia
386 1561 699 1620 conquirimus;
740 1575 852 1620 quae
881 1563 915 1606 si
947 1570 1190 1613 arceantur,
1221 1561 1489 1620 aequabilius
1521 1568 1650 1620 atque
1681 1562 1941 1606 constantius

156 1636 401 1695 provinciae
428 1643 641 1694 regentur.
673 1650 770 1680 nam
799 1644 846 1680 ut
874 1644 989 1681 metu
1019 1637 1353 1695 repetundarum
1383 1637 1557 1682 infracta
1577 1637 1752 1681 avaritia
1774 1644 1851 1689 est,
1883 1638 1941 1681 ita

154 1712 283 1756 vetita
311 1712 540 1770 gratiarum
570 1712 735 1756 actione
765 1712 939 1756 ambitio
963 1713 1270 1757 cohibebitur.»
1308 1714 1394 1771 (22)
1424 1726 1578 1770 magno
1608 1713 1796 1757 adsensu
1826 1712 1941 1757 cele-

155 1787 277 1831 brata
306 1788 535 1840 sententia;
567 1802 652 1831 non
682 1795 822 1832 tamen
847 1794 1021 1832 senatus
1042 1789 1278 1832 consultum
1298 1788 1447 1847 perfici
1468 1789 1620 1846 potuit,
1653 1788 1938 1833 abnuentibus

155 1862 403 1906 consulibus
432 1876 485 1907 ea
514 1863 569 1907 de
599 1878 646 1907 re
677 1863 868 1908 relatum.
901 1878 998 1907 mox
1028 1870 1203 1908 auctore
1233 1864 1425 1922 principe
1456 1877 1656 1917 sanxere,
1688 1878 1743 1908 ne
1764 1863 1862 1922 quis
1881 1863 1987 1908 adso

218 2009 250 2040 4.
269 2016 360 2054 pena
381 2009 415 2042 M
441 2026 476 2032 —
502 2009 534 2041 2.
555 2009 817 2050 provincialium
832 2010 1004 2043 Faernus:
1027 2010 1296 2051 prouinciarium
1317 2011 1351 2044 M
1369 2028 1404 2034 —
1423 2010 1456 2044 4.
1474 2010 1575 2043 nichil
1597 2011 1631 2044 Μ
1650 2029 1685 2034 -
1710 2011 1742 2043 5.
1761 2010 1888 2043 iudicia
1902 2011 1935 2044 M

155 2082 191 2087 —-
215 2064 248 2097 8.
271 2065 476 2098 estimatione
496 2066 548 2104 M;
574 2066 820 2099 existimatione
842 2067 1032 2100 Ernestius.
1054 2086 1090 2091 —
1115 2067 1147 2100 9.
1172 2071 1257 2100 nutu
1278 2068 1312 2101 M
1336 2085 1373 2092 —
1401 2068 1454 2100 Η.
1472 2068 1657 2101 ostentandi
1673 2069 1718 2100 G:
1744 2067 1936 2108 optentandi

151 2122 186 2154 M
210 2138 246 2144 -
266 2118 383 2162 ficibus
405 2121 438 2154 M
465 2139 499 2145 -
522 2122 712 2155 cohibeatur
734 2131 826 2156 corr.
846 2124 890 2155 G:
916 2123 1129 2156 cohibeantur
1151 2124 1184 2157 Μ
1210 2143 1244 2149 -
1273 2124 1326 2157 46.
1345 2124 1554 2165 aequabilius
1569 2122 1780 2157 Groslotius:
1806 2132 1935 2165 aequa—-

149 2177 234 2210 libus
255 2178 307 2214 M:
331 2177 506 2218 aequalius
526 2177 594 2210 alii.
624 2196 659 2203 —
687 2178 739 2211 ⁴8.
765 2179 964 2212 cohibebitur
986 2180 1139 2223 Lipsius:
1166 2180 1333 2214 cohibetur
1354 2181 1389 2214 Μ
1415 2198 1448 2204 -
1474 2180 1529 2213 20.
1554 2188 1687 2213 sansere
1707 2188 1760 2222 pr.
1778 2180 1823 2214 M.

150 2310 230 2335 esse
253 2301 298 2334 de
321 2301 525 2344 praesidum
544 2303 784 2336 Romanorum
806 2304 942 2337 meritis
958 2305 1018 2336 aut

148 2351 373 2394 improbitate
397 2361 505 2394 quam
527 2352 658 2385 Romae
682 2352 778 2395 apud
800 2354 906 2387 cives.

191 2403 247 2434 21.
265 2401 405 2444 privati]
438 2403 565 2444 partim
587 2406 770 2436 senatores
793 2412 876 2436 cum
898 2403 1017 2437 liberis

148 2451 392 2493 legationibus,
406 2453 533 2494 partim
546 2453 683 2494 equites
696 2454 840 2486 Romani
851 2452 1015 2494 illustres,

149 2504 210 2545 qui
242 2503 309 2535 iter
341 2503 377 2535 in
406 2503 625 2544 provinciam
653 2503 806 2546 aliquam
835 2503 1017 2537 habebant

148 2552 349 2595 quibusque
372 2552 440 2585 hoc
462 2554 642 2594 negotium
664 2554 842 2587 interdum
865 2554 1016 2587 manda-

147 2602 265 2636 batur.
293 2621 329 2626 —
356 2603 395 2635 de
417 2603 646 2637 aestimatione
667 2604 888 2645 sinqulorum]
911 2603 1013 2646 quale

147 2653 318 2686 iudicium
339 2654 422 2694 post
442 2652 596 2686 reditum
619 2654 653 2686 in
676 2653 804 2686 urbem
821 2654 947 2687 facturi·
960 2663 1015 2687 es-

148 2703 229 2736 sent
256 2702 301 2735 de
336 2701 601 2744 provincialium
624 2702 770 2737 delictis.
799 2722 835 2727 —
860 2704 1013 2746 alieuius]

148 2752 284 2786 externi
298 2752 372 2785 sive
388 2751 620 2794 provincialis.
640 2771 673 2777 -
691 2757 828 2786 maneat
841 2772 861 2778 -
873 2772 891 2778 -
906 2757 1014 2787 osten-

147 2801 252 2843 tandi]
275 2800 350 2834 scil.
374 2801 531 2835 facultas.
562 2802 646 2835 Vide
669 2803 715 2835 ad
739 2803 793 2844 ⁴3,
817 2803 871 2836 26.
899 2821 934 2828 -
958 2805 1015 2837 in-

147 2851 260 2894 clinat]
283 2852 319 2884 in
341 2853 477 2893 partem
501 2851 728 2885 deteriorem.
748 2870 784 2876 —
810 2853 1015 2894 aequabilius

146 2904 247 2941 atque
269 2902 481 2945 constantius]
504 2901 685 2935 Sallustius
705 2902 803 2935 Catil.
821 2904 860 2936 2:
886 2912 1014 2944 aequa-

146 2950 244 2983 bilius
264 2953 364 2992 atque
386 2953 588 2985 constantius
608 2961 676 2985 sese
696 2961 750 2985 res
769 2953 934 2986 humanae
948 2953 1012 2985 ha-

147 3001 268 3034 berent.

189 3052 245 3084 22.
270 3050 503 3094 abnuentibus]
535 3051 708 3085 Videlicet
735 3052 1014 3086 reformidabant

147 3101 345 3144 principem
359 3100 415 3133 vel
434 3104 581 3144 propter
594 3103 748 3136 invisum
765 3104 797 3136 ei
812 3104 915 3136 huius
929 3111 1014 3136 sen-

147 3153 277 3185 tentiae
300 3153 495 3184 auctorem.
521 3169 557 3175 -
590 3153 788 3194 consulibus]
819 3154 907 3186 Nam
930 3152 1013 3186 solis

148 3200 350 3234 consulibus
373 3201 426 3234 ius
446 3200 640 3241 relationis,
666 3211 733 3235 nec
748 3203 825 3235 sine
843 3201 1012 3236 relatione

147 3251 271 3294 perfici
285 3252 396 3294 potuit
410 3250 518 3284 ullum
535 3253 678 3285 senatus
695 3253 904 3285 consultum.
929 3252 1013 3286 Ideo

147 3301 363 3343 Vespasiano
387 3309 598 3334 concessum
611 3326 619 3340 ,
649 3303 698 3334 uti
728 3302 758 3334 ei
779 3306 931 3334 senatum
950 3303 1014 3335 ha-

148 3350 222 3382 bere
247 3351 440 3384 relationem
461 3351 571 3392 facere
591 3353 758 3384 remittere
779 3355 913 3384 senatus
934 3361 1013 3385 con-

148 3400 238 3433 sulta
267 3410 328 3442 per
360 3402 554 3434 relationem
587 3402 878 3443 discessionemque
904 3403 1015 3444 facere

146 3451 255 3485 liceat.
281 3452 404 3494 (Inscr.
427 3453 514 3486 Latt.
532 3453 564 3492 1,
588 3461 624 3494 p.
643 3452 733 3494 567.)
757 3453 843 3486 ωε.
879 3453 1013 3505 Lipsius

1066 2313 1191 2338 verum
1219 2304 1315 2337 vidit.
1353 2304 1448 2343 Quae
1477 2312 1543 2346 per
1572 2304 1815 2346 egressionem
1841 2303 1935 2337 rela-

1065 2356 1170 2389 tionis
1197 2355 1290 2388 dicta
1318 2356 1437 2395 erant,
1476 2364 1497 2387 a
1527 2354 1730 2388 consulibus
1761 2356 1864 2388 erant
1891 2363 1935 2388 ex

1066 2407 1200 2447 integro
1215 2404 1414 2445 referenda,
1437 2405 1466 2438 si
1482 2405 1626 2438 senatus
1642 2403 1842 2438 consultum
1857 2404 1934 2438 fieri

1066 2455 1226 2488 deberet.
1253 2454 1304 2488 Cr.
1324 2454 1376 2495 ⁴3,
1395 2455 1449 2487 26.
1474 2455 1554 2487 Em«.
1575 2473 1611 2478 —
1633 2454 1788 2493 relatum]
1813 2455 1933 2487 actum

1064 2505 1253 2545 referendi,
1265 2504 1494 2544 substantive,
1504 2512 1595 2546 quae
1608 2503 1721 2537 forma
1732 2513 1827 2537 nunc
1838 2504 1933 2546 apud

1065 2555 1181 2588 solum
1209 2554 1367 2587 Tacitum
1392 2554 1569 2597 reperitur
1597 2554 1654 2587 hic
1677 2555 1714 2587 et
1734 2554 1801 2586 alio
1825 2562 1933 2587 sensu

1064 2605 1150 2638 Hist.
1166 2605 1197 2645 ⁴,
1213 2604 1271 2636 30:
1289 2605 1399 2637 relatu
1412 2604 1588 2644 virtutum,
1607 2603 1930 2642 «enumeratione»;

1065 2657 1182 2688 Germ.
1214 2655 1251 2688 3:
1289 2654 1400 2687 relatu
1432 2655 1642 2694 carminum,
1684 2652 1931 2686 «decantando

1064 2705 1256 2737 carmina.»
1281 2703 1369 2736 Vide
1394 2705 1514 2736 tamen
1537 2712 1582 2736 ne
1605 2702 1732 2736 melius
1747 2702 1804 2736 alii
1826 2703 1933 2736 inter-

1064 2756 1247 2798 pretentur
1278 2753 1501 2787 «consulibus
1523 2753 1734 2795 negantibus
1757 2762 1800 2786 ea
1823 2753 1868 2786 de
1891 2762 1931 2786 re

1063 2804 1214 2838 relatum
1230 2812 1343 2836 esse.»
1370 2803 1421 2837 Cf.
1439 2803 1472 2844 3,
1489 2803 1548 2838 34:
1573 2805 1761 2837 Paucorum
1778 2804 1859 2836 haec
1873 2804 1932 2836 ad-

1062 2863 1158 2888 sensu
1180 2855 1322 2887 audita:
1348 2854 1463 2895 plures
1483 2853 1721 2894 obturbabant,
1748 2862 1853 2895 neque
1873 2863 1930 2887 re-

1062 2905 1168 2937 latum
1190 2905 1230 2937 cle
1250 2904 1380 2946 neqotio
1394 2912 1500 2946 neque
1514 2903 1691 2937 Caecinam
1706 2904 1843 2946 dignum
1857 2907 1931 2936 tan-

1062 2957 1116 2986 tae
1142 2953 1193 2986 rei
1221 2962 1397 2986 censorem.
1425 2971 1462 2977 -
1494 2962 1656 2995 sanxere,
1686 2963 1727 2986 ne
1748 2955 1824 2994 quis
1845 2953 1928 2996 cet.]

1062 3003 1211 3045 Reperio
1234 3003 1304 3036 iam
1326 3004 1408 3036 ante
1424 3003 1583 3036 sanxisse
1598 3003 1634 3036 id
1649 3004 1858 3053 Augustum,
1882 3002 1928 3036 de

1063 3062 1133 3113 quo
1156 3054 1276 3086 Dionis
1296 3052 1407 3086 verba
1429 3054 1496 3087 ista
1518 3054 1572 3094 56,
1589 3055 1651 3087 25.
1677 3049 1723 3086 οὗ
1744 3050 1824 3096 μὴν
1846 3048 1927 3086 ἀλλ’

1063 3101 1187 3137 ἐκεῖνό
1216 3113 1258 3136 τε
1285 3100 1422 3137 ἀπεῖπε
1450 3105 1517 3137 καὶ
1544 3102 1596 3149 τῷ
1626 3101 1784 3148 ὑπηκόῳ
1806 3112 1928 3150 προσ-

1063 3151 1288 3211 παρήγγειλε
1312 3152 1447 3197 μηδενὶ
1476 3152 1550 3187 τῶν
1579 3154 1928 3210 προοτασσομένων

1063 3199 1197 3245 αὐτοῖς
1226 3199 1423 3265 ἀρχόντων
1452 3203 1551 3248 μήτε
1577 3203 1618 3237 ἐν
1639 3202 1691 3248 τῷ
1713 3202 1782 3246 τῆς
1803 3199 1928 3251 ἀρχης

1063 3251 1189 3312 χρόνῳ
1210 3252 1310 3298 μήτε
1333 3252 1440 3296 ἐντὸς
1462 3252 1649 3298 ἑξήκοντα
1664 3250 1816 3301 ἤμερων
1829 3252 1928 3297 μετὰ

1062 3301 1107 3337 τὸ
1130 3302 1397 3350 ἀπαλλαγῆναί
1419 3316 1523 3347 σφας
1538 3302 1653 3348 τιμήν
1667 3314 1753 3338 τινα
1766 3303 1925 3347 διδόναι,

1065 3350 1124 3388 ὅτι
1146 3355 1244 3398 τινὲς
1265 3357 1476 3404 μαρτυρίας
1495 3357 1580 3414 παρ’
1597 3351 1724 3388 αὐτῶν
1739 3356 1805 3389 καὶ
1818 3355 1927 3390 ἐπαὶ-

1062 3414 1154 3447 νους
1190 3403 1670 3465 προσπαρασκευαζόμενοι
1705 3404 1828 3439 πολλὰ
1862 3404 1926 3440 διὰ

1062 3453 1199 3490 τούτου
1222 3453 1493 3504 ἐκακούργουν.
1526 3456 1596 3490 Sed
1610 3456 1790 3491 diversum
1805 3458 1924 3492 tamen
