2254 3770
832 307 992 361 'LIBER
1018 317 1068 359 II.
1115 315 1216 374 Cap.
1246 317 1313 360 85.
1344 316 1411 360 86.
1937 314 2018 359 ’139

229 426 326 485 ptiis
371 424 645 483 Iudaicisque
689 422 920 482 pellendis,
966 422 1210 481 factumque
1254 428 1424 481 patrum
1463 422 1703 467 consultum
1741 428 1788 466 ut
1819 428 2020 480 quattuor

228 501 342 545 milia
380 500 562 545 libertini
601 499 792 557 generis,
833 513 886 543 ea
927 498 1229 558 superstitione
1267 498 1438 550 infecta,
1477 498 1575 556 quis
1612 497 1767 542 idonea
1798 503 1935 548 aetaS,
1976 497 2019 540 in

228 567 409 621 insulam
439 574 676 620 Sardiniam
707 574 981 626 veherentur,
1014 573 1268 618 coercendis
1299 573 1383 618 illic
1413 573 1644 618 latrociniis
1675 579 1739 623 et,
1772 573 1807 616 si
1838 572 1894 617 ob
1925 586 2020 630 gra-

226 652 399 696 vitatem
429 650 535 695 caeli
567 650 827 701 interissent,
859 649 942 693 vile
964 649 1186 702 damnum3
1219 649 1350 694 ceteri
1372 649 1576 694 cederent
1595 648 1725 701 Italia,
1758 648 1839 692 nisi
1860 654 2019 692 certam

227 733 324 772 ante
353 727 468 771 diem
497 725 698 784 profanos
729 726 834 769 ritus
865 725 1094 770 exuissent.
2032 733 2051 764 5

340 802 421 859 (86)
455 803 554 845 Post
583 815 695 859 quae
726 800 884 845 rettulit
904 800 1064 845 Caesar
1093 799 1346 858 capiendam
1372 800 1582 858 virginem
1611 800 1653 843 in
1683 799 1826 844 locum
1847 798 2019 850 Occiae,

226 892 339 938 quae
373 884 541 936 septem
577 882 618 921 et
657 875 964 934 quinquaginta
1003 889 1082 933 per
1111 889 1245 919 annos
1276 890 1450 919 summa
1473 876 1752 920 sanctimonia
1782 874 2021 919 Vestalibus

226 955 360 998 sacris
386 952 686 1011 praesederat;
718 951 890 1010 egitque
922 957 1062 1008 grates
1094 950 1269 994 Fonteio
1301 950 1513 1009 Agrippae
1544 956 1586 995 et
1615 950 1798 994 Domitio
1827 949 2019 1001 Pollioni,

227 1028 345 1088 quod
375 1027 597 1072 offerendo
627 1026 735 1070 filias
767 1027 821 1070 de
853 1025 992 1070 officio
1025 1026 1067 1068 in
1096 1039 1188 1070 rem
1217 1025 1435 1084 publicam
1465 1032 1688 1070 certarent.
1737 1025 1927 1083 praelata
1957 1031 2023 1068 est

226 1104 429 1149 Pollionis
468 1103 570 1154 filia,
608 1116 693 1146 non
729 1101 784 1146 ob
823 1101 924 1146 aliut
963 1115 1094 1159 quam
1123 1101 1239 1159 quod
1275 1107 1411 1145 mater
1441 1101 1534 1145 eius
1566 1102 1607 1144 in
1639 1101 1791 1145 eodem
1824 1100 2020 1158 coniugio
2035 1110 2071 1140 ιο

227 1179 448 1232 manebat3
479 1192 579 1222 nam
608 1178 795 1236 Agrippa
825 1177 1006 1221 discidio
1036 1175 1213 1220 domum
1244 1177 1527 1221 imminuerat.
1575 1183 1617 1221 et
1647 1177 1806 1222 Caesar
1826 1176 2021 1235 quamvis

230 1255 517 1314 posthabitam
545 1253 692 1298 decies
727 1253 912 1297 sestertii
942 1252 1042 1297 dote
1073 1252 1234 1296 solatus
1264 1258 1341 1297 est.

271 1372 303 1404 5.
330 1369 514 1403 censuissent
534 1369 568 1402 M
590 1385 627 1391 —
652 1368 684 1400 8.
710 1368 857 1400 Domitio
882 1367 1036 1409 Lipsius:
1062 1367 1199 1401 comicio
1219 1367 1252 1401 M
1277 1385 1313 1390 —
1340 1368 1392 1400 ⁴0.
1412 1367 1558 1408 potionis
1578 1368 1614 1400 h.
1632 1366 1654 1400 l.
1672 1367 1717 1407 M,
1744 1375 1850 1409 quam
1867 1367 2022 1409 scriptu-

227 1435 303 1460 ram
327 1426 431 1459 unice
455 1433 578 1458 veram
602 1424 740 1457 censuit
762 1424 1011 1457 Lachmannus
1033 1423 1079 1457 ad
1102 1425 1241 1457 Lucret.
1269 1432 1302 1466 p.
1322 1423 1374 1456 33.
1407 1423 1478 1456 Sed
1500 1422 1630 1466 duplici
1652 1425 1664 1456 l
1686 1423 1755 1456 hoc
1778 1432 1908 1456 nomen
1932 1424 2022 1456 scri-

226 1483 322 1517 bitur
344 1483 379 1515 in
401 1481 499 1515 fastis
516 1480 719 1524 CapitolInis
745 1481 911 1524 triumph.
930 1489 962 1514 a.
981 1480 1045 1515 7⁴4
1069 1482 1105 1514 et
1126 1482 1162 1514 in
1185 1481 1472 1524 inscriptionibus
1495 1482 1594 1524 regni
1615 1480 1833 1524 Neapolitani
1855 1480 2022 1514 omnibus

227 1540 354 1583 (sexies
380 1540 417 1572 et
437 1538 571 1579 vicies).

227 1646 358 1680 Iudaeo
375 1645 532 1688 quodam
552 1645 747 1687 impostore
764 1644 894 1677 misere
911 1642 1102 1686 deceptam

229 1698 336 1739 atque
361 1695 611 1738 exspoliatam:
645 1694 721 1728 Καὶ
744 1691 767 1727 ὃ
791 1693 966 1740 Τιβέριος
988 1690 1102 1737 (ἀπο-

230 1748 411 1793 σημαίνει
441 1744 514 1792 γὰρ
545 1743 641 1792 πρὸς
670 1742 790 1779 αὐτὸν
812 1745 926 1787 φίλος
948 1741 1003 1778 ὧν
1025 1746 1102 1778 Σα-

230 1802 429 1846 τουρνῖνος
457 1796 527 1841 τῆς
551 1796 743 1838 Φουλβίας
769 1793 868 1843 ἀνὴρ
891 1795 1103 1840 ἐπισκήψει

229 1848 299 1893 τῆς
329 1846 525 1892 γυναικός)
554 1846 698 1881 κελεύει
729 1846 805 1880 πᾶν
827 1845 872 1881 τὸ
892 1843 1103 1881 Ἰουδαίκόν

229 1898 299 1943 τῆς
328 1895 477 1941 Ῥώμης
514 1894 769 1941 ἀπελαθῆναι.
810 1897 859 1930 Οἱ
888 1896 929 1931 δὲ
963 1892 1103 1930 ὕπατοι

229 1947 555 1996 τετρακισχιλίους
547 1944 784 2005 ἀνθρώπων
797 1945 839 1989 ἐξ
853 1942 980 1980 αὐτῶν
993 1957 1104 1992 στρα-

229 1981 509 2043 τολογήσαντες
547 1992 731 2041 επεμψαν
769 1998 824 2039 εἰς
861 1994 993 2056 Σαρδώ
1032 1994 1103 2040 τὴν

230 2047 374 2093 νῆσον·
402 2047 604 2089 πλείστους
625 2046 667 2081 δὲ
687 2045 879 2081 ἐκόλασαν
894 2044 950 2090 μὴ
967 2045 1104 2080 θέλον-

229 2110 298 2141 τας
329 2097 606 2145 στρατεύεσθαι
636 2094 700 2131 διὰ
729 2094 910 2140 φυλακην
932 2096 1007 2130 τῶν
1030 2107 1104 2129 πα-

229 2151 344 2197 τρίων
367 2148 510 2192 νόμων.
544 2148 643 2182 Idem
666 2148 771 2181 tradit
787 2149 930 2181 Sueton.
948 2147 1022 2180 Tib.
1041 2148 1101 2180 36:

228 2202 433 2235 ludaeorum
454 2201 656 2232 iuventutem
672 2208 737 2240 per
751 2201 888 2240 speciem
903 2199 1106 2231 sacramenti

230 2253 266 2285 in
283 2252 483 2293 provincias
504 2250 675 2292 yravioris
689 2250 773 2282 caeli
788 2250 966 2284 distribuit.
991 2248 1104 2282 Aliam

230 2305 269 2336 ut
284 2302 436 2343 videtur,
454 2300 668 2333 Iudaeorum
685 2301 973 2343 persecutionem
989 2299 1104 2332 Seiani

229 2350 511 2394 instigationibus
535 2350 658 2383 tribuit
681 2349 778 2383 Philo
802 2351 883 2392 Leg.
909 2349 955 2382 ad
979 2350 1103 2382 Gaium

229 2401 289 2442 24,
316 2410 386 2444 quo
411 2399 550 2434 sublato
574 2400 767 2442 deceptum
791 2407 829 2432 se
853 2399 984 2433 vidisse
1004 2398 1105 2432 Tibe—

230 2452 323 2484 rium
353 2450 506 2492 ideoque
536 2449 581 2482 ad
612 2448 796 2492 praesides
827 2449 932 2482 etiam
962 2449 1105 2491 provin-

231 2503 367 2535 ciarum
391 2501 596 2542 scripsisse,
620 2501 660 2532 ut
683 2499 821 2532 Iudaeis
845 2500 1046 2541 parcerent.
1065 2517 1101 2522 —

230 2552 374 2585 libertini
395 2551 535 2594 yeneris]
568 2549 665 2584 Philo
693 2549 778 2582 ibid.
803 2550 864 2582 23.
900 2548 990 2590 Πῶς
1013 2545 1106 2581 ἅπε-

230 2600 364 2641 δέχετο
380 2600 580 2643 (Augustus)
606 2597 677 2643 τὴν
700 2600 817 2658 πέραν
833 2597 901 2632 τοῦ
899 2598 1106 2658 Τιβέρεως

232 2649 410 2695 ποταμοῦ
434 2648 607 2694 μεγάλην
629 2648 699 2692 τῆς
717 2645 864 2692 Ῥώμης
886 2644 1104 2692 ἀποτομήν,

231 2698 280 2744 ἢν
304 2698 376 2735 οῦκ
400 2697 532 2744 ἠγνόει
554 2700 818 2743 κατεχομένην
841 2699 907 2732 καὶ
923 2699 1106 2742 οἰκουμέ-

229 2762 301 2812 νην
336 2747 432 2798 πρὸς
464 2746 681 2789 Ἷ,·ουδαίων
715 2745 895 2792 Ῥωμαῖοι
930 2747 971 2782 δὲ
1005 2759 1106 2792 ησαν

231 2803 271 2835 οἱ
298 2801 453 2842 πλείους
480 2797 865 2860 ἆπελευθερωθέντες.
902 2797 1106 2843 Αιχμάλω-

230 2863 290 2886 τοι
326 2849 399 2898 γὰρ
432 2848 617 2892 αχθέντες
651 2851 705 2892 εἰς
733 2847 896 2884 Ἰταλίαν
932 2847 1007 2883 ὑπὸ
1031 2849 1105 2884 τῶν

231 2903 483 2947 κτησαμένων
517 2899 861 2949 ἠλευθερώθησαν,
897 2897 1008 2935 οὐδὲν
1030 2900 1106 2934 τῶν

232 2954 399 3000 πατρίων
415 2949 686 2999 παραχαράξαι
701 2951 939 2992 βιασθέντες.
958 2969 994 2974 -
1013 2953 1107 2984 coe'r-

231 3005 341 3038 cendis
361 3005 431 3037 illic
446 3003 645 3044 latrociniis]
670 3002 808 3036 Sallust.
829 3003 915 3036 Hist.
934 3004 954 3035 2
977 3002 1103 3043 fragm.

233 3055 252 3087 7
279 3054 337 3090 ed.
355 3052 467 3086 Gerl.:
494 3053 618 3094 (Sardi)
641 3061 746 3094 penus
767 3053 911 3085 militum
934 3055 1062 3084 suetum
1084 3061 1107 3083 a

231 3104 380 3145 pueritia
412 3103 611 3135 latrociniis.
640 3119 673 3126 -
712 3102 751 3134 ob
778 3102 981 3143 yravitatem
1010 3100 1104 3141 caeti]

232 3155 382 3186 Pausan.
408 3152 460 3192 ⁴0,
487 3152 541 3191 47,
566 3152 602 3183 Η
631 3151 676 3184 de
700 3151 876 3184 Sardinia:
907 3147 930 3182 6
959 3149 1000 3183 δὲ
1029 3146 1105 3196 ἀὴρ

233 3199 256 3235 ὁ
280 3199 448 3235 ἐνταῦθα
470 3177 631 3260 ιζοέερός
653 3210 694 3232 τε
717 3196 770 3241 ὦς
789 3199 926 3233 ἐπίπαν
943 3198 1024 3232 ἐστὶ
1039 3200 1105 3232 καὶ

233 3250 427 3295 νοσώδης·
463 3248 579 3283 αι’τιοι
601 3248 643 3282 δὲ
665 3248 708 3282 οἵ
726 3259 766 3282 τε
788 3245 877 3290 ἅλες
900 3249 941 3281 οἱ
961 3246 1106 3308 πηγνύ-

232 3311 344 3344 μενοι
365 3301 432 3334 καὶ
454 3298 476 3333 ὁ
494 3295 608 3341 νότος
621 3296 745 3346 βαρὺς
759 3299 825 3331 καὶ
839 3298 969 3340 βίαιος
984 3299 1105 3343 ἐγκεί-

234 3361 349 3394 μενος
407 3351 449 3384 οἱ
475 3346 614 3394 ανεμοί
644 3359 684 3382 τε
708 3349 748 3382 οἱ
768 3346 845 3382 ἀπὸ
869 3348 938 3393 τῆς
961 3345 1103 3396 ἄρκτου

234 3398 297 3433 διὰ
325 3399 369 3434 τὸ
398 3398 555 3445 ὑψηλὸν
583 3398 658 3433 τῶν
689 3396 789 3446 ὀρῶν
818 3398 895 3432 τῶν
918 3397 1013 3447 πρὸς
1035 3399 1104 3443 τῆς

232 3447 388 3495 Ἰταλίας
415 3450 631 3496 κωλυονται
661 3450 839 3492 πνέοντες
861 3450 1000 3497 θέρους
1023 3444 1104 3497 ω’ρα

1152 1642 1220 1677 τόν
1241 1655 1283 1679 τε
1304 1640 1400 1692 ἀέρα
1421 1641 1489 1678 τὸν
1511 1642 1631 1692 ταύτῃ
1654 1644 1719 1678 καὶ
1742 1641 1812 1688 τὴν
1834 1642 1906 1689 γῆν
1929 1640 2024 1677 ἀνα-

1152 1693 1309 1735 ψύχειν.
1335 1696 1549 1737 Pomponius
1573 1694 1661 1728 Mela
1678 1696 1716 1735 2,
1735 1696 1774 1727 7:
1799 1695 1920 1736 fertilis
1936 1694 2025 1735 (Sar-

1154 1746 1261 1786 dinia)
1291 1749 1324 1779 et
1351 1747 1413 1780 soli
1435 1755 1537 1787 quam
1568 1746 1652 1778 caeli
1672 1746 1835 1786 melioris,
1867 1750 1966 1786 atque
1988 1749 2026 1777 ut

1151 1798 1311 1839 fecunda,
1337 1798 1386 1830 ita
1402 1806 1511 1838 paene
1526 1797 1694 1838 pestilens.
1716 1815 1751 1821 —
1772 1797 1837 1829 vile
1853 1795 2023 1837 damnum]

1154 1848 1238 1880 Stat.
1264 1846 1374 1880 Theb.
1401 1847 1433 1887 l,
1459 1846 1541 1880 649:
1575 1847 1775 1887 iacturaque
1804 1847 1905 1879 vilior
1936 1845 2024 1878 orbis

1153 1898 1246 1931 Mors
1267 1898 1447 1929 hominum.

1197 1948 1250 1981 86.
1277 1947 1473 1988 capiendam
1498 1945 1674 1988 virginem]
1708 1946 1862 1979 verbum
1891 1946 1959 1978 hac
1988 1944 2022 1977 in

1154 2007 1192 2030 re
1216 1997 1411 2040 proprium.
1441 1996 1491 2029 Cf.
1519 1997 1572 2036 45,
1597 1996 1658 2029 22:
1685 1997 1905 2037 defunctaque
1925 1997 2023 2036 vir-90

1158 2048 1296 2080 Vestalis
1327 2046 1458 2086 Laelia,
1490 2046 1526 2078 in
1554 2047 1649 2078 caius
1676 2047 1783 2078 locum
1806 2045 1960 2079 Cornelia
1980 2053 2025 2077 ex

1152 2098 1286 2139 familia
1309 2097 1485 2130 Cossorum
1507 2099 1608 2137 capta
1629 2099 1688 2129 est.
1722 2095 1850 2129 Gellius
1874 2097 1914 2128 N.
1931 2096 1971 2128 Α.
1991 2096 2022 2135 4,

1156 2149 1217 2188 ⁴2,
1243 2147 1303 2180 43:
1341 2147 1422 2188 Capi
1455 2148 1551 2189 vir90
1575 2150 1758 2188 propterea
1783 2147 1850 2180 dici
1878 2146 2023 2185 videtur,

1155 2200 1237 2240 quia
1265 2198 1433 2240 pontificis
1465 2198 1609 2230 maximi
1634 2206 1739 2230 manu
1767 2206 1895 2238 prensa
1924 2197 1966 2229 ab
1989 2205 2026 2228 eo

1149 2251 1308 2290 parente,
1344 2249 1380 2280 in
1409 2248 1505 2280 cuius
1527 2250 1690 2288 potestate
1721 2250 1787 2286 est,
1819 2247 1922 2280 vetuti
1945 2246 2026 2279 bello

1155 2302 1254 2340 capta
1283 2299 1462 2331 abducitur
1490 2299 1541 2339 (in
1570 2299 1698 2330 atrium
1720 2297 1874 2339 vestae).
1899 2315 1918 2321 —
1933 2315 1952 2321 -
1974 2298 2026 2330 Ea

1153 2350 1256 2382 verba
1292 2350 1401 2391 (quae
1437 2349 1642 2392 pontificem
1676 2349 1870 2381 maximum
1906 2348 2025 2381 dicere

1155 2402 1313 2442 oportet,
1351 2409 1434 2433 cum
1467 2400 1640 2441 virginem
1675 2400 1782 2442 capit)
1816 2400 1898 2432 haee
1929 2402 2026 2431 sunt:

1155 2451 1420 2483 Sacerdotem
1446 2450 1667 2489 Vestalem,
1694 2458 1796 2490 quae
1819 2444 2027 2489 sacraff‘a-

1155 2501 1259 2540 ciat,
1292 2509 1396 2541 quae
1419 2500 1484 2532 ius
1505 2500 1587 2531 siet
1608 2499 1863 2531 sacerdotem
1888 2499 2027 2531 Vesta-

1155 2553 1230 2584 lem
1250 2551 1393 2592 facere
1409 2560 1491 2592 pro
1507 2551 1664 2591 populo
1689 2551 1868 2582 Romano
1885 2549 2027 2589 Quiri-

1156 2601 1280 2640 tibus,
1315 2602 1380 2633 uti
1411 2609 1512 2641 quae
1541 2600 1700 2640 optima
1722 2600 1808 2640 leye
1829 2599 1928 2640 fait,
1963 2599 2028 2630 ita

1156 2655 1211 2692 te,
1246 2651 1407 2691 Amata,
1443 2651 1574 2691 cupio.
1595 2667 1647 2674 --
1669 2650 1814 2682 Amata
1845 2651 1934 2682 inter
1967 2658 2027 2680 ca·

1149 2702 1310 2744 piendum
1332 2710 1354 2733 a
1370 2702 1526 2743 pontifice
1543 2701 1694 2733 maximo
1710 2701 1917 2741 appellatur,
1943 2707 2028 2739 qao-

1155 2754 1262 2793 niam,
1289 2761 1374 2793 quae
1390 2753 1507 2793 prima
1530 2755 1630 2792 capta
1652 2754 1699 2784 est
1726 2751 1756 2792 (a
1779 2752 1893 2783 Numa
1918 2748 2025 2790 rege),

1155 2805 1214 2837 hoe
1246 2804 1347 2845 fuisse
1379 2806 1497 2835 nomen
1527 2803 1688 2835 traditum
1718 2805 1775 2834 est.
1805 2819 1841 2826 -
1879 2809 2028 2841 quae--

1151 2853 1378 2896 praesederat]
1411 2862 1517 2894 quam
1542 2854 1673 2885 Romae
1698 2854 1733 2886 et
1755 2852 1864 2885 Albae
1888 2852 2026 2891 Longae

1156 2905 1328 2945 virginem
1358 2902 1535 2936 Vestalem
1568 2904 1759 2935 maximam
1789 2900 2025 2945 appellabant.

1155 2954 1242 2986 Vide
1266 2954 1375 2985 Inscr.
1401 2953 1473 2985 Lat.
1501 2962 1559 2985 nn.
1585 2952 1812 2985 2233-2237.
1840 2969 1875 2974 -
1908 2953 2028 2991 septem

1155 3007 1186 3037 et
1208 3002 1463 3044 quinquaqinta]
1488 3004 1531 3036 At
1553 3002 1608 3036 lex
1625 3002 1817 3036 definiebat
1832 3001 2026 3034 ministerio
2062 3040 2065 3044 ι

1156 3053 1331 3094 virginum
1356 3054 1490 3085 tanturn
1515 3061 1625 3085 annos
1649 3053 1807 3094 triginta,
1833 3051 2026 3092 spontanea

1156 3101 1259 3143 igitur
1281 3102 1417 3135 mansio
1435 3103 1573 3135 Occiae.
1593 3103 1678 3135 Lirs.
1698 3119 1733 3124 —
1756 3100 1890 3133 Fonteio
1903 3099 2027 3141 Agrip-

1151 3151 1226 3193 pae]
1252 3151 1302 3185 Cf.
1329 3161 1359 3185 c.
1386 3153 1439 3186 30.
1469 3171 1504 3175 —
1540 3153 1576 3185 in
1598 3153 1710 3185 eodem
1733 3151 1886 3192 coniuqio
1907 3159 2026 3183 masne-

1155 3201 1221 3243 bat]
1246 3210 1334 3242 non,
1369 3202 1465 3244 quod
1489 3203 1564 3235 erat
1588 3204 1661 3234 tum
1685 3200 2022 3242 frequentissimum,

1155 3250 1306 3283 divortio
1329 3251 1466 3284 abierat
1489 3261 1507 3284 a
1533 3252 1670 3284 marito.
1699 3268 1733 3272 -
1760 3250 1893 3282 domum
1912 3250 2025 3282 immi-

1153 3301 1286 3343 nuerat]
1322 3303 1398 3335 eius
1427 3302 1588 3344 dignitati
1617 3299 1716 3333 labes
1747 3299 1860 3342 aliqua
1890 3309 1932 3333 ex
1955 3300 2024 3332 hoc

1155 3350 1301 3383 discidio
1325 3361 1469 3394 aspersa
1487 3350 1683 3383 videbatur.
1705 3367 1740 3372 -
1759 3350 1863 3383 decies
1884 3350 2024 3383 sestertii

1153 3400 1237 3442 dote]
1261 3402 1437 3434 Numerus
1461 3401 1517 3432 hic
1539 3400 1573 3431 in
1598 3399 1679 3431 dote
1696 3399 1787 3433 inter
1802 3400 2023 3433 honestiores

1153 3451 1254 3493 quasi
1276 3450 1451 3493 legitimus
1468 3451 1503 3483 et
1518 3448 1708 3483 sollemnis.
1734 3451 1854 3484 luven.
1870 3450 1922 3492 ⁴0,
1937 3450 2020 3484 335:
