2254 3770
278 295 362 341 2⁴0
766 299 811 342 Ρ.
843 298 1092 343 CORNELII
1121 299 1291 344 TACITI
1320 300 1588 346 ANNALIUM

277 411 323 448 ut
351 404 516 464 collega
545 404 738 449 dicatur?
780 405 940 462 primas
970 404 1216 449 dominandi
1246 419 1347 463 spes
1378 406 1419 449 in
1449 406 1606 450 arduo:
1637 407 1710 452 ubi
1739 409 1800 452 sis
1828 410 2063 468 ingressus,

275 480 430 526 adesse
461 479 602 524 studia
632 487 674 524 et
702 480 929 524 ministros.
974 487 1188 525 exstructa
1219 481 1302 524 iam
1332 487 1484 538 sponte
1513 474 1715 540 praefecti
1745 491 1903 538 castra,
1941 484 2062 529 datos

274 556 317 599 in
345 570 518 600 manum
546 556 723 608 milites;
755 556 872 599 cerni
903 555 1088 614 effigiem
1117 556 1211 599 eius
1241 556 1283 598 in
1313 556 1583 601 monimentis
1614 558 1688 602 Cn.
1716 560 1915 617 Pompei;
1946 573 2064 604 com-

272 646 423 676 munes
461 632 518 674 illi
554 645 651 676 cum
687 630 844 674 familia
884 631 1118 676 Drusorum
1155 631 1246 675 fore
1288 638 1481 689 nepotes.
1528 633 1788 690 precandam
1823 640 1921 692 post
1955 634 2064 680 haec

238 707 542 758 smodesflam,
583 714 630 750 ut
669 712 890 751 contentus
930 713 1058 751 esset.
1109 720 1251 764 neque
1288 721 1385 751 raro
1421 721 1564 766 neque
1602 709 1717 767 apud
1754 722 1919 767 paucos
1965 709 2062 754 talia

270 783 468 833 iaciebat,
502 789 545 826 et
573 788 741 827 secreta
771 795 946 840 quoque
977 782 1071 826 eius
1101 788 1301 840 corrupta
1331 797 1465 827 uxore
1499 783 1804 841 prodebantur.
1850 786 1904 842 (8)
1936 785 2064 844 igitur

270 857 451 902 Seianus
480 857 782 902 maturandum
808 863 926 900 ratus
956 856 1102 915 deligit
1131 871 1355 907 venenum,
1388 871 1475 916 quo
1504 858 1708 916 paulatim
1736 860 1958 918 inrepente
1978 859 2064 905 for-

268 933 399 977 tuitus
437 933 615 977 morbus
653 932 994 977 adsimularetur.
1052 932 1100 976 Id
1135 933 1276 976 Druso
1306 932 1451 976 datum
1480 947 1559 991 per
1586 934 1784 993 Lygdum
1813 935 2061 993 spadonem,

268 1015 314 1051 ut
343 1016 440 1053 octo
470 1015 568 1067 post
597 1022 731 1052 annos
762 1008 979 1066 cognitum
998 1015 1075 1051 est.
1121 1014 1311 1052 ceterum
1337 1008 1531 1052 Tiberius
1560 1023 1640 1067 per
1659 1010 1798 1054 omnis
1819 1009 2063 1054 valitudinis

218 1097 254 1128 to
269 1084 362 1128 eius
394 1084 499 1135 dies,
531 1083 648 1128 nullo
678 1090 794 1128 metu
824 1097 878 1127 an
900 1089 946 1126 ut
965 1082 1269 1127 firmitudinem
1290 1083 1418 1127 animi
1439 1090 1683 1135 ostentaret,
1716 1085 1844 1129 etiam
1864 1085 2063 1130 defuncto

267 1159 454 1204 necdum
483 1159 663 1217 sepulto,
696 1160 858 1204 curiam
888 1159 1107 1216 ingressus
1128 1165 1205 1203 est.
1237 1158 1524 1217 consulesque
1550 1159 1656 1204 sede
1682 1160 1842 1218 vulgari
1864 1174 1944 1218 per
1962 1174 2063 1219 spe-

267 1235 378 1279 ciem
416 1235 653 1279 maestitiae
692 1234 894 1279 sedentes
928 1233 1102 1277 honoris
1132 1233 1304 1292 locique
1335 1234 1555 1278 admonuit
1583 1241 1626 1279 et
1654 1234 1839 1280 effusum
1866 1236 1910 1279 in
1937 1235 2064 1280 lacri-

267 1324 358 1354 mas
395 1317 592 1355 senatum
627 1311 739 1354 victo
776 1310 936 1367 gemitu
970 1308 1096 1352 simul
1125 1310 1318 1352 oratione
1347 1310 1549 1354 continua
1578 1311 1730 1354 erexit:
1770 1325 1856 1355 non
1886 1311 2063 1370 quidem

267 1385 348 1430 sibi
379 1386 573 1444 ignarum
602 1399 732 1443 posse
763 1387 895 1443 argui,
928 1384 1046 1443 quod
1075 1391 1161 1428 tam
1190 1385 1352 1429 recenti
1382 1385 1531 1429 dolore
1561 1385 1741 1430 subierit
1760 1386 1909 1431 oculos
1936 1400 2063 1431 sena-

215 1475 252 1505 ⁴5
265 1467 356 1504 tus:
396 1461 467 1504 vix
505 1460 849 1519 propinquorum
884 1459 1086 1518 adloquia
1126 1460 1315 1512 tolerari,
1357 1460 1428 1504 vix
1457 1460 1571 1505 diem
1607 1461 1742 1518 aspici
1778 1475 1804 1507 a
1843 1461 2062 1521 plerisque

265 1536 513 1595 lugentium.
557 1549 699 1593 neque
729 1534 824 1579 illos
855 1535 1140 1579 inbecillitatis
1162 1535 1449 1580 damnandos:
1482 1550 1529 1580 se
1550 1543 1692 1580 tamen
1712 1537 1885 1582 fortiora
1905 1537 2064 1582 solacia

265 1626 290 1656 e
329 1611 554 1670 complexu
594 1612 655 1655 rei
702 1611 900 1668 publicae
944 1611 1161 1669 petivisse.
1212 1612 1527 1670 miseratusque
1571 1613 1786 1670 Augustae
1830 1619 2065 1657 extremam

265 1694 496 1739 senectam,
529 1687 682 1731 rudem
711 1686 852 1730 adhuc
882 1692 1086 1744 nepotum
1105 1693 1148 1731 et
1176 1694 1425 1745 vergentem
1452 1694 1636 1731 aetatem
1656 1701 1790 1740 suam,
1823 1694 1869 1732 ut
1889 1688 2065 1732 Germa-

265 1763 350 1807 nici
390 1762 527 1814 liberi,
562 1763 686 1806 unica
718 1762 1009 1820 praesentium
1037 1761 1248 1806 malorum
1277 1762 1533 1813 levamenta,
1566 1762 1872 1807 inducerentur
1901 1763 2061 1822 petivit.

214 1851 252 1883 20
265 1838 429 1897 egressi
462 1837 662 1882 consules
691 1836 882 1880 firmatos
913 1836 1114 1895 adloquio
1144 1836 1489 1882 adulescentulos
1519 1837 1817 1896 deductosque
1839 1845 1936 1883 ante
1957 1838 2064 1883 Cae-

266 1918 409 1958 sarem
428 1920 629 1957 statuunt.
664 1913 822 1971 quibus
845 1912 1069 1970 adprensis
1104 1918 1270 1970 «patres
1293 1912 1534 1970 conscripti,
1559 1913 1661 1956 hos»
1695 1913 1831 1971 inquit
1864 1912 2062 1966 «orbatos

265 1976 444 2048 parente
483 1988 639 2032 tradidi
679 1995 829 2046 patruo
871 1988 1062 2045 ipsorum
1098 1995 1387 2047 precatusque
1417 2002 1526 2039 sum,
1568 2002 1831 2046 quamquam
1861 1996 1976 2034 esset
2004 1988 2062 2032 illi

265 2065 441 2124 propria
471 2063 661 2117 suboles,
691 2077 745 2107 ne
777 2077 904 2107 secus
925 2077 1055 2120 quam
1085 2077 1211 2106 suum
1241 2063 1492 2121 sanguinem
1511 2063 1684 2113 foveret,
1716 2063 1937 2116 attolleret,
1958 2063 2063 2109 sibi-

310 2199 341 2232 3.
368 2199 402 2232 C.
421 2199 462 2231 N.
482 2198 516 2231 M
534 2214 570 2220 —
588 2196 619 2230 4.
636 2195 780 2238 nepotes]
805 2195 960 2228 litteram
974 2205 991 2228 s
1005 2197 1040 2229 in
1055 2205 1181 2230 rasura
1196 2196 1306 2230 habet
1320 2198 1354 2231 M
1373 2215 1407 2221 ·-
1426 2198 1458 2230 6.
1476 2196 1608 2230 iacebat
1621 2206 1676 2239 pr.
1690 2197 1724 2231 M
1741 2213 1778 2220 -—
1794 2201 1968 2231 maturam
1982 2198 2063 2231 dum

267 2257 301 2290 M
326 2273 362 2280 —
388 2256 421 2288 9.
439 2252 510 2287 orris
522 2255 558 2289 M
575 2269 611 2277 -
629 2253 831 2286 ualitudines
845 2261 900 2295 pr.
915 2254 950 2287 M
967 2270 1003 2276 —
1023 2253 1076 2286 43.
1095 2255 1188 2287 uictu
1202 2263 1256 2297 pr.
1274 2254 1309 2288 M
1326 2271 1363 2278 —
1379 2254 1432 2287 46.
1450 2254 1572 2287 solatia
1586 2254 1621 2286 h.
1639 2253 1665 2286 1.
1680 2254 1714 2288 Μ
1734 2270 1769 2278 -
1787 2254 1841 2287 22.
1855 2254 1992 2296 parenti
2006 2263 2060 2298 pr.

267 2314 301 2348 M
327 2330 360 2338 —
383 2310 566 2355 beatusque
589 2311 623 2345 M
647 2328 683 2334 —-
709 2310 764 2344 23.
789 2310 954 2344 attolleret
975 2318 1029 2353 pr.
1049 2311 1099 2344 M:
1132 2319 1173 2344 ac
1196 2311 1323 2344 tolleret
1345 2319 1437 2344 corr.
1455 2311 1490 2345 M
1498 2320 1506 2351 ;
1537 2314 1568 2345 et
1590 2311 1753 2344 attolleret
1774 2310 1810 2344 F.
1826 2311 1884 2344 W.
1903 2311 1995 2344 Otto.

1234 2431 1266 2464 8.
1293 2438 1357 2471 quo
1375 2438 1412 2470 p.
1436 2429 1502 2461 inr.
1525 2429 1551 2471 f.
1572 2428 1707 2462 morbus
1729 2428 2001 2474 adsimularotur]
2023 2432 2064 2464 ut

267 2441 319 2473 sin
349 2442 460 2471 autem
489 2446 542 2470 mo
571 2439 716 2470 astutum
738 2439 768 2468 et
790 2436 953 2468 occultum
975 2435 1050 2469 libet
1073 2437 1140 2478 fin-

1191 2479 1293 2513 tabes
1323 2488 1343 2512 e
1371 2487 1512 2511 veneno
1541 2480 1618 2511 orta
1641 2476 1906 2513 similitudinem
1933 2479 2063 2514 fortuiti

267 2499 355 2534 gere.
382 2490 455 2522 Liv.
478 2488 533 2528 25,
551 2487 593 2520 46
617 2487 712 2520 init.:
738 2486 780 2519 ab
802 2486 937 2519 occultis
958 2487 1142 2519 cavendum

268 2539 453 2573 hominibus
481 2537 710 2576 consultisque.
739 2553 775 2559 —
801 2535 957 2579 effigiem]
988 2537 1141 2569 statuam

270 2597 441 2624 aeneam:
478 2588 542 2620 Dio
566 2586 620 2626 57,
644 2586 699 2619 2⁴.
731 2602 767 2608 —
793 2586 829 2617 in
850 2586 1060 2619 monimentis
1082 2586 1141 2619 Cn.

269 2639 415 2682 Pompei]
447 2638 483 2670 in
506 2637 656 2670 theatro.
690 2635 741 2668 Cf.
767 2634 799 2676 3,
824 2635 879 2668 23.
904 2636 959 2669 72.
986 2654 1022 2660 —
1051 2645 1143 2668 com-

269 2699 385 2725 munes
399 2707 418 2714 -
429 2705 449 2712 -
463 2685 604 2728 nepotes]
622 2686 770 2727 Respice
787 2684 833 2717 ad
849 2685 881 2726 3,
898 2686 940 2718 29
957 2684 1036 2718 coll.
1054 2686 1144 2718 Sue-

271 2742 343 2774 ton.
370 2737 492 2772 Claud.
517 2737 571 2768 27.
601 2735 702 2767 Dion.
729 2735 783 2775 60,
809 2735 862 2767 32.
900 2735 1042 2768 Obierat
1065 2735 1144 2776 qui-

273 2790 357 2824 dem
380 2790 515 2822 Drusus
541 2784 685 2827 (Claudii
702 2783 803 2826 filius)
827 2783 918 2817 filiae
938 2785 1054 2817 Seiani
1078 2781 1143 2817 de-

273 2840 439 2878 stinatus,
476 2844 559 2869 cum
593 2836 625 2868 ei
660 2836 740 2867 ante
774 2842 906 2876 paucos
937 2833 1012 2867 dies
1043 2835 1144 2876 pater

272 2889 368 2923 illam
391 2885 659 2928 despondisset3
685 2884 751 2916 sed
773 2893 793 2916 a
809 2885 927 2917 Tacito
950 2884 1019 2916 hae
1040 2883 1144 2916 Drusi

273 2937 440 2983 querelae
463 2936 604 2969 disertis
626 2934 745 2967 verbis
769 2934 971 2967 referuntur
986 2934 1033 2966 ad
1054 2934 1144 2966 inci—

273 2991 432 3034 pientem
447 2987 564 3020 adhuc
580 2985 695 3018 Seiani
711 2982 919 3026 potentiam,
935 2984 996 3017 ubi
1009 2983 1144 3018 Claudii

274 3041 364 3074 filius
397 3040 432 3072 in
461 3037 549 3071 vivis
580 3036 673 3074 erat,
705 3035 740 3067 et
762 3036 874 3076 potuit
895 3037 1031 3068 Drusus
1053 3034 1144 3067 haec

274 3091 376 3134 queri
405 3090 487 3123 ante
519 3084 695 3130 sponsalia
723 3083 779 3116 illa
811 3086 846 3117 et
876 3094 957 3119 cum
988 3086 1143 3128 primum

274 3141 467 3174 audivisset
494 3147 537 3172 ea
565 3144 645 3170 esse
675 3134 802 3167 futura.
828 3136 970 3169 WALrn.
998 3154 1035 3159 —
1062 3143 1144 3176 pro—

273 3189 435 3231 candam]
468 3183 759 3230 «imprecandum
783 3184 854 3224 eim
895 3184 989 3217 bono
1020 3193 1140 3217 sensu.

275 3241 406 3272 Sensus
423 3239 495 3271 est:
523 3234 725 3277 «rogandos
749 3232 853 3273 deos,
874 3234 913 3265 ut
930 3233 1141 3267 modestiam

276 3290 400 3322 Seiano
433 3288 600 3321 darent.»
646 3285 780 3319 Seneca
809 3283 974 3316 controv.
1007 3285 1065 3316 25:
1105 3287 1142 3317 ut

273 3339 369 3371 salva
387 3337 565 3379 provincia
585 3336 644 3376 sit,
668 3337 815 3375 optemus
835 3333 1001 3364 meretrici
1023 3332 1142 3366 bonam

273 3390 424 3421 mentem.
454 3387 588 3420 Eadem
611 3383 714 3418 verbi
729 3382 866 3425 precari
888 3382 1065 3414 structura
1088 3384 1142 3415 est

275 3445 306 3471 o.
333 3436 387 3471 39.
413 3438 472 3478 ⁴2,
498 3437 551 3470 65.

1191 2528 1308 2562 morbi
1330 2527 1492 2561 haberet.
1519 2544 1555 2551 -
1583 2531 1654 2561 octo
1673 2531 1750 2570 post
1770 2528 1886 2572 annos]
1917 2538 1961 2563 eo
1983 2530 2062 2574 ipso

1191 2587 1296 2620 anno,
1322 2586 1392 2620 quo
1408 2577 1613 2611 interfectus
1630 2579 1685 2611 est
1699 2578 1859 2619 Seianus,
1879 2587 1962 2612 cum
1975 2579 2063 2622 Api-

1193 2631 1286 2670 cata,
1313 2629 1388 2662 eius
1410 2636 1516 2670 uxor,
1541 2628 1632 2662 haec
1647 2627 1784 2662 scelera
1801 2627 1966 2671 prodidit.
1994 2629 2062 2663 Dio

1191 2680 1252 2720 58,
1278 2679 1332 2712 tt.
1359 2677 1410 2712 Cf.
1435 2679 1524 2712 infra
1545 2687 1578 2712 c.
1596 2679 1654 2712 tt:
1680 2679 1762 2712 ordo
1784 2678 1912 2720 alioqui
1931 2679 2063 2713 sceleris

1187 2738 1250 2770 per
1270 2728 1446 2770 Apicatam
1475 2728 1591 2762 Seiani
1615 2728 1769 2769 proditus
1797 2730 1970 2762 tormentis
1988 2729 2062 2763 Eu-

1191 2780 1276 2812 demi
1308 2787 1349 2811 ac
1377 2779 1483 2821 Lygdi
1505 2778 1697 2820 patefactus
1723 2781 1781 2811 cst.
1822 2779 1930 2812 Taciti
1957 2779 2062 2814 huius

1191 2830 1243 2862 rei
1266 2829 1419 2862 narratio
1443 2837 1525 2862 cum
1547 2828 1627 2862 libri
1644 2829 1732 2862 sexti
1755 2829 1853 2862 initio
1877 2829 2063 2873 deperdita

1192 2880 1258 2912 est.
1279 2896 1314 2902 —-
1340 2880 1413 2912 sede
1433 2879 1579 2922 vulgari]
1602 2880 1638 2912 in
1660 2878 1835 2913 subselliis
1857 2882 2063 2915 senatorum

1192 2929 1452 2963 communibus.
1476 2928 1634 2963 Humiles
1650 2930 1745 2963 enim
1760 2932 1965 2964 senatorum
1981 2940 2061 2965 om·-

1191 2980 1290 3013 nium
1312 2980 1434 3020 sedes,
1459 2978 1548 3014 altae
1572 2981 1608 3013 in
1625 2979 1719 3014 sellis
1735 2979 1916 3015 curulibus
1932 2990 2061 3015 consu·

1190 3029 1265 3064 lum
1289 3032 1325 3064 et
1347 3028 1519 3063 excelsae.
1544 3022 1674 3063 Lucan.
1700 3031 1734 3070 ὅ,
1759 3030 1818 3063 45;
1854 3031 1894 3064 Ut
1910 3032 2062 3072 mimum

1190 3083 1352 3114 maestum
1389 3083 1520 3114 tenuero
1556 3079 1688 3113 silevttt'a
1723 3083 1866 3121 coetum,
1906 3080 2063 3115 Lentulus

1193 3130 1339 3172 (consul)
1362 3140 1380 3164 e
1400 3130 1489 3164 celsa
1509 3129 1656 3163 sublimis
1677 3129 1752 3162 :eae
1763 3130 1933 3172 profatur.
1958 3130 2058 3165 ovid.

1193 3189 1237 3214 ex
1258 3181 1369 3215 Ponto
1391 3179 1430 3221 4,
1455 3181 1494 3220 ὅ,
1521 3179 1580 3213 48;
1615 3179 1834 3221 conspicuum
1857 3179 1961 3222 sionis
1984 3189 2060 3214 cnam

1186 3234 1315 3272 premet
1341 3230 1430 3264 altus
1457 3229 1556 3270 ebur,
1587 3228 1710 3263 consul
1737 3227 1862 3263 sellam
1884 3229 2057 3265 curulem.

1191 3280 1291 3314 Idem
1324 3280 1372 3313 ib.
1397 3279 1434 3320 4,
1461 3279 1498 3321 9,
1522 3279 1582 3313 28:
1618 3279 1725 3322 Siqua
1756 3287 1886 3320 quoquo
1913 3280 1949 3313 tn
1977 3281 2060 3315 sella

1189 3339 1317 3364 nossem
1347 3330 1496 3371 formata
1527 3329 1654 3370 cunali,
1687 3329 1731 3362 Et
1758 3332 1863 3362 totum
1891 3330 2059 3366 antdao

1188 3379 1339 3422 sculptile
1360 3380 1465 3413 dentis
1486 3387 1576 3421 opus.
1608 3377 1726 3412 Simile
1743 3378 1827 3421 quid
1849 3380 1968 3414 locum
1989 3380 2056 3414 ha—

1188 3429 1266 3464 buit
1286 3429 1324 3463 in
1344 3431 1470 3464 senatu
1492 3428 1574 3472 post
1586 3429 1782 3464 nuntiatam
1797 3429 1944 3472 Augusti
1957 3438 2056 3466 mor-
