2254 3770
791 290 947 335 LIBER
973 282 1024 334 1(
1063 291 1164 348 Cap.
1195 290 1261 334 io.
1292 290 1360 338 44.
1908 294 1962 336 45

306 395 387 452 (ll)
417 397 574 440 Versae
595 395 694 439 inde
715 395 769 439 ad
790 396 1004 440 Tiberium
1022 410 1188 454 preces.
1219 403 1262 441 et
1282 396 1350 441 ille
1370 398 1488 442 varia
1510 398 1775 442 edisserebat
1800 398 1854 442 de
1872 413 1963 442 ma-

193 470 409 529 gnitudine
438 471 621 528 imperii,
654 485 731 514 sua
754 471 975 515 modestia.
1021 471 1156 515 solam
1175 472 1261 515 divi
1281 473 1456 530 Augusti
1475 480 1661 517 mentem
1681 480 1820 517 tantae
1840 473 1963 517 molis

192 559 412 603 capacem:
453 559 502 589 se
538 547 578 588 in
619 554 782 604 partem
822 560 1021 590 curarum
1058 547 1112 590 ab
1148 546 1218 590 illo
1247 555 1444 591 vocatum
1473 548 1732 606 experiendo
1761 548 1963 593 didicisse

190 634 320 678 quam
339 620 538 670 arduum,
571 635 700 678 quam
729 621 968 666 subiectum
995 622 1188 665 fortunae
1217 622 1395 679 regendi
1426 630 1575 667 cuncta
1605 637 1727 667 onus.
1782 623 1963 681 proinde

189 696 230 738 in
269 695 435 739 civitate
475 703 535 739 tot
570 695 818 739 inlustribus
849 697 948 739 viris
988 697 1169 740 subnixa
1198 710 1283 740 non
1313 697 1368 740 ad
1396 712 1529 741 unum
1557 698 1698 742 omnia
1728 698 1993 742 deferrentze

188 769 334 828 plures
363 770 526 814 facilius
555 771 698 814 munia
729 771 790 814 rei
820 771 1016 829 publicae
1037 766 1207 815 sociatis
1227 771 1444 816 laboribus
1465 781 1754 818 exsecuturos.
1803 773 1899 831 plus
1921 775 1962 816 in

189 845 379 888 oratione
411 844 478 888 tali
510 844 720 902 dignitatis
749 859 880 904 quam
908 846 1007 889 fidei
1038 854 1145 899 erat3
1182 847 1435 905 Tiberioque
1466 849 1594 892 etiam
1622 849 1664 891 in
1694 848 1824 893 rebus
1854 863 1962 907 quas

189 934 274 963 non
302 919 533 968 occuleret,
567 934 645 963 seu
674 927 823 964 natura
849 921 938 965 sive
959 921 1264 972 adsuetudine,
1296 936 1505 980 suspensa
1526 938 1699 982 semper
1718 931 1760 967 et
1778 924 1963 968 obscura

189 995 342 1045 verba,
374 1002 475 1038 tunc
493 1008 596 1038 vero
625 996 770 1039 nitenti
800 1003 846 1038 ut
875 1010 1028 1039 sensus
1059 1010 1162 1040 suos
1190 997 1360 1054 penitus
1395 998 1589 1050 abderet,
1621 999 1664 1041 in
1693 999 1902 1043 incertum
1921 1006 1964 1042 et

189 1069 435 1128 ambiguum
461 1070 597 1126 magis
626 1070 961 1128 implicabantur.
1019 1079 1060 1114 at
1090 1079 1251 1128 patreS,
1284 1072 1440 1130 quibus
1470 1088 1581 1116 unus
1609 1080 1749 1117 metus
1778 1074 1814 1117 si
1843 1073 1964 1117 intel-
1977 1083 2013 1113 ιο

188 1143 331 1201 legere
351 1144 613 1198 viderentur,
644 1146 686 1188 in
717 1153 894 1203 questus
923 1146 1118 1190 lacrimas
1138 1153 1235 1190 vota
1265 1146 1443 1200 effundi;
1475 1148 1528 1191 ad
1549 1147 1672 1199 deos,
1704 1148 1758 1192 ad
1780 1148 1963 1205 effigiem

188 1220 381 1277 Augusti,
415 1221 468 1263 ad
498 1234 639 1277 genua
667 1221 802 1278 ipsius
830 1235 982 1264 manus
1012 1221 1208 1272 tendere,
1241 1236 1338 1266 cum
1365 1222 1544 1279 proferri
1564 1222 1755 1267 libellum
1773 1224 1964 1267 recitari-

189 1308 276 1351 que
307 1295 439 1338 iussit.
498 1309 603 1353 opes
633 1295 829 1353 publicae
859 1295 1198 1346 continebantur,
1239 1304 1445 1354 quantum
1474 1298 1631 1342 civium
1660 1300 1962 1357 sociorumque

255 1409 285 1440 4.
308 1409 408 1440 varia
429 1409 623 1442 edisserebat
644 1410 770 1442 Linker
791 1410 973 1449 (Zeitschr.
998 1410 1021 1442 f.
1040 1410 1074 1443 d.
1092 1412 1217 1444 osterr.
1237 1412 1364 1452 Gymn.
1381 1412 1437 1444 IV.
1461 1421 1497 1454 p.
1514 1411 1609 1453 292);
1639 1413 1762 1446 uariae
1786 1413 1963 1446 disserebat

188 1465 241 1503 M3
264 1465 359 1496 varie
381 1464 555 1497 disserebat
576 1465 778 1498 Beroaldus.
815 1466 865 1498 De
887 1466 1034 1499 vocibus
1057 1475 1164 1508 prave
1185 1468 1218 1499 in
1243 1467 1365 1500 codice
1389 1467 1548 1501 discretis
1572 1468 1616 1501 cf.
1641 1477 1715 1501 var.
1740 1468 1822 1502 lect.
1848 1470 1879 1509 4,
1905 1470 1958 1502 70.

187 1520 242 1552 79.
277 1520 316 1560 2,
340 1520 394 1553 20.
431 1521 493 1560 44,
517 1521 571 1554 29.
598 1539 634 1544 -
670 1521 701 1554 9.
722 1522 872 1562 poenitus
891 1522 926 1555 M
949 1539 986 1545 —
1023 1523 1076 1555 44.
1101 1526 1232 1569 questus
1253 1524 1287 1556 M
1317 1541 1354 1547 —
1385 1525 1484 1557 adeos
1504 1525 1538 1558 M
1564 1523 1626 1567 (Ad
1646 1526 1733 1558 Deos
1761 1527 1897 1567 margo)
1922 1544 1958 1550 —

188 1576 242 1608 42.
265 1575 356 1618 cum]
383 1573 430 1609 Tic*
454 1585 574 1618 margo
597 1577 641 1610 M.

190 1669 384 1701 RHODANI
403 1669 583 1701 FLAMEN
602 1670 669 1702 cet.
703 1669 792 1703 Male
823 1673 942 1703 autem
973 1681 1053 1712 pro·
1100 1672 1191 1704 testes
1212 1673 1396 1716 religiones]
1420 1673 1563 1706 Kalend.
1579 1674 1750 1707 Amitern.
1773 1674 1808 1707 in
1831 1674 1959 1707 Inscrr.

190 1721 268 1760 pter
297 1718 433 1760 imperf.
457 1720 550 1751 vellet
579 1721 774 1761 cogitarunt
796 1720 840 1753 de
864 1720 995 1763 templo
1018 1723 1054 1754 et
1100 1722 1172 1755 Lat.
1205 1723 1246 1754 ΙΙ.
1283 1732 1317 1764 p.
1342 1723 1416 1755 398.
1450 1724 1530 1764 (XV.
1561 1723 1633 1756 Kal.
1667 1723 1820 1764 Octobr.)
1857 1724 1962 1756 DIVO

191 1767 403 1800 caelestibus
427 1767 667 1809 religionibus,
696 1779 786 1811 quae
810 1772 964 1812 Augusto
988 1771 1053 1804 de-
1099 1772 1291 1804 AVGVSTO
1323 1773 1523 1805 HONORES
1557 1774 1798 1806 CAELESTES
1828 1774 1855 1806 A
1888 1774 1961 1806 SE-

191 1819 310 1850 cretae
341 1819 423 1850 sunt
452 1819 522 1851 iam
551 1819 726 1851 defuncto.
774 1821 845 1852 Hae
872 1829 958 1863 sane
986 1822 1052 1863 ipsi
1099 1822 1215 1854 NATV
1240 1822 1427 1855 DECRETI
1455 1822 1547 1856 SEX.
1571 1823 1689 1856 APVL.
1719 1824 1812 1856 SEX.
1836 1823 1959 1856 POMP.

191 1869 355 1909 imputari
371 1876 439 1899 non
455 1869 637 1910 poterant;
662 1869 909 1911 imperfectum
933 1873 1051 1903 autem

191 1916 340 1959 explica:
377 1918 685 1951 nihil--retictum
707 1923 793 1960 tum,
828 1929 903 1952 cum
927 1922 959 1952 in
983 1922 1052 1952 vita

188 1976 222 1999 se
240 1967 475 2000 coli--vellet.
495 1985 531 1991 -
551 1969 738 2011 deterrima]
764 1978 845 2001 cum
861 1970 1051 2002 deterrimo

191 2016 345 2049 homine.
393 2018 534 2050 Sueton.
575 2018 649 2050 Tib.
686 2020 751 2050 24;
796 2019 979 2061 Ααρυειαηι
999 2037 1052 2043 --

189 2070 416 2108 expugnatum
457 2067 607 2108 precibus
649 2069 768 2100 umoris
808 2070 1052 2110 adoptationem

190 2116 349 2158 (Tiberii)
383 2126 450 2150 non
482 2117 633 2150 abnuisse
664 2119 716 2150 vel
748 2119 848 2150 etiam
878 2119 1053 2151 ambitione

189 2169 348 2206 tractum,
371 2170 409 2198 ut
431 2167 491 2199 tati
512 2175 694 2200 successore
715 2168 960 2201 desiderabilior
984 2170 1053 2209 ipse

191 2217 387 2257 quandoque
406 2218 510 2258 fieret.
557 2218 621 2250 Dio
644 2218 703 2256 56,
728 2217 782 2250 45.
823 2219 893 2250 «De
916 2228 974 2258 re,
1006 2228 1050 2251 ne

189 2267 366 2306 Augustus
398 2269 594 2299 monstrum
623 2267 814 2307 habeatur,
849 2268 929 2300 vide
960 2271 1048 2300 Ann.

190 2313 224 2354 4,
248 2316 301 2355 57,
326 2316 472 2348 Dionem
490 2317 543 2355 57,
569 2317 588 2348 3
612 2318 647 2349 et
670 2318 729 2356 42,
754 2318 957 2350 Suetonium
973 2317 1049 2350 Tib.

191 2364 253 2404 23,
290 2363 394 2406 Calig.
421 2365 459 2404 43
495 2366 679 2407 ipsamque
706 2375 782 2399 rem
806 2367 987 2409 perpende
1016 2368 1052 2399 et

191 2414 366 2447 fortunam
411 2414 537 2447 domus
581 2415 820 2458 principalis.»
867 2418 984 2450 Wom.
1011 2434 1047 2439 —

189 2464 327 2506 honora]
362 2465 448 2496 Nota
484 2464 633 2497 {ormam
666 2467 840 2507 poeticam
868 2475 888 2499 a
915 2465 1050 2498 Valerio

191 2513 314 2546 Flacco
345 2515 380 2545 et
408 2514 532 2553 Statio,
568 2517 738 2556 quantum
772 2525 865 2549 nunc
901 2518 1048 2556 constat,

190 2564 343 2604 primum
377 2565 594 2605 usurpatam.
621 2583 664 2588 —
694 2565 808 2597 habitu
837 2566 990 2606 cultuque
1022 2568 1052 2598 et

190 2612 355 2654 institutis]
378 2612 493 2644 habitu
515 2613 559 2645 ad
574 2613 709 2646 vultum
733 2616 768 2647 et
783 2617 939 2656 gestum,
963 2615 1053 2647 cultu

191 2662 237 2694 ad
252 2662 414 2694 vestitum
440 2665 669 2704 ceterumque
694 2667 873 2704 ornatum,
897 2665 1053 2697 institutis

191 2711 236 2743 ad
251 2711 342 2743 vitae
359 2711 552 2744 cotidianae
568 2714 719 2745 rationes
736 2713 952 2755 modumque
969 2723 1051 2746 cum

191 2761 331 2798 amicis,
366 2759 515 2801 libertis,
552 2763 664 2795 servis
694 2763 857 2796 versandi
888 2764 1049 2796 refertur.

193 2810 244 2842 Cf.
269 2811 357 2843 Anu.
376 2811 407 2848 2,
432 2811 485 2843 59.
513 2812 565 2851 45,
591 2813 643 2844 72.
679 2813 764 2844 Hist.
783 2814 813 2851 4,
840 2814 870 2845 7.
903 2814 1052 2846 Incede-

191 2859 251 2891 bat
270 2861 388 2892 autem
404 2859 561 2893 Tiberius
583 2862 706 2894 cervice
726 2862 840 2903 rigida
861 2866 892 2895 et
913 2863 1050 2904 obstipa,

193 2910 334 2941 adducto
355 2910 424 2950 fere
444 2911 556 2950 vultu,
578 2912 771 2952 plerumque
793 2913 922 2945 tacitus.
954 2914 1048 2945 Suet.

192 2958 267 2991 Tib.
300 2959 352 2991 68.
388 2977 432 2983 —-
465 2961 630 3003 templum]
669 2962 703 2993 in
737 2960 865 2994 Palatio
898 2963 974 3003 ipso
1009 2971 1052 2994 ex

193 3010 336 3041 senatus
365 3008 520 3041 decreto.
567 3011 630 3042 Dio
653 3011 714 3050 56,
750 3011 808 3043 46:
849 3012 913 3044 καὶ
947 3007 1048 3055 αὐτῷ

194 3059 369 3115 (Augusto)
392 3053 433 3090 ἔν
447 3068 487 3091 τε
502 3068 535 3090 τι
522 3057 546 3104 ἧ
566 3055 691 3106 Ῥώμη
708 3056 833 3106 ῆρῷον
848 3060 1052 3104 ψηφισθὲν

192 3106 264 3149 μὲν
288 3103 363 3140 ὑπὸ
386 3105 455 3150 τῆς
476 3109 695 3154 γερουσίας,
725 3109 982 3153 οἰκοδομηθὲν
1010 3109 1052 3143 δὲ

194 3152 270 3189 ὑπὸ
299 3157 368 3198 τῆς
398 3156 557 3198 Λιουίας
584 3159 649 3190 καὶ
680 3155 754 3191 ὑπὸ
783 3157 851 3191 τοῦ
876 3159 1050 3206 Τιβερίου

194 3203 379 3248 ἐποιήθη,
414 3208 479 3238 καὶ
512 3203 648 3239 ἄλλοτε
680 3205 905 3247 πολλαχόθι.
952 3209 1051 3241 Idem

195 3255 255 3295 60,
280 3257 312 3287 5.
337 3252 592 3299 Αὐγουστεῖον
614 3259 727 3290 vocat.
768 3259 909 3290 Sueton.
934 3257 1048 3291 Tiber.

194 3302 247 3336 47.
271 3304 355 3337 Plin.
372 3306 424 3343 42,
443 3306 536 3346 594:
562 3306 767 3339 cinnamomi
780 3307 926 3340 radicem
937 3310 1051 3350 magni

192 3354 346 3392 ponderis
366 3354 507 3387 vidimus
527 3356 563 3387 in
584 3356 705 3388 Palatii
727 3356 860 3397 templo,
893 3358 980 3397 quod
1000 3358 1050 3398 fe-

195 3406 285 3434 cerat
312 3394 386 3436 divo
411 3404 556 3446 Auyusto
582 3406 706 3438 contu-v
725 3405 885 3448 Auyusta.
912 3424 947 3431 —
972 3416 1051 3439 cae-

1144 1922 1196 1953 44.
1223 1921 1310 1954 Cum
1335 1922 1388 1954 his
1407 1930 1571 1963 compara
1586 1921 1708 1955 Velleii
1724 1922 1961 1956 adulationem

1099 1970 1139 2008 2,
1171 1970 1245 2003 424.
1275 1989 1309 1994 -
1334 1972 1434 2003 varia
1461 1972 1656 2004 edisserebat
1682 1972 1764 2014 cet.]
1799 1971 1962 2005 Similiter

1099 2019 1138 2059 4,
1162 2020 1222 2052 55:
1257 2029 1361 2060 neque
1387 2022 1527 2053 multum
1549 2022 1707 2054 distantia
1734 2022 1962 2054 memorabant

1100 2070 1138 2101 de
1159 2073 1317 2102 vetustate
1337 2071 1484 2112 generis,
1508 2072 1615 2103 studio
1637 2072 1672 2103 in
1690 2072 1850 2112 poputum
1873 2073 1909 2104 R.
1922 2089 1958 2096 -

1098 2127 1160 2150 sua
1187 2120 1355 2162 modestia]
1395 2120 1439 2152 de
1473 2121 1744 2162 mediocritatis,
1784 2121 1960 2154 tenuitatis

1101 2177 1244 2201 suarum
1261 2169 1385 2201 virium
1411 2171 1636 2203 conscientia.
1657 2189 1693 2195 —
1717 2180 1784 2203 non
1799 2172 1844 2203 ad
1857 2180 1962 2204 unum

1100 2219 1212 2250 omnia
1234 2219 1405 2261 deferrent]
1430 2219 1602 2252 Particula
1623 2230 1690 2253 non
1711 2229 1797 2254 usus
1820 2223 1875 2254 est
1896 2230 1960 2263 pro

1098 2277 1139 2300 ne
1171 2270 1315 2309 propter
1347 2270 1605 2310 oppositionem
1637 2271 1844 2312 cogitatione
1875 2280 1961 2313 sup-

1100 2316 1266 2359 plendam
1291 2318 1373 2350 «sed
1398 2318 1443 2351 ad
1465 2318 1618 2361 plures».
1644 2320 1721 2352 Vid.
1738 2321 1894 2362 Wagner
1914 2320 1959 2352 ad

1100 2366 1226 2408 Vergil.
1250 2369 1338 2400 Aen.
1362 2368 1440 2408 ΧΠ,
1476 2370 1529 2402 78.
1564 2378 1599 2411 p.
1631 2370 1707 2403 749.
1743 2389 1787 2394 -
1819 2371 1858 2403 In
1891 2371 1960 2403 hoc

1100 2425 1240 2457 quoque
1257 2416 1438 2450 simulator
1452 2419 1554 2459 sequi
1568 2419 1679 2452 videri
1696 2419 1802 2452 voluit
1797 2421 1960 2475 Augusti

1100 2466 1275 2498 mandata.
1300 2467 1364 2499 Dio
1385 2467 1440 2507 56,
1465 2468 1524 2500 33:
1559 2465 1608 2501 τὰ
1629 2466 1741 2502 κοινὰ
1763 2467 1857 2502 πᾶσι
1878 2471 1960 2510 τοῖς

1099 2513 1324 2573 δυναμένοις
1346 2517 1412 2549 καὶ
1435 2515 1572 2550 εἰδέναι
1595 2519 1659 2551 καὶ
1683 2516 1857 2576 γξράττειν
1879 2517 1960 2552 ἑπι-

1099 2575 1161 2611 τρε
1145 2575 1265 2606 πειν,
1289 2566 1353 2599 καὶ
1376 2566 1416 2607 ἐς
1437 2563 1617 2610 μηδένα“’
1599 2579 1667 2601 ενα
1668 2565 1847 2626 ἀναρτᾷν
1862 2565 1960 2602 αὐτὰ

1100 2612 1290 2662 παρῄνεσε
1313 2618 1465 2657 σφίσιν,
1497 2611 1600 2658 ὅπως
1620 2616 1719 2661 μήτε
1740 2617 1960 2665 τυραννίδος

1099 2674 1156 2706 τις
1178 2663 1417 2723 ἐπιθυμήσῃ,
1441 2664 1530 2709 μήτ’
1554 2677 1602 2700 αυ
1620 2670 1848 2710 πταίσαντος
1863 2669 1960 2702 ἐκεί-

1099 2725 1168 2748 νου
1185 2713 1230 2748 τὸ
1245 2713 1435 2758 δημόσιον
1450 2714 1594 2763 σφαλῇ.
1614 2735 1650 2741 -
1668 2719 1848 2761 dignitatis]
1864 2719 1960 2760 quod

1101 2774 1172 2797 non
1205 2765 1332 2807 cupide
1366 2767 1555 2808 imperium
1588 2766 1745 2800 oblatum
1773 2769 1953 2810 arriperet,

1101 2815 1165 2847 sed
1192 2817 1386 2848 recusaret.
1413 2834 1449 2839 —
1477 2817 1674 2859 Tiberioque]
1706 2817 1756 2850 Cf.
1782 2819 1858 2851 eius
1888 2827 1960 2857 χα-

1099 2862 1360 2910 ρακτηρισμόν
1375 2865 1469 2906 apud
1486 2867 1632 2899 Dionem
1649 2868 1703 2905 57,
1724 2868 1754 2899 4.
1781 2867 1959 2909 egregium

1099 2923 1203 2955 sane,
1229 2916 1310 2954 etsi,
1335 2917 1374 2947 ut
1391 2915 1464 2948 fere
1480 2917 1597 2949 omnia
1613 2917 1707 2959 apud
1721 2916 1829 2957 illum,
1853 2917 1959 2950 scho-

1100 2964 1169 2997 lam
1199 2964 1411 2997 rhetoricam
1441 2965 1660 3007 aliquatenus
1690 2966 1836 2999 redolet.
1863 2983 1900 2989 —-
1930 2966 1959 2998 si

1098 3013 1282 3055 intellegere
1301 3015 1501 3057 viderentur}
1532 3015 1659 3048 Tiberii
1686 3015 1956 3049 simulationem.

1102 3063 1295 3104 —effiyiem
1315 3063 1463 3106 Augusti]
1487 3073 1578 3106 quae
1601 3066 1636 3098 in
1659 3066 1732 3107 ipsa
1757 3066 1868 3104 curia;
1893 3073 1958 3107 ap-

1099 3114 1198 3154 paret
1221 3114 1316 3146 enim
1339 3123 1381 3146 ex
1404 3113 1487 3154 illis,
1523 3124 1614 3156 quae
1643 3115 1687 3147 de
1716 3115 1899 3148 Hortensio
1922 3116 1955 3155 2,

1101 3162 1152 3194 47.
1179 3163 1264 3195 Luvs.
1299 3164 1344 3195 At
1366 3172 1408 3196 eo
1431 3163 1508 3196 loco
1526 3165 1562 3196 in
1577 3163 1707 3196 Palatio
1722 3163 1862 3197 babitus
1877 3172 1957 3197 esse

1099 3213 1242 3244 senatus
1280 3212 1414 3246 dicitur.
1468 3213 1655 3254 Utrobique
1691 3221 1776 3245 vero
1812 3214 1958 3255 Augusti

1100 3259 1250 3301 effigiem
1284 3262 1434 3302 positam
1467 3262 1573 3294 fuisse
1606 3261 1788 3303 probabile
1823 3265 1886 3295 est.
1917 3281 1953 3287 —

1097 3309 1248 3352 libellum]
1272 3311 1413 3343 Sueton.
1440 3312 1558 3343 Octav.
1583 3311 1663 3343 404;
1703 3312 1754 3344 De
1774 3311 1878 3345 tribus
1895 3322 1957 3345 υο-

1097 3358 1272 3392 luminibus
1301 3360 1403 3401 (quae
1431 3361 1562 3401 signata
1591 3359 1684 3401 apud
1710 3361 1862 3402 virgines
1884 3362 1956 3394 Ve-

1096 3408 1203 3442 stales
1222 3409 1380 3451 deposita
1401 3409 1547 3450 fuerant)
1570 3417 1636 3442 uno
1656 3411 1818 3446 mandata
1838 3412 1878 3445 de
1897 3411 1955 3453 fu-
