2254 3770
297 249 378 294 430

786 252 831 295 Ρ.
863 250 1115 296 CORNELII
1145 251 1317 298 TACITI
1346 253 1618 300 ANNALIUM

297 359 419 404 locus
450 358 697 417 sepulturae
729 358 1043 413 destinabatur,
1075 360 1381 419 praetuleritne
1412 352 1609 409 veneficii
1639 364 1776 423 signa,
1809 379 1962 424 parum
1992 379 2097 411 con-

298 436 412 481 stitit.
453 450 551 480 nam
584 442 628 480 ut
657 435 755 494 quis
787 435 1084 481 misericordia
1103 437 1145 480 in
1167 437 1467 484 Germanicum
1487 446 1530 484 et
1549 447 1826 500 praesumpta
1847 441 2096 500 suspicione

262 520 266 525 ’
296 519 369 557 aut
397 512 543 557 favore
574 512 616 555 in
644 512 846 556 Pisonem
874 512 1070 571 pronior,
1103 512 1262 558 diversi
1297 515 1697 574 interpretabantur.

382 588 468 645 (74)
515 587 809 632 Consultatum
846 587 944 633 inde
982 588 1091 634 inter
1126 589 1290 648 legatos
1328 591 1492 649 quique
1528 591 1597 636 alii
1627 599 1874 638 senatorum
1905 592 2094 645 aderant,

263 665 494 723 5quisnam
515 664 667 709 Suriae
697 665 1018 723 praeficeretur.
1059 672 1101 710 et
1130 666 1286 710 ceteris
1316 667 1486 712 modice
1515 668 1636 721 nisis,
1670 670 1779 714 inter
1799 669 1966 715 Vibium
1985 669 2097 713 Mar-

294 755 390 785 sum
411 747 453 785 et
474 741 547 785 Cn.
570 740 762 785 Sentium
783 740 858 785 diu
878 741 1140 800 quaesitum3
1172 742 1273 786 dein
1294 743 1460 788 Marsus
1479 744 1638 789 seniori
1660 751 1703 790 et
1731 746 1875 791 acrius
1905 744 2095 791 tendenti

294 817 440 861 Sentio
472 817 701 862 concessit.
747 817 873 876 isque
903 817 1104 862 infamem
1132 818 1354 864 veneficiis
1385 833 1438 864 ea
1471 819 1512 863 in
1541 821 1765 878 provincia
1795 828 1838 866 et
1866 821 2095 866 Plancinae

293 906 534 951 percaram,
573 893 745 937 nomine
775 894 1017 946 Martinam,-
1054 894 1098 938 in
1136 894 1291 939 urbem
1320 895 1453 948 misit,
1496 897 1812 955 postulantibus
1840 896 2006 943 Vitellio
2044 911 2097 943 ao

292 969 474 1014 Veranio
505 969 749 1029 ceterisque
779 970 854 1028 qui
885 969 1063 1015 crimina
1093 976 1136 1015 et
1164 970 1484 1016 accusationem
1506 978 1723 1031 tamquam
1743 972 1954 1018 adversus
1970 987 2095 1019 rece-

244 1057 278 1087 ¹0
291 1051 387 1103 ptos
416 1046 503 1091 iam
532 1060 632 1092 reos
662 1045 942 1090 instruebant.
1002 1046 1083 1103 (75)
1127 1053 1168 1090 at
1196 1047 1450 1105 Agrippina,
1483 1062 1747 1108 quamquam
1776 1049 1949 1094 defessa
1977 1049 2095 1094 luctu

291 1128 334 1166 et
363 1136 547 1181 corpore
578 1136 727 1180 aegro,
770 1122 960 1166 omnium
990 1128 1133 1167 tamen
1163 1136 1276 1181 quae
1306 1123 1510 1168 ultionem
1545 1131 1817 1170 morarentur
1844 1124 2092 1178 intolerans,

290 1198 485 1243 ascendit
513 1198 697 1244 classem
718 1212 816 1243 cum
837 1197 1054 1243 cineribus
1075 1198 1317 1243 Germanici
1336 1205 1379 1244 et
1407 1199 1571 1252 liberis,
1605 1200 1907 1246 miserantibus
1928 1201 2093 1247 cunctis

290 1274 408 1334 quod
449 1274 607 1319 femina
642 1274 862 1319 nobilitate
900 1274 1121 1333 princeps,
1172 1274 1463 1333 pulcherrimo
1503 1276 1633 1321 modo
1671 1277 1942 1322 matrimonio
1982 1277 2093 1322 inter

288 1357 546 1396 venerantes
581 1351 875 1410 gratantisque
912 1350 1047 1409 aspici
1086 1350 1232 1403 solita,
1272 1358 1371 1396 tunc
1407 1351 1550 1396 feralis
1580 1352 1785 1411 reliquias
1822 1352 1920 1398 sinu
1949 1352 2090 1406 ferret,

239 1427 451 1472 asincerta
479 1426 670 1480 ultionis,
704 1427 830 1471 anxia
861 1426 929 1471 sui
959 1433 1002 1471 et
1032 1426 1188 1472 infelici
1218 1426 1477 1473 fecunditate
1502 1427 1697 1475 fortunae
1717 1429 1872 1474 totiens
1893 1428 2091 1474 obnoxia.

372 1504 574 1549 Pisonem
613 1503 784 1548 interim
823 1508 926 1561 aput
966 1487 1101 1548 Coum
1139 1503 1324 1548 insulam
1358 1503 1532 1548 nuntius
1567 1504 1822 1563 adsequitur
1849 1505 2092 1550 excessisse

288 1580 603 1626 Germanicum.
661 1593 749 1638 quo
788 1579 1124 1638 intemperanter
1163 1585 1343 1638 accepto
1373 1579 1515 1625 caedit
1543 1580 1753 1633 victimas,
1795 1580 1883 1626 adit
1920 1579 2090 1639 templa,

286 1671 430 1716 neque
471 1657 566 1715 ipse
610 1655 815 1714 gaudium
854 1654 1086 1700 moderans
1123 1661 1166 1700 et
1204 1655 1342 1715 magis
1379 1655 1668 1701 insolescente
1712 1656 1930 1708 Plancina,
1977 1669 2092 1715 quae

284 1732 447 1779 luctum
475 1732 661 1778 amissae
691 1731 855 1777 sororis
887 1738 975 1776 tum
1006 1732 1191 1790 primum
1221 1731 1334 1777 laeto
1355 1731 1471 1777 cultu
1492 1732 1682 1777 mutavit.
1730 1733 1812 1791 (76)
1843 1731 2092 1780 adnuebant

328 1899 361 1933 3.
384 1898 693 1941 interpretabantur
715 1896 924 1932 Beroaldus:
950 1897 1240 1939 interpraetentur
1261 1898 1296 1932 M
1313 1910 1350 1922 -·-
1377 1899 1410 1933 5.
1427 1898 1622 1932 modicenses
1636 1899 1670 1934 M
1689 1899 1828 1942 (modice
1849 1899 1930 1934 nisis
1951 1898 2086 1943 margo)

287 1973 323 1980 —
350 1956 383 1991 6.
409 1956 476 1990 CN.
501 1956 536 1991 M
561 1973 597 1979 —
623 1955 656 1989 9.
681 1952 910 1989 accussatione
934 1955 978 1990 M.

284 2107 488 2150 secuturum]
512 2107 634 2141 fuisse.
660 2106 711 2140 Cf.
738 2115 770 2139 c.
796 2106 832 2139 34
862 2107 952 2139 extr.
982 2124 1017 2130 —
1049 2107 1161 2148 sepul-

284 2160 391 2203 turae]
425 2159 461 2192 id
489 2160 561 2200 est,
592 2157 787 2191 cremando
811 2157 970 2199 corpori3
1002 2167 1086 2199 nam
1110 2158 1162 2191 ci-

285 2219 391 2244 neres
413 2211 546 2243 Romae
570 2207 725 2241 conditi:
758 2207 795 2248 3,
822 2209 834 2240 4
866 2209 902 2240 et
925 2206 957 2240 4.
982 2208 1064 2241 ERN.
1089 2207 1162 2241 Κε-

285 2257 475 2301 νοτάφιον
491 2259 524 2292 ei
539 2259 664 2301 postea
676 2257 725 2291 ibi
738 2258 958 2291 exstructum
972 2258 1043 2291 est:
1063 2267 1094 2292 c.
1105 2257 1158 2292 83.

289 2330 326 2336 —-
349 2310 499 2353 veneficii
522 2309 631 2352 signa]
662 2307 793 2342 Plinius
816 2309 857 2341 N.
883 2308 924 2341 H.
952 2308 1005 2349 44,
1032 2307 1051 2350 ἓ
1076 2308 1158 2341 487ε

285 2364 439 2406 Neyatur
462 2361 606 2394 cremari
623 2368 720 2401 posse
745 2358 828 2401 (cor)
853 2359 888 2392 in
909 2359 968 2399 iis,
1001 2359 1058 2400 qui
1081 2367 1162 2392 car-

286 2415 382 2448 diaco
403 2412 519 2446 morbo
542 2412 684 2445 obierint
691 2419 702 2451 ;
731 2413 878 2453 negatur
906 2413 937 2443 et
958 2419 1083 2443 veneno
1103 2411 1161 2443 in-

285 2464 464 2505 serenantis.
512 2463 604 2496 Certe
636 2464 748 2496 exstat
782 2461 892 2493 oratio
931 2460 1055 2500 Vitelli,
1092 2469 1161 2500 qua

284 2523 381 2548 rewm
401 2514 552 2547 Pisonem
574 2512 646 2546 eius
660 2512 792 2545 sceleris
806 2511 981 2552 coarquit,
1005 2510 1067 2543 hoc
1080 2518 1162 2542 usus

286 2568 484 2608 arqumento
500 2564 684 2605 palamque
707 2565 847 2596 testatus
868 2571 936 2594 non
951 2562 1102 2608 potuisse
1120 2560 1160 2594 ob

285 2625 448 2651 venenum
483 2624 542 2648 cor
578 2614 771 2648 Germanici
807 2613 963 2646 Caesaris
995 2613 1158 2646 cremari:

286 2670 406 2700 contra
427 2674 545 2708 genere
565 2664 674 2697 morbi
696 2664 846 2705 defensus
867 2666 915 2695 est
935 2663 1022 2695 Piso.
1057 2661 1158 2695 Adde

286 2718 431 2751 Sueton.
459 2715 566 2758 Calig.
593 2716 631 2748 4:
663 2714 715 2748 Ad
735 2714 994 2755 componendum
1018 2713 1162 2746 Orientis

285 2771 410 2802 statum
424 2767 585 2807 expulsus
601 2764 874 2807 (Germanicus),
895 2772 971 2796 cum
985 2762 1161 2796 Armeniae

285 2827 397 2862 reyem
420 2818 592 2851 devicisset
615 2816 766 2858 (dedisset
787 2814 955 2857 Lipsius),
984 2814 1160 2855 Cappado-

286 2871 375 2904 ciam
391 2869 429 2902 in
444 2867 643 2910 provinciae
655 2866 802 2908 formam
815 2865 1008 2907 redegisset,
1033 2872 1160 2896 annum

286 2921 408 2955 aetatis
434 2927 536 2962 ayens
559 2921 720 2959 quartum
749 2920 781 2951 et
802 2916 1008 2959 triqesimum
1030 2915 1159 2950 diutino

285 2971 400 3006 morbo
421 2969 614 3004 Antiochiae
642 2967 739 3008 obiit,
769 2975 837 2999 non
862 2966 932 2999 sine
961 2966 1078 2999 veneni
1101 2973 1159 2997 su-

285 3023 441 3065 spicione.
475 3020 565 3053 Nam
579 3020 718 3059 praeter
738 3017 877 3057 livores,
913 3017 972 3057 qui
993 3018 1060 3049 toto
1083 3023 1160 3048 cor-

280 3082 364 3116 pore
385 3073 501 3111 erant,
525 3071 558 3102 et
577 3076 729 3110 spwnas,
754 3075 841 3108 quae
859 3075 921 3107 per
942 3075 978 3099 os
998 3065 1158 3109 fluebant,

285 3123 424 3157 cremati
455 3127 585 3162 quoque
613 3126 672 3151 cor
704 3118 793 3151 inter·
821 3125 896 3149 ossa
927 3117 1159 3157 incorruptum

285 3176 454 3215 repertum
482 3172 548 3210 est,
579 3168 676 3202 cuius
704 3176 746 3200 ea
774 3169 903 3199 natura
930 3166 1157 3207 existimatur,

285 3227 323 3256 ut
356 3224 496 3256 tinctum
528 3227 652 3254 veneno
685 3218 760 3260 ique
793 3217 910 3259 confici
938 3220 1090 3258 nequeat.
1118 3233 1154 3239 —

286 3272 416 3315 diversi]
442 3271 495 3306 Cf.
520 3280 551 3304 c.
577 3270 639 3304 ⁴0:
674 3268 799 3302 diversi
820 3266 1012 3300 ordiuntur.
1041 3285 1076 3291 —
1101 3267 1158 3300 in-

285 3321 565 3364 terpretabantur]
596 3321 709 3362 Saepe
737 3318 772 3352 in
800 3317 923 3351 codice
948 3316 1159 3349 exciderunt

285 3373 412 3407 mediis
428 3373 464 3405 in
479 3369 662 3406 vocabulis
677 3367 848 3411 syllabae,
864 3368 904 3401 ut
920 3375 951 3401 c.
966 3366 1024 3399 62:
1049 3370 1159 3400 trans-

285 3423 373 3458 Μαι
405 3431 470 3468 pro
508 3421 740 3457 tramtulerat.
776 3427 808 3454 c.
833 3417 895 3453 64:
931 3417 1058 3453 reditus
1091 3426 1156 3461 pro

1209 2107 1391 2140 rediturus.
1427 2115 1459 2141 c.
1485 2106 1545 2141 83:
1580 2108 1753 2141 adseravit
1773 2115 1839 2150 pro
1861 2107 2086 2142 adseveravit.

1211 2158 1268 2191 Sic
1299 2159 1336 2191 et
1363 2158 1433 2191 hoc
1463 2157 1552 2191 loco.
1590 2158 1655 2198 Qui
1677 2159 1901 2191 retinuerunt
1920 2159 2088 2200 interpre-
2128 2165 2131 2167 ⁴

1210 2211 1338 2249 tantur,
1364 2208 1409 2241 de
1433 2208 1667 2251 scriptoribus
1689 2209 1807 2242 statim
1835 2209 1918 2251 post
1939 2210 2088 2243 Germa-

1211 2259 1281 2293 nici
1322 2259 1505 2293 interitum
1538 2258 1738 2293 viventibus
1781 2258 1976 2302 explicant,
2015 2269 2089 2294 non

1210 2310 1374 2344 videntes
1405 2309 1533 2344 talibus
1568 2309 1744 2353 triplicem
1776 2309 1875 2344 illum
1905 2310 2086 2352 affectum,

1211 2361 1409 2394 contrariae
1431 2360 1731 2402 interpretationis
1754 2369 1920 2403 causam,
1944 2361 2089 2396 attribui

1210 2411 1268 2445 vix
1290 2411 1448 2453 potuisse
1474 2419 1494 2443 a
1517 2411 1648 2444 Tacito.

1254 2460 1308 2494 74.
1337 2460 1466 2493 Vibium
1487 2460 1654 2503 Marsum]
1687 2459 1870 2494 consulem
1895 2460 2087 2495 suffectum

1210 2520 1241 2546 a.
1265 2521 1301 2545 u.
1327 2511 1412 2553 770,
1449 2511 1485 2544 id
1515 2511 1614 2553 quod
1641 2512 1791 2555 apparet
1819 2520 1863 2545 ex
1886 2511 2086 2554 fragmento

1209 2563 1381 2596 fastorum
1419 2561 1659 2596 consularium
1696 2563 1789 2596 Antii
1826 2562 1956 2596 effosso
1971 2587 1980 2604 ,
2025 2572 2084 2606 ap.

1210 2614 1355 2646 Henzen
1383 2613 1513 2646 Inscrr.
1546 2613 1635 2647 Latt.
1661 2611 1738 2646 Vol.
1762 2613 1824 2654 ΙΙΙ,
1849 2621 1885 2646 n.
1909 2611 2013 2646 6442:
2046 2612 2083 2646 G.

1210 2663 1340 2696 Caelius
1361 2663 1399 2695 L.
1423 2663 1622 2703 Pomponius
1642 2662 1792 2695 Flaccus.
1817 2661 1891 2704 Sus.
1916 2661 1952 2695 G.
1975 2660 2087 2695 Vibius

1209 2715 1346 2747 Marsus
1367 2714 1404 2746 L.
1430 2713 1598 2746 Voluseius
1617 2713 1750 2746 Procul.
1776 2711 1828 2746 Cf.
1845 2720 1877 2746 c.
1895 2711 1950 2745 79.
1975 2711 2009 2753 4,
2026 2712 2083 2746 56.

1210 2763 1243 2804 6,
1268 2763 1323 2797 47.
1350 2763 1403 2804 44,
1429 2763 1483 2796 40.
1511 2780 1546 2786 -
1573 2762 1631 2796 Cn.
1657 2760 1818 2804 Sentium]
1841 2762 2083 2803 saturninum,

1210 2811 1395 2847 consulem
1418 2811 1609 2845 suffectum
1625 2820 1658 2844 a.
1676 2820 1713 2844 u.
1731 2811 1807 2844 756.
1834 2810 1886 2845 Cf.
1905 2819 1937 2844 c.
1954 2811 2009 2844 79.
2027 2811 2083 2846 84.

1209 2863 1249 2904 3,
1274 2863 1307 2895 7.
1335 2880 1371 2886 -
1401 2862 1527 2896 Vitellio
1550 2870 1593 2894 ac
1618 2860 1770 2903 Veranio]
1800 2861 1853 2894 De
1876 2859 2013 2894 Vitellio
2037 2859 2083 2895 cf.

1210 2914 1251 2956 4,
1276 2913 1335 2953 7ος
1373 2912 1418 2946 de
1442 2912 1593 2946 Veranio
1619 2912 1661 2952 2,
1696 2911 1757 2951 56;
1795 2910 1840 2944 de
1874 2911 2027 2954 utroque
2049 2910 2082 2953 3,

1210 2964 1264 2998 40.
1301 2979 1336 2987 -
1373 2962 1521 2996 crimina
1554 2965 1586 2995 et
1614 2962 1923 2995 accusationem„
1937 2962 2085 2995 instrue-

1209 3013 1298 3056 bant]
1334 3013 1356 3046 i.
1382 3021 1414 3047 e.
1444 3010 1704 3054 conquirebant
1736 3011 1875 3052 omnia,
1911 3019 2003 3054 quae
2037 3011 2084 3045 ad

1209 3064 1357 3099 crimina
1385 3061 1570 3106 probanda
1599 3062 1707 3103 atque
1738 3058 2004 3094 accusationem
2026 3062 2084 3095 in-

1208 3113 1423 3148 stituendam
1443 3113 1545 3146 erant
1566 3111 1715 3153 idonea,
1737 3109 1834 3145 velut
1854 3109 2006 3152 litteras,
2031 3111 2084 3145 in·
2111 3104 2119 3112 '

1209 3165 1327 3206 dices,
1351 3164 1463 3198 testes
1487 3165 1523 3198 et
1545 3161 1682 3197 similia.
1718 3160 1847 3196 Paulus
1869 3161 1906 3195 in
1927 3161 2004 3203 Dig.
2024 3162 2080 3205 22,

1208 3215 1229 3249 4
1241 3240 1249 3256 ,
1276 3215 1289 3248 4
1307 3224 1314 3247 :
1350 3215 1650 3248 lusti-umentorum
1670 3212 1802 3246 nomine
1823 3219 1864 3245 ea
1884 3211 1999 3245 omnia
2020 3221 2083 3245 ae-

1207 3265 1360 3307 cipienda
1381 3267 1478 3306 sunt,
1504 3263 1624 3306 quibus
1645 3271 1749 3297 causa
1769 3262 1891 3295 instrui
1906 3265 2027 3303 potest,
2049 3265 2082 3297 et

1206 3317 1278 3351 ideo
1310 3318 1381 3349 tam
1406 3315 1596 3349 testimonia
1619 3322 1728 3362 ‚quam
1756 3321 1922 3355 personae
1951 3314 2081 3347 instru-

1204 3369 1391 3400 mentorum
1417 3366 1489 3399 loco
1520 3364 1694 3398 habentur.
1731 3363 1803 3397 Cic.
1829 3363 1931 3397 verr.
1956 3363 1995 3405 4,
2021 3363 2076 3405 49,

1206 3416 1243 3452 44
1260 3427 1268 3451 ;
1293 3417 1339 3451 ad
1360 3417 1524 3453 iudicium
1543 3415 1696 3450 nondum
1712 3422 1747 3452 se
1760 3413 1841 3453 satis
1853 3414 2076 3451 instrument.
