2254 3770
679 241 724 286 P.
757 240 1007 287 CORNELII
1037 239 1207 286 TACITI
1239 238 1507 285 ANNALIUM,

203 347 480 394 necessitudo
510 362 640 408 quam
671 362 751 393 avo
781 347 1010 392 adversum
1046 352 1261 406 nepotem.
1303 346 1473 392 additur
1512 346 1781 405 pontificatus
1810 352 1870 397 et,
1909 359 1996 405 quo

204 426 391 484 primum
411 424 481 468 die
513 424 651 469 forum
680 424 898 481 ingressus
920 428 995 474 est,
1029 422 1291 481 congiarium
1321 422 1436 481 plebi
1459 422 1690 469 admodum
1708 422 1857 472 laetae,
1881 420 1999 480 quod

207 499 448 544 Germanici
488 500 663 558 stirpem
704 499 790 542 iam
832 498 1041 557 puberem
1087 497 1335 558 aspiciebat.
1382 504 1554 544 auctum
1596 498 1750 544 dehinc
1796 497 2001 556 gaudium

206 574 365 633 nuptiis
394 575 574 619 Neronis
605 581 647 619 et
675 574 831 628 Iuliae,
871 575 997 619 Drusi
1028 574 1153 619 filiae.
1195 580 1330 634 utque
1358 573 1468 620 haec
1497 573 1689 619 secundo
1719 588 1912 625 rumore,
1944 573 2001 618 ita

176 649 402 696 sadversis
440 650 591 694 animis
622 648 846 708 acceptum
876 651 994 709 quod
1025 650 1110 694 filio
1142 650 1307 695 Claudii
1337 664 1462 695 socer
1493 650 1672 695 Seianus
1702 650 2000 694 destinaretur.

207 726 414 785 polluisse
449 726 711 771 nobilitatem
747 725 929 770 familiae
964 726 1192 771 videbatur
1227 732 1564 785 suspectumque
1602 726 1686 771 iam
1722 726 1879 770 nimiae
1909 723 2001 783 spei

211 803 413 848 Seianum
440 802 551 846 ultra
581 801 796 846 extulisse.

324 879 404 936 (30)
436 878 539 922 Fine
570 877 668 922 anni
702 891 959 922 concessere
989 878 1075 922 vita
1104 878 1294 936 insignes
1323 877 1403 921 viri
1433 878 1478 922 L.
1499 876 1697 921 Volusius
1719 882 1761 921 et
1781 875 2004 921 Sallustius

214 953 402 1013 Crispus.
451 952 624 998 Volusio
660 959 783 998 vetus
825 953 983 998 familia
1018 967 1160 1012 neque
1200 960 1342 998 tamen
1381 958 1626 1012 praeturam
1667 965 1864 1010 egressa;
1910 951 2004 1009 ipse

161 1045 197 1076 ⁴0
212 1029 480 1076 consulatum
516 1029 669 1081 intulit,
708 1029 907 1074 censoria
947 1029 1074 1074 etiam
1111 1035 1321 1087 potestate
1359 1028 1552 1086 legendis
1592 1027 1783 1086 equitum
1818 1026 2005 1071 decuriis

210 1106 377 1150 functus
399 1119 628 1164 opumque,
661 1105 758 1164 quis
777 1105 932 1149 domus
961 1105 1031 1149 illa
1060 1105 1303 1149 inmensum
1331 1104 1474 1162 viguit,
1507 1104 1670 1162 primus
1697 1101 2003 1147 adcumulator.

213 1181 426 1240 Crispum,
458 1180 647 1239 equestri
678 1187 819 1224 ortum
846 1180 962 1233 loco,
997 1181 1042 1225 C.
1075 1180 1318 1231 Sallustius,
1360 1194 1504 1223 rerum
1534 1180 1820 1224 Romanarum
1848 1177 2007 1222 floren-

211 1257 400 1302 tissimus
435 1262 602 1309 auctor,
645 1256 805 1300 sororis
842 1262 1043 1314 nepotem
1072 1257 1115 1299 in
1144 1269 1300 1300 nomen
1330 1255 1525 1305 adscivit,
1567 1261 1695 1313 atque
1726 1253 1816 1307 ille,
1855 1267 2003 1312 quam-

212 1347 343 1392 quam
369 1338 568 1390 prompto
588 1331 643 1376 ad
664 1331 957 1390 capessendos
979 1332 1164 1376 honores
1185 1331 1314 1382 aditu,
1346 1332 1637 1375 Maecenatem
1656 1329 1895 1374 aemulatus
1916 1329 2008 1373 sine

161 1421 198 1452 ⁴5
213 1408 414 1467 dignitate
445 1407 659 1452 senatoria
687 1406 842 1451 multos
876 1406 1195 1465 triumphalium
1225 1406 1602 1465 consulariumque
1632 1405 1821 1463 potentia
1850 1404 2006 1455 anteiit,

212 1484 409 1529 diversus
439 1497 464 1527 a
493 1489 688 1527 veterum
717 1483 906 1527 instituto
929 1496 1009 1540 per
1029 1482 1190 1527 cultum
1211 1487 1253 1526 et
1273 1481 1514 1533 munditias,
1537 1481 1749 1539 copiaque
1771 1487 1814 1525 et
1832 1480 2009 1525 affluen-

212 1561 270 1604 tia
299 1559 401 1602 luxu
430 1558 619 1617 propior.
656 1557 831 1602 suberat
859 1565 1001 1601 tamen
1031 1558 1153 1615 vigor
1183 1557 1312 1601 animi
1343 1557 1586 1615 ingentibus
1616 1557 1796 1615 negotiis
1825 1570 1924 1616 par,
1956 1548 2010 1599 eo

214 1635 354 1681 acrior
375 1648 462 1692 quo
493 1647 691 1677 somnum
716 1640 759 1678 et
787 1633 985 1678 inertiam
1014 1633 1150 1691 magis
1171 1632 1423 1677 ostentabat.
1454 1632 1582 1691 igitur
1610 1631 1812 1677 incolumi
1843 1632 2010 1676 Maece-

203 241 285 286 ⁴68

277 1762 310 1795 2.
335 1761 546 1804 conqtarium
569 1760 603 1794 M
638 1778 675 1784 -
711 1760 795 1794 laete
816 1761 850 1795 M
879 1778 916 1784 -
952 1760 985 1794 4.
1011 1764 1136 1802 utquae
1158 1762 1191 1794 M
1223 1778 1256 1783 -
1293 1760 1512 1793 secundorum
1533 1768 1626 1792 more
1647 1760 1681 1793 M
1705 1759 1856 1802 (secundo
1876 1768 2013 1793 rumore

213 1818 347 1861 margo)
375 1837 412 1842 —
437 1818 469 1851 6.
493 1817 669 1851 videbatur
690 1819 739 1850 10.
762 1818 816 1850 Fr.
835 1818 1049 1851 Gronovius:
1074 1817 1274 1860 uidebantur
1295 1818 1329 1851 M
1355 1834 1390 1841 -
1416 1818 1448 1850 7.
1472 1816 1561 1849 ultro
1586 1815 1748 1850 Alciatus.
1777 1835 1813 1840 -
1840 1817 1892 1849 ⁴2.
1918 1824 2013 1858 eque-

213 1876 325 1909 strior.
352 1878 422 1907 tum
444 1875 478 1908 M
503 1890 539 1898 --
573 1874 621 1916 0.]
654 1875 693 1908 G.
719 1875 753 1908 M
780 1893 815 1899 —
849 1876 1078 1908 Romanarum
1101 1876 1312 1908 Rhenanus:
1339 1883 1558 1907 romanorum
1580 1875 1614 1908 M
1639 1892 1674 1897 —
1703 1874 1756 1907 ⁴6.
1782 1874 1944 1917 affluentia
1964 1873 2011 1915 M,

215 1941 324 1975 quam
346 1933 560 1974 scripturam
582 1931 824 1974 probaverunt
846 1931 1004 1966 Halmius
1029 1933 1065 1966 et
1087 1931 1281 1966 Alschefski
1307 1931 1364 1974 (ad
1386 1931 1457 1964 Liv.
1482 1930 1537 1971 23,
1562 1930 1607 1972 4).

214 2038 363 2074 Neronis
388 2046 471 2071 cum
493 2046 560 2070 avo
581 2037 732 2071 Tiberio.
757 2039 893 2071 Rrrrun.
919 2057 955 2063 --
975 2040 1091 2080 ponti-
1142 2038 1274 2072 salinae
1298 2037 1493 2072 interfecta.
1530 2037 1581 2070 Cf.
1607 2037 1639 2077 6,
1665 2037 1718 2070 27.
1746 2036 1806 2077 ⁴3,
1832 2036 1873 2069 32
1897 2036 1933 2069 et
1955 2034 2009 2069 43.

211 2088 341 2133 ficatus]
359 2089 556 2131 Supersunt
572 2088 676 2121 huius
695 2089 841 2122 Neronis
860 2088 947 2122 tituli
960 2089 1091 2131 aliquot
1142 2091 1284 2123 Sueton.
1312 2089 1432 2123 Claud.
1458 2088 1512 2121 29.
1551 2088 1616 2121 Dio
1641 2088 1694 2127 60,
1720 2087 1774 2120 48.
1802 2104 1837 2109 -
1873 2087 2014 2119 secundo

216 2141 362 2184 (Inscrr.
387 2139 462 2171 Lat.
488 2148 523 2171 n.
549 2138 624 2171 663.
651 2138 726 2171 664.
753 2139 828 2172 665.
847 2140 945 2172 2366.
963 2139 1089 2181 2368),
1139 2141 1285 2183 rumore]
1311 2139 1361 2173 Cf.
1387 2140 1569 2173 Heinsium
1597 2138 1642 2171 ad
1665 2138 1768 2179 Verg.
1794 2138 1882 2170 Aen.
1908 2137 1947 2177 8,
1971 2137 2013 2170 90

216 2200 260 2223 ex
283 2188 412 2231 quibus
435 2189 574 2221 constat
597 2197 680 2222 eum
703 2189 810 2222 fuisse
826 2190 1009 2223 flaminem
1024 2192 1093 2223 Au-

216 2238 409 2282 gustalem,
454 2237 614 2272 sodalem
646 2238 894 2281 Augustalem,
931 2240 1091 2274 sodalem

215 2291 360 2329 Titium,
397 2288 542 2322 fratrem
571 2288 746 2330 arvalem,
783 2291 1022 2331 quaestorem.
1052 2309 1088 2314 —

217 2350 282 2384 quo
300 2340 450 2381 primum
473 2339 526 2372 die
546 2339 571 2380 f.
597 2340 686 2381 inyr.
711 2342 772 2379 est,
799 2340 1009 2382 conyiarium
1028 2341 1108 2383 pt]-

216 2392 280 2424 Die
304 2390 452 2422 tirocinii
476 2390 550 2422 sive
573 2390 676 2430 togae
702 2388 807 2422 virilis
823 2393 986 2432 sumptae
1010 2392 1092 2424 tiro-

217 2449 282 2475 nes
306 2440 452 2481 auspicii
476 2448 583 2472 causa
607 2448 627 2471 a
646 2440 747 2481 patre
763 2441 1002 2483 proximisque
1019 2440 1092 2474 sol-

217 2491 326 2525 lemni
349 2490 464 2523 officio
488 2490 523 2522 in
548 2489 662 2523 lorum
682 2491 718 2522 et
732 2490 814 2523 inde
830 2491 865 2523 in
883 2491 1091 2533 Capitolium

220 2540 349 2574 deduci
371 2539 546 2573 solebant.
574 2540 735 2582 (Sueton.
758 2540 846 2581 Aug.
861 2541 914 2573 26.
933 2541 1007 2574 Tib.
1024 2541 1090 2583 ⁴5.)

218 2593 338 2635 Ipsum
368 2590 481 2630 diem,
519 2599 589 2632 quo
619 2592 729 2631 Nero,
766 2593 963 2625 Germanici
987 2592 1090 2633 filius,

219 2643 338 2683 togam
350 2639 486 2673 virilem
500 2641 661 2682 sumpsit,
674 2641 806 2674 indicat
817 2641 936 2675 titulus
950 2643 1090 2685 (Inscrr.

220 2693 309 2726 Latt.
334 2701 369 2724 n.
395 2690 492 2724 6443.
518 2689 594 2723 Vol.
618 2691 674 2723 111.
701 2691 758 2724 ed.
777 2692 920 2725 Henzen
943 2701 977 2734 p.
996 2692 1088 2734 284):

224 2742 291 2776 VII.
322 2742 401 2774 Idus
427 2741 501 2773 Iun.
529 2740 617 2773 Nero
647 2744 762 2782 togam
793 2741 928 2783 virilem
957 2743 1095 2783 sumpsit

221 2801 316 2834 conq.
341 2791 372 2824 d.
409 2790 459 2823 Cf.
485 2791 628 2823 Sueton.
647 2791 722 2824 Tib.
740 2791 801 2825 54:
827 2793 997 2825 Maaeimos
1010 2796 1094 2825 natu

222 2844 261 2875 de
284 2841 474 2875 Germanici
494 2841 590 2883 filiis,
614 2841 779 2874 Neronem
794 2845 824 2875 et
838 2844 1004 2883 Drusum,
1025 2852 1093 2884 pa-

222 2892 326 2926 tribus
344 2891 537 2932 conscriptis
552 2892 791 2924 commendavit
805 2893 954 2934 diemque
967 2893 1095 2926 utrius-

223 2953 286 2987 que
314 2942 460 2975 tirocinii
487 2942 659 2983 conqiario
687 2942 772 2982 plebi
799 2943 876 2976 dato
905 2944 1093 2977 celebravit.

222 2995 303 3028 Ner.
330 2993 368 3026 7:
404 2992 572 3025 Deductus
588 2992 635 3024 in
659 2992 770 3033 forum
792 2993 857 3026 tiro
876 2995 998 3035 populo
1020 3003 1097 3027 con·

222 3044 388 3086 yiarium,
418 3042 516 3076 militi
543 3042 738 3075 donativum
764 3045 948 3084 proposuit.
977 3063 1012 3068 —
1038 3046 1096 3077 lu-

223 3094 299 3136 tiae]
337 3092 438 3133 Quod
466 3093 570 3135 igitur
599 3100 705 3134 supra
732 3093 785 3125 est
809 3093 857 3135 (2,
883 3093 956 3135 43),
988 3095 1096 3127 Silani

222 3145 327 3187 filiam
349 3143 492 3184 Neroni,
516 3142 731 3175 vetustissimo
753 3142 932 3176 liberorum
955 3145 1096 3178 Germa—

223 3195 289 3227 nici
312 3198 466 3235 pactam,
497 3195 639 3236 pactam
669 3192 954 3235 desponsamque
988 3195 1094 3228 fuisse

225 3245 414 3285 credimus,
439 3246 586 3286 nuptam
602 3243 864 3284 deductumque
882 3252 951 3277 non
969 3244 1092 3283 tuisse:

224 3296 302 3334 aut,
334 3295 361 3327 si
386 3294 465 3335 fuit,
498 3294 606 3327 fatum
630 3292 790 3334 abstulit,
817 3294 852 3326 et
874 3292 990 3326 locum
1015 3295 1096 3327 huic

223 3345 319 3379 fecit.
343 3345 430 3377 L1rs.
468 3345 563 3377 Haec
592 3343 677 3377 Iulia
705 3344 813 3387 nupta
843 3344 997 3385 primum
1026 3346 1096 3377 Ne-

224 3395 318 3437 roni,
345 3395 472 3429 deinde
488 3393 646 3430 Rubellio
661 3393 806 3437 Blando,
830 3394 896 3429 sed
911 3393 992 3428 dolo
1007 3395 1097 3429 Mes-

1142 2192 1177 2223 et
1210 2199 1301 2233 quae
1332 2189 1455 2232 collegi
1483 2189 1528 2222 ad
1558 2190 1677 2222 Horat.
1708 2189 1799 2231 Epp.
1822 2189 1852 2228 ⁴,
1886 2188 1946 2228 ⁴0,
1971 2188 2011 2220 9:

1143 2242 1235 2281 Quae
1261 2249 1320 2273 vos
1342 2242 1387 2273 ad
1409 2240 1536 2273 caelum
1557 2239 1679 2281 effertis
1700 2247 1836 2271 rumore
1859 2232 2011 2271 secunde.

1141 2291 1336 2332 opponitur
1366 2291 1505 2323 adverso
1527 2298 1661 2322 rumore
1690 2288 1750 2329 ⁴4,
1777 2289 1830 2321 ⁴⁴.
1869 2289 1953 2321 [list.
1979 2288 2012 2328 2,

1140 2341 1195 2374 26.
1216 2359 1253 2365 -
1276 2341 1345 2384 filio
1364 2341 1495 2374 Claudii
1517 2349 1609 2373 socer
1623 2339 1764 2372 Seianus
1779 2338 2012 2381 destinaretur]

1142 2391 1283 2424 Sueton.
1311 2390 1432 2424 Claud.
1458 2391 1520 2423 27:
1559 2390 1692 2423 Liberos
1721 2398 1765 2422 ex
1793 2388 1899 2421 tribus
1925 2398 2015 2421 αωο-

1139 2440 1231 2473 ribus
1253 2441 1330 2473 tulit
1348 2440 1556 2483 (Claudius):
1582 2449 1625 2472 ex
1643 2439 1853 2481 Uryutanitta
1866 2440 2016 2471 Drusum

1141 2494 1172 2523 et
1194 2491 1380 2524 Claudiam.
1398 2507 1447 2514 --
1462 2491 1611 2523 Drusum
1633 2489 1792 2530 Pompeiis
1814 2488 2016 2530 impuberem

1142 2540 1270 2581 amisit,
1300 2540 1376 2581 piro
1401 2549 1465 2581 per
1494 2540 1601 2573 lusum
1623 2539 1659 2571 in
1680 2539 1815 2572 sublime
1836 2539 1962 2571 iactato
1984 2541 2017 2571 et

1140 2591 1235 2623 hiatu
1262 2591 1329 2623 oris
1350 2594 1487 2631 eaecepto
1515 2590 1779 2632 stranyulatum,
1812 2589 1867 2621 cui
1888 2592 1919 2621 et
1939 2592 2017 2622 ante

1138 2652 1266 2685 paucos
1288 2643 1355 2675 dies
1374 2642 1481 2684 filiam
1496 2641 1610 2674 Seiani
1626 2639 1855 2681 despondisset.
1883 2638 1934 2672 Cf.
1953 2640 2016 2672 Dio

1143 2694 1196 2734 60,
1212 2693 1265 2726 32.
1280 2710 1315 2716 —
1332 2691 1517 2732 videbatur]
1542 2692 1597 2723 Sic
1613 2690 1815 2723 necessario
1829 2687 1897 2730 legi
1913 2697 1955 2722 ac
1970 2688 2015 2722 de

1143 2752 1213 2776 uno
1240 2741 1378 2775 Tiberio
1407 2740 1548 2782 intelligi
1580 2740 1706 2778 debet,
1736 2739 1882 2781 propter
1903 2738 2016 2782 verba

1142 2794 1302 2827 Seianum
1311 2793 1404 2825 ultra
1414 2792 1579 2825 extulisse.
1593 2789 1767 2825 Pluralem
1780 2788 1911 2822 codicis
1923 2788 2016 2822 male

1143 2842 1468 2885 interpretabantur
1491 2841 1536 2874 de
1560 2840 1698 2873 Tiberio
1723 2841 1759 2872 et
1782 2838 1925 2872 Claudio
1949 2840 2017 2872 hu-

1143 2895 1270 2935 iusque
1304 2891 1386 2925 filio.
1429 2909 1465 2914 —
1502 2891 1604 2931 ultra]
1640 2898 1748 2932 quam
1783 2890 1867 2923 satis
1902 2891 2015 2931 esset,

1145 2952 1252 2986 quam
1276 2942 1468 2985 oporteret.

1189 2994 1243 3027 30.
1268 2993 1476 3027 consulatum
1498 2990 1618 3033 intulit]
1646 2991 1682 3023 L.
1707 2988 1871 3023 Volusius
1895 2991 2017 3023 Satur-

1145 3046 1248 3079 ninus
1271 3042 1393 3078 consul
1414 3042 1582 3076 suffectus
1599 3041 1662 3074 fuit
1676 3049 1708 3073 a.
1726 3039 1807 3079 742,
1833 3041 1909 3073 eius
1925 3039 2016 3074 filius

1146 3095 1276 3129 eodem
1299 3093 1529 3137 praenomine
1554 3092 1618 3135 (⁴2.
1643 3091 1698 3124 22.
1723 3090 1780 3131 ⁴3,
1806 3090 1860 3123 30.
1886 3089 1939 3131 ⁴4,
1961 3090 2014 3132 56)

1146 3155 1178 3178 a.
1203 3145 1285 3184 7563
1312 3145 1387 3177 eius
1410 3151 1522 3186 nepos
1545 3142 1585 3182 Q.
1602 3140 1767 3174 Volusius
1791 3140 1856 3182 (⁴3,
1881 3140 1935 3172 25.
1961 3138 2015 3179 ⁴4,

1146 3195 1201 3237 46)
1226 3204 1258 3228 a.
1283 3195 1359 3229 809.
1388 3213 1423 3219 —
1459 3193 1610 3227 censoria
1631 3191 1732 3225 etiam
1752 3193 1910 3232 potestate
1932 3190 2015 3233 cet.]

1147 3247 1244 3285 Quae
1276 3246 1434 3288 potestas
1458 3243 1540 3277 olim
1564 3250 1752 3276 censorum
1775 3240 1905 3280 ruerat,
1937 3247 2017 3272 eam

1146 3297 1323 3337 Augustus
1345 3294 1521 3328 transtulit
1542 3294 1578 3326 in
1599 3292 1848 3326 triumviratum
1862 3299 2018 3332 recogno-

1146 3347 1254 3378 scendi
1281 3349 1410 3378 turmas
1424 3345 1581 3386 equitum,
1599 3343 1638 3375 ut
1659 3343 1707 3375 ait
1725 3342 1911 3374 Suetonius
1929 3342 2015 3381 Aug.

1123 3396 1199 3437 ,37.
1231 3396 1284 3429 38.
1324 3396 1375 3429 Cf.
1407 3396 1550 3428 Sueton.
1581 3392 1655 3426 Tib.
1681 3391 1741 3427 4⁴:
1779 3392 1953 3433 Repressus
1980 3390 2016 3423 in
