2254 3770
290 267 386 316 3⁴2·

765 267 812 312 Ρ.
843 265 1093 318 CORNELII
1109 265 1291 313 ,ΤΑΟΙΤΙ
1317 265 1586 316 ANNALIUM

289 375 334 418 in
362 373 516 419 urbem
542 380 702 433 raptus.
733 374 787 431 (2)
819 387 961 434 neque
982 373 1089 418 vdata
1117 379 1289 419 senatus
1308 373 1455 433 copia:
1483 374 1593 419 intra
1611 374 1853 422 cubiculum
1882 374 2064 428 auditur,

290 449 516 498 Messalina
536 464 691 500 coram.
723 456 767 494 et
785 449 931 494 Suillio
952 451 1270 509 corruptionem
1297 449 1485 502 militum,
1516 464 1627 509 quos
1655 451 1838 510 pecunia
1857 456 1899 495 et
1918 456 2066 508 stupro

291 525 334 569 in
354 539 480 569 omne
501 525 704 583 flagitium
724 525 951 570 obstrictos
972 525 1186 584 arguebat,
1205 525 1302 570 exin
1323 524 1578 570 adulterium
1589 527 1816 585 Poppaeae
1837 540 1887 571 ac
1902 531 2068 584 postre-

290 615 408 645 mum
436 601 655 645 mollitiam
685 601 877 659 corporis
906 601 1158 647 obiectante.
1189 601 1243 645 ad
1264 601 1382 660 quod
1411 601 1521 646 victo
1551 600 1717 647 silentio
1746 601 1940 661 prorupit
1968 614 2082 647 reus.

260 683 335 722 eet
366 677 643 734 «interroga»
677 677 830 736 inquit,
876 677 1049 729 «Suilli,
1089 677 1199 721 filios
1232 683 1349 721 tuos:
1388 676 1526 720 virum
1555 691 1653 722 esse
1682 691 1750 722 me
1778 677 2066 722 fatebuntur.»

290 754 598 811 ingressusque
618 753 921 804 defensionem,
954 759 1165 797 commoto
1196 753 1402 796 maiorem
1431 752 1473 795 in
1498 752 1672 797 modum
1691 752 1880 805 Claudio,
1911 753 2072 798 Messa-

290 829 402 873 linae
423 843 599 887 quoque
618 828 814 873 lacrimas
834 829 1000 873 excivit.
1031 829 1188 888 quibus
1208 828 1432 873 abluendis
1453 828 1649 873 cubiculo
1670 828 1898 887 egrediens
1927 834 2073 876 monet

291 904 520 955 Vitellium,
558 919 613 948 ne
644 904 755 949 elabi
791 918 913 948 reum
946 904 1116 949 sineret.
1165 905 1260 962 ipsa
1288 905 1342 949 ad
1371 904 1607 962 perniciem
1634 906 1862 964 Poppaeae
1891 904 2070 957 festinat,

293 980 473 1026 subditis
503 981 578 1039 qui
606 987 770 1025 terrore
801 980 986 1025 carceris
1016 980 1070 1024 ad
1099 980 1380 1024 voluntariam
1408 986 1589 1024 mortem
1617 980 1922 1039 propellerent,
1961 979 2072 1024 adeo

243 1058 440 1116 loignaro
471 1057 655 1101 Caesare
689 1063 736 1100 ut
769 1070 931 1115 paucos
970 1063 1069 1114 post
1106 1056 1199 1100 dies
1238 1055 1481 1114 epulantem
1516 1055 1629 1114 apud
1667 1070 1715 1100 se
1754 1056 1950 1100 maritum
1978 1055 2072 1100 eius
2127 1063 2130 1066 ’

293 1133 539 1191 Scipionem
567 1138 900 1191 percontaretur,
932 1146 1007 1177 cur
1036 1133 1128 1176 sine
1157 1145 1291 1176 uxore
1312 1130 1610 1183 discubuisset,
1642 1137 1770 1190 atque
1799 1130 1869 1176 ille
1889 1131 2074 1176 functam

291 1209 375 1254 fato
405 1208 699 1267 responderet.
745 1208 798 1266 (3)
831 1207 909 1252 sed
939 1207 1191 1252 consultanti
1223 1221 1354 1265 super
1381 1206 1648 1251 absolutione
1677 1206 1847 1251 Asiatici
1875 1203 1984 1251 flens
2003 1206 2075 1252 Vi-

293 1284 434 1330 tellius
465 1290 797 1329 commemorata
825 1289 1034 1328 vetustate
1064 1283 1275 1327 amicitiae
1308 1290 1440 1341 utque
1469 1283 1708 1334 Antoniam,
1745 1282 1948 1341 principis
1985 1295 2090 1327 ma·-

294 1369 415 1412 trem,
446 1360 607 1419 pariter
627 1359 982 1409 observavissent‚
1015 1358 1114 1403 dein
1144 1359 1362 1417 percursis
1382 1358 1552 1402 Asiatici
1577 1358 1620 1401 in
1639 1372 1731 1402 rem
1750 1357 1966 1416 publicam
1985 1357 2078 1402 offi-

214 1423 281 1483 ’⁴5
295 1436 372 1481 ciis
411 1436 662 1495 recentique
701 1435 909 1479 adversus
947 1435 1206 1478 Britanniam
1243 1433 1406 1484 militia,
1445 1447 1645 1492 quaeque
1675 1431 1758 1477 alia
1786 1433 2077 1478 conciliandae

293 1512 616 1557 misericordiae
646 1511 909 1563 videbantur,
943 1510 1126 1555 liberum
1155 1510 1301 1554 mortis
1327 1509 1546 1553 arbitrium
1566 1509 1607 1553 ei
1627 1509 1838 1567 permisit3
1868 1515 1912 1553 et
1931 1515 2079 1554 secuta

350 1625 390 1692 3.
409 1667 504 1692 omne
523 1658 690 1701 flagitium
711 1658 921 1691 Rhenanus:
946 1658 1035 1690 omni
1055 1657 1185 1700 flagitio
1207 1657 1242 1691 M
1263 1675 1307 1681 —-
1328 1657 1499 1698 Poppaeae
1521 1656 1680 1699 Lipsius:
1700 1664 1807 1698 poppe
1828 1656 1863 1690 M
1887 1673 1922 1679 —
1948 1664 1991 1689 ae
2012 1655 2079 1690 de-

292 1715 376 1749 levit
398 1717 467 1749 Iac.
485 1716 694 1749 Gronovius.
713 1732 749 1739 —
776 1716 807 1748 6.
825 1716 955 1748 malore
978 1716 1010 1749 M
1036 1732 1071 1738 -—
1097 1715 1269 1748 messaline
1291 1715 1323 1748 M
1348 1732 1384 1738 —-
1410 1714 1442 1747 8.
1461 1722 1588 1759 poppee
1610 1714 1643 1746 M
1660 1730 1695 1736 —
1722 1713 1754 1746 9.
1772 1712 1908 1746 subditis
1930 1713 1975 1746 G:
2000 1712 2080 1746 sub-

294 1774 378 1806 ditos
399 1773 433 1806 M
452 1790 488 1795 -
510 1773 563 1805 44.
589 1773 634 1805 ad
657 1773 743 1813 quod
765 1771 819 1804 ille
839 1773 864 1814 f.
881 1772 906 1814 f.
924 1772 1128 1812 responderit
1150 1771 1333 1809 Heinsius;
1359 1773 1459 1812 atque
1481 1770 1536 1802 ille
1557 1770 1582 1811 f.
1599 1770 1623 1811 f.
1641 1770 1806 1810 respondit
1827 1769 2020 1802 Ernestius.
2039 1786 2077 1793 —

294 1830 348 1864 42.
372 1830 576 1863 consultante
600 1829 680 1862 cod.
699 1828 916 1862 Harleianus.
937 1847 973 1853 —
992 1828 1203 1870 absolutione]
1227 1827 1363 1861 litterae
1387 1836 1447 1860 one
1470 1828 1505 1860 in
1520 1828 1554 1860 M
1574 1828 1656 1859 sunt
1671 1825 1855 1859 evanidae.
1875 1842 1912 1850 —
1931 1824 1984 1858 44.
1996 1833 2081 1866 per-

294 1888 399 1920 cursis
422 1888 466 1919 G:
490 1887 626 1928 percuri
651 1887 684 1920 M
709 1904 746 1910 —
769 1886 939 1927 puplicam
962 1887 996 1919 M
1021 1903 1057 1909 -
1084 1886 1137 1919 45.
1163 1885 1381 1918 brittanniam
1403 1885 1437 1918 M
1463 1900 1498 1907 —
1525 1892 1650 1925 queque
1673 1884 1705 1917 M
1732 1901 1767 1907 —
1793 1882 1847 1916 46.
1871 1883 1962 1915 ηιϊαο
1982 1881 2025 1915 Μ.

294 2013 373 2046 torii
390 2011 607 2053 praefectum]
632 2012 684 2044 De
705 2010 823 2044 Rufrio
841 2011 1000 2053 Crispino
1017 2010 1061 2044 cf.
1081 2019 1111 2044 c.
1130 2010 1162 2044 4.

295 2064 354 2103 42,
381 2063 434 2096 42.
463 2062 520 2103 43,
545 2062 598 2096 45.
625 2063 678 2103 45,
703 2062 756 2095 74.
784 2062 837 2101 46,
865 2062 917 2094 47.

337 2115 370 2148 2.
394 2115 572 2147 mollitiam
593 2114 752 2156 corporis]
778 2114 827 2147 Cf.
856 2115 908 2154 45,
935 2114 996 2147 49:
1024 2114 1165 2147 mollitia

295 2166 445 2206 corporis
459 2166 604 2207 infamis.
623 2165 842 2206 Significatur
857 2165 1085 2207 impudicitia,
1105 2175 1165 2198 un·-

294 2216 480 2249 natitrliche
507 2216 623 2255 Luste,
660 2224 730 2256 quo
761 2216 846 2248 item
875 2224 982 2248 sensu
1012 2215 1165 2257 Caligula

297 2267 493 2300 Chaeream
517 2270 556 2299 ut
576 2266 706 2298 mollem
728 2269 759 2298 et
780 2267 1005 2307 effeminatum
1028 2266 1165 2299 derise-

295 2317 362 2349 rat.
388 2317 532 2348 Sueton.
551 2315 657 2356 Calig.
677 2316 730 2349 56.
753 2332 787 2338 —
811 2317 899 2349 victo
922 2316 1059 2358 silentio]
1085 2318 1166 2349 Pro-

295 2368 464 2409 posuerat
492 2365 558 2398 sibi
581 2366 753 2399 Asiaticus
776 2365 913 2399 silentio
937 2366 1045 2406 ferre,
1073 2375 1164 2408 quae

297 2417 571 2449 obiectarentur.
609 2415 739 2449 Silebat
762 2417 865 2457 igitur
888 2418 922 2449 et
941 2416 1077 2449 silentio
1093 2417 1166 2450 vin-

298 2466 403 2500 cebat
419 2466 647 2508 cupiditatem
660 2466 910 2507 respondendi.
929 2467 971 2499 At
984 2469 1164 2508 postremo

298 2525 437 2551 summa
466 2516 701 2556 indignatione
733 2518 878 2558 propter
908 2517 976 2550 hoc
1000 2516 1164 2550 mollitiae

298 2567 471 2612 probrum
495 2566 732 2599 exardescens
755 2567 913 2608 prorupit
936 2567 970 2599 in
986 2568 1166 2600 amarissi-

298 2627 399 2652 mum
414 2616 497 2650 illud
514 2617 647 2649 dictum
663 2617 698 2649 in
714 2616 871 2650 Suillium
886 2618 1060 2659 huiusque
1077 2618 1164 2650 filios

300 2679 321 2703 a
344 2678 383 2703 se
407 2668 653 2708 constupratos
675 2666 881 2708 aliquando,
910 2669 959 2701 uti
982 2669 1163 2710 significat.

302 2720 354 2753 Cf.
379 2718 416 2759 4,
442 2718 478 2750 8:
511 2718 597 2749 victo
620 2719 753 2758 gemitu.
782 2736 817 2742 —
848 2719 935 2760 filios
958 2718 1046 2760 tuos]
1077 2717 1167 2751 Suil-

301 2769 388 2803 lium
411 2768 647 2801 Caesoninum
673 2767 727 2809 (de
745 2777 814 2809 quo
833 2778 862 2800 c.
883 2769 942 2801 36:
970 2769 1169 2802 Caesoninus

302 2819 393 2853 vitiis
418 2820 586 2858 protectus
612 2821 675 2857 est,
708 2821 882 2859 tamquam
911 2819 946 2851 in
967 2819 1024 2852 illo
1047 2819 1170 2860 foedis-

303 2871 386 2903 simo
409 2871 502 2900 coetu
525 2876 645 2908 passus
665 2868 856 2909 muliebria)
886 2870 920 2901 et
943 2870 986 2902 M.
1012 2868 1168 2901 Suillium

304 2917 522 2953 Nerullinum
547 2918 624 2959 (⁴2,
649 2919 702 2950 25.
729 2918 789 2957 43,
818 2918 890 2960 43).
919 2936 953 2942 -
989 2919 1167 2960 Vitellium]

305 2970 375 3003 hoc
396 2970 473 3011 ipso
495 2976 588 3000 anno
612 2968 754 3000 tertium
778 2968 978 3009 consulem,
1016 2969 1171 3010 impera-

306 3019 392 3052 toris
407 3019 557 3060 patrem.
584 3017 635 3050 Cf.
654 3018 685 3056 6,
703 3018 755 3050 28.
775 3017 828 3051 32.
848 3035 884 3041 —
902 3018 1039 3051 subditis
1054 3019 1110 3059 qui
1122 3036 1172 3043 --

304 3067 536 3111 propellerent]
554 3067 604 3100 Cf.
622 3066 654 3107 4,
673 3067 731 3100 59:
755 3069 1041 3109 adsimulabatque
1053 3069 1174 3101 iudicis

304 3123 420 3162 partes
441 3119 620 3151 adversum
642 3117 832 3151 Germanici
859 3121 1010 3159 stirpem,
1039 3119 1176 3152 subditis

310 3171 367 3212 qui
388 3172 621 3202 accusatorum
640 3169 777 3201 nomina
805 3169 1011 3202 sustinerent.
1039 3188 1074 3193 —
1100 3171 1174 3202 Sci-

304 3219 458 3261 pionem]
487 3217 666 3257 Publium;
700 3218 743 3251 cf.
768 3218 804 3258 3,
830 3218 884 3251 74.
911 3220 970 3259 ⁴2,
998 3219 1052 3252 53.
1091 3220 1174 3253 Eius

311 3270 401 3303 filius
433 3269 554 3303 consul
584 3268 701 3302 suita.
727 3277 762 3301 u.
786 3268 860 3302 809.
899 3269 949 3301 Ci.
977 3269 1029 3308 43,
1053 3270 1106 3302 25.
1137 3287 1170 3293 -

311 3321 380 3352 sine
401 3319 523 3361 umore]
552 3319 664 3352 Discis
687 3319 788 3360 hinc,
823 3327 951 3351 uxores
974 3319 1173 3361 principum

311 3370 468 3402 virorum
484 3369 529 3402 ad
544 3370 798 3412 imperatorum
814 3369 919 3402 etiam
936 3370 1092 3402 convivia
1109 3370 1174 3401 ad-

313 3419 426 3452 hiberi
449 3419 578 3454 solitas.
616 3418 797 3453 Cornelius
825 3420 943 3462 Nepos
971 3419 1005 3451 in
1033 3420 1175 3452 Praesa-

1216 2011 1327 2043 tione:
1356 2011 1459 2051 Quem
1479 2008 1568 2041 enim
1583 2009 1807 2041 Romanorum
1824 2007 1928 2049 pudet
1940 2015 2083 2041 umorem

1216 2061 1334 2092 ducere
1355 2061 1391 2093 in
1414 2057 1625 2091 convivium?
1645 2077 1680 2082 —
1698 2062 1797 2099 atque
1819 2058 1874 2091 ille
1886 2075 1936 2082 --
1949 2066 2084 2099 respow

1216 2111 1319 2152 deret]
1352 2110 1470 2143 Solent
1499 2110 1690 2151 scriptores
1720 2109 1755 2142 in
1778 2109 1820 2142 iis
1842 2108 1952 2142 rebus
1975 2117 2082 2142 enar—

1215 2161 1350 2201 randis,
1387 2169 1484 2202 quas.
1509 2158 1706 2201 explicandi
1737 2168 1844 2192 causa
1876 2158 2080 2199 adnectunt,

1217 2212 1263 2245 ita
1285 2212 1438 2252 versari,
1471 2212 1510 2243 ut
1541 2209 1651 2243 semel
1683 2211 1846 2252 coeptam
1869 2211 2083 2244 structuram

1217 2263 1439 2301 continuent,
1464 2259 1546 2293 licet
1568 2269 1627 2293 res
1650 2269 1721 2293 non
1745 2260 1871 2293 eadem
1894 2258 1997 2302 plane
2020 2268 2084 2292 ra-

1216 2314 1309 2346 tione
1335 2312 1559 2346 cohaereant.
1586 2311 1637 2344 Cf.
1663 2313 1696 2354 4,
1721 2311 1775 2344 79.
1801 2311 1854 2351 44,
1873 2310 1927 2344 47.
1955 2311 2008 2351 45,
2026 2305 2088 2345 ⁴6:

1215 2364 1400 2397 Wmmzn.

1259 2413 1289 2446 3.
1309 2414 1363 2446 sed
1378 2412 1577 2446 consultanti
1593 2430 1612 2436 -
1624 2430 1644 2436 -
1659 2412 1689 2444 ei
1708 2410 1870 2453 permisit]
1887 2412 1926 2444 In
1941 2410 1996 2444 bis
2009 2418 2086 2452 per-

1214 2464 1303 2496 misit
1335 2463 1431 2495 idem
1467 2464 1522 2496 est
1555 2462 1651 2504 quod
1679 2462 1937 2503 permittendum
1965 2461 2082 2494 suasit.

1215 2514 1264 2546 Ex
1286 2514 1353 2545 hac
1377 2513 1518 2545 notione
1542 2513 1679 2545 dativus
1695 2510 1924 2554 (consultanti)
1939 2509 2082 2553 pendet.

1215 2563 1270 2596 Sic
1292 2562 1396 2606 paulo
1420 2566 1500 2604 post
1523 2564 1564 2604 (c.
1583 2562 1614 2604 4)
1637 2563 1760 2595 adiecit
1781 2563 1836 2594 est
1857 2561 2080 2595 adiiciendum

1215 2615 1322 2647 suasit
1344 2615 1379 2646 et
1401 2613 1442 2653 4,
1468 2612 1510 2646 42
1533 2614 1719 2646 damnasset
1741 2612 1837 2646 idem
1859 2621 1902 2646 nc
1923 2614 2086 2646 danman-

1218 2665 1296 2696 dam
1318 2664 1501 2696 censuisset.
1538 2664 1683 2696 Dativus
1707 2662 1867 2696 similiter
1892 2663 2028 2706 positus
2050 2664 2084 2705 Ξ,

1218 2715 1278 2747 76;
1305 2714 1503 2747 consultanti
1521 2732 1539 2738 -
1554 2732 1573 2738 -
1587 2713 1747 2747 censebat.
1772 2715 1905 2747 Rirren.
1927 2732 1963 2738 —
1986 2714 2088 2748 Anto-

1218 2765 1321 2806 niam]
1339 2766 1525 2798 minorem.
1552 2765 1602 2798 Cf.
1620 2765 1653 2805 3,
1671 2765 1703 2798 3.
1722 2764 1755 2805 4,
1773 2764 1827 2798 44.
1852 2766 1982 2798 Inscrr.
1997 2766 2085 2799 Latt.

1220 2826 1255 2849 n.
1281 2816 1363 2848 650:
1398 2825 1554 2848 ΑΝτοΝιΑι
1581 2824 1739 2849 Ανσνεηι
1767 2824 1863 2849 υκνει
1893 2824 2085 2850 sat-mnan.

1220 2875 1291 2899 meu
1311 2874 1448 2899 Avcvsu
1467 2875 1580 2898 nrm.
1605 2874 1649 2899 1⁸1.
1673 2875 1790 2899 curm
1817 2874 1973 2900 GAISARIS.
2002 2866 2086 2899 Ara.

1220 2926 1251 2950 P.
1278 2925 1309 2949 ι’.
1338 2933 1372 2939 -
1405 2916 1542 2948 liberum
1571 2916 1688 2948 mortis
1710 2915 1908 2957 arbitrium]
1944 2917 2007 2949 Dio
2031 2916 2086 2957 60,

1221 2967 1283 3000 29:
1319 2964 1386 2999 τοῦ
1418 2964 1608 2999 Κλαυδίου
1636 2962 1818 3000 ἀπολύειν
1847 2963 1966 3000 αὐτὸν
1995 2965 2088 3010 μέλ-

1222 3016 1355 3057 λοντος
1388 3012 1410 3048 ὁ
1441 3015 1632 3058 Βιτέλλιος
1662 3016 1708 3063 τῇ
1731 3015 1953 3064 Μεσσαλίνῃ
1975 3027 2088 3064 χαρι-

1223 3066 1384 3111 ζόμενος
1413 3066 1726 3114 παρακεκλῆσθαι
1756 3063 1834 3111 ’ἔφη
1864 3064 1924 3102 ὑπ’
1951 3063 2086 3108 αὐτοῦ,

1224 3117 1268 3151 ἵν’
1294 3113 1398 3160 ὅπως
1420 3114 1470 3151 ἂν
1491 3117 1667 3165 βουληθῇ
1691 3114 1884 3166 ἀποθάνῃ.
1913 3114 2088 3160 ἀκούσας

1223 3168 1263 3202 δὲ
1285 3167 1400 3202 τοῦτο
1430 3168 1575 3211 ἐκεῖνος
1597 3169 1796 3203 ἐπίστευσέ
1818 3179 1858 3202 τε
1879 3164 1998 3202 αὐτὸν
2021 3165 2088 3201 ὄν-

1223 3230 1297 3261 τως
1319 3218 1457 3253 ἑαυτοῦ
1480 3217 1543 3253 διὰ
1562 3217 1607 3253 τὸ
1624 3217 1797 3261 συνειδὸς
1811 3219 2088 3263 κατεγνωκέναι

1224 3271 1289 3304 καὶ
1311 3267 1588 3317 κατεχρήσατο.
1609 3288 1644 3294 -
1669 3272 1705 3304 in
1719 3271 1856 3303 eandem
1868 3269 2086 3312 clementiam]

1224 3321 1259 3354 id
1283 3322 1352 3361 est,
1379 3321 1551 3354 «eandem
1566 3319 1730 3353 videlicet
1751 3319 1974 3352 clementiam
1997 3318 2088 3352 refe-

1225 3371 1370 3412 rentia»,
1388 3379 1544 3403 amaram
1563 3379 1628 3413 per
1641 3371 1800 3403 ironiam.
1822 3369 1987 3402 Ceterum
2002 3377 2086 3403 acre

1225 3421 1346 3454 odium
1369 3421 1405 3453 in
1428 3421 1619 3453 Asiaticum
1641 3419 1701 3453 diu
1725 3419 1879 3452 servavIt
1901 3418 2082 3459 Claudium
