2254 3770
827 248 983 293 Lmen
1012 249 1043 293 1.
1089 247 1190 305 Cap.
1221 248 1287 290 50.
1318 246 1386 292 5⁴.

1947 242 2002 285 43

219 359 371 410 attulit;
409 357 583 416 profana
620 355 746 400 simul
775 362 817 399 et
846 368 968 398 sacra
1005 361 1048 398 et
1076 353 1401 397 celeberrimum
1436 351 1516 394 illis
1557 349 1754 408 gentibus
1785 347 1999 405 templum.

218 433 335 493 quod
364 432 587 476 Tamsanae
617 431 844 479 vocabant,
876 429 968 473 solo
999 434 1249 486 aequantur.
1295 429 1387 471 sine
1417 426 1593 470 vulnere
1624 423 1795 474 milites,
1828 423 1902 480 qui
1932 436 2001 466 se-

218 510 462 556 misomnos,
493 507 681 551 inermos
710 512 783 548 aut
811 504 991 563 palantis
1021 503 1276 548 ceciderant.
1319 502 1473 546 excivit
1502 515 1554 545 ea
1583 500 1740 544 caedes
1759 499 2003 547 Bructeros,

217 583 439 633 Tubantes,
463 582 676 639 Usipetes;
698 579 918 637 saltusque
934 593 1013 637 per
1028 592 1138 636 quos
1162 578 1368 621 exercitui
1394 589 1620 634 regressus
1640 573 1853 618 insedere.
1884 571 2001 629 quod

216 673 393 716 gnarum
424 657 540 706 duci,
574 656 835 713 incessitque
866 654 1005 698 itineri
1035 660 1077 697 et
1106 652 1285 711 proelio.
1331 666 1431 710 pars
1461 651 1654 709 equitum
1684 656 1727 693 et
1756 646 2034 692 auxiliariaes

216 733 413 778 cohortes
449 731 677 778 ducebant,
718 719 817 774 mox
847 730 983 786 prima
1012 728 1140 786 legio,
1183 735 1225 771 et
1254 727 1406 771 mediis
1438 724 1752 784 impedimentis
1786 723 2003 766 sinistrum

216 809 325 853 latus
362 805 732 856 unetvicesimani,
774 805 969 848 dextrum
999 803 1189 862 quintani
1229 802 1446 853 clausere;
1491 800 1696 844 vicesima
1733 799 1846 856 legio
1885 804 2004 854 terga

215 883 414 935 firmavit;
452 889 547 940 post
576 881 706 925 ceteri
739 880 968 924 sociorum.
1017 878 1094 922 sed
1125 877 1288 927 hostes,
1322 877 1462 920 donec
1482 890 1634 934 agmen
1655 888 1734 932 per
1753 873 1884 918 saltus
1904 886 2005 931 por-

216 959 444 1016 rigeretur,
490 956 672 1006 immoti,
713 955 812 998 dein
849 954 982 998 latera
1021 960 1063 997 et
1102 953 1282 996 frontem
1322 951 1488 995 modice
1525 950 1806 1000 adsultantes,
1846 954 1934 991 tota
1963 947 2003 989 vi

216 1034 471 1077 novissimos
501 1032 733 1075 incurrere.
774 1029 1140 1087 turbabanturque
1170 1028 1316 1072 densis
1337 1027 1645 1071 Germanorum
1677 1023 1858 1068 catervis
1887 1023 2004 1067 leves
2017 1035 2054 1063 ιο

218 1109 435 1157 cobortes,
475 1120 574 1150 cum
605 1106 764 1150 Caesar
804 1104 1010 1148 advectus
1048 1104 1102 1147 ad
1132 1103 1416 1146 vicesimanos
1456 1115 1563 1145 voce
1603 1113 1756 1157 magna
1794 1099 1876 1142 hoc
1915 1097 2006 1140 illut

217 1192 386 1242 tempus
416 1181 724 1227 oblitterandae
761 1180 983 1224 seditionis
1019 1178 1280 1222 clamitabat:
1323 1183 1566 1235 pergerent,
1607 1180 1887 1233 properarent
1916 1172 2005 1217 cul-

260 1331 292 1363 2.
316 1328 453 1368 tiifanae
476 1329 528 1361 M:
560 1327 731 1369 Tanfanae
756 1324 961 1359 Beroaldus.
989 1342 1024 1347 —
1063 1326 1254 1365 aequantur
1274 1324 1343 1355 sine
1371 1322 1506 1354 vulnere
1527 1322 1644 1354 militis
1665 1320 1939 1354 Freinshemius.
1965 1335 2001 1342 —

217 1386 249 1418 3.
273 1386 384 1418 caedis
405 1384 570 1416 bructeros
590 1392 643 1425 pr.
662 1383 695 1415 Μ
720 1401 756 1406 -
781 1383 813 1415 5.
838 1389 984 1423 quaram
1006 1380 1039 1413 Μ
1063 1380 1097 1421 (u
1119 1380 1252 1422 margo)
1281 1397 1315 1403 —
1336 1379 1465 1420 proelio
1484 1380 1640 1418 paratus.
1662 1385 1746 1417 pars
1768 1377 1803 1409 F.
1829 1376 1886 1408 W.
1912 1375 2003 1407 Otto.

221 1460 256 1465 —
282 1442 314 1474 7.
339 1440 610 1473 unetuieesimani
632 1448 685 1482 pr.
712 1439 763 1471 M:
795 1438 1076 1470 undeuicesimani
1105 1445 1196 1469 corr.
1221 1436 1255 1468 M
1280 1452 1315 1458 -
1353 1431 1462 1467 aexra
1485 1433 1556 1475 (sic)
1580 1434 1613 1466 Μ
1639 1450 1675 1456 -
1701 1432 1732 1465 8.
1759 1440 1873 1464 acmen
1893 1439 1947 1473 pr.
1973 1432 2005 1464 M

222 1515 257 1521 -
285 1498 336 1530 40.
361 1497 444 1530 leuis
465 1505 518 1538 pr.
544 1497 578 1529 M
604 1514 638 1519 -
667 1496 719 1528 ⁴2.
744 1495 936 1527 saeditionis
959 1492 1081 1533 (littera
1106 1502 1129 1526 a
1149 1493 1282 1534 puncto
1305 1490 1434 1531 notata)
1459 1491 1502 1523 M.

217 1637 346 1668 riorum
374 1634 504 1666 ordines
531 1634 675 1677 rumpit,
715 1632 797 1674 quia
828 1641 851 1663 a
874 1630 1025 1672 pluribus
1053 1631 1088 1662 in

219 1696 323 1719 unum
351 1686 458 1718 locum
488 1684 555 1717 tela
581 1685 769 1717 mittuntur.
812 1683 893 1721 Hic,
926 1681 987 1714 ubi
1018 1690 1088 1715 non

220 1739 293 1770 tam
317 1736 361 1768 de
390 1744 506 1778 pugna
531 1744 639 1776 quam
663 1734 707 1767 de
733 1733 842 1766 caede
873 1734 1002 1774 agitur,
1035 1733 1088 1764 vi-

221 1787 325 1820 detur
347 1786 592 1828 accipiendum
616 1785 660 1818 de
677 1786 799 1827 aequis
816 1785 990 1817 exercitus
1008 1792 1089 1825 par-

221 1837 333 1877 tibus,
359 1837 539 1876 Colonnen,
565 1837 603 1867 ut
620 1836 715 1868 Curt.
734 1835 765 1873 3,
783 1835 816 1877 5.
842 1834 886 1866 de
903 1832 1086 1876 phalange.

223 1887 320 1920 ldem
338 1887 370 1925 7,
388 1887 441 1919 32.
463 1904 499 1909 -
524 1896 590 1918 non
605 1894 719 1925 sexus,
744 1895 810 1917 non
826 1885 930 1926 aetas]
954 1885 1090 1916 Acriter

222 1936 342 1969 Luden
367 1936 551 1968 Geschiehte
572 1936 598 1968 1.
626 1944 660 1977 p.
678 1935 760 1974 265,
786 1934 846 1967 ubi
870 1935 960 1966 hanc
985 1942 1090 1975 expe-

222 1987 392 2019 ditionem
410 1987 546 2026 narrat,
573 1988 607 2018 et
623 1995 657 2028 p.
676 1985 738 2018 305
755 1984 901 2017 alteram
918 1984 1090 2016 adversus

219 2037 356 2070 Marsos
380 2036 479 2076 (Ann.
497 2036 530 2075 2,
548 2035 621 2075 25),
646 2035 823 2067 invehitur
841 2035 876 2067 in
893 2034 1089 2066 Germanici

220 2084 406 2129 perfidiam
442 2086 548 2126 atque
581 2084 843 2124 crudelitatem,
882 2083 977 2116 haud
1007 2083 1091 2116 satis

222 2135 429 2178 expendens
453 2136 486 2168 iu
503 2136 654 2168 Variana
678 2134 778 2168 clade
800 2134 1000 2168 ulciscenda
1018 2142 1092 2166 om-

222 2186 276 2218 nia
300 2184 356 2218 vel
379 2186 583 2218 saevissima
606 2185 697 2217 licita
717 2186 882 2218 Romanis
905 2192 986 2217 esse
1003 2184 1088 2216 visa.

223 2252 259 2258 -
279 2235 446 2275 temptum]
471 2244 541 2267 non
558 2235 666 2268 aedes
683 2235 793 2268 muris
810 2236 1000 2272 exstructa,
1026 2233 1090 2265 sed

224 2286 430 2318 consecrata
447 2294 530 2326 pars
547 2286 703 2318 nemoris
719 2284 878 2317 alicuius.
903 2286 983 2326 lpso
996 2285 1090 2316 enim

224 2336 342 2367 Tacito
365 2337 455 2368 teste
480 2337 609 2375 (Germ.
628 2336 658 2375 9)
683 2335 846 2368 Germani
870 2344 929 2367 nec
950 2334 1093 2366 cohiberi

220 2385 402 2427 parietibus
430 2386 505 2417 deos
534 2394 639 2424 neque
667 2386 702 2417 in
731 2386 836 2418 uttam
866 2386 1003 2417 humani
1026 2386 1093 2416 oris

223 2436 361 2476 speciem
382 2435 579 2467 assimulare
601 2444 645 2467 ea:
664 2436 892 2477 magnitudine
906 2435 1092 2467 caelestium

224 2485 446 2517 arbitrantur.
471 2485 561 2516 lucos
582 2493 623 2516 ac
644 2494 782 2517 nemora
804 2488 998 2518 consecrant
1020 2486 1094 2516 deo·

223 2543 365 2576 rumque
394 2534 579 2566 nominibus
609 2535 777 2574 appellant
805 2539 964 2567 secretum
996 2535 1091 2573 illud,

226 2585 314 2625 quod
334 2584 406 2616 sola
427 2584 613 2616 reverentia
632 2585 754 2616 vident.
782 2586 857 2617 Non
875 2584 1023 2616 deerant
1044 2586 1094 2616 ta-

224 2643 308 2668 men
347 2643 430 2667 arae
461 2635 566 2675 atque
603 2633 667 2667 alia
699 2634 812 2667 cultus
846 2635 1091 2667 instrumenta.

227 2684 279 2717 Cf.
297 2685 415 2716 Germ.
434 2684 487 2716 50.
515 2685 576 2723 (De
593 2686 848 2717 Germanorum
866 2683 1005 2725 templis
1021 2693 1094 2717 me-

226 2733 406 2767 morabilis
436 2735 490 2766 est
522 2734 622 2767 locus
653 2735 688 2766 in
715 2734 899 2767 dubitabili
932 2734 988 2766 iilo
1022 2734 1094 2766 fra-

227 2786 369 2825 gmento
400 2784 508 2816 Velteii
545 2784 633 2816 Galli
660 2784 755 2825 apud
789 2785 922 2817 Grimm
956 2785 1091 2824 Mythot.

228 2843 262 2876 p.
287 2834 370 2866 269:
403 2835 491 2866 Deae
515 2835 608 2866 Zisae
636 2835 792 2875 templum
820 2843 864 2867 ea:
893 2834 991 2875 lignis
1013 2834 1093 2866 bar-

227 2883 340 2915 barico
361 2883 431 2915 ritu
456 2886 702 2924 constructum.)
747 2884 797 2916 Cf.
825 2884 930 2916 etiam
959 2884 998 2924 4,
1031 2883 1090 2916 73:

228 2933 357 2971 lucum,
393 2941 489 2973 quem
516 2933 739 2965 Baduhennae
767 2937 898 2966 vocant.
926 2949 961 2957 ·-
997 2934 1094 2965 Tam-

225 2982 338 3025 fanae]
373 2981 528 3015 Mirabile
561 2984 615 3015 est
643 2984 677 3015 in
708 2984 858 3016 eandem
882 2985 1093 3025 scripturam

228 3032 392 3066 incidisse
421 3032 526 3064 etiam
556 3032 768 3066 sceleratum
799 3032 895 3066 illum
921 3033 1092 3073 Pyrrhum

230 3083 404 3124 Ligorium
435 3083 469 3113 in
498 3082 725 3123 inscriptione
760 3083 805 3115 ab
839 3084 917 3124 ipso
947 3083 1094 3116 conficta

230 3134 266 3165 et
296 3132 515 3164 Interamnae
541 3130 651 3163 locata
676 3132 905 3165 TAMFANAE
927 3132 1094 3164 SACRVM

230 3184 298 3215 cet.
334 3181 466 3214 Gudius
490 3190 523 3222 p.
542 3181 600 3217 35,
626 3181 657 3213 8.
695 3183 823 3214 Inscrr.
851 3184 922 3214 Lat.
941 3191 976 3214 n.
994 3181 1091 3213 2053.

230 3233 360 3265 Omnes
384 3232 440 3264 hic
464 3240 507 3264 ex
530 3230 678 3263 lectione
695 3231 854 3264 Beroaldi
877 3231 921 3264 ad
940 3230 1093 3263 Italicam

230 3283 550 3324 pronuntiationem
574 3282 790 3314 conformata
821 3281 975 3314 edebant
1007 3282 1096 3314 Tan-

229 3333 341 3374 fanae.
393 3333 583 3371 Ceterum,
626 3331 722 3373 quod
758 3341 890 3365 numen
926 3332 995 3365 hoc
1032 3333 1094 3371 sit,

230 3390 336 3416 nemo
363 3382 480 3416 adhuc
506 3382 704 3422 extricavit,
734 3390 779 3415 ne
804 3382 991 3416 Grimmius
1015 3382 1096 3424 qui-

1139 1629 1220 1662 dem
1252 1628 1397 1670 (Mythol.
1423 1628 1480 1660 ed.
1506 1627 1564 1660 alt.
1587 1636 1622 1670 p.
1647 1627 1688 1660 69
1720 1629 1755 1660 et
1776 1626 1851 1659 236.
1893 1627 2004 1659 Gesch.

1138 1681 1197 1712 der
1214 1680 1258 1712 D.
1276 1680 1352 1719 Spr.
1379 1688 1414 1721 p.
1431 1679 1495 1711 232
1519 1679 1555 1711 et
1578 1678 1665 1718 622).
1692 1677 1742 1710 Cf.
1769 1686 1860 1719 quae
1885 1677 2013 1709 contra.

1139 1730 1292 1771 disputat
1314 1727 1519 1762 Miillenhoff
1539 1729 1573 1759 in
1596 1728 1734 1768 Hauptii
1757 1727 1871 1758 annal.
1898 1727 2003 1765 antiq.

1139 1781 1250 1813 Germ.
1275 1779 1338 1818 lX,
1366 1788 1398 1821 p.
1423 1779 1487 1811 258
1510 1787 1565 1819 sq.
1594 1795 1629 1800 -
1662 1778 1792 1818 milites]
1817 1786 1866 1810 sc.
1893 1778 2003 1809 erant.

1141 1847 1175 1852 —
1191 1829 1377 1870 Bructeros]
1395 1828 1439 1860 ad
1453 1829 1604 1860 Amisiae
1620 1827 1656 1860 fl.
1674 1828 1862 1869 utramque
1879 1827 2004 1868 ripam.

1139 1881 1264 1914 Strabo
1288 1881 1320 1914 7.
1346 1890 1381 1923 p.
1406 1881 1488 1913 290:
1515 1879 1555 1913 ἐν
1578 1878 1631 1923 τῷ
1650 1876 1811 1922 Ἀμασίᾳ
1833 1875 2007 1924 Δροῦσος

1139 1931 1400 1978 Βρουκτέρους
1415 1927 1747 1973 κατεναυμάχησε.
1772 1928 1856 1963 Plin.
1871 1929 1958 1970 Epp.
1973 1929 2004 1968 2,

1139 1984 1178 2015 7:
1214 1983 1386 2024 Spurinna
1416 1983 1613 2014 Bructerum
1640 1990 1752 2022 reyem
1779 1981 1814 2012 vi
1843 1983 1874 2012 et
1903 1979 2008 2011 armis

1139 2034 1272 2068 induoeit
1302 2034 1337 2065 in
1362 2041 1519 2074 requam,
1551 2035 1775 2072 ostentatoque
1796 2030 1876 2063 bello
1897 2030 2007 2071 fero-

1139 2084 1354 2117 cissimam
1385 2085 1541 2123 9entem
1566 2099 1621 2106 --
1647 2085 1774 2113 terrore
1806 2079 2005 2120 perdomuit.

1141 2135 1192 2168 Cf.
1218 2133 1383 2167 Ledebur
1405 2133 1467 2164 das
1489 2133 1584 2165 Land
1604 2133 1674 2164 und
1695 2131 1773 2163 Volk
1795 2132 1854 2163 der
1874 2131 2008 2162 Bructe-

1139 2194 1207 2217 rer.
1240 2183 1367 2217 Berlin.
1394 2183 1490 2215 ⁴827.
1529 2184 1640 2227 Prope
1663 2181 1914 2216 Monasterium
1945 2188 2008 2212 eos

1141 2235 1238 2276 ponit
1276 2234 1381 2267 Ukert
1414 2233 1613 2265 Germanien
1647 2241 1681 2274 p.
1715 2231 1791 2264 38⁴.
1842 2229 1928 2262 Vide
1962 2229 2007 2261 ad

1141 2286 1259 2317 Germ.
1286 2293 1316 2316 c.
1342 2282 1394 2315 33.
1425 2301 1459 2306 -
1488 2282 1657 2324 Tubantes]
1683 2282 1734 2314 Cf.
1759 2283 1847 2314 Ann.
1874 2281 1926 2319 ⁴3,
1952 2281 2005 2313 55.

1140 2335 1179 2366 In
1203 2334 1310 2366 Taciti
1338 2333 1520 2365 Germania
1542 2341 1613 2366 non
1636 2332 1897 2367 memorantur3
1925 2330 2008 2362 Pto-

1142 2383 1279 2416 lemaeo
1306 2383 1388 2414 sunt
1411 2380 1643 2421 Τούβαντοι,
1679 2380 1839 2413 Straboni
1862 2387 1927 2421 per
1950 2387 2008 2410 er—

1142 2442 1260 2466 rorem
1288 2429 1528 2471 Σουβάττιοι.
1576 2432 1618 2464 Hi
1649 2431 1694 2463 ad
1724 2433 1911 2471 utramque
1940 2430 2008 2461 Lu-

1142 2485 1220 2526 piae
1243 2484 1357 2525 ripam
1381 2482 1596 2515 habitabant.
1631 2482 1679 2514 Cf.
1699 2483 1724 2514 1.
1743 2482 1874 2513 Grimm
1892 2479 2004 2512 Gesch.

1142 2536 1200 2567 der
1232 2535 1275 2566 D.
1310 2534 1387 2574 Spr.
1425 2542 1458 2574 p.
1495 2533 1571 2565 592.
1618 2533 1749 2564 Eorum
1788 2531 1889 2563 vicini
1926 2531 2008 2562 sunt

1145 2585 1285 2625 Usipetes
1319 2592 1347 2616 s.
1384 2583 1496 2623 Usipii.
1545 2582 1596 2615 Cf.
1629 2584 1745 2615 Germ.
1777 2582 1830 2614 32.
1861 2581 1946 2613 Hist.
1972 2578 2004 2618 4,

1143 2635 1196 2667 37.
1233 2651 1269 2658 —
1305 2633 1718 2675 incessitque—-proelio]
1764 2633 1810 2664 ita
1847 2630 2004 2668 incessit,

1142 2686 1181 2717 ut
1203 2685 1239 2717 et
1260 2684 1374 2717 itineri
1398 2685 1433 2716 et
1456 2683 1607 2725 proelio,
1643 2683 1703 2715 ubi
1732 2691 1790 2715 res
1823 2682 2004 2723 posceret.

1142 2736 1285 2777 paratus
1317 2736 1423 2766 esset.
1467 2734 1610 2766 Dativus
1644 2733 1751 2765 finem
1786 2731 1933 2771 indicat,
1970 2731 2008 2761 ut

1142 2787 1180 2824 2,
1214 2786 1252 2817 7:
1288 2785 1405 2816 honori
1437 2785 1546 2823 patris
1575 2784 1728 2824 princeps
1759 2783 1828 2823 ipse
1859 2791 1934 2814 eum
1960 2781 2007 2812 le-

1141 2835 1292 2878 gionibus
1328 2834 1526 2867 decucurrit.
1574 2834 1632 2872 ⁴3,
1669 2833 1732 2866 to:
1771 2834 1846 2866 viae
1879 2833 2008 2873 pariter

1142 2889 1173 2918 et
1192 2894 1326 2926 pugnae
1347 2887 1577 2925 composuerat
1599 2885 1790 2916 emer-citum.
1831 2883 1881 2916 Cf.
1909 2883 2004 2913 Curt.

1143 2936 1162 2968 3
1179 2961 1186 2974 ,
1223 2935 1261 2967 8:
1302 2935 1414 2967 itineri
1446 2935 1544 2966 simul
1574 2937 1716 2974 paratus
1747 2938 1778 2966 et
1803 2933 1939 2975 proelio.
1967 2949 2003 2954 —-

1144 2984 1325 3025 ducebant]
1384 2984 1489 3025 primi
1533 2983 1769 3023 incedebant,
1826 2978 2003 3024 ἡγοῦντο.

1146 3052 1180 3057 —-
1217 3033 1456 3075 porrigeretur]
1491 3035 1526 3066 in
1566 3033 1709 3075 longum
1743 3031 2004 3065 extenderetur.

1145 3084 1284 3122 Quievit
1306 3083 1436 3122 hostis,
1461 3083 1575 3116 donec
1599 3092 1724 3124 agmen
1740 3082 1930 3114 universum
1952 3078 2008 3113 sil-

1144 3141 1225 3165 vam
1240 3133 1423 3174 ingressum
1439 3135 1551 3170 esset;
1571 3133 1658 3165 infra
1674 3140 1750 3164 rem
1767 3131 1890 3163 fuisset
1904 3130 2007 3162 Hein-

1143 3183 1184 3215 sii
1203 3183 1470 3224 progrederetur.
1494 3184 1612 3216 Wour.
1644 3183 1728 3214 Hist.
1752 3182 1783 3218 5,
1810 3180 1868 3212 ⁴6:
1897 3180 2008 3212 Civilis

1143 3233 1233 3264 haud
1251 3235 1403 3272 porrecto
1426 3232 1575 3273 omnine,
1599 3232 1654 3263 sed
1675 3230 1786 3262 cuneis
1807 3229 1943 3261 adstitit.
1966 3246 2002 3251 —

1143 3282 1226 3314 leves
1240 3281 1397 3322 cohortes]
1419 3283 1500 3314 sunt
1516 3281 1622 3313 iidem
1639 3279 1812 3317 homines,
1827 3278 1885 3319 qui
1901 3276 2005 3320 paulo

1144 3340 1248 3374 supra
1271 3332 1370 3364 ceteri
1391 3332 1555 3363 sociorum
1576 3331 1755 3361 vocantur.
1783 3345 1819 3351 -
1839 3329 2007 3370 fidensque

1142 3381 1324 3415 recentibus
1345 3381 1426 3423 cet.]
1450 3380 1604 3414 recentis
1631 3379 1796 3412 victoriae
1819 3379 1946 3421 gaudio
1969 3380 2005 3412 et
