2254 3770
271 253 353 296 568

485 255 531 299 Ρ.
563 252 815 299 CORNELII
844 251 1014 296 TACITI
1044 250 1312 296 ANNALIUM
1342 250 1497 296 LIBER
1524 251 1626 296 XVI.
1658 251 1759 310 Cap.
1780 252 1847 297 35.

273 373 351 403 sua
382 360 564 404 miscere
595 373 692 404 cum
725 364 839 402 sorte
870 357 1057 401 damnati
1089 358 1300 409 hortatur,
1338 357 1589 416 Arriamque
1620 364 1896 416 temptantem
1925 359 2062 403 mariti

273 448 474 492 suprema
505 441 547 479 et
576 432 820 491 exemplum
851 432 998 476 Arriae
1028 433 1174 476 matris
1200 433 1324 490 sequi
1346 440 1490 477 monet
1510 434 1694 478 retinere
1714 434 1842 478 vitam
1863 433 2063 493 filiaeque

273 511 487 554 communi
519 508 759 553 subsidium
790 508 962 551 unicum
992 521 1076 551 non
1107 507 1310 551 adimere.
1342 508 1424 564 (35)
1456 515 1544 552 tum
1575 522 1831 566 progressus
1863 510 1906 552 in
1933 502 2078 567 porti?

274 599 383 636 cum,
407 585 492 630 illic
511 599 537 628 a
557 589 787 642 quaestore
811 583 1033 640 reperitur,
1056 583 1240 627 laetitiae
1262 583 1449 640 propior,
1474 584 1575 641 quia
1599 583 1840 628 Helvidium
1859 598 2066 642 generum

240 675 401 704 5suum
441 660 557 704 Italia
599 665 760 703 tantum
789 658 926 702 arceri
958 665 1230 715 cognoverat.
1272 664 1450 716 accepto
1481 657 1638 703 dehinc
1668 666 1844 704 senatus
1873 660 2066 705 consulto

275 735 516 779 Helvidium
555 741 597 779 et
634 734 895 778 Demetrium
934 734 975 776 in
1006 726 1248 778 cubiculum
1288 733 1470 785 inducit;
1516 735 1813 794 porrectisque
1843 736 2068 794 utriusque
2110 773 2123 786 ,

275 810 436 855 brachii
467 810 606 859 venis,
646 815 874 868 postquam
906 823 1104 853 eruorem
1135 808 1302 860 effudit,
1343 808 1520 873 humum
1551 823 1683 868 super
1711 799 1935 869 spargens,
1966 825 2068 870 pro—
2123 813 2133 862 J

274 887 371 944 pius
401 892 552 930 vocato
583 891 814 943 quaestore
849 884 1078 928 «libamus»
1114 884 1251 942 inquit
1286 885 1397 928 «Iovi
1429 884 1657 929 liberatori.
1688 893 1847 944 specta,
1880 887 2066 941 iuvenis3

275 968 317 1006 et
346 975 472 1005 omen
502 960 678 1019 quidem
709 961 751 1004 di
781 959 1056 1018 prohibeant:
1088 966 1280 1004 ceterum
1311 960 1352 1003 in
1383 974 1434 1004 ea
1460 967 1654 1018 tempora
1673 968 1797 1005 natus
1818 976 1877 1013 es,
1909 961 2067 1021 quibus

225 1050 261 1079 10
275 1037 447 1080 firmare
476 1037 664 1080 animum
695 1034 895 1094 expediat
924 1034 1216 1079 constantibus
1237 1035 1485 1093 exemplis».
1523 1042 1620 1094 post
1648 1035 1898 1082 lentitudine
1928 1038 2067 1083 exitus

275 1126 427 1171 graves
459 1113 671 1157 cruciatus
703 1111 925 1161 afferente,
959 1110 1154 1154 obversis
1185 1111 1227 1153 in
1256 1111 1519 1155 Demetrium
1542 1111 1565 1135 *
1584 1113 1610 1135 *
1627 1113 1652 1135 *

341 1248 373 1281 4.
397 1247 533 1279 miscere
555 1247 606 1280 M:
633 1246 807 1278 miscerent
830 1243 897 1277 alii.
922 1262 956 1268 -
982 1244 1162 1276 hortantur
1183 1244 1216 1277 M
1242 1260 1276 1266 —
1303 1242 1335 1276 4.
1362 1247 1513 1285 questore
1534 1246 1723 1286 repperitur
1744 1247 1778 1280 M
1806 1265 1840 1271 —
1864 1248 1896 1281 ὅ.
1914 1243 2012 1280 italia
2035 1248 2069 1282 M

276 1322 312 1328 —
338 1304 372 1336 7.
396 1303 541 1336 brachiis
562 1303 595 1336 M
622 1320 658 1326 ——
689 1302 719 1335 8.
748 1305 898 1343 questore
926 1301 959 1334 M
985 1318 1020 1324 -
1054 1299 1197 1332 libamus
1219 1300 1269 1333 M:
1306 1300 1442 1334 libemus
1465 1299 1532 1334 alii.
1560 1319 1595 1325 -
1628 1301 1695 1335 iobi
1717 1303 1750 1336 M
1776 1320 1812 1327 -
1844 1302 1877 1336 9.
1902 1303 1950 1336 dii
1971 1303 2006 1338 M
2029 1321 2066 1327 —

274 1364 418 1394 ceterum
439 1360 474 1393 M
498 1376 533 1383 —
561 1359 614 1392 44.
640 1358 793 1391 obversus
814 1355 1003 1391 Acidalius.

273 1468 376 1500 isdem
390 1466 558 1500 laboribus
573 1484 591 1491 -
603 1483 622 1490 —
638 1465 791 1498 orabant.
805 1482 839 1488 —
855 1462 1067 1504 Arriamque]
1086 1471 1147 1495 co—

275 1518 417 1560 gnatam
439 1517 548 1550 Persii
563 1516 703 1558 poetae.
732 1515 888 1557 Scriptor
908 1515 998 1546 vitae
1018 1513 1146 1547 Persii:

274 1569 363 1601 Idem
391 1567 492 1600 etiam
514 1566 622 1599 decem
646 1566 715 1607 fere
737 1573 843 1598 annos
865 1573 991 1597 summe
1013 1563 1148 1596 dilectus

275 1628 299 1651 a
324 1619 424 1651 Paeto
456 1617 601 1649 Thrasea
630 1618 693 1655 est,
729 1615 779 1648 ita
808 1618 845 1647 ut
873 1614 1149 1656 peregrinaretur

276 1677 405 1709 quoque
423 1675 499 1699 cum
519 1676 557 1699 eo
576 1666 778 1707 aliquando,
804 1667 984 1707 cognatam
1005 1664 1074 1696 eius
1088 1663 1148 1696 Ar-

273 1719 364 1751 riam
390 1726 532 1750 uoeore‘m
553 1716 700 1750 habente.
728 1734 764 1740 —
789 1716 911 1749 Arriae
932 1713 1068 1757 matris]
1101 1715 1148 1746 Ea

275 1778 365 1802 uxor
387 1767 451 1801 fuit
474 1767 645 1800 Caecinae
671 1767 784 1806 Paeti,
816 1766 876 1808 qui
901 1774 982 1797 cum
1006 1765 1041 1797 iu
1066 1773 1148 1806 par—

275 1819 370 1852 tibus
400 1817 618 1851 Scriboniani
642 1817 708 1858 (42,
733 1817 788 1857 52)
818 1817 939 1848 contra
965 1813 1147 1853 Claudium

276 1869 418 1907 fuisset,
455 1867 500 1900 ad
535 1869 688 1900 mortem
720 1869 819 1900 actus
851 1868 916 1899 est.
961 1865 1029 1897 Sed
1061 1874 1149 1897 uxor

277 1928 360 1953 eum
382 1918 543 1961 praeivit.
577 1916 707 1950 Plinius
731 1918 817 1960 Epp.
845 1916 876 1955 3,
903 1916 964 1948 46;
991 1915 1149 1947 Praecla-

273 1978 352 2002 rum
385 1969 518 2009 quidem
549 1967 632 2000 illud
664 1968 808 2000 eiusdem
843 1967 987 2008 (Arriae)
1021 1965 1150 2005 ferrum

274 2021 456 2061 stringere,
480 2018 652 2059 perfodere
670 2021 800 2058 pectus,
824 2017 997 2058 porrigere
1011 2015 1147 2055 marito,

275 2070 398 2103 addere
420 2077 532 2101 vocem
554 2067 776 2100 immortalem
799 2076 840 2099 ac
858 2075 965 2107 paene
981 2066 1148 2098 divinam:

275 2121 388 2159 Paete,
410 2128 478 2151 non
501 2118 609 2150 dolet!
636 2117 737 2150 Idem
761 2119 904 2149 narrant
927 2114 1091 2150 Martialis
1117 2116 1147 2155 4,

278 2170 331 2203 44.
357 2169 420 2202 Dio
445 2168 499 2208 60,
526 2168 578 2200 46.
604 2168 758 2200 Zonaras
783 2168 837 2206 44,
862 2167 893 2198 9.

321 2219 375 2252 35.
397 2219 624 2260 porrectisque
648 2217 730 2258 cet]
755 2217 894 2249 medico
918 2217 1002 2258 puta
1023 2215 1149 2248 dome-

278 2270 377 2310 stico,
404 2277 508 2302 servo
531 2267 587 2301 vel
617 2266 755 2300 liberto.
792 2266 908 2300 Schol.
935 2265 1089 2299 luvenal.
1115 2266 1148 2305 5,

278 2319 338 2353 36:
372 2319 516 2351 Thrasea
530 2335 579 2342 --
596 2320 773 2350 accusatus
801 2317 940 2350 crimine
968 2316 1152 2348 maiestatis

278 2370 405 2411 defendi
436 2378 469 2401 se
489 2368 597 2401 noluit
618 2368 842 2409 secandasque
863 2375 965 2399 venas
984 2366 1150 2407 praebuit,

277 2427 520 2460 conversusque
542 2418 587 2450 ad
609 2418 814 2450 Demetrium
832 2417 1012 2457 Cynicum:
1037 2417 1152 2448 Nonne

279 2470 336 2503 tibi
368 2469 473 2502 libare
493 2469 608 2501 videor
632 2468 703 2500 Iovi
729 2467 919 2500 liberatori
914 2468 930 2492 9
959 2470 1059 2506 atque
1083 2467 1153 2498 sin-

278 2520 366 2564 gulis
396 2520 512 2552 amicis
542 2518 655 2551 oscula
685 2519 824 2560 offerens
852 2518 1065 2550 exanimatus
1092 2520 1149 2549 est.

280 2571 344 2604 Dio
368 2570 422 2611 62,
440 2570 501 2602 ‘26-
523 2565 711 2611 Ἓντεμών
734 2578 804 2600 ουν
827 2564 897 2610 τὴν
919 2565 1047 2608 φλέβα
1066 2562 1134 2599 ἀνέ
1125 2585 1153 2592 -

279 2630 376 2654 τεινε
403 2629 424 2652 τ
437 2615 473 2651 “ν
503 2622 614 2665 χεῖρα
643 2619 708 2652 καὶ
739 2613 840 2661 ἐφη·
876 2618 945 2650 Σοὶ
967 2615 1085 2651 τοῦτο
1108 2614 1152 2649 τὸ

281 2667 391 2714 αἷμα,
409 2680 439 2701 ω
455 2667 526 2702 Ζεῦ
544 2668 745 2716 ἐλευθέριε,
764 2666 923 2702 σπένδω.
942 2667 1033 2701 Alias
1047 2667 1153 2700 Thra—

282 2730 366 2755 seae
395 2729 504 2753 voces
532 2720 685 2753 servavit
713 2720 776 2752 Dio
799 2718 868 2751 vol.
895 2719 939 2751 IX
969 2718 1026 2751 ed.
1053 2719 1153 2750 Sturz

282 2781 316 2814 p.
337 2771 419 2804 ⁴02.
446 2770 621 2827 Θρασέας
638 2766 850 2810 βουλευτὴς
873 2765 1153 2827 ἀναιρούμενος

283 2818 360 2854 ὑπὸ
388 2820 564 2867 Νέρωνος
591 2816 687 2862 ἐφη,
716 2819 763 2852 Εἰ
789 2818 859 2862 μὲν
891 2817 959 2862 εμὲ
982 2815 1106 2860 μόνον
1130 2827 1151 2849 c

283 2871 414 2918 Νέρων
442 2868 632 2911 φονεῦσαι
661 2865 829 2913 εμελλεν,
861 2866 1024 2913 ἤλγουν·
1059 2878 1091 2900 ει
1113 2866 1154 2900 δὲ

285 2920 360 2955 τῶν
388 2918 543 2969 σφόδρα
570 2917 827 2955 ἐπαινούντων
856 2916 975 2953 aiter
998 2915 1038 2953 oi
1068 2920 1154 2960 φεί-

1198 1460 1319 1503 δεται,
1346 1459 1457 1496 οὐδὲν
1479 1462 1610 1511 χεῖρόν
1630 1475 1700 1508 μοι
1722 1464 1898 1500 ἐντεῦθεν
1913 1464 2070 1510 γενήσε-

1198 1522 1280 1546 ται·
1299 1509 1379 1546 ἀλλ’
1396 1514 1538 1548 ἐκεῖνοι
1551 1515 1624 1559 μὲν
1637 1514 1955 1559 συναπόλλυνται,
1972 1516 2069 1560 ἐμοῦ

1197 1563 1238 1597 δὲ
1260 1563 1395 1608 μνήμη
1419 1563 1512 1610 γοῦν
1536 1577 1592 1608 τις
1615 1568 1669 1608 εἰς
1691 1565 1759 1601 τὸν
1774 1563 1904 1602 ἔπειτα
1925 1567 2070 1615 χρόνον

1196 1610 1327 1648 ἐσται·
1365 1613 1387 1648 ὁ
1419 1613 1493 1674 γὰρ
1523 1617 1654 1664 Νέρων
1676 1614 1900 1652 αποκτεΐναι
1925 1619 1998 1662 μέν
2019 1629 2070 1663 με

1197 1664 1372 1706 δύναται,
1406 1663 1595 1701 ἀπολέσαι
1623 1667 1665 1701 δὲ
1688 1665 1734 1702 οὗ
1758 1667 1928 1703 δύναται.
1967 1670 2010 1703 Et
2032 1679 2068 1713 p.

1199 1716 1284 1749 404ε
1316 1717 1493 1763 Θρασέας
1522 1717 1678 1763 γνώμην
1710 1716 1939 1764 ἀπεφήνατο
1960 1716 2070 1768 ἀνδρὶ

1196 1766 1386 1814 βουλευτῇ
1410 1766 1579 1812 ἐσχάτην
1595 1766 1691 1803 εἶναι
1705 1772 1893 1816 τιμωρίαν
1907 1768 1979 1815 τὴν
1993 1781 2071 1812 φν-

1197 1816 1281 1862 γήν.
1314 1819 1451 1852 Arrian.
1472 1820 1502 1859 4,
1522 1821 1552 1857 4
1574 1820 1632 1852 Ξδε
1660 1821 1836 1865 Θρασέας
1859 1819 1987 1855 εἰώθει
2009 1820 2071 1855 λε’-

1197 1878 1288 1912 γειν,
1321 1866 1499 1916 Σήμερον
1521 1865 1771 1916 ἁναιρεθῆιαι
1798 1869 1899 1905 θέλω
1920 1869 2071 1915 μᾶλλον

1198 1914 1225 1962 ἢ
1247 1914 1383 1965 αὔριον
1408 1918 1710 1964 φυγαδευθῆναι.
1733 1940 1769 1945 -
1794 1923 1864 1955 Iovi
1886 1922 2070 1964 liberatori]

1198 1969 1286 2001 Vide
1310 1968 1356 2001 ad
1381 1970 1433 2008 45,
1453 1969 1505 2003 64.
1528 1989 1562 1993 -
1589 1972 1727 2012 iuvenis]
1752 1972 1967 2011 Quaestores
1986 1973 2073 2006 tunc

1199 2019 1332 2052 fiebant
1361 2021 1508 2053 iuvenes
1539 2022 1658 2063 viginti
1689 2023 1846 2064 quinque
1875 2023 1922 2056 ad
1951 2023 2073 2065 viginti

1199 2071 1339 2111 septem
1362 2078 1474 2103 annos
1491 2072 1572 2103 nati.
1593 2090 1628 2095 —
1644 2073 1850 2106 Demetrium
1860 2072 1949 2115 ***]
1965 2071 2072 2107 Multa

1200 2121 1236 2152 et
1257 2120 1340 2152 huic
1363 2119 1452 2152 libro
1474 2122 1509 2153 et
1524 2122 1744 2155 Neronianae
1760 2123 1926 2156 historiae
1943 2122 2072 2156 deesse

1200 2168 1347 2202 clarum.
1393 2171 1469 2202 Duo
1504 2172 1586 2204 anni
1615 2172 1757 2205 dicendi
1791 2174 2001 2215 supersunt,
2035 2172 2072 2206 in

1200 2219 1329 2260 quibus
1345 2219 1390 2253 de
1406 2220 1559 2254 adventu
1575 2222 1747 2261 Tiridatis,
1770 2222 1814 2256 de
1832 2223 2072 2256 coniuratione

1200 2270 1399 2310 Viniciana,
1425 2270 1469 2303 de
1494 2273 1593 2304 motu
1615 2272 1770 2306 Vindicis
1792 2271 1930 2315 aliaque
1952 2273 2071 2315 digna,

1201 2329 1292 2362 quae
1323 2329 1342 2352 a
1375 2328 1503 2362 magno
1534 2324 1679 2355 auctore
1708 2323 1834 2356 tradita
1858 2322 2071 2365 legeremus,

1201 2371 1231 2403 si
1255 2370 1332 2403 fatis
1360 2371 1407 2403 ita
1431 2371 1546 2404 visum
1570 2371 1703 2406 fuisset.
1731 2374 1817 2406 Lirs.
1854 2373 1961 2406 Periit
1989 2381 2074 2406 nar-

1200 2421 1290 2453 ratio
1313 2430 1434 2454 rerum
1457 2424 1636 2463 gestarum
1660 2423 1704 2456 ad
1732 2424 1840 2456 finem
1865 2423 1969 2457 huius
1991 2423 2074 2456 anni

1201 2470 1266 2503 849
1290 2479 1536 2513 annorumque
1560 2472 1624 2505 820
1649 2475 1684 2506 et
1706 2473 1784 2514 82⁴,
1809 2473 1884 2507 sive
1908 2473 1949 2506 67
1973 2475 2009 2506 et
2030 2473 2074 2506 68

1202 2522 1283 2563 post
1299 2522 1477 2555 Christum
1488 2547 1496 2561 ,
1522 2523 1622 2556 cuius
1639 2524 1810 2566 postremi
1825 2524 1908 2556 anni
1924 2531 1956 2556 a.
1975 2522 2012 2556 d.
2028 2522 2072 2556 V.

1203 2570 1251 2603 ld.
1278 2572 1394 2604 Iunias
1418 2572 1545 2605 cecidit
1568 2573 1660 2606 Nero
1683 2575 1790 2615 atque
1811 2573 2005 2606 exstinctus
2020 2573 2076 2606 est

1203 2622 1346 2663 sanguis
1370 2623 1564 2656 Caesarum
1588 2625 1624 2656 et
1648 2622 1887 2657 Claudiorum.
1922 2621 2029 2656 Galba
2053 2631 2075 2655 a

1204 2672 1434 2714 praetorianis
1458 2675 1493 2705 et
1516 2675 1639 2706 senatu
1663 2674 1857 2716 imperator
1873 2673 2014 2707 creatus
2031 2680 2076 2705 ex

1204 2722 1366 2763 Hispania
1391 2723 1593 2763 arcessitur,
1625 2724 1724 2756 cuius
1747 2723 1854 2756 etiam
1882 2720 2075 2765 primordia

1203 2772 1270 2804 hac
1301 2773 1333 2804 in
1359 2780 1442 2804 cura
1467 2773 1645 2814 exposuit,
1679 2773 1910 2806 Historiarum
1937 2772 2075 2805 initium

1203 2822 1337 2855 iaciens
1354 2821 1398 2855 ab
1418 2821 1529 2855 altero
1546 2822 1676 2856 Galbae
1694 2822 1878 2856 consulatu
1894 2831 1927 2855 a.
1946 2821 1981 2855 d.
1998 2819 2072 2855 Kal.

1204 2873 1275 2905 Ian.
1302 2881 1334 2906 a.
1360 2882 1394 2906 u.
1420 2872 1484 2906 822
1508 2873 1604 2906 inito.
