2254 3770
783 294 829 337 P.
859 293 1109 338 CORNELII
1137 294 1307 339 TACITI
1334 257 1602 340 ANNALIUM

302 412 445 457 neque
475 398 577 443 fletu
607 405 649 443 et
677 397 861 443 lacrimis
883 399 1086 444 auxilium
1106 400 1199 444 eius
1220 401 1431 445 orantium
1449 401 1585 446 flexus
1605 407 1688 454 est,
1720 402 1822 461 quin
1843 402 1964 447 daret
1982 416 2082 461 pro-

301 474 495 519 fectionis
525 475 692 532 signum
722 481 764 518 et
795 474 1044 519 comitantes
1074 476 1116 518 in
1148 482 1313 534 partem
1342 477 1521 534 agminis
1550 477 1783 535 acciperet:
1815 478 1849 522 si
1880 492 1991 536 quos
2019 479 2083 522 in-

301 549 425 594 bellis
454 563 582 594 sexus
612 556 684 593 aut
713 549 824 594 fessa
854 557 971 594 aetas
996 550 1065 595 vel
1084 551 1165 595 loci
1187 551 1372 596 dulcedo
1394 552 1637 604 attinuerat,
1669 552 1723 596 ab
1743 552 1866 597 hoste
1886 554 2082 611 oppressi

301 631 411 669 sunt.
456 626 609 670 eadem
639 624 784 670 clades
813 626 1046 683 municipio
1075 626 1315 671 Verulamio
1345 627 1440 679 fuit,
1482 628 1583 686 quia
1614 628 1783 673 barbari
1813 629 1984 674 omissis
2013 643 2085 674 ca-

270 700 433 746 sstellis
453 700 767 759 praesidiisque
784 700 1039 754 militarium,
1063 701 1181 759 quod
1199 702 1461 746 uberrimum
1481 702 1676 761 spolianti
1697 710 1739 748 et
1758 703 2084 749 defendentibus

302 777 498 828 intutum,
539 776 637 820 laeti
675 776 838 834 praeda
867 782 910 820 et
938 776 1117 820 aliorum
1149 791 1303 835 segnes
1333 777 1546 836 petebant.
1589 778 1641 822 ad
1673 780 1958 838 septuaginta.
1970 779 2086 824 milia

301 851 457 896 civium
497 857 541 895 et
579 851 795 896 sociorum
834 851 885 895 iis
915 865 1027 910 quae
1058 853 1290 896 memoravi
1328 852 1432 897 locis
1462 853 1670 899 cecidisse
1702 855 1898 900 constitit.
1943 869 2085 914 neque

301 927 414 971 enim
444 940 600 985 capere
631 933 703 970 aut
731 926 977 971 venundare
1008 926 1163 971 aliutve
1194 928 1311 985 quod
1342 928 1440 973 belli
1472 930 1791 983 commercium,
1825 931 1902 975 sed
1927 930 2085 976 caedes

300 1002 507 1060 patibula,
545 1003 665 1060 ignes
696 1016 865 1053 cruces,
905 1009 1122 1060 tamquam
1153 1002 1359 1047 reddituri
1390 1004 1646 1062 supplicium
1677 1020 1728 1050 ac
1765 1012 1992 1064 praerepta
2021 1006 2086 1050 in-

251 1090 287 1120 to
300 1077 424 1122 terim
451 1077 631 1129 ultione,
670 1077 935 1122 festinabant.
982 1078 1063 1135 (34)
1104 1079 1187 1122 iam
1222 1079 1426 1123 Suetonio
1456 1086 1607 1138 quarta
1637 1080 1816 1125 decuma
1847 1081 1958 1140 legio
1986 1095 2085 1127 cum

300 1153 528 1198 vexillariis
559 1153 827 1198 vicesimanis
857 1161 900 1198 et
928 1167 953 1197 e
982 1153 1187 1211 proximis
1212 1153 1456 1207 auxiliares,
1488 1154 1641 1199 decem
1661 1156 1792 1201 ferme
1813 1156 1928 1201 milia
1947 1170 2086 1200 arma-

299 1235 439 1273 torum
470 1235 608 1281 erant,
642 1243 740 1273 cum
769 1229 965 1273 omittere
995 1229 1308 1273 cunctationem
1337 1236 1380 1274 et
1409 1230 1610 1288 congredi
1636 1231 1728 1275 acie
1757 1238 1889 1290 parat.
1920 1231 2087 1289 deligit-

300 1319 387 1364 que
424 1304 566 1350 locum
605 1305 706 1349 artis
742 1304 936 1349 faucibus
974 1310 1017 1348 et
1046 1318 1072 1348 a
1100 1310 1220 1363 tergo
1258 1305 1364 1349 silva
1400 1305 1608 1358 clausum,
1651 1307 1754 1350 satis
1784 1307 1953 1365 cognito
1982 1306 2087 1350 nihil

299 1380 486 1424 hostium
514 1380 595 1424 nisi
625 1380 668 1423 in
698 1380 832 1424 fronte
863 1386 905 1424 et
934 1386 1125 1437 apertam
1153 1379 1369 1437 planitiem
1400 1395 1518 1433 esse,
1555 1382 1648 1426 sine
1676 1389 1792 1426 metu
1823 1382 2087 1426 insidiarum.

250 1465 287 1497 ⁴5
300 1456 427 1514 igitur
455 1455 715 1514 legionarius
739 1455 943 1514 frequens
963 1454 1203 1511 ordinibus,
1235 1455 1342 1500 levis
1362 1457 1523 1501 circum
1545 1464 1776 1510 armatura,
1809 1457 2086 1515 conglobatus

299 1546 380 1590 pro
422 1531 625 1576 cornibus
667 1545 803 1589 eques
839 1530 978 1574 astitit.
1022 1536 1064 1574 at
1091 1531 1389 1575 Britannorum
1418 1533 1568 1590 copiae
1598 1533 1760 1591 passim
1787 1546 1866 1591 per
1895 1540 2087 1578 catervas

300 1613 343 1652 et
371 1614 532 1651 turmas
563 1606 825 1658 exultabant,
857 1612 1015 1664 quanta
1044 1620 1129 1650 non
1158 1606 1263 1651 alias
1292 1607 1537 1660 multitudo,
1571 1615 1614 1652 et
1642 1609 1783 1652 animo
1810 1608 1920 1652 adeo
1941 1608 2085 1660 feroci,

299 1689 347 1727 ut
376 1683 580 1741 coniuges
611 1696 786 1741 quoque
816 1688 947 1726 testes
977 1682 1180 1726 victoriae
1210 1696 1357 1727 secum
1386 1682 1603 1727 traherent
1637 1684 1926 1742 plaustrisque
1966 1684 2088 1743 iupo-

300 1766 467 1812 nerent,
491 1772 613 1817 ,quae
644 1772 776 1816 super
805 1764 1041 1802 extremum
1069 1757 1274 1802 ambitum
1301 1759 1439 1816 campi
1469 1766 1714 1816 posuerant.
1761 1759 1843 1816 (35)
1872 1758 2088 1804 Boudicca

249 1843 428 1880 aocurru
468 1834 576 1878 filias
613 1847 718 1892 prae
749 1847 796 1877 se
826 1833 1008 1885 vehens,
1047 1839 1095 1876 ut
1123 1847 1342 1892 quamque
1373 1834 1586 1878 nationem
1615 1842 1876 1887 accesserat,
1917 1835 2087 1883 solitum

300 1910 478 1969 quidem
514 1909 725 1953 Britannis
763 1909 1015 1953 feminarum
1046 1909 1177 1953 ductu
1206 1909 1369 1954 bellare
1398 1909 1648 1963 testabatur,
1689 1910 1766 1954 sed
1797 1917 1897 1956 tunc
1925 1925 2011 1966 non
2041 1917 2088 1955 ut

301 291 384 336 464

364 2033 397 2066 5.
420 2030 621 2065 militaribus
649 2030 814 2063 Pichena.
842 2048 878 2053 —
910 2029 1066 2071 spolianti
1095 2031 1295 2063 Mercerus:
1327 2030 1471 2072 spoliant
1502 2031 1554 2069 M;
1587 2031 1729 2072 spoliata
1758 2032 1784 2064 1.
1810 2031 1844 2064 F.
1871 2031 2084 2073 Gronovius;

297 2088 512 2131 spoliantibus
526 2087 714 2121 Acidalius.
732 2105 767 2111 —
787 2086 820 2119 6.
837 2087 893 2119 leti
908 2087 941 2120 M
959 2103 995 2111 —
1022 2087 1152 2127 praeda
1167 2090 1196 2120 et
1212 2086 1364 2119 laborum
1379 2087 1533 2129 Lipsius;
1556 2087 1716 2128 praedae,
1742 2086 1895 2120 laborum
1910 2088 2084 2123 Heinsius.

301 2165 338 2171 —
355 2155 467 2189 seques
488 2146 685 2180 Mercerus:
711 2144 854 2186 insiqnes
869 2144 902 2177 M
921 2161 956 2166 —
977 2144 1007 2176 7.
1034 2144 1097 2178 hiis
1118 2145 1152 2178 M
1178 2162 1214 2168 —
1239 2145 1393 2191 cecidisse
1414 2145 1559 2177 consistit
1576 2146 1609 2179 Μ
1631 2162 1667 2168 —-
1693 2144 1725 2177 9.
1743 2148 1906 2186 tanquam
1926 2146 1960 2179 Μ
1985 2163 2020 2169 -
2047 2155 2088 2179 ac

298 2204 349 2237 M:
375 2207 412 2236 at
432 2201 648 2245 Nipperdey.
676 2218 712 2223 —-
739 2201 791 2233 Μ.
815 2200 1022 2234 vicesimanis
1044 2199 1243 2234 Acidalius:
1266 2201 1486 2234 uicesimariis
1508 2202 1542 2235 M
1568 2219 1604 2224 —-
1631 2201 1683 2234 ⁴3.
1701 2201 1802 2233 nichil
1817 2201 1851 2235 M
1868 2219 1904 2225 —
1931 2201 1983 2235 46.
2002 2201 2087 2235 brit-

297 2263 478 2293 tannorum
499 2259 533 2292 M
558 2276 594 2282 -
620 2256 771 2290 caterbas
793 2257 826 2291 M
850 2273 888 2281 -
915 2257 968 2290 47.
992 2257 1095 2299 feroci
1114 2256 1345 2290 Doederlein:
1369 2258 1441 2299 fero
1464 2258 1498 2291 M
1517 2273 1552 2281 —
1581 2257 1634 2291 ⁴9.
1653 2257 1821 2291 bouducea
1843 2258 1895 2299 M3
1920 2258 2088 2292 Boudicca

297 2315 413 2359 vulgo.
438 2315 526 2348 Vide
550 2314 597 2348 ad
618 2323 653 2356 p.
671 2313 748 2356 462,
775 2315 805 2346 l.
834 2332 869 2338 —-
895 2314 949 2347 2⁴.
974 2313 1153 2347 brittannis
1175 2315 1208 2349 M
1232 2332 1267 2338 —
1294 2315 1386 2347 dictu
1407 2315 1453 2348 M.

674 2434 805 2475 «atque
844 2432 1050 2475 expendens
1085 2434 1169 2467 satis
1220 2435 1280 2466 aut
1302 2433 1406 2466 bonis
1429 2434 1614 2475 captorum
1636 2441 1774 2475 parcas.
1800 2432 1853 2466 Ad
1870 2433 1961 2467 haec
1974 2433 2085 2468 verba

1220 2485 1340 2516 autem
1363 2482 1488 2525 supple
1510 2491 1665 2516 exercere
1685 2491 1713 2516 s,
1730 2483 1851 2524 facere.
1872 2500 1908 2507 —
1931 2484 2087 2525 patibula

296 2438 407 2477 wacta
449 2432 626 2475 intellige:

299 2486 389 2518 eet.»
419 2483 528 2518 Petilii
562 2484 666 2525 igitur
700 2482 800 2516 clade
830 2483 1032 2516 admonitus
1060 2483 1170 2516 noluit

297 2534 402 2569 simili
418 2534 606 2568 calamitati
618 2533 790 2567 obnoxius
804 2533 892 2567 fieri.
911 2551 946 2557 -
967 2534 1168 2577 Verulamio]

299 2587 399 2619 euius
422 2585 591 2628 reliquiae
618 2594 730 2627 prope
754 2585 966 2618 hodiernum
989 2585 1024 2618 S.
1048 2586 1171 2618 Albans

298 2637 335 2669 in
351 2636 521 2670 comitatu
534 2635 794 2677 Herefordshire.
812 2652 848 2658 —
867 2634 1075 2676 militarium]
1093 2634 1167 2668 scil.

298 2687 502 2727 hominum,
524 2687 563 2718 ut
586 2686 618 2726 3,
641 2686 654 2718 4
673 2695 681 2725 ;
707 2686 803 2719 idem
827 2687 899 2727 est,
924 2686 1022 2728 quod
1043 2686 1171 2718 milita—

297 2737 391 2771 ribus
411 2736 591 2778 praesidiis
618 2735 706 2769 iufra
730 2744 762 2768 c.
787 2735 841 2769 45.
871 2753 907 2759 —
941 2736 1020 2769 laeti
1038 2737 1170 2776 praeda

298 2790 330 2821 et
352 2787 498 2820 aliorum
519 2785 642 2828 seques]
667 2785 802 2819 alacres
825 2785 871 2818 ad
893 2785 1083 2828 praedam,
1109 2794 1168 2818 se-

298 2846 385 2879 gnes
414 2836 460 2870 ad
489 2837 629 2876 cetera,
665 2835 772 2869 veluti
802 2835 847 2868 ad
878 2834 1022 2868 castella
1053 2844 1169 2877 oppu-

299 2887 455 2930 gnanda,
488 2886 663 2929 praesidia
688 2885 902 2926 deiicienda,
935 2884 1002 2917 alia
1025 2884 1168 2918 castella

299 2937 471 2971 adversus
485 2937 661 2970 Romanos
678 2935 880 2968 munienda.
903 2953 936 2957 -
957 2935 1169 2977 septuaginta

298 2988 395 3022 milia
409 3004 458 3011 --
473 2985 640 3028 cecidisse]
683 2986 854 3019 Maiorem
888 2985 995 3017 etiam
1029 2983 1165 3017 cladem

299 3037 407 3072 fuisse
429 3038 578 3071 testatur
600 3037 663 3069 Dio
680 3036 737 3075 62,
760 3036 774 3068 l
793 3045 800 3067 :
823 3031 894 3068 δύο
910 3032 1039 3075 πόλεις
1054 3034 1168 3082 ἐπορ-

298 3086 483 3132 θήθησαν
497 3086 562 3120 καὶ
578 3081 759 3132 μυριάδες
781 3080 901 3117 ὀκτώ
925 3083 1001 3118 τῶν
1022 3094 1063 3118 τε
1079 3081 1168 3117 Ῥω-

298 3139 424 3182 μαίων
454 3137 520 3171 καὶ
550 3133 625 3170 τῶν
652 3133 868 3178 συμμάχων
891 3131 1019 3168 αὐτῶν
1042 3134 1168 3176 ἑφθά-

299 3199 436 3236 ρησαν,
450 3183 475 3232 ἢ
486 3197 527 3221 τε
538 3185 658 3231 νῆσος
670 3181 963 3231 ἦλλοτριώθη.-
976 3195 1095 3228 capere
1108 3189 1168 3219 aut

298 3238 500 3281 venundare]
525 3237 709 3279 Distinguit
730 3236 836 3275 haec,
863 3236 946 3277 quia
965 3237 1061 3279 apud
1076 3237 1168 3270 anti-

300 3297 391 3332 quos
425 3296 514 3331 quos
548 3288 698 3330 quisque
727 3286 871 3328 ceperat
899 3294 963 3318 suo
996 3285 1167 3319 arbitratu

301 3341 361 3372 aut
383 3348 447 3382 pro
471 3337 655 3380 mancipiis
677 3335 745 3370 sibi
770 3335 923 3369 retinere
947 3337 1007 3368 aut
1029 3345 1168 3369 venun-

301 3388 386 3421 dare
410 3388 561 3430 poterat.
589 3404 625 3412 —
657 3386 782 3420 aliusve
803 3385 891 3427 quod
911 3384 985 3417 belli
1005 3394 1168 3419 commer-

302 3435 400 3480 cium]
423 3435 527 3480 quale
550 3437 606 3471 est
627 3435 781 3479 pretium
799 3441 962 3475 sumere,
988 3441 1058 3475 quo
1073 3434 1166 3468 vitae

1219 2551 1238 2558 —
1253 2533 1376 2575 cruces]
1399 2532 1587 2565 patibulum
1610 2533 1752 2575 proprie
1776 2534 1847 2574 est,
1871 2534 1906 2566 in
1922 2542 1993 2576 quo
2011 2533 2087 2568 suf-

1218 2584 1308 2617 fixus
1339 2584 1445 2617 homo
1480 2583 1707 2626 expanditur,
1740 2585 1943 2617 transverso
1966 2586 2086 2618 tamen

1218 2634 1329 2676 lign0;
1353 2643 1442 2667 crum
1462 2643 1548 2667 vero
1564 2635 1687 2672 etiam,
1715 2642 1796 2668 cum
1812 2635 1847 2668 in
1864 2636 1984 2668 erecto
1998 2635 2087 2669 sim-

1219 2685 1370 2728 plicique
1400 2685 1507 2727 stipiti
1531 2684 1682 2726 affigitur
1703 2686 1777 2718 sive
1800 2685 1963 2728 infigitur.
1996 2686 2083 2720 Llrs.

1221 2753 1257 2759 -
1274 2735 1437 2768 reddituri
1455 2734 1664 2776 supplicium]
1686 2735 1861 2768 «vicissim
1875 2734 2086 2778 supplicium

1218 2785 1333 2818 daturi
1355 2785 1378 2818 i.
1396 2794 1428 2818 e.
1450 2785 1690 2827 perpessuri».
1717 2786 1910 2817 Gutmann:
1935 2785 1982 2817 im
2000 2785 2085 2818 Vor-

1216 2835 1327 2877 9efa'hl
1347 2835 1510 2867 schwerer
1533 2835 1727 2876 Vergeltunq
1748 2843 1812 2866 von
1831 2843 1904 2868 uns.
1930 2833 1986 2868 Sic
2004 2843 2087 2876 map-

1214 2885 1353 2925 pliciwm
1372 2885 1453 2917 dare
1469 2885 1520 2926 (ut
1531 2892 1658 2925 poenas
1671 2884 1753 2916 dare
1769 2885 1804 2916 et
1818 2884 1963 2925 reddere)
1978 2893 2086 2927 prae·

1218 2937 1271 2968 ter
1293 2933 1380 2967 alios
1403 2933 1490 2970 dixit
1511 2934 1616 2966 etiam
1634 2932 1815 2966 Cornelius
1838 2935 1956 2976 Nepos
1978 2936 2082 2976 Ages.

1217 2986 1249 3025 5,
1274 2986 1312 3018 2:
1349 2985 1547 3025 supplicium
1577 2985 1692 3016 Persas
1721 2984 1804 3016 dare
1828 2985 1986 3025 potuisse.
2019 2983 2084 3017 Alii

1217 3034 1392 3077 explicant
1415 3033 1598 3067 «debitam
1621 3032 1782 3066 hostibus
1799 3042 1953 3076 poenam
1968 3033 2084 3067 daturi

1217 3084 1445 3127 supplicium,
1471 3086 1493 3117 i.
1519 3093 1552 3117 e.
1578 3084 1732 3117 vicissim
1755 3084 1971 3126 sumpturi,»
2002 3082 2080 3117 eoll.

1218 3136 1288 3168 Liv.
1312 3135 1371 3175 24,
1399 3136 1458 3168 ⁴7:
1489 3143 1555 3175 quo
1583 3135 1694 3167 minus
1719 3137 1854 3175 accepta
1883 3135 1929 3167 ad
1950 3134 2085 3168 emas

1215 3186 1408 3219 redderetur
1435 3185 1518 3218 hosti
1541 3185 1660 3218 clades.
1685 3183 1740 3224 24,
1763 3184 1822 3217 20:
1852 3185 1972 3217 Hanno
1993 3185 2084 3219 haud

1215 3236 1317 3268 multo
1338 3237 1518 3275 minorem,
1550 3243 1652 3277 quam
1680 3234 1726 3266 ad
1745 3234 1966 3267 Beneventum
1986 3243 2083 3269 ωοο-

1213 3289 1329 3327 perat,
1358 3286 1502 3318 reddidit
1522 3285 1607 3318 hosti
1628 3284 1766 3317 cladem.
1801 3284 1936 3317 Seneca
1958 3283 2004 3317 de
2026 3285 2082 3318 lta

1215 3336 1253 3375 2,
1278 3335 1337 3368 32:
1367 3335 1461 3368 dulce
1489 3337 1536 3367 est
1562 3335 1708 3367 dolor-om
1735 3333 1882 3366 reddero.
1911 3349 1947 3357 -
1976 3342 2083 3375 prae-

1214 3385 1327 3426 repta]
1353 3385 1505 3427 «raptim
1529 3386 1753 3426 praecepta»,
1777 3391 1822 3416 ne
1838 3391 1902 3416 sua
1923 3384 2082 3432 ipsorum

1216 3433 1316 3468 clade
1339 3433 1385 3467 ab
1408 3432 1612 3468 ulciscendo
1633 3431 1920 3476 prohiberentur.
