2254 3770
773 269 929 324 Lmen
958 268 1023 321 w.
1067 267 1169 326 Cap.
1199 269 1242 314 2.
1271 269 1312 319 3.
1341 267 1383 322 ι,
1880 266 1957 315 27«

181 379 322 424 statim
343 378 473 427 curia,
505 376 663 421 deinde
693 375 811 420 Italia
831 382 1027 428 exactus:
1060 382 1102 419 et
1121 375 1223 433 quia
1253 374 1528 427 incusabatur
1556 373 1679 421 facile
1707 373 1965 418 toleraturus

181 454 353 498 exilium
375 452 542 496 delecta
562 452 714 502 Lesbo,
746 450 882 494 insula
903 450 1033 495 nobili
1055 457 1098 494 et
1117 464 1309 501 amoena,
1342 449 1570 493 retrahitur
1588 449 1630 492 in
1652 448 1802 493 urbem
1822 456 1966 493 custo-

180 530 379 587 diturque
410 527 608 572 domibus
637 527 972 585 magistratuum.
1008 525 1145 570 isdem
1174 525 1323 569 litteris
1354 525 1514 576 Caesar
1543 524 1735 569 Sextium
1762 525 1967 569 Paconia-

179 620 281 648 num
310 604 572 662 praetorium
602 602 800 661 perculit,
843 615 997 659 magno
1030 608 1196 659 patrum
1227 599 1402 658 gaudio,
1442 600 1669 651 audacem,
1710 599 1966 652 maleficum,

179 680 368 724 omnium
407 685 576 723 secreta
613 679 836 721 rimantem
875 676 1177 734 delectumque
1214 676 1269 720 ab
1306 676 1462 720 Seiano
1500 677 1623 724 cuius
1652 689 1736 734 ope
1765 675 1891 719 dolus
1922 676 2001 720 (3.5

180 755 354 800 Caesari
384 760 621 812 pararetur.
665 753 782 811 quod
813 759 1039 810 postquam
1069 751 1346 810 patefactum,
1377 766 1617 810 prorupere
1646 757 1854 810 concepta
1883 751 1970 810 pri-

179 829 280 874 dem
308 829 429 882 odia;
469 836 513 874 et
539 843 756 872 summum
784 826 1039 886 supplicium
1070 826 1401 878 decernebatur,
1439 827 1481 870 ni
1516 827 1736 884 professus
1765 826 1969 870 indicium

179 906 300 950 foret.
342 905 395 961 (4)
425 910 472 948 ut
500 918 603 948 vero
638 903 850 948 Latinium
884 902 1094 947 Latiarem
1131 902 1351 959 ingressus
1389 909 1474 954 est,
1515 909 1741 946 accusator
1779 916 1831 947 ac
1868 916 1970 947 reus

180 982 296 1025 iuxta
330 980 454 1024 invisi
492 979 779 1038 gratissimum
821 977 1115 1036 spectaculum
1158 977 1437 1035 praebebant.
1483 978 1682 1029 Latiaris,
1727 985 1774 1021 ut
1815 976 1969 1027 rettuli,

180 1056 440 1115 praecipuus
481 1054 583 1100 olim
623 1053 984 1098 circumveniendi
1028 1053 1120 1096 Titii
1161 1052 1306 1096 Sabini
1346 1059 1388 1097 et
1430 1059 1532 1098 tunc
1576 1053 1759 1097 luendae
1803 1067 1970 1112 poenae
1984 1064 2023 1096 ιο

180 1132 345 1190 primus
374 1131 462 1174 fuit.
508 1131 618 1174 iuter
647 1143 760 1188 quae
789 1129 987 1173 Haterius
1016 1128 1202 1186 Agrippa
1237 1127 1437 1173 consules
1474 1129 1574 1172 anni
1612 1129 1769 1186 prioris
1807 1129 1970 1179 invasit,

181 1221 260 1252 cur
286 1213 436 1250 mutua
464 1205 737 1250 accusatione
767 1205 925 1248 intenta
955 1217 1069 1248 nunc
1099 1203 1294 1248 silerent:
1333 1211 1493 1247 metum
1523 1218 1703 1262 prorsus
1732 1211 1776 1248 et
1803 1205 1973 1252 noxiam

181 1282 469 1327 conscientiae
505 1294 584 1340 pro
624 1280 799 1324 foede-re
839 1279 1009 1333 haberi;
1050 1285 1092 1323 at
1124 1293 1210 1323 non
1238 1279 1432 1337 patribus
1460 1279 1680 1324 reticenda
1708 1293 1821 1338 quae
1851 1279 1974 1324 audi-

182 1358 355 1402 vissent.
400 1355 587 1414 Regulus
617 1369 791 1399 manere
821 1361 990 1413 tempus
1019 1354 1212 1408 ultionis,
1242 1369 1379 1414 seque
1403 1369 1548 1400 coram
1578 1355 1773 1414 principe
1793 1369 1975 1400 exsecu-

183 1439 345 1485 turum3
381 1432 478 1489 Trio
508 1430 838 1476 aemulationem
867 1430 977 1474 inter
1006 1430 1211 1489 collegas,
1251 1437 1294 1475 et
1322 1431 1359 1474 si
1388 1445 1475 1490 qua
1505 1431 1730 1476 discordes
1759 1432 1972 1483 iecissent,
1987 1441 2025 1476 45

183 1507 338 1552 melius
362 1506 579 1551 obliterari
609 1506 841 1565 respondit.
889 1513 1067 1564 urgente
1087 1507 1274 1564 Agrippa
1293 1506 1554 1565 Sanquinius
1573 1507 1792 1558 Maximus,
1826 1521 1851 1552 e
1872 1521 1976 1552 cou-

184 1582 412 1634 sularibus,
443 1582 580 1626 oravit
608 1589 805 1626 senatum
833 1595 888 1626 ne
917 1595 1044 1626 curas
1073 1582 1344 1640 imperatoris
1368 1582 1619 1640 conquisitis
1649 1583 1827 1641 insuper
1854 1597 1977 1628 acer-

186 1657 387 1702 bitatibus
416 1664 641 1722 augerent:
673 1657 873 1702 sufficere
902 1657 1043 1716 ipsum
1074 1656 1311 1702 statuendis
1335 1658 1551 1702 remediis.
1595 1658 1660 1703 sic
1678 1658 1839 1717 Regulo
1860 1658 1977 1703 salus

240 1799 284 1832 B.
308 1799 437 1831 exlium
459 1797 492 1830 Μ
516 1797 673 1839 (Sestium
695 1797 835 1839 margo)
862 1814 898 1819 —
928 1797 1156 1830 Paconianum
1187 1797 1323 1839 Lipsius
1347 1796 1438 1840 (coll.
1463 1806 1494 1831 c.
1520 1797 1597 1839 39):
1620 1800 1854 1841 pagonianum
1876 1801 1910 1834 Μ
1935 1816 1971 1824 -

185 1855 219 1887 5.
244 1854 288 1887 ab
309 1852 583 1888 Weissenborn:
610 1853 656 1885 ad
677 1853 728 1890 Μς
753 1862 776 1885 a
798 1851 1003 1886 Beroaldus.
1030 1852 1082 1886 Cf.
1106 1862 1181 1886 var.
1207 1852 1287 1886 lect.
1305 1853 1351 1886 ad
1366 1854 1398 1894 4,
1417 1854 1470 1887 49.
1487 1855 1521 1895 5,
1539 1855 1571 1888 7.
1591 1855 1623 1895 6,
1640 1855 1695 1888 29.
1713 1855 1767 1889 32.
1787 1874 1824 1880 —
1849 1857 1880 1889 6.
1895 1866 1977 1898 pcr-

183 1911 271 1944 idom
294 1911 371 1953 (per
392 1909 523 1950 notam)
547 1909 582 1942 Μ
605 1926 642 1932 -
667 1909 700 1942 8.
726 1909 895 1942 Latinium
917 1918 1009 1943 corr.
1026 1910 1078 1943 M:
1103 1909 1274 1942 lucanium
1295 1918 1348 1952 pr.
1366 1910 1417 1949 Μ;
1443 1911 1487 1944 cf.
1505 1909 1539 1951 4,
1556 1911 1611 1944 68.
1631 1930 1667 1936 —-
1693 1921 1869 1955 aym-ossus
1883 1913 1978 1946 Rhe-

185 1975 312 2000 nanus.
339 1984 376 1989 -
406 1968 599 1999 accussator
621 1964 655 1998 Μ
680 1982 717 1988 -
750 1974 791 1997 ac
812 1973 891 1998 reus
912 1964 1066 2007 Lipsius:
1099 1966 1214 1998 acrius
1235 1966 1332 2000 Μ-
1358 1966 1390 1999 9.
1418 1966 1623 2008 prwbobant
1644 1969 1810 2003 Ursinus:
1835 1969 1980 2011 praebc-

186 2023 309 2056 bantur
329 2023 380 2061 Μ;
402 2021 625 2064 praebebatur
646 2020 850 2054 Beroaldus.
872 2039 907 2045 —
933 2022 987 2054 40.
1012 2021 1077 2054 titii
1098 2022 1127 2054 is
1149 2021 1218 2064 (vel
1241 2023 1343 2064 titius)
1367 2023 1458 2056 abiui
1480 2025 1514 2057 Μ
1532 2041 1569 2047 -
1588 2024 1642 2057 44.
1657 2026 1812 2068 interque
1832 2026 1981 2059 haterius

186 2079 221 2113 Μ
244 2096 282 2102 -
307 2079 362 2112 ⁴2.
385 2086 515 2111 nomam
535 2069 753 2111 conscientiae
770 2078 979 2118 Rhenanu83
1003 2079 1145 2112 noxiam
1164 2080 1397 2113 conscientiam
1417 2081 1590 2121 Pichena;
1614 2091 1726 2116 noxae
1747 2083 1981 2117 couscimtiam

187 2134 392 2169 Groslotius.
417 2152 453 2158 —
480 2134 534 2167 43.
557 2134 676 2167 habere
697 2134 846 2177 Lipsius.
874 2152 906 2157 —
934 2135 1112 2169 radicanda
1129 2144 1184 2178 pr.
1202 2137 1237 2170 Μ
1260 2154 1297 2160 -
1324 2137 1376 2170 47.
1393 2146 1536 2172 nocuo-as
1556 2147 1699 2172 nocuras
1714 2139 1787 2180 (sic)
1802 2140 1847 2173 Μ.

191 2277 228 2284 -
252 2259 409 2292 dicta—-
423 2259 466 2292 ab
488 2259 744 2300 imperatoribus
764 2260 926 2301 accipere]
951 2259 1002 2292 Cf.
1025 2260 1059 2300 2,

1052 2307 1054 2309 Ι
1154 2260 1186 2294 4.
1210 2261 1395 2305 ingressus]
1426 2262 1546 2296 Verbo
1576 2264 1745 2307 usitatiori
1776 2265 1981 2310 (adgressus)

189 2309 253 2343 46:
283 2310 374 2344 dicta
406 2309 648 2351 imperatorum
676 2310 838 2351 accipere.
870 2328 906 2334 —
938 2310 1062 2352 delecta

1112 2311 1225 2345 rarius
1264 2311 1474 2354 praetulisse
1508 2315 1660 2357 scriptor
1691 2315 1849 2357 videtur,
1885 2317 1982 2359 quod

188 2359 300 2402 Lesbo]
325 2360 414 2400 Quia
437 2359 683 2392 tantummodo
705 2359 803 2393 Italia
826 2361 971 2393 exactus
994 2367 1061 2392 nec

190 2409 367 2452 relegatus
398 2410 475 2442 erat
501 2410 537 2442 in
560 2410 696 2443 certam
719 2408 873 2452 aliquam
894 2408 1060 2450 insulam,

190 2461 285 2503 ipse,
318 2459 415 2502 quod
437 2458 505 2494 sibi
527 2459 702 2503 placeret,
731 2459 950 2494 domicilium
973 2459 1062 2493 deli—

190 2519 274 2552 gere
290 2511 441 2552 poterat.
462 2526 499 2532 —
517 2509 666 2542 domibus
678 2509 948 2552 magistratuum]
969 2518 1062 2552 quae

189 2560 296 2593 libera
317 2558 503 2592 dicebatur
523 2560 686 2592 custodia.
718 2559 854 2594 Sallust.
882 2559 981 2593 Catil.
1006 2558 1060 2592 47.

191 2610 364 2650 Quattuor
387 2609 568 2642 custodiae
591 2618 723 2651 genera
748 2611 925 2643 memorat
947 2608 1063 2651 Ulpia-

192 2668 259 2693 nus
282 2660 359 2701 Dig.
383 2659 445 2699 48,
471 2658 503 2699 3,
522 2660 535 2692 4
554 2668 562 2691 ;
588 2659 638 2692 Dc
659 2660 810 2692 custodia
830 2668 966 2693 reorum
984 2668 1065 2700 pro-

190 2710 305 2744 consul
337 2711 517 2743 aestimare
549 2709 647 2750 solet,
681 2713 796 2742 utrum
824 2711 862 2743 in
896 2718 1064 2742 carcerem

191 2760 384 2801 recipienda
405 2759 447 2792 sit
466 2768 628 2800 persona,
653 2768 699 2791 an
719 2759 819 2792 militi
835 2760 1000 2792 tradenda
1015 2760 1065 2800 (ut

192 2809 321 2844 Paulus
344 2809 524 2853 apostolus
546 2810 801 2852 praetoriano),
825 2811 878 2843 vol
893 2811 1066 2853 fideiusso-

192 2859 284 2892 ribus
307 2860 394 2901 (sive
416 2858 588 2896 vadibus,
621 2861 661 2892 ut
687 2861 742 2893 est
764 2868 871 2902 supra
894 2861 934 2900 5,
959 2859 993 2899 8)
1014 2860 1068 2892 vel

193 2910 294 2942 etiam
315 2909 394 2950 sibi,
424 2911 464 2942 ut
485 2909 561 2950 hic,
597 2908 662 2942 sed
685 2910 830 2943 Romae.
867 2910 932 2949 Qui
954 2910 1067 2951 mayn·-

194 2963 321 2992 stratus
335 2958 549 3001 intelligendi
565 2959 654 3000 sint,
679 2961 878 2993 monstrant
893 2968 984 3002 quae
999 2960 1065 2992 Dio

195 3009 255 3050 68,
286 3008 306 3041 3
335 3010 457 3041 narrat
485 3008 530 3041 de
560 2985 680 3042 Asinio
708 3008 825 3041 Gallo:
860 3004 957 3064 πρὸς
990 3006 1066 3040 τῶν

196 3034 258 3092 ἀεὶ
279 3054 435 3092 ὑπάτων
456 3057 646 3116 ἐτηρεῖτο,
672 3053 747 3100 εξω
770 3056 840 3101 τῆς
861 3055 930 3091 τοῦ
956 3056 1067 3098 Τιβε-

197 3109 282 3155 ρίου
305 3103 450 3165 ἀρχῆς·
479 3105 566 3140 τότε
587 3104 660 3154 γὰρ
683 3105 779 3155 πρὸς
801 3105 878 3140 τῶν
900 3116 1067 3154 στρατη-

197 3157 276 3203 γῶν
297 3154 514 3200 ἐφυλάχθη.
535 3174 571 3180 -
596 3157 750 3190 Sextium
770 3157 1006 3200 Paconianum]
1032 3158 1067 3191 in

199 3217 345 3242 carcere
372 3206 629 3249 strangulatum
659 3216 691 3240 a.
716 3216 752 3239 ιι.
776 3207 840 3240 788
866 3207 908 3248 (c.
934 3206 1064 3247 39).—

199 3259 236 3292 C.
261 3258 417 3300 Caesari]
447 3255 636 3298 Caligulae.
663 3274 700 3280 —
723 3257 760 3289 ni
785 3256 954 3298 professus
977 3256 1069 3297 indi-

199 3308 288 3341 cium
307 3307 410 3350 soret]
441 3308 464 3340 i.
491 3316 524 3340 e.
549 3306 616 3340 nisi
646 3305 821 3341 indicibus
845 3305 1066 3345 accessisset.

202 3356 254 3390 Cf.
279 3365 311 3390 c.
335 3357 376 3390 7:
411 3357 467 3390 sod
491 3355 660 3390 Minucius
681 3358 711 3388 σι
732 3354 897 3398 Somaetqs
917 3355 1069 3399 „damuati

201 3405 364 3440 indicibus
384 3413 559 3440 messore.

1111 2361 1288 2396 infensum
1314 2364 1420 2396 Sextii
1448 2364 1484 2397 in
1505 2365 1683 2400 Latiarem
1706 2367 1880 2410 impetum
1903 2367 1983 2401 effi-

1112 2413 1231 2446 cacius
1266 2413 1372 2446 etiam
1407 2414 1639 2457 exprimeret,
1675 2425 1783 2458 quam
1811 2416 1868 2451 vel
1896 2416 1982 2451 illud

1111 2460 1169 2494 vel
1190 2462 1227 2494 in
1248 2463 1419 2496 Latiarem
1440 2464 1588 2498 invectus
1607 2469 1665 2499 ost.
1689 2467 1804 2510 Atque
1827 2476 1911 2501 mox
1928 2469 1984 2501 est

1113 2510 1273 2545 similiter
1300 2513 1457 2546 Halm-ius
1484 2516 1841 2550 coinualch-invasit.
1877 2535 1914 2540 —
1945 2520 1983 2550 ut

1111 2561 1234 2604 rettuli]
1261 2561 1312 2595 Cf.
1329 2561 1363 2603 4,
1381 2563 1423 2597 68
1439 2572 1493 2606 sq.
1514 2581 1551 2589 —
1576 2566 1735 2600 Haterius
1747 2567 1909 2610 Aqrippa]
1929 2566 1981 2600 Cf.

1112 2612 1151 2652 2,
1176 2612 1232 2645 54.
1257 2629 1294 2635 -
1326 2617 1446 2646 mutua
1466 2616 1692 2659 accusatione]
1724 2617 1776 2651 Cf.
1801 2618 1835 2658 6,
1861 2618 1914 2650 44.
1942 2633 1979 2641 -

1111 2661 1250 2703 intenta]
1266 2662 1470 2705 Metaphora
1486 2663 1673 2708 desumpta
1690 2675 1711 2699 a
1726 2667 1868 2709 sagitta,
1890 2675 1982 2710 quae

1113 2711 1306 2744 intenditur
1337 2713 1372 2745 in
1407 2712 1582 2756 aliquem,
1617 2716 1656 2748 ut
1689 2717 1726 2758 4,
1758 2716 1824 2750 39:
1861 2718 1984 2750 intento

1112 2762 1229 2794 mortis
1248 2765 1347 2795 metu.
1373 2763 1516 2798 sueton.
1541 2765 1670 2800 Domit.
1687 2766 1728 2800 8.
1752 2766 1807 2800 cui
1828 2767 1985 2800 adulterii

1113 2811 1239 2844 crimen
1259 2812 1521 2846 intenderatff-
1546 2816 1688 2849 nooeiam
1708 2816 1926 2850 conscientiae
1944 2825 1982 2858 p.

1113 2861 1138 2902 f.
1155 2861 1202 2903 Ιι.]
1226 2862 1324 2894 Nove
1340 2862 1497 2896 dictum:
1520 2865 1680 2907 noxiam,
1705 2865 1858 2909 culpam,
1883 2867 1984 2900 cuius

1115 2910 1183 2944 sibi
1204 2911 1362 2944 vicissim
1385 2913 1518 2946 conscii
1541 2915 1629 2957 sint,
1661 2915 1708 2949 ab
1730 2917 1772 2950 iis
1793 2916 1923 2957 haberi,
1947 2915 1985 2949 id

1116 2962 1190 3000 est,
1221 2961 1262 2993 iis
1286 2969 1366 2994 esse
1390 2971 1456 3005 pro
1478 2962 1643 3006 foedere,
1673 2966 1738 3000 etsi
1762 2965 1896 3000 nullum
1918 2975 1984 3009 pa-

1116 3011 1214 3043 ctum
1245 3012 1460 3045 conventum
1489 3013 1535 3047 de
1563 2991 1687 3048 mut’uo
1721 3015 1859 3050 silentio
1893 3016 1986 3050 inter

1117 3067 1179 3091 eos
1195 3058 1328 3093 factum
1342 3061 1456 3095 sit.—
1420 3063 1681 3107 -Sanquinius
1694 3065 1876 3108 Maximus]
1901 3075 1986 3107 con—

1117 3107 1171 3141 sul
1195 3108 1365 3147 suffectus
1395 3113 1432 3145 et
1460 3114 1663 3157 praefectus
1692 3114 1771 3148 urbi
1800 3115 1868 3155 sub
1892 3115 1985 3150 Cali-

1117 3156 1215 3200 gula,
1247 3167 1280 3191 a.
1305 3168 1341 3192 u.
1366 3161 1430 3195 792
1454 3163 1529 3204 (Dio
1551 3164 1607 3205 59,
1633 3164 1698 3205 43)
1733 3166 1835 3206 Anno
1858 3174 1894 3199 ιι.
1918 3166 1984 3201 800

1116 3206 1321 3249 inferiorem
1356 3212 1581 3249 Germaniam
1615 3213 1817 3258 obtinebat,
1852 3217 1890 3259 in
1912 3224 1985 3259 qua

1118 3259 1278 3293 mortuus
1301 3261 1356 3293 est
1379 3262 1480 3307 (ᾼιιιι.
1506 3264 1560 3302 44,
1578 3263 1644 3304 48).
1681 3264 1780 3305 Prior
1801 3265 1878 3310 eius
1900 3275 1985 3307 con-

1117 3305 1270 3354 sulatus,
1295 3309 1396 3351 cuius
1417 3311 1476 3345 hic
1495 3312 1628 3350 mentio
1643 3311 1701 3354 fit,
1724 3314 1760 3349 in
1774 3303 1872 3359 fastis
1887 3316 1986 3360 haud

1116 3357 1303 3401 reperitur.
1341 3360 1511 3395 Diversus
1539 3369 1626 3398 sane
1660 3364 1716 3402 est
1743 3372 1765 3399 a
1791 3365 1898 3411 βψ

1116 3408 1371 3455 memoratos>
1395 3410 1428 3446 ⁷·
1455 3427 1490 3434 -
1517 3410 1767 3460 &stuwi
1793 3413 1846 3461 91.
1870 3375 1984 3462 1838·ἓ
