2254 3770
296 283 380 328 338
773 285 819 329 P.
850 284 1100 330 CORNELII
1129 285 1301 331 TAciTl
1328 286 1598 333 ANNALIUM

298 391 409 436 inter
437 391 633 436 diversas
661 391 865 449 principis
894 405 1044 444 voces,
1087 407 1185 437 cum
1214 393 1345 437 modo
1374 394 1589 438 incusaret
1618 393 1774 452 flagitia
1802 397 1966 448 uxoris,
2008 395 2085 440 ali-

299 466 471 525 quando
502 467 557 511 ad
587 467 836 511 memoriam
866 467 1050 526 coniugii
1080 474 1123 512 et
1150 468 1364 512 infantiam
1395 469 1628 514 liberorum
1657 470 1967 524 revolveretur,
1999 485 2083 516 non

297 541 413 586 aliud
443 542 712 601 prolocutum
742 541 954 586 Vitellium
982 557 1112 601 quam
1146 558 1197 588 «o
1218 543 1399 588 facinus!
1430 558 1456 588 o
1477 545 1672 589 scelusl»
1706 546 1889 590 instabat
1908 546 2084 605 quidem

297 619 526 663 Narcissus>
552 618 721 676 aperire
751 617 954 676 ambages
984 624 1027 662 et
1054 619 1144 662 veri
1177 619 1345 677 copiam
1374 620 1533 673 facere;
1565 620 1641 664 sed
1667 635 1751 665 non
1772 622 1871 666 ideo
1892 622 2083 680 pervicit,

265 694 401 753 squin
436 707 648 752 suspensa
686 699 728 737 et
765 707 854 752 quo
890 693 1151 738 ducerentur
1179 694 1430 739 inclinatura
1460 696 1762 754 responderet,
1800 697 2085 756 exemploque

297 771 391 815 eius
421 771 584 827 Largus
614 769 797 814 Caecina
827 776 1030 814 uteretur.
1081 777 1123 814 et
1163 770 1245 813 iam
1286 776 1378 814 erat
1407 770 1449 813 in
1479 778 1654 829 aspectu
1688 773 1911 816 Messalina
1941 773 2088 817 clami-

295 845 501 904 tabatque
535 844 705 889 audiret
740 845 944 889 Octaviae
981 852 1023 888 et
1051 845 1279 888 Britannici
1310 852 1509 898 matrem,
1549 860 1646 890 cum
1676 836 1930 906 obstrepere
1958 862 2087 894 accu-

295 928 430 973 sator,
462 920 611 965 Silium
641 926 684 965 et
713 920 885 978 nuptias
913 920 1117 964 referens.
1159 920 1284 964 simul
1316 921 1535 966 codicillos
1563 921 1788 966 libidinum
1815 923 1981 968 indices
1999 930 2086 968 tra-

295 997 419 1049 didit,
459 996 557 1054 quis
596 996 714 1040 visus
746 996 942 1040 Caesaris
981 1003 1204 1040 averteret.
1250 1010 1331 1040 nec
1361 996 1492 1040 multo
1522 1004 1618 1055 post
1648 998 1796 1042 urbem
1828 998 2083 1056 ingredienti

243 1072 584 1117 wofferebantur
613 1085 863 1115 communes
893 1071 1032 1122 liberi,
1066 1071 1146 1114 nisi
1176 1072 1402 1115 Narcissus
1431 1073 1619 1116 amoveri
1651 1087 1728 1117 eos
1759 1074 1966 1118 iussisset.
2016 1074 2085 1118 Vi·-

292 1148 453 1192 bidiam
484 1146 703 1205 depellere
733 1147 940 1205 nequivit,
974 1147 1078 1204 quin
1107 1146 1238 1190 multa
1259 1161 1357 1191 cum
1379 1147 1534 1192 invidia
1556 1147 1764 1207 flagitaret
1782 1163 1837 1193 ne
1858 1149 2082 1194 indefensa

292 1224 448 1269 coniux
485 1223 612 1267 exitio
650 1223 838 1267 daretur.
888 1222 1016 1280 igitur
1045 1222 1292 1266 auditurum
1321 1223 1555 1281 principem
1587 1230 1630 1267 et
1657 1224 1747 1268 fore
1777 1224 1969 1268 diluendi
2000 1225 2084 1268 cri-

291 1300 417 1344 minis
437 1299 679 1344 facultatem
698 1297 943 1356 respondit:
975 1297 1056 1341 iret
1077 1297 1243 1341 interim
1264 1298 1383 1355 virgo
1405 1305 1448 1342 et
1468 1312 1590 1342 sacra
1610 1307 1870 1357 capesseret.
1902 1300 1984 1357 (35)
2004 1300 2085 1344 mi-

291 1390 386 1420 rum
417 1375 526 1419 inter
554 1374 664 1419 haec
693 1373 907 1417 silentium
929 1372 1113 1424 Claudii,
1145 1372 1334 1417 Vitellius
1361 1373 1509 1430 ignaro
1537 1375 1736 1432 propior:
1768 1375 1909 1418 omnia
1931 1375 2083 1419 liberto

240 1450 564 1496 mobediebant.
612 1448 807 1508 patefieri
844 1448 1021 1492 domum
1060 1447 1261 1500 adulteri,
1301 1455 1430 1507 atque
1465 1449 1564 1494 illuc
1594 1449 1750 1494 deduci
1783 1451 2083 1508 imperatorem

289 1526 420 1571 iubet.
466 1539 517 1570 ac
547 1525 730 1584 primum
762 1524 804 1567 in
834 1523 1046 1568 vestibulo
1077 1523 1262 1582 effigiem
1291 1526 1425 1582 patris
1445 1524 1533 1568 Silii
1566 1525 1761 1569 consulto
1785 1533 1960 1570 senatus
1978 1525 2083 1570 abo-

232 1648 234 1652 ,
287 1602 404 1647 litam
434 1601 719 1652 demonstrat,
754 1606 858 1651 tum,
891 1599 1096 1657 quicquid
1128 1599 1287 1643 avitum
1306 1600 1549 1644 Neronibus
1568 1607 1610 1644 et
1632 1601 1802 1653 Drusis,
1834 1601 1876 1644 in
1897 1603 2082 1659 pretium

288 1677 436 1737 probri
477 1677 675 1721 cessisse.
722 1675 1032 1733 incensumque
1073 1681 1116 1718 et
1151 1675 1203 1718 ad
1245 1675 1382 1718 minas
1420 1682 1717 1733 erumpentem
1757 1677 1906 1720 castris
1945 1677 2079 1728 infert,

287 1760 436 1812 parata
465 1753 663 1797 contione
694 1751 892 1804 militum;
928 1749 1043 1808 apud
1074 1764 1184 1808 quos
1214 1758 1521 1808 praemonente
1550 1752 1750 1796 Narcisso
1779 1765 1918 1810 pauca
1946 1751 2080 1801 verba

236 1842 273 1872 20
285 1830 402 1875 fecit:
433 1842 531 1873 nam
562 1828 641 1873 etsi
672 1828 830 1871 iustum
860 1825 1055 1870 dolorem
1084 1825 1226 1883 pudor
1255 1826 1527 1884 impediebat.
1569 1827 1793 1871 continuus
1823 1826 1979 1871 dehinc
2007 1840 2082 1871 co-

284 1905 471 1950 hortium
502 1903 662 1949 clamor
691 1902 863 1947 nomina
892 1915 1065 1945 reorum
1097 1908 1139 1944 et
1167 1914 1330 1959 poenas
1359 1901 1660 1961 flagitantium;
1698 1902 1982 1962 admotusque
2013 1902 2080 1947 Si-

285 1981 367 2027 lius
397 1979 597 2026 tribunali
627 1993 713 2025 non
743 1977 1054 2029 defensionem,
1098 1990 1183 2020 non
1212 1991 1356 2022 moras
1386 1978 1624 2036 temptavit,
1657 1984 1856 2036 precatus
1885 1984 1933 2022 ut
1962 1991 2079 2023 mors

284 2056 611 2103 acceleraretur.
643 2054 796 2099 eadem
827 2052 1061 2098 constantia
1089 2059 1131 2096 et
1158 2051 1344 2097 illustres
1372 2053 1540 2117 equites
1562 2054 1750 2098 Romani.
1785 2053 1960 2113 [cupido
1990 2067 2081 2098 ma-

348 2212 382 2245 2.
405 2210 586 2253 infantium
606 2206 823 2251 Nipperdey.
852 2225 888 2231 -
921 2205 952 2238 6.
977 2209 1008 2239 et
1029 2205 1117 2248 tam]
1147 2206 1249 2239 ettam
1271 2206 1304 2240 M
1329 2222 1367 2229 —
1397 2205 1428 2238 7.
1455 2204 1646 2238 brittannici
1669 2205 1703 2239 M
1729 2222 1764 2228 —
1790 2205 1974 2247 obstrepere
1995 2206 2079 2241 Aci-

284 2267 416 2302 dalius:
442 2267 640 2308 obstreperet
661 2266 695 2299 M
721 2282 757 2288 —-
783 2264 815 2297 9.
841 2263 915 2304 quis
936 2263 988 2297 M:
1015 2262 1133 2302 quibus
1153 2262 1270 2305 vulgo.
1299 2281 1334 2286 -
1361 2263 1414 2296 Η.
1440 2263 1522 2304 quin
1544 2263 1650 2295 multa
1671 2272 1747 2296 cum
1770 2263 1816 2295 G:
1844 2263 1926 2304 quid
1945 2262 2079 2296 multa?

282 2335 360 2359 cum
380 2325 414 2359 M
440 2342 475 2349 -
503 2325 556 2358 ts.
581 2325 707 2357 coniux
728 2331 780 2365 pr.
806 2322 856 2355 M:
889 2321 1038 2353 coniunx
1061 2328 1151 2352 corr.
1177 2321 1210 2354 M
1241 2338 1276 2345 -
1312 2320 1365 2353 ⁴3.
1389 2319 1568 2361 respondit]
1593 2321 1618 2353 R
1643 2328 1725 2353 cum
1748 2328 1834 2353 arcu
1857 2319 1890 2353 M
1915 2337 1955 2348 -,
1977 2327 2078 2362 cepe-

281 2385 384 2415 sceret
405 2390 458 2424 pr.
484 2381 518 2415 M
547 2398 579 2404 -
618 2379 671 2413 ⁴4.
697 2379 809 2412 claudi
829 2378 931 2410 iulius
953 2378 986 2411 M
1018 2393 1053 2400 ——
1091 2377 1143 2409 ⁴7.
1169 2377 1297 2409 avitum
1325 2377 1499 2409 Faernus:
1534 2376 1682 2409 habitum
1709 2377 1743 2410 M
1778 2393 1814 2399 —
1847 2373 1956 2417 sitium
1976 2376 2012 2410 M
2036 2388 2074 2400 ⁴·-

282 2439 336 2471 24.
357 2445 464 2483 penas
491 2437 524 2470 M
556 2453 592 2459 —
623 2436 678 2469 22.
700 2432 818 2477 beatus
840 2434 874 2467 M
910 2450 946 2457 —
978 2433 1031 2466 23.
1057 2432 1181 2474 equites
1208 2433 1358 2465 Romani.
1386 2432 1524 2475 [Cupido
1545 2441 1590 2465 m.
1614 2441 1648 2466 n.
1673 2432 1763 2475 fnit]
1785 2432 1829 2465 Et
1849 2431 2074 2475 Nipperdey:

281 2495 405 2535 equites
431 2493 565 2525 romani
595 2491 715 2532 cupido
743 2493 875 2523 mature
896 2489 984 2522 necis
1005 2489 1080 2531 finit.
1106 2491 1137 2521 et
1159 2489 1211 2526 M:
1237 2488 1360 2529 equites
1381 2489 1545 2522 Romanos
1566 2489 1703 2530 cupidos
1723 2497 1769 2522 m.
1785 2498 1821 2522 n.
1844 2489 1923 2531 fecit
1944 2487 2072 2530 vulgo;

281 2550 404 2593 equites
435 2549 576 2582 Romani
609 2547 720 2589 cupidi
752 2555 797 2580 m.
822 2555 856 2578 n.
880 2545 1016 2588 fuerunt
1046 2545 1170 2578 Haase.
1208 2544 1326 2578 Verba
1349 2543 1488 2582 seclusa
1511 2544 1688 2590 glossema
1710 2546 1794 2579 sunt
1815 2544 1872 2579 vel
1894 2544 1940 2578 ad
1961 2542 2074 2578 verba

326 2679 381 2715 34.
406 2689 425 2713 ο
446 2679 579 2722 facinus
601 2678 683 2720 cet.]
714 2678 773 2711 His
803 2677 953 2710 vocibus
980 2676 1037 2710 vel
1060 2678 1154 2710 Mes-

282 2731 414 2766 salinae
438 2729 625 2762 discidium
647 2727 703 2761 vel
730 2727 845 2760 liberti
868 2726 1081 2761 delationem
1104 2727 1154 2760 si—

282 2781 449 2823 gnificare
461 2780 600 2822 poterat
607 2776 775 2817 Vitellius,
791 2778 827 2809 in
839 2785 946 2810 unam
959 2776 1153 2809 alteramve

280 2832 421 2875 partem
440 2829 747 2870 interpretaturus,
772 2827 878 2869 prout
892 2825 1076 2860 Messalina
1094 2827 1154 2858 aut

280 2880 465 2914 Narcissus
495 2877 656 2919 superior
687 2885 729 2909 ex
760 2877 829 2909 hoc
858 2877 1050 2909 certamine
1079 2875 1153 2908 dis-

282 2930 460 2963 cessisset.
485 2928 592 2960 noan.
618 2942 653 2950 —-
680 2935 755 2958 eum
777 2925 971 2968 obstrepere]
995 2925 1083 2958 Vide
1106 2924 1153 2957 ad

325 3030 379 3062 35.
403 3029 526 3071 {qnare
541 3025 694 3067 propior]
719 3024 913 3058 Simulabat
931 3033 969 3058 se
986 3032 1064 3057 rem
1080 3033 1151 3057 nou

279 3087 427 3122 prorsus
451 3076 672 3118 compertam
694 3073 841 3107 habere.
869 3092 903 3099 -
938 3075 974 3107 tn
994 3074 1153 3107 vestibula

281 3130 422 3172 effigiem
438 3126 552 3169 patris
571 3125 624 3168 S.)
645 3126 684 3158 In
708 3125 796 3157 atrio
818 3126 894 3157 sive
916 3125 952 3158 in
975 3123 1150 3157 vestibulo

280 3179 423 3212 aedium
435 3177 607 3218 imagines
619 3175 806 3214 maiorum,
815 3175 865 3206 uti
876 3175 934 3207 hic
947 3174 1015 3207 Silii
1028 3174 1147 3217 patris.

261 3226 350 3262 'Sed
373 3227 469 3261 enim
485 3226 587 3260 Silius
605 3224 741 3267 legatus
756 3223 839 3256 oiim
855 3225 1045 3266 superioris
1062 3225 1150 3256 Ger-

281 3280 419 3311 maniae
451 3277 637 3310 damnatus
669 3274 818 3308 crimine
848 3274 1040 3307 maiestatis
1066 3282 1148 3306 cum

279 3336 389 3362 uxore
412 3328 510 3360 Sosia
534 3324 629 3359 Galla
654 3323 702 3365 (4,
729 3323 799 3365 ⁴9);
824 3323 977 3364 ideoque
1002 3325 1038 3355 et
1060 3324 1150 3356 ima-

280 3378 379 3419 gines
393 3376 556 3416 abolitae,
582 3383 671 3417 ques
692 3375 813 3407 tamen
828 3371 919 3405 fliius
934 3373 1145 3405 restituerat.

1203 2677 1332 2710 avum
1352 2677 1538 2710 Neronibus
1559 2679 1589 2710 et
1611 2675 1745 2718 Drusis}
1766 2675 1817 2709 Cf.
1843 2685 1876 2709 c.
1903 2676 1944 2709 Β
1963 2676 1999 2709 et
2015 2675 2071 2710 80.

1207 2744 1242 2751 —-
1267 2727 1410 2760 illustres
1431 2727 1554 2768 equites
1576 2726 1628 2768 st]
1659 2726 1808 2759 Nomina
1836 2733 1961 2759 eorum
1985 2726 2074 2758 reti-

1203 2778 1344 2815 centum
1370 2776 1476 2820 paulo
1489 2778 1570 2820 post
1585 2777 1646 2818 qui
1662 2777 1888 2809 nominantur
1903 2775 1960 2809 alii
1974 2776 2069 2817 suat,

1203 2829 1238 2859 et
1260 2827 1296 2860 in
1318 2827 1360 2860 iis
1383 2828 1480 2860 certe
1498 2827 1605 2859 Titius
1624 2824 1792 2859 Proculus
1809 2824 1928 2858 oblato
1943 2825 2073 2859 indicio

1202 2885 1355 2919 poenam
1379 2877 1549 2909 vitaturus
1571 2875 1719 2908 minime
1734 2875 1884 2917 cupidus
1906 2875 1971 2908 fuit
1992 2883 2072 2909 ma—

1202 2928 1300 2958 turae
1325 2926 1434 2959 necis.
1467 2927 1574 2959 Recte
1596 2925 1702 2967 igitur
1723 2924 1867 2958 codices
1889 2928 1921 2958 et
1941 2924 2074 2968 (otton)

1201 2976 1327 3009 Titium
1351 2977 1419 3009 eet.
1444 2976 1576 3009 Rirrnn.
1606 2991 1641 2999 --
1666 2975 1833 3008 custodem
1847 2984 1871 3008 a
1886 2975 2073 3009 Sittena·-

1200 3025 1328 3058 salinae
1348 3026 1476 3068 datum]
1509 3026 1589 3058 Sine
1614 3023 1722 3057 dubio
1744 3023 1818 3064 ma,
1851 3026 1967 3058 castas
1988 3024 2071 3058 imi-

1201 3077 1289 3116 tata,
1319 3084 1385 3118 per
1414 3074 1600 3108 blanditias
1624 3075 1719 3107 hunc
1741 3070 1877 3109 ἀοιδὸν
1898 3083 1919 3107 a
1942 3075 2069 3108 marito

1201 3134 1293 3158 novo
1316 3125 1392 3168 ipsa
1415 3126 1539 3167 exegit.
1566 3123 1732 3158 Martialis
1754 3125 1808 3165 ⁴0,
1831 3124 1891 3158 69:
1915 3123 2070 3157 moen

1199 3175 1278 3215 aas,
1302 3175 1409 3215 Polie,
1432 3175 1524 3215 viro,
1548 3183 1615 3207 non
1637 3175 1762 3215 act-ipis
1774 3174 1858 3215 ipso.
1891 3172 1982 3207 Talis
1995 3171 2066 3214 ille,

1200 3225 1260 3266 qui
1293 3225 1464 3258 (tantinum
1495 3233 1555 3256 nee
1583 3224 1638 3257 νὴ
1667 3232 1727 3256 nec
1754 3221 2069 3265 fen-masmabat

1199 3273 1372 3307 adversus
1394 3275 1571 3307 Nasonem
1595 3274 1683 3315 (Am.
1709 3274 1742 3313 2,
1766 3272 1798 3312 3.
1825 3272 1868 3313 t).
1893 3270 2071 3306 luvenalis

1199 3323 1231 3362 6,
1257 3322 1338 3356 347:
1375 3324 1449 3364 qais
1476 3323 1642 3355 custodiat
1671 3323 1758 3363 ipsos
1783 3322 1955 3354 custodes?
1976 3321 2003 3354 1.
2027 3321 2065 3357 Β.

1199 3373 1346 3405 Gnouov.
1367 3389 1403 3396 -—
1427 3373 1588 3405 indict-um
1609 3370 1808 3413 offerenmn}
1835 3369 1885 3403 Cf.
1916 3371 1948 3411 6,
1974 3370 2007 3404 3.
2030 3370 2068 3407 ¹1³.

280 3425 493 3459 criminatur
507 3433 591 3466 ergo
607 3423 641 3457 id
657 3422 817 3456 libertus.
835 3422 923 3454 Lirs.
938 3439 971 3445 —
987 3421 1147 3463 quicquid
1197 3439 1242 3446 —
1270 3422 1406 3455 Vettium
1430 3421 1605 3463 Valentem]
1631 3420 1681 3454 Cf.
1708 3429 1740 3453 c.
1765 3419 1819 3452 3⁴.
1849 3437 1883 3445 ·-
1907 3420 2006 3454 vadi
2020 3419 2071 3454 οὔ
