2254 3770
241 281 324 326 ⁴70
726 286 771 329 Ρ.
805 283 1055 329 CORNELII
1084 283 1254 328 TACITI
1283 282 1553 328 ANNALIUM

239 401 291 432 ac
319 389 492 434 vitricus
524 390 665 435 Sullae
696 397 738 434 et
767 396 984 434 oratorum
1013 405 1062 434 ea
1097 396 1235 435 aetate
1272 389 1516 433 uberrimus
1552 394 1655 433 erat.
1695 389 1812 433 idem
1842 387 2029 433 Corbulo

238 462 421 521 plurima
456 479 537 523 per
573 466 732 510 Italiam
771 466 924 510 itinera
962 465 1110 510 fraude
1147 465 1391 522 mancipum
1428 470 1470 508 et
1507 465 1671 508 incuria
1708 464 2029 522 magistratuum

238 538 475 597 interrupta
504 548 546 584 et
576 541 766 599 inpervia
796 540 1050 585 clamitando
1082 540 1403 585 exsecutionem
1433 540 1525 584 eius
1563 540 1719 598 negotii
1756 539 1892 584 libens
1933 553 2030 583 sus-

239 615 372 672 cepit3
409 616 526 673 quod
563 616 675 660 haud
704 616 883 674 perinde
912 616 1084 674 publice
1114 616 1210 659 usui
1240 615 1431 659 habitum
1461 629 1588 674 quam
1619 615 1844 659 exitiosum
1873 614 2028 667 multis,

207 702 424 748 equorum
452 691 494 733 in
523 692 751 749 pecuniam
779 698 907 750 atque
938 693 1091 736 famam
1121 690 1463 735 damnationibus
1494 697 1536 734 et
1566 690 1686 735 hasta
1714 689 1944 735 saeviebat.

353 766 434 822 (3⁶2)
464 768 614 825 Neque
650 766 782 810 multo
820 773 916 825 post
951 768 1093 810 missis
1134 767 1188 810 ad
1225 772 1421 811 senatum
1455 765 1604 810 litteris
1639 766 1832 810 Tiberius
1870 771 2028 810 motam

239 855 411 884 rursum
440 842 621 885 Africam
650 842 826 885 incursu
856 842 1126 886 Tacfarinatis
1158 836 1318 892 docuit,
1364 842 1611 900 iudicioque
1640 848 1809 900 patrum
1837 841 2030 900 deligen-

240 915 342 959 dum
373 930 451 974 pro
482 917 657 961 consule
688 931 867 975 gnarum
899 917 1081 968 militiae,
1115 931 1297 975 corpore
1327 916 1515 960 validum
1536 923 1578 961 et
1605 916 1717 961 bello
1738 917 2028 962 suffecturum.

240 991 355 1049 quod
395 992 559 1036 initium
597 994 691 1036 Sex.
729 994 960 1051 Pompeius
1000 993 1185 1050 agitandi
1225 992 1434 1036 adversus
1471 993 1658 1037 Marcum
1698 993 1907 1052 Lepidum
1941 992 2029 1037 odii

190 1079 227 1108 ιο
239 1073 429 1116 nanctus,
464 1074 508 1111 ut
538 1068 776 1117 socordem,
809 1069 982 1127 inopem
1011 1075 1053 1112 et
1080 1068 1316 1124 maioribus
1345 1068 1434 1111 suis
1456 1067 1717 1112 dedecorum
1739 1082 1880 1127 eoque
1901 1068 2029 1112 etiam

238 1142 364 1186 Asiae
394 1149 509 1186 sorte
540 1143 843 1202 depellendum
872 1144 1100 1194 incusavit,
1133 1143 1316 1187 adverso
1347 1149 1508 1194 senatu,
1541 1144 1614 1202 qui
1644 1143 1853 1202 Lepidum
1881 1144 2028 1188 mitem

239 1218 374 1275 magis
405 1232 534 1276 quam
562 1219 781 1276 ignavum,
824 1226 1023 1277 paternas
1055 1220 1094 1263 ei
1125 1220 1342 1277 angustias
1373 1225 1415 1263 et
1444 1219 1706 1263 nobilitatem
1740 1220 1832 1263 sine
1867 1219 2028 1278 probro

240 1298 379 1337 actam
400 1293 549 1337 honori
570 1308 697 1352 quam
719 1295 975 1352 ignominiae
996 1294 1238 1339 habendam
1258 1295 1454 1339 ducebat.
1487 1295 1616 1352 igitur
1634 1295 1792 1339 missus
1812 1295 1855 1338 in
1870 1295 2028 1357 Asiam.

240 1373 283 1412 et
312 1369 366 1412 de
396 1369 533 1413 Africa
563 1369 783 1414 decretum
812 1376 858 1413 ut
888 1370 1047 1414 Caesar
1075 1370 1238 1428 legeret
1267 1371 1335 1414 cui
1364 1370 1608 1414 mandanda
1635 1371 1754 1415 foret.

190 1454 227 1484 ⁴5
353 1444 433 1501 (33)
465 1445 578 1488 Inter
608 1459 720 1504 quae
751 1446 938 1490 Severus
970 1446 1151 1490 Caecina
1182 1446 1347 1490 censuit
1375 1460 1429 1490 ne
1460 1460 1591 1504 quem
1619 1446 1922 1504 magistratum,
1959 1445 2027 1493 cui

304 1609 335 1641 4.
361 1617 402 1641 ea
429 1609 623 1644 Ferrettus:
661 1620 732 1643 om.
764 1612 797 1644 M
831 1629 867 1635 -
905 1611 937 1645 9.
969 1613 1124 1645 Marcum
1155 1611 1336 1654 (omnihus
1365 1612 1505 1654 litteris)
1531 1613 1581 1646 M:
1616 1612 1771 1645 Manium
1795 1611 1961 1654 Ryckius.
1989 1629 2023 1636 —

240 1664 293 1698 40.
318 1667 458 1697 nanctus
481 1675 532 1707 pr.
558 1667 613 1699 M:
650 1670 768 1699 nactus
796 1676 887 1700 corr.
913 1669 945 1701 M
972 1686 1009 1691 -
1045 1669 1098 1702 44.
1123 1668 1277 1709 lepidum.
1306 1669 1386 1702 Item
1407 1670 1515 1711 magis
1537 1669 1571 1702 M
1594 1668 1769 1710 (Lepidum
1789 1669 1901 1702 mitem
1920 1669 2030 1711 mavis

240 1722 373 1764 margo)
401 1740 435 1745 —
466 1724 517 1756 45.
542 1724 666 1765 Interq;
690 1725 723 1758 Μ
742 1742 775 1748 -
801 1734 877 1766 neq;
899 1726 1136 1767 magistratum
1155 1726 1200 1759 M.

239 1865 373 1908 penult.
410 1868 445 1899 et
474 1866 535 1900 ult.
568 1868 612 1900 de
643 1868 767 1901 incest.
801 1870 837 1902 et
866 1869 975 1902 inutil.
1009 1871 1107 1911 nupt.

239 1916 329 1949 Infra
348 1917 380 1956 6,
395 1918 436 1949 29
460 1919 581 1950 Scauri
604 1927 693 1950 uxor
715 1920 828 1951 Sextia
847 1920 986 1952 dicitur.
1005 1920 1107 1952 vax.

239 1985 283 1991 -
306 1971 479 2000 oratorum
502 1978 542 2000 ea
565 1972 674 2001 aetate
696 1969 893 2011 uberrimus]
919 1970 969 2003 Cf.
996 1970 1026 2009 6,
1053 1971 1107 2003 29.

243 2034 278 2039 —
305 2018 390 2049 idem
414 2018 552 2051 Corbulo
577 2019 662 2061 cet.]
699 2020 761 2051 Dio
785 2020 845 2059 59,
874 2021 931 2052 45:
969 2020 1110 2061 Γναῖος

240 2067 420 2110 Δοιιίτιος
457 2067 690 2115 Κορβούλων
734 2066 946 2112 βουλευτὴς
982 2068 1110 2112 κακῶς

240 2118 301 2151 ἐπὶ
325 2116 393 2151 τοῦ
411 2118 587 2165 Τιβερίου
610 2117 677 2160 τὰς
693 2116 808 2161 ὁδοὺς
823 2118 993 2161 ἐχούσας
1010 2117 1073 2167 ὁρ
1070 2119 1110 2153 ἵν

239 2171 321 2209 τοῖς
349 2178 389 2201 τε
411 2168 655 2213 ἐπιμεληταῖς
683 2166 810 2203 αὐτῶν
832 2166 893 2203 ἀεί
915 2180 1007 2203 ποτε
1029 2171 1110 2204 ε”νέ-

239 2228 344 2251 κειτο
366 2220 466 2252 καὶ
455 2221 612 2266 προσέτι
634 2221 698 2253 καὶ
721 2219 767 2267 τῇ
791 2222 973 2267 γερουσία
993 2217 1110 2279 ‹3227-

240 2266 307 2315 ρὸς
349 2265 443 2316 ὑπὲρ
477 2267 603 2302 αὐτῶν
637 2270 814 2314 ἐγίγνετο.
865 2270 1002 2304 τοῦτον
1040 2272 1110 2304 οὐν

240 2317 473 2365 παραλαβών
508 2321 694 2362 (Caligula)
726 2321 883 2354 ἐπέθετο
912 2321 958 2355 δι’
989 2318 1108 2355 αὐτοῦ

240 2368 357 2402 πᾶσιν
381 2367 454 2409 οὐχ
479 2365 539 2403 ὅτι
561 2375 641 2412 τοῖς
662 2370 794 2412 ζῶσιν,
819 2368 916 2404 ἀλλὰ
941 2373 1006 2405 καὶ
1028 2376 1110 2413 τοῖς

239 2418 491 2463 τεθνηκόσιν,
539 2417 627 2454 ὅσοι
669 2421 761 2454 ποτε
799 2421 998 2455 ἐπιστάται
1034 2421 1109 2455 τῶν

242 2466 340 2502 ὁδῶν
374 2469 615 2514 ἐγεγόνεισαν
650 2472 714 2504 καὶ
753 2471 935 2518 χρήματα
968 2473 1007 2514 ἐς
1041 2472 1110 2514 τὰς

240 2518 481 2561 κατασκευὰς
511 2519 637 2554 αὐτῶν
665 2519 796 2564 εἰλήφε
786 2533 907 2563 ισαν,
940 2523 1110 2564 ἐκείνους

240 2579 281 2603 τε
311 2571 376 2603 καὶ
403 2569 492 2612 τοὺς
515 2571 852 2617 εργολαβήσαντάς
873 2583 909 2606 τι
932 2574 1015 2620 παρ’
1039 2571 1109 2607 αῦ-

240 2630 316 2653 των
339 2617 390 2661 ὥς
415 2617 525 2654 οὐδὲν
548 2619 595 2664 δὴ
619 2620 914 2665 ὃαπανησαντας
937 2625 1106 2668 εζηιιίου.

241 2670 301 2711 ἐφ’
320 2664 366 2704 οὗ
382 2667 467 2713 δὴ“
447 2683 469 2704 ο
486 2671 719 2727 Κορβούλων
735 2672 821 2706 τότε
835 2674 907 2716 ιιὲν
923 2678 966 2716 (a.
986 2684 1020 2708 u.
1035 2675 1108 2716 792)

241 2717 473 2761 ὑπάτευσεν,
504 2716 664 2768 ὕστεοον
687 2722 727 2756 δὲ
750 2723 809 2757 επὶ
833 2724 1024 2758 Κλαυδίου
1048 2726 1110 2757 αῖ-

241 2773 326 2805 τὶαν
347 2767 439 2811 ε’σχε
456 2773 520 2804 καὶ
537 2769 719 2816 εὐθύνθη.
741 2792 777 2797 -
795 2775 996 2817 mancipum]
1013 2777 1110 2808 Man-

241 2823 345 2863 cipes,
382 2822 422 2854 οἱ
456 2822 784 2881 ἐργολαβήσαντες
825 2826 1108 2867 (entrepreneurs,

241 2872 444 2915 impr-osam,
471 2874 570 2914 «hic,
597 2875 657 2915 qui
679 2875 753 2908 vias
771 2875 927 2917 publicas
944 2876 1108 2908 reficien-

243 2922 306 2956 das
329 2924 498 2964 quaestus
521 2925 574 2956 sui
599 2933 705 2957 causa
727 2925 963 2958 redimebant.
1001 2926 1108 2967 Hygi-

243 2981 327 3005 nus:
366 2974 444 3005 Viae
468 2973 622 3014 publicae
646 2978 677 3006 et
698 2979 868 3007 curatores
890 2976 1058 3017 accipiunt
1080 2979 1111 3008 et

237 3033 302 3064 per
322 3024 542 3064 redemptores
562 3024 770 3057 muniuntur.
803 3026 904 3067 Lapis
928 3035 984 3067 ap.
1011 3027 1107 3058 Grut.

243 3083 277 3115 p.
303 3074 385 3113 622,
416 3074 455 3106 2:
491 3074 557 3106 CN.
590 3073 811 3107 CORNELIO.
845 3076 910 3108 CN.
942 3077 979 3108 F.
1016 3076 1107 3108 SAB.

242 3123 428 3156 MVSAEO.
445 3123 630 3156 MANCIPI.
653 3124 758 3155 VIAE.
776 3125 933 3157 ΑΡΡΙΑΕ.
964 3126 1050 3158 Lips.
1070 3143 1106 3148 —

241 3173 512 3216 mayistratuum]
537 3174 624 3206 Sunt
648 3175 830 3207 curatores
853 3175 1000 3213 viarum,
1027 3175 1110 3208 ε’πι-

244 3223 405 3266 μεληταὶ
428 3222 502 3256 τῶν
526 3219 625 3256 ὁδῶν
646 3224 763 3263 Dioni,
797 3232 904 3265 saepe
928 3226 961 3256 in
986 3226 1110 3258 inscri-

244 3273 424 3315 ptionibus
458 3273 667 3312 memorati;
709 3273 852 3306 instituti
894 3274 1031 3306 fuerant
1065 3275 1109 3307 ab

245 3325 411 3363 Augusto.
449 3324 498 3356 Cf.
526 3325 668 3356 sueton.
687 3323 806 3355 octav.
824 3322 875 3355 37.
914 3324 1025 3362 Quam
1050 3325 1113 3357 ho-

247 3373 431 3406 norificum
463 3374 498 3406 id
521 3382 650 3407 munus
675 3373 795 3411 fuerit,
829 3373 925 3405 disce
950 3382 992 3405 ex
1014 3373 1111 3406 Plinii

246 3423 333 3466 Epp.
359 3425 390 3464 5,
410 3425 461 3457 45.
491 3441 526 3448 -
552 3423 706 3467 quorum]
732 3421 884 3465 intellige
909 3423 954 3455 de
977 3424 1112 3456 manci-

1159 1869 1264 1911 pibus
1288 1871 1324 1903 et
1346 1869 1567 1902 curatoribus
1583 1870 1732 1903 viarum.
1754 1887 1789 1895 -
1813 1869 1919 1912 hasta]
1942 1878 2030 1903 ven-

1160 1920 1285 1953 dendis
1311 1920 1558 1953 damnatorum
1585 1919 1698 1953 bonis.

1203 1971 1256 2003 32.
1283 1971 1361 2003 Sex.
1385 1969 1567 2011 Pompei-as]
1604 1969 1726 2003 consul
1750 1978 1782 2002 a.
1807 1970 1884 2003 767.
1916 1969 1967 2003 Cf.
1994 1971 2026 2011 4,

1159 2023 1177 2054 7
1210 2022 1241 2062 3,
1261 2022 1313 2054 44.
1335 2039 1370 2044 -
1395 2022 1442 2054 Μ.
1458 2020 1627 2062 Lepidum]
1645 2019 1826 2053 consulem
1844 2029 1877 2053 a.
1895 2029 1931 2053 u.
1950 2021 2026 2054 759.

1160 2072 1210 2104 Cf.
1236 2073 1274 2111 2,
1301 2071 1354 2104 48.
1381 2070 1417 2110 3,
1442 2070 1496 2102 72.
1523 2071 1560 2109 6,
1586 2069 1641 2102 40.
1670 2088 1706 2093 -
1741 2070 1899 2112 nanetus]
1934 2071 2029 2103 Haec

1159 2121 1330 2164 participii
1355 2120 1467 2153 forma
1490 2119 1642 2162 legitima
1659 2119 1732 2152 fuit..
1757 2121 1955 2158 Priscianus
1972 2120 2026 2161 40,

1159 2172 1190 2212 4,
1216 2173 1253 2204 2⁴
1283 2172 1334 2213 (p.
1360 2171 1423 2203 888
1447 2171 1519 2210 P.):
1553 2170 1730 2202 nanciscor
1761 2171 1860 2202 etiam
1893 2173 2030 2203 nactum

1156 2224 1239 2265 facit
1261 2222 1382 2262 absque
1403 2231 1444 2260 n,
1470 2223 1507 2252 ut
1527 2220 1632 2252 Probo
1655 2223 1686 2252 et
1708 2220 1817 2261 Capro
1839 2223 1870 2252 et
1891 2220 2029 2253 Pollioni

1159 2277 1189 2305 et
1209 2273 1314 2305 Plinio
1335 2272 1456 2312 placet.
1485 2288 1521 2293 —
1551 2270 1649 2302 Asiae
1677 2273 1764 2302 sorte
1793 2270 2027 2311 depellendum]

1159 2324 1281 2356 Sortiri
1314 2321 1476 2356 solebant
1508 2321 1708 2363 provincias
1738 2320 1855 2354 Asiam
1880 2321 1916 2353 et
1938 2320 2030 2353 Afri-

1159 2383 1237 2407 cam
1262 2374 1332 2406 duo
1357 2371 1596 2405 consularium
1612 2372 1770 2404 omnium
1787 2371 2027 2404 vetustissimi.

1160 2426 1294 2458 Horum
1322 2424 1478 2465 priorem
1509 2422 1615 2454 fuisse
1646 2420 1834 2454 Aemilium
1858 2420 2028 2463 Lepidum

1159 2475 1370 2516 accipimus:
1388 2474 1435 2505 ita
1453 2473 1497 2505 ad
1513 2473 1607 2505 hunc
1622 2473 1692 2504 iam
1709 2472 1788 2504 Asia
1806 2472 1899 2513 (cum
1915 2470 2030 2504 Africa

1160 2526 1256 2558 extra
1280 2524 1440 2556 ordinem
1458 2523 1544 2555 sorti
1561 2522 1724 2564 exempta
1741 2521 1846 2562 esset)
1864 2521 1939 2554 sine
1955 2529 2032 2553 sor-

1159 2576 1279 2608 titione
1313 2573 1524 2620 pertinebat.
1573 2574 1693 2614 ltaque
1725 2570 1807 2604 nihil
1843 2569 1937 2603 aliud
1971 2571 2029 2604 bic

1159 2627 1276 2658 Tacito
1299 2634 1370 2656 sors
1392 2632 1499 2665 quam
1524 2623 1721 2665 provincia,
1746 2622 1820 2654 sive
1843 2622 1939 2653 sorte
1963 2628 2029 2653 seu

1159 2676 1233 2708 sine
1258 2676 1353 2708 sorte
1377 2673 1586 2713 haberetur,
1613 2672 1693 2704 ideo
1718 2672 1799 2712 quia
1822 2671 1886 2703 rite
1902 2679 1945 2702 ac
1960 2669 2030 2702 sol-

1158 2724 1321 2757 lemniter
1355 2733 1425 2756 non
1459 2724 1525 2756 nisi
1560 2731 1625 2764 per
1652 2723 1786 2754 sortem
1813 2719 2026 2760 habebatur,

1158 2777 1196 2808 ut
1229 2775 1301 2807 Liv.
1335 2774 1396 2812 42,
1432 2773 1492 2806 3⁴:
1532 2773 1617 2805 Illud
1650 2779 1779 2812 quoque
1807 2771 2029 2811 praecipuum

1158 2827 1273 2858 datum
1305 2824 1387 2856 sorti
1424 2823 1637 2856 Macedoniae
1661 2824 1698 2853 ut
1730 2820 1936 2853 centuriones
1960 2820 2028 2852 mi-

1157 2877 1292 2915 litesque
1313 2878 1437 2910 vetoees
1458 2872 1628 2912 scriberet,
1655 2879 1736 2913 quos
1756 2870 1869 2909 vellet,
1901 2870 2025 2903 consul.

1158 2944 1207 2951 —-
1230 2926 1353 2966 Neque
1377 2922 1537 2963 depellere
1558 2921 1659 2954 aliter
1686 2920 1814 2953 dicitur
1828 2928 1934 2961 quam
1958 2921 2029 2953 dei-

1156 2985 1230 3009 cere
1251 2975 1374 3006 honore
1396 2974 1491 3005 Livio
1513 2971 1551 3012 4,
1573 2971 1626 3004 44.
1653 2971 1707 3008 39,
1732 2970 1767 3003 44
1797 2971 1834 3002 et
1856 2971 2030 3004 detrudere

1158 3025 1323 3060 Suetonio
1356 3026 1391 3056 in
1428 3024 1529 3056 Caes.
1566 3021 1628 3054 24:
1665 3020 1801 3054 Domitii
1835 3021 2028 3053 detrudendi

1157 3085 1277 3113 cau-sm
1304 3083 1373 3107 non
1397 3082 1494 3113 sane,
1519 3079 1627 3114 quem
1651 3071 1722 3103 iam
1739 3069 1937 3110 habebant,
1961 3070 2027 3104 sed

1160 3134 1267 3167 quem
1302 3123 1488 3167 petebant,
1525 3130 1588 3164 spe
1622 3122 1758 3153 tantum
1789 3121 1824 3152 et
1848 3120 1937 3152 votis
1959 3119 2027 3153 sibi

1159 3174 1440 3218 despondebant.
1465 3174 1490 3205 1.
1509 3173 1543 3205 F.
1571 3170 1674 3204 cnon.
1706 3170 1757 3204 Cf.
1783 3170 1815 3209 3,
1840 3169 1893 3203 58.
1912 3169 1965 3202 72.
1989 3187 2020 3195 -

1156 3225 1327 3268 paternas]
1345 3233 1364 3256 a
1378 3223 1477 3266 patre
1494 3223 1601 3259 ortas,
1617 3229 1686 3253 non
1703 3220 1812 3262 ipsius
1827 3217 1929 3260 culpa
1945 3227 2028 3251 con-

1160 3278 1301 3309 tractas.
1321 3292 1357 3298 —-
1383 3274 1452 3306 sine
1469 3272 1604 3314 probro]
1629 3279 1696 3303 nec
1719 3268 1824 3302 illiciti
1843 3270 2025 3310 quaestus,

1161 3335 1231 3368 quo
1247 3333 1334 3367 opes
1350 3332 1475 3366 parare
1492 3323 1624 3364 posset,
1641 3328 1757 3362 neque
1773 3317 1876 3352 ullius
1891 3318 2023 3360 flagitii.

1163 3392 1198 3398 -
1225 3374 1342 3407 honori
1365 3382 1467 3414 quam
1488 3370 1700 3414 cqnomtniae]
1731 3368 1820 3401 Vide
1843 3368 1889 3401 ad
1911 3371 1943 3410 4,
1968 3369 2023 3403 58.

1204 3424 1257 3457 33.
1283 3424 1424 3457 Severus
1452 3421 1611 3464 Caecina]
1647 3419 1698 3454 Cf.
1727 3427 1759 3452 0.
1783 3418 1838 3452 48.
1862 3437 1907 3444 -
1935 3428 2026 3453 wer
