2254 3770
279 259 306 301 8
761 261 806 303 P.
839 258 1087 304 CORNELII
1117 256 1284 301 TACITI
1313 253 1580 299 ANNALIUM

277 366 412 425 magis
442 366 535 410 falsi
565 380 616 411 ac
644 366 887 410 festinantes
917 364 1120 422 vultuque
1150 361 1404 420 composito,
1437 374 1491 404 ne
1520 359 1617 403 laeti
1648 371 1827 403 excessu
1849 356 2053 416 principis

278 455 362 486 neu
384 442 590 486 tristiores
620 440 874 500 primordio,
905 439 1101 483 lacrimas
1131 437 1351 494 gaudium,
1384 441 1561 493 questus
1589 432 1874 477 adulationem
1900 433 2055 476 misce-

277 517 391 561 bant

451 518 545 561 Sex.
584 516 813 574 Pompeius
843 522 884 559 et
914 516 1008 558 Sex.
1039 513 1240 571 Apuleius
1270 509 1468 555 consules
1506 508 1631 566 primi
1669 509 1711 552 in
1739 508 1873 552 verba
1900 505 2055 551 Tiberii

281 592 476 637 Caesaris
506 592 721 641 iuravere.
762 597 949 648 aputque
979 603 1054 633 eos
1085 588 1208 632 Seius
1239 586 1390 630 Strabo
1421 591 1462 629 et
1494 585 1538 628 C.
1559 584 1806 634 Turranius,
1837 582 1907 627 ille
1931 596 2058 641 prae-

248 667 484 712 storiarum
514 666 749 710 cohortium
777 664 1035 723 praefectus,
1078 663 1147 707 hic
1177 675 1390 713 annonae3
1426 673 1526 703 mox
1562 665 1734 703 senatus
1770 657 1980 717 milesque
2016 664 2059 702 et

279 742 477 801 populus.
520 755 618 786 nam
648 740 840 784 Tiberius
871 746 1022 784 cuncta
1051 753 1129 797 per
1159 737 1355 783 consules
1386 734 1629 792 incipiebat,
1662 740 1878 792 tamquam
1910 739 2057 778 vetere

280 832 327 861 re
357 817 528 875 publica
568 822 610 861 et
646 815 869 873 ambiguus
899 814 1148 872 imperandi.

1193 827 1246 856 ne
1277 812 1462 856 edictum
1493 809 1687 868 quidem,
1726 822 1813 867 quo
1841 814 1985 867 patres
2015 810 2058 852 in

281 893 442 936 curiam
470 891 668 942 vocabat,
701 890 781 934 nisi
810 890 1060 933 tribuniciae
1081 888 1298 946 potestatis
1324 885 1659 944 praescriptione
1692 886 1833 942 posuit
1861 884 1942 928 sub
1971 885 2060 928 Au-

282 975 404 1025 gusto
435 973 649 1025 acceptae.
694 966 827 1009 verba
857 965 984 1008 edicti
1014 964 1132 1008 suere
1162 976 1300 1021 pauca
1331 968 1372 1005 et
1400 974 1529 1004 sensu
1559 959 1854 1017 permodesto:
1898 959 1952 1004 de
1981 959 2059 1003 ho-

232 1056 269 1087 to
282 1042 457 1087 noribus
485 1042 672 1100 parentis
702 1040 1011 1089 consulturum,
1043 1053 1184 1097 neque
1209 1037 1444 1082 abscedere
1475 1050 1501 1078 a
1529 1048 1733 1093 corpore,
1765 1034 1896 1093 idque
1924 1050 2075 1079 unum*

283 1132 336 1162 ex
363 1117 546 1175 publicis
576 1116 821 1160 muneribus
850 1129 1072 1173 usurpare.
1123 1114 1198 1158 sed
1221 1113 1417 1157 defuncto
1441 1114 1627 1168 Augusto
1649 1111 1814 1168 signum
1834 1111 2058 1168 praetoriis

284 1191 530 1237 cohortibus
558 1198 605 1235 ut
633 1192 862 1250 imperator
892 1190 1085 1243 dederat,
1123 1189 1327 1234 excubiae
1358 1201 1475 1231 arma
1504 1193 1648 1230 cetera
1681 1185 1823 1238 aulae3
1860 1185 1982 1229 miles
2017 1185 2060 1228 in

349 1370 381 1402 2.
406 1368 533 1401 tristior
554 1368 588 1401 M
615 1368 788 1408 (tristiores
816 1368 951 1408 margo)
977 1384 1013 1389 —
1046 1369 1197 1407 quaestus
1212 1366 1246 1399 M
1273 1381 1308 1389 —
1338 1365 1563 1398 adulationem
1586 1364 1765 1397 Heinsius:
1796 1363 1986 1396 adulatione
2005 1363 2060 1401 M;

285 1425 490 1459 adulationes
512 1424 660 1466 Lipsius.
689 1441 724 1446 —
751 1423 782 1456 3.
808 1421 894 1456 coiis.
919 1423 953 1456 M
979 1439 1014 1446 -
1037 1422 1157 1464 primi]
1182 1423 1399 1464 postremam
1421 1420 1572 1454 litteram
1595 1421 1629 1453 in
1657 1419 1760 1463 paulo
1783 1420 1916 1453 maiore
1939 1427 2063 1452 rasura

285 1480 394 1515 habet:
415 1481 450 1514 M
467 1498 498 1504 —
528 1479 562 1514 4.
587 1479 766 1513 selustrabo
789 1480 822 1513 M
845 1478 951 1521 (Seius
972 1479 1082 1512 strabo
1105 1480 1253 1520 margo).

329 1638 360 1671 7.
385 1637 472 1679 falsi]
497 1636 633 1670 Sallust.
660 1636 756 1670 Catil.
784 1637 842 1669 ⁴0:
876 1635 1010 1668 ambitio
1032 1637 1150 1668 multos

284 1688 435 1721 mortalis
449 1687 550 1728 falsos
562 1687 637 1728 fleri
651 1686 840 1727 subeyit.*—
867 1695 906 1718 ne
929 1687 1006 1718 laeti
1021 1704 1040 1710 -
1051 1705 1071 1711 -
1086 1696 1149 1719 neu

285 1738 455 1778 tristiores]
490 1738 620 1769 essent.
658 1736 708 1769 Cf.
740 1736 826 1768 Hist.
854 1736 890 1775 4,
926 1736 984 1768 85:
1025 1737 1151 1768 arduus

285 1797 399 1821 rerum
414 1787 560 1819 omnium
574 1787 699 1826 modus,
724 1795 765 1818 ne
779 1789 959 1818 contumax
973 1787 1148 1826 silentium,

285 1847 326 1870 ne
352 1841 501 1878 suspecta
531 1837 674 1869 libertas.
703 1854 739 1859 —
770 1839 898 1876 questus
928 1836 1150 1868 adulationem

284 1887 477 1929 miscebant]
510 1888 560 1919 De
589 1886 688 1919 verbi
723 1886 859 1918 miscere
889 1888 1148 1919 constructione

286 1937 380 1977 ci.3,
406 1937 459 1969 67.
486 1937 620 1976 Hisne,
646 1936 698 1968 70.
726 1936 758 1974 3,
783 1936 836 1968 74.
869 1935 900 1975 4,
926 1935 979 1968 47.
1004 1937 1147 1969 —Sex.

285 1987 456 2027 Pompeius
479 1989 508 2018 et
523 1986 601 2018 Sex.
620 1985 785 2026 Apuleius]
810 1986 860 2017 De
877 1985 930 2017 his
948 1985 1149 2019 consulibus

286 2038 349 2070 Dio
374 2036 432 2075 56,
458 2035 518 2068 29:
557 2037 750 2086 συγγενεῖς
782 2045 833 2081 πῃ
864 2033 932 2068 τοῦ
956 2035 1150 2081 Καίσαρος

286 2083 511 2130 Αὐγούστου
542 2081 647 2126 ὀντες
677 2085 809 2131 ήρχον.
851 2086 928 2118 Sex.
962 2087 1149 2128 Pompeius

287 2145 368 2170 cum
391 2137 470 2169 Sem.
487 2137 523 2168 F.
543 2135 736 2177 appelletur
754 2137 788 2167 in
806 2135 923 2168 indice
941 2137 1038 2169 Coss.
1057 2137 1148 2178 apud

287 2187 452 2225 Dionem,
486 2185 680 2226 Ryckiusi
661 2184 768 2217 filium
793 2185 898 2217 fuisse
923 2186 1034 2218 credit
1057 2187 1149 2219 Sexti

286 2236 444 2277 Pompeii
468 2235 547 2268 Cos.
567 2244 597 2267 a.
617 2235 690 2267 7⁴9.
724 2236 805 2268 Eius
829 2236 959 2267 mentio
984 2236 1021 2268 fit
1044 2237 1148 2269 etiam

287 2286 325 2326 3,
351 2286 404 2317 tt.
430 2285 482 2317 32.
530 2286 608 2317 Sex.
634 2283 814 2326 Apuleius,
848 2286 978 2326 pariter
1007 2286 1086 2318 Sex.
1112 2287 1148 2319 F.

287 2335 484 2369 secundum
519 2335 673 2367 eundem
707 2335 882 2374 lndicem,
923 2335 1151 2377 probabiliter

286 2387 423 2428 patrem
463 2384 584 2417 habuit
621 2385 698 2416 Sex.
735 2384 918 2426 Apuleium
934 2410 941 2424 ‚
981 2386 1150 2428 collegam

287 2435 464 2468 Octaviani
482 2443 512 2467 a.
532 2435 619 2466 725·
632 2435 683 2466 De
699 2435 881 2475 utriusque
899 2444 980 2467 cum
997 2438 1151 2477 Augusto

288 2485 587 2525 consanguinitate
623 2483 705 2516 nihil
740 2485 825 2516 certi
856 2485 991 2517 definiri
1022 2487 1148 2527 potest.

286 2536 337 2569 De
354 2535 528 2575 Pompeiis
543 2534 623 2566 vide
644 2535 748 2566 etiam
762 2535 1013 2575 Spanhemium
1029 2535 1072 2568 de
1086 2545 1150 2568 usu

288 2586 324 2618 et
346 2594 397 2627 pr.
424 2593 520 2616 num.
547 2585 587 2616 ΙΙ.
615 2592 647 2625 p.
674 2584 726 2616 66.
773 2585 940 2625 Borghesi
963 2586 1051 2617 Ann.
1074 2585 1151 2618 dell'

288 2637 371 2668 inst.
389 2634 483 2667 4848.
499 2642 533 2675 p.
546 2633 620 2666 238.
635 2652 669 2656 —
685 2635 719 2666 in
730 2634 841 2675 verba]
858 2635 896 2667 In
907 2635 1014 2666 verba
1025 2636 1151 2668 Tiberii

288 2685 428 2728 proprie
454 2685 610 2715 iurarunt
630 2685 668 2715 ut
689 2685 920 2725 imperatoris.
953 2685 1011 2717 Vis
1028 2685 1090 2717 suit
1113 2695 1150 2718 se

289 2735 381 2773 dicto
398 2734 581 2766 audientes
598 2733 683 2773 iore,
702 2734 871 2775 imperata
887 2735 1050 2768 facturos.
1070 2736 1148 2768 Eun.

287 2785 397 2817 Vetus
410 2784 438 2816 is
453 2782 593 2815 militiae
607 2784 784 2815 Romanae
799 2791 887 2816 mos.
906 2784 1026 2825 Polyb
1044 2785 1075 2823 6
1090 2785 1147 2816 24:

285 2831 611 2875 Ἐπιτελεσθεισης
639 2831 708 2874 τῆς
738 2832 986 2879 καταγραφῆς
1016 2830 1131 2880 ἀθροί
1133 2853 1151 2858 -

289 2893 423 2924 σαντες
445 2880 535 2923 τοὺς
559 2881 847 2927 ἐκλελεγμένους
871 2884 911 2916 οἱ
932 2884 1150 2930 προσήκον-

288 2945 349 2976 τες
371 2931 445 2967 τῶν
468 2931 676 2978 χιλιάρχων
699 2934 786 2965 καθ’
813 2944 973 2966 εκαστον
990 2932 1152 2980 στρατό-

290 2983 403 3018 πεδον
436 2984 500 3016 καὶ
535 2981 718 3024 λαβόντες
752 2981 817 3016 τὸν
847 2982 1150 3027 ἐπιτηδειότατον

289 3033 546 3093 ἐξορκίζουσιν
590 3026 643 3075 «ἦ
680 3030 770 3076 μήν
811 3033 1150 3080 πειθαρχήσειν

290 3086 367 3118 καὶ
402 3081 623 3126 ποιήσειν
653 3080 702 3115 τὸ
739 3082 1150 3129 προσταττόμενον

290 3130 378 3168 ὑπὸ
401 3132 489 3167 τῶν
511 3129 749 3180 ἀρχόντων
778 3132 896 3165 κατὰ
919 3131 1149 3176 δύναμιν.»

292 3184 339 3217 Οἱ
363 3183 403 3217 δὲ
432 3183 558 3216 λοιποὶ
588 3181 724 3223 πάντες
756 3179 945 3226 ὀμνύουσι
973 3185 1058 3216 καθ
1085 3179 1151 3217 ἕνα

291 3231 636 3292 προπορευόμενοι,
672 3230 772 3266 τοῦτ’
807 3229 902 3265 αὐτὸ
936 3231 1148 3276 δηλοῦντες,

292 3278 350 3316 ὅτι
367 3281 575 3326 ποιήσουσι
593 3280 733 3323 πάντα,
758 3293 818 3315 κα
812 3280 934 3328 9άπερ
951 3279 999 3315 ὁ
991 3282 1148 3328 πρῶτος.

292 3334 348 3366 Sic
372 3333 406 3365 h.
432 3333 453 3365 l.
481 3334 545 3375 ipsi
569 3332 732 3366 consules
757 3333 857 3375 primi
880 3333 973 3374 apud
998 3333 1152 3374 impera-

294 3383 409 3416 torem
438 3383 653 3424 iuraverant,
690 3384 880 3424 antequam
911 3383 975 3425 ipsi
998 3382 1151 3424 reliquos

1200 1636 1242 1668 ad
1269 1636 1363 1668 idem
1380 1635 1433 1668 ius
1450 1634 1637 1667 iurandum
1654 1633 1846 1674 adigerent.
1883 1633 2060 1672 ceterum,

1200 1695 1282 1718 cum
1310 1694 1394 1718 vere
1425 1684 1572 1717 militare
1602 1684 1865 1716 sacramentum
1893 1683 1961 1715 hoc
1991 1692 2063 1716 non

1200 1736 1320 1775 fuerit,
1354 1736 1412 1767 vix
1447 1735 1562 1767 differt
1593 1743 1611 1766 a
1641 1737 1847 1766 sacramento
1878 1733 1914 1765 in
1945 1742 2063 1766 nomen

1202 1786 1318 1818 Tiberii
1342 1785 1434 1827 (cap.
1461 1785 1529 1826 8.)‚
1565 1786 1604 1816 ut
1632 1783 1679 1816 ibi
1702 1783 1787 1816 vidit
1808 1784 1877 1815 iam
1900 1782 2060 1816 Wolfius.

1204 1853 1239 1859 —
1266 1836 1359 1868 Seius
1382 1834 1512 1875 Strabo]
1537 1834 1650 1866 Seiani
1673 1834 1784 1875 pater.
1823 1832 1872 1865 Cf.
1898 1841 1930 1865 c.
1948 1831 2003 1866 24.
2028 1833 2064 1865 et

1200 1888 1288 1918 Ann.
1320 1886 1359 1926 4,
1397 1886 1427 1917 4.
1474 1885 1555 1917 Eius
1588 1892 1807 1925 praenomen
1841 1884 1987 1924 apparet
2019 1891 2064 1915 ex

1201 1936 1429 1978 inscriptione
1446 1934 1489 1967 ab
1507 1934 1684 1967 Henzenio
1701 1933 1887 1966 nobiscum
1903 1941 2062 1966 commu-

1201 1987 1315 2018 nicata
1340 1985 1558 2017 LIBVRNVS.
1584 1985 1622 2016 L.
1646 1984 1708 2015 SE!
1734 1983 1748 2023 Η
1770 1983 2010 2016 STRABONIS.
2034 1984 2064 2016 A

1200 2036 1322 2068 MANV
1353 2034 1367 2074 Η
1398 2034 1614 2067 SALVILLA.
1645 2033 1845 2066 CON1VNx.
1877 2033 1999 2065 FECIT
2024 2051 2061 2056 —

1200 2087 1330 2117 Romae
1355 2084 1450 2126 apud
1474 2084 1702 2125 Campanam.
1749 2083 1800 2115 De
1827 2083 1903 2115 eius
1926 2082 1995 2115 vita
2018 2082 2061 2116 cf.

1202 2135 1385 2176 Borghesi,
1404 2143 1505 2175 sopra
1519 2133 1572 2165 un'
1588 2134 1762 2165 iscrizione
1776 2133 1827 2165 del
1841 2134 1952 2166 Museo
1969 2132 2064 2166 Cam-

1197 2195 1291 2226 pana
1314 2194 1388 2217 ecc.
1421 2188 1497 2217 estr.
1523 2184 1580 2215 dal
1606 2183 1806 2225 Saqyiatore
1827 2183 1859 2221 1.
1885 2183 1923 2222 ⁴,
1953 2182 2063 2216 Roma

1203 2234 1295 2268 4844.
1326 2252 1361 2259 -
1388 2235 1440 2267 hic
1463 2234 1625 2276 annonae]
1650 2236 1738 2265 Anu.
1757 2233 1810 2270 ⁴⁴,
1836 2232 1896 2265 3⁴:
1921 2233 1972 2265 rei
1991 2233 2065 2274 fm-

1200 2286 1384 2317 mentart'ae
1402 2285 1605 2326 praefectum
1623 2283 1841 2323 Turranium,
1867 2282 1911 2314 de
1927 2290 1999 2323 quo
2017 2282 2060 2316 cf.

1201 2338 1335 2368 Seneca
1359 2335 1458 2368 brev.
1477 2335 1536 2366 vit.
1554 2334 1608 2373 20,
1633 2334 1666 2366 2.
1702 2334 1845 2365 Sueton.
1863 2333 1982 2365 octav.
1999 2332 2060 2365 37:

1201 2395 1288 2419 nova
1317 2385 1427 2428 officia
1457 2384 1672 2426 excogitavit:
1709 2392 1826 2415 curam
1840 2400 1860 2407 -
1875 2399 1894 2406 -
1907 2374 2065 2422 frumonli

1197 2437 1319 2478 populo
1343 2435 1522 2468 dividundi.
1563 2435 1682 2467 Hoeck
1703 2435 1793 2466 Ram.
1823 2433 2005 2466 Geschichto
2019 2433 2061 2466 11.

1202 2497 1235 2529 p.
1248 2487 1320 2519 439.
1348 2487 1513 2519 Ceterum
1527 2483 1765 2517 memorabilis
1779 2483 1823 2516 de
1836 2483 1903 2516 hoc
1916 2492 2063 2516 munere

1203 2540 1257 2570 est
1285 2536 1384 2569 locus
1407 2536 1540 2568 Boethii
1569 2535 1613 2567 de
1646 2535 1750 2567 Cons.
1776 2533 1862 2566 Phil.
1887 2533 1924 2572 3,
1949 2532 1989 2566 4:
2026 2533 2064 2566 St

1203 2588 1274 2628 quis
1318 2587 1483 2626 quondam
1524 2585 1639 2625 populi
1682 2587 1827 2616 curasset
1870 2591 2061 2624 annonam,

1201 2646 1342 2678 magnus
1363 2636 1561 2675 habebatur,
1586 2643 1674 2666 nunc
1697 2643 1736 2666 ea
1754 2633 1968 2675 praefectura
1985 2633 2065 2672 quta

1203 2686 1380 2719 abiectius?
1404 2703 1439 2709 —
1465 2694 1568 2726 neque
1590 2685 1761 2716 abscedere
1782 2692 1805 2715 a
1826 2682 1974 2724 corporo]
2010 2682 2061 2715 Cf.

1203 2740 1290 2770 Ann.
1318 2737 1355 2775 3,
1389 2737 1420 2768 5.
1463 2736 1556 2768 «Hoc
1587 2734 1686 2772 dicit,
1721 2732 1914 2766 relaturum
1949 2740 1987 2764 se
2018 2732 2063 2765 de

1202 2786 1380 2828 sepultura
1396 2786 1522 2828 patris,
1548 2785 1646 2817 cuius
1670 2783 1809 2824 corpori
1830 2783 1869 2814 ut
1891 2782 2065 2815 assideret

1203 2838 1367 2878 pietatem
1394 2843 1558 2877 poscere3
1583 2834 1675 2866 hanc
1699 2832 1986 2865 convocationem
2009 2840 2065 2865 se-

1203 2889 1304 2919 natus
1327 2894 1435 2918 unum
1462 2893 1541 2918 esse
1566 2893 1608 2916 ex
1631 2883 1824 2915 tribuniciis
1843 2882 2061 2923 muneribus,

1202 2945 1271 2977 quo
1296 2936 1389 2976 fungi
1413 2936 1569 2967 animum
1593 2933 1782 2971 induxerit.
1814 2931 1921 2973 idque
1953 2932 2065 2965 omitti

1201 2987 1266 3018 sibi
1290 2995 1358 3018 non
1382 2985 1509 3024 licere,
1541 2984 1705 3025 quoniam
1729 2982 1773 3015 ad
1801 2982 1974 3015 honorem
1997 2983 2064 3015 Au-

1202 3037 1291 3077 gusti
1307 3037 1490 3077 pertineat.
1518 3034 1607 3074 Quid
1620 3034 1687 3066 hac
1700 3033 1857 3066 oratione
1869 3031 2063 3066 modestius

1202 3095 1280 3119 esse
1298 3087 1460 3127 potuerat
1474 3086 1508 3117 in
1526 3093 1586 3123 eo,
1612 3091 1718 3126 quem
1739 3090 1983 3116 successorem
2001 3082 2065 3115 im-

1203 3136 1287 3178 perii
1304 3135 1471 3177 sperabat
1493 3135 1635 3167 senatus
1659 3134 1774 3166 omnis
1793 3131 2062 3165 metuebatve‘h

1201 3187 1318 3218 Womv.
1356 3186 1429 3217 Hoc
1445 3187 1562 3217 autem
1580 3183 1733 3216 edictum
1749 3181 1832 3215 Nola
1857 3182 1966 3220 misit.
1992 3190 2062 3223 quo

1203 3244 1245 3267 ex
1279 3235 1407 3277 oppido
1437 3231 1481 3267 τὸ
1516 3230 1631 3276 σῶμα
1662 3230 1707 3266 τὸ
1742 3228 1810 3266 τοῦ
1839 3228 2062 3276 Αὐγούστου

1203 3285 1243 3317 οἱ
1258 3283 1398 3330 πρῶτοι
1414 3285 1500 3317 καθ’
1514 3282 1680 3327 ἑκάστην
1695 3278 1841 3315 πόλιν
1822 3293 1864 3315 εκ
1879 3279 2063 3325 διαδοχῆς

1203 3332 1446 3374 ἐβάστασαν,
1477 3331 1571 3380 πρὸς
1593 3333 1633 3367 δὲ
1662 3331 1708 3377 δὴ
1731 3331 1776 3380 τῇ
1796 3329 1920 3379 Ῥώμῃ
1951 3329 2061 3376 γενό-

1202 3394 1317 3426 μενον
1341 3384 1381 3416 οἱ
1402 3384 1526 3425 ἱππεῖς
1549 3381 1833 3432 παραλαβόντες
1859 3379 1998 3426 νυκτὸς
2023 3380 2063 3426 ἐς
