2254 3770
712 220 870 265 LIBER
894 219 945 262 Π.
1004 217 1106 276 Cap.
1134 217 1204 262 20.
1235 217 1303 261 24.
1331 216 1401 260 22.
1430 215 1498 259 23.

1938 211 1995 256 87

216 331 324 377 datis
343 336 422 390 pro
441 329 639 375 contione
660 324 910 374 victoribus,
933 325 1094 369 Caesar
1112 323 1358 381 congeriem
1377 335 1594 366 armorum
1611 319 1781 370 struxit,
1804 317 1992 375 superbo

214 421 313 451 cum
329 404 466 449 titulo:
497 402 720 447 debellatis
740 401 851 444 iuter
868 398 1063 443 Rhenum
1080 397 1305 456 Albimque
1326 396 1568 440 nationibus
1583 395 1819 439 exercitum
1838 392 1994 436 Tiberii

216 480 410 527 Caesaris
439 492 493 523 ea
520 477 780 522 monimenta
808 475 927 519 Marti
957 479 1002 518 et
1032 473 1121 517 Iovi
1151 479 1195 517 et
1212 475 1401 530 Augusto
1432 470 1684 515 sacravisse.
1729 469 1784 511 de
1814 481 1864 511 se
1892 466 1996 510 nibil

212 553 391 602 addidit.
422 559 538 597 metu
568 551 753 596 invidiae
782 563 838 594 an
864 555 981 592 ratus
1007 548 1311 592 conscientiam
1333 547 1426 590 sacti
1455 546 1557 589 satis
1577 558 1688 588 esse.
1718 557 1817 587 mox
1837 541 1997 586 bellum

211 631 254 675 iu
274 628 544 686 Angrivarios
565 626 764 672 Stertinio
793 623 983 673 mandat,
1015 623 1058 666 ni
1089 621 1350 666 deditionem
1381 620 1738 679 properavissent.
1779 623 1908 675 atque
1937 616 2029 659 inis

212 703 430 762 supplices
459 701 561 747 nihil
589 699 819 745 abnuendo
838 698 1007 743 veniam
1036 698 1227 742 omnium
1248 710 1471 754 accepere.
1522 695 1602 752 (23)
1633 693 1712 738 sed
1732 698 1894 737 aestate
1914 692 1998 735 iam

211 778 355 827 adulta
393 777 609 835 legionum
637 775 745 819 aliae
774 774 926 819 itinere
967 772 1156 816 terrestri
1194 773 1236 814 in
1276 770 1550 815 hibernacula
1587 769 1809 820 remissae,
1852 766 2017 824 plures-

214 853 373 898 Caesar
401 852 528 897 classi
559 850 780 908 impositas
816 862 896 907 per
935 846 1095 890 flumen
1125 847 1327 890 Amisiam
1357 847 1532 890 Oceano
1562 844 1731 889 invexit.
1781 856 1831 887 ac
1859 842 1997 900 primo

212 927 430 987 placidum
460 939 625 984 aequor
653 924 770 968 mille
800 923 972 968 navium
1000 922 1131 966 remis
1161 929 1354 980 strepere
1376 928 1449 964 aut
1468 920 1574 964 velis
1594 919 1756 978 inpelli:
1788 932 1887 962 mox
1907 924 1998 962 atro

213 1003 392 1047 nubium
420 1001 547 1059 globo
577 999 713 1044 effusa
734 998 910 1056 grando,
942 997 1066 1041 simul
1097 997 1225 1041 variis
1245 996 1435 1054 undique
1455 995 1656 1054 procellis
1676 995 1824 1038 incerti
1846 993 2050 1037 ssuctusao

212 1085 489 1138 prospectum
522 1076 734 1126 adimere,
779 1074 971 1131 regimen
1010 1073 1223 1131 inpedire;
1264 1071 1475 1129 milesque
1517 1070 1698 1129 pavidus
1740 1076 1784 1113 et
1823 1082 2002 1112 casuum

213 1154 344 1198 maris
373 1153 547 1212 ignarus
577 1151 680 1195 dum
711 1149 852 1194 turbat
880 1155 1031 1192 nautas
1057 1147 1123 1192 vel
1153 1148 1449 1205 intempestive
1479 1147 1612 1196 iuvat,
1643 1145 1784 1188 officia
1812 1143 2002 1202 pruden-

214 1229 320 1274 tium
339 1226 652 1284 corrumpebat.
696 1238 823 1269 omne
845 1223 1000 1268 dehinc
1021 1222 1189 1267 caelum
1217 1228 1261 1266 et
1289 1235 1408 1265 mare
1431 1235 1565 1274 ‚omne
1586 1221 1627 1264 in
1648 1227 1840 1264 austrum
1860 1219 2000 1269 cessit,

214 1304 288 1363 qui
309 1303 482 1347 tumidis
504 1301 759 1346 Germaniae
779 1300 920 1351 terris,
952 1298 1174 1357 profundis
1194 1297 1409 1352 amnibus,
1439 1297 1648 1340 immenso
1670 1295 1847 1339 nubium
1866 1301 2003 1339 tractu

214 1378 381 1423 validus
415 1385 458 1422 et
491 1377 634 1435 rigore
663 1376 789 1420 vicini
820 1374 1121 1433 septentrionis
1152 1372 1383 1422 horridior,
1423 1372 1565 1429 rapuit
1593 1370 1847 1428 disiecitque
1870 1384 2054 1415 navesus

215 1456 258 1498 in
286 1460 434 1512 aperta
463 1452 624 1497 Oceani
655 1458 728 1495 aut
757 1449 918 1494 insulas
948 1449 1062 1492 saxis
1091 1448 1285 1506 abruptis
1306 1447 1372 1491 vel
1398 1461 1478 1505 per
1498 1446 1665 1491 occulta
1685 1446 1796 1490 vada
1814 1445 2001 1490 infestas.

215 1529 373 1589 quibus
402 1527 577 1586 paulum
601 1539 820 1584 aegreque
838 1524 996 1576 vitatis,
1027 1530 1255 1582 postquam
1275 1522 1466 1567 mutabat
1486 1529 1631 1566 aestus
1652 1522 1896 1580 eodemque
1916 1535 2003 1580 quo

218 1611 369 1651 ventus
388 1603 568 1652 ferebat,
599 1615 684 1645 nou
704 1601 942 1644 adhaerere
963 1598 1179 1649 anchoris,
1211 1612 1296 1642 non
1317 1597 1544 1642 exhaurire
1564 1597 1845 1655 inrumpentis
1866 1596 2004 1640 undas

263 1727 294 1759 4.
323 1723 474 1767 conger-ie
505 1730 714 1755 marmorum
742 1729 797 1763 pr.
827 1719 878 1758 M;
914 1719 1099 1762 congeriem
1127 1727 1338 1752 marmorum
1367 1717 1450 1761 (sic)
1480 1726 1572 1751 corr.
1604 1719 1638 1751 M
1674 1734 1709 1741 -
1748 1718 1778 1750 3.
1804 1717 2007 1750 monimenta

217 1782 372 1824 Lipsius:
404 1779 609 1812 munimenta
631 1779 664 1811 M
690 1794 726 1801 -
756 1776 859 1809 marii
889 1784 942 1818 pr.
967 1776 1002 1809 M
1034 1794 1069 1799 —
1102 1775 1134 1809 4.
1165 1775 1247 1816 facti
1268 1774 1398 1808 Aldus:
1432 1774 1530 1815 factis
1557 1775 1591 1807 M
1617 1791 1652 1798 —
1678 1775 1709 1807 5.
1735 1774 1930 1816 ayriuarios
1951 1773 2004 1813 M;

217 1837 443 1879 Ampsivarios
465 1834 610 1868 Gieters.
638 1853 675 1858 —
701 1834 733 1867 6.
759 1836 924 1875 aeqestate
939 1833 972 1866 M
996 1833 1132 1875 (aestate
1154 1832 1287 1874 margo)
1314 1850 1350 1855 —
1376 1832 1407 1865 8.
1429 1841 1528 1873 prmo
1551 1831 1623 1872 (sic)
1649 1840 1702 1873 pr.
1727 1831 1761 1864 M
1785 1848 1821 1854 —
1852 1831 1905 1863 44.
1930 1839 2008 1863 cas—

216 1903 314 1927 suum
336 1894 370 1927 M
397 1910 434 1917 -
471 1891 525 1925 44.
559 1891 702 1923 humidis
725 1890 915 1923 Rhenanus
949 1890 986 1922 et
1019 1889 1174 1921 Faernus
1205 1888 1343 1930 (umidis
1375 1886 1559 1929 Halmius).
1599 1902 1634 1910 -·
1675 1886 1727 1920 48.
1765 1887 1919 1919 anchoris
1950 1887 2003 1921 M:

217 1951 352 1983 ancoris
372 1949 492 1982 ceteri.
533 1948 584 1981 Cf.
610 1948 695 1980 Hist.
721 1947 759 1988 2,
784 1946 839 1980 34.
875 1945 1069 1979 Schneider
1098 1945 1143 1977 ad
1167 1945 1270 1978 Caes.
1295 1946 1333 1978 B.
1360 1946 1398 1977 G.
1423 1944 1455 1983 3,
1482 1944 1534 1982 43,
1560 1945 1592 1976 5.
1628 1945 1785 1985 Wagner
1807 1943 1853 1976 ad
1876 1942 2003 1985 Vergil.

219 2007 306 2040 Aen.
331 2006 364 2047 6,
389 2005 463 2038 902.

263 2107 318 2140 23.
342 2109 468 2139 aestate
488 2106 558 2150 iam
579 2104 707 2145 adulta]
731 2104 876 2137 Servius
895 2104 941 2137 ad
959 2101 1086 2144 Vergil.

221 2159 283 2190 Ge.
308 2157 342 2196 4,
366 2155 427 2190 43:
451 2155 538 2188 Anno·
561 2158 722 2196 quattuor
742 2157 819 2187 sunt
841 2157 1012 2194 tempora,
1037 2153 1091 2184 di-

220 2208 295 2240 visa
316 2207 353 2239 in
375 2209 484 2238 ternos
504 2213 639 2237 mertses.
678 2204 816 2244 Antiqui
836 2204 985 2244 ipsorum
1007 2206 1092 2235 tem-

219 2265 343 2298 porum
363 2256 465 2288 talem
485 2255 616 2297 faciunt
643 2254 889 2294 discretionem,
919 2256 957 2286 ut
979 2253 1092 2294 primo

222 2315 332 2340 mense
367 2306 458 2339 veris
500 2314 623 2338 novum
663 2305 795 2337 dicatur
831 2313 907 2344 ver,
952 2303 1093 2336 seeundo

223 2357 396 2396 adunam,
431 2355 528 2388 tertio
551 2363 730 2395 praeceps,
764 2354 849 2386 sicut
881 2354 982 2386 etiam
1013 2353 1094 2386 Sal-

223 2407 341 2439 lustius
355 2405 434 2438 dicit
447 2405 568 2445 abiam
584 2413 693 2436 ιηουα
707 2407 828 2443 aestas,
846 2403 976 2443 adulta,
988 2410 1094 2443 prae·

225 2465 334 2497 ceps.»
379 2455 436 2487 Sic
457 2458 636 2486 amumnus
657 2463 780 2494 novus,
812 2454 962 2493 adultus,
989 2460 1095 2493 prae-

224 2514 311 2546 ceps,
335 2505 412 2537 item
425 2504 537 2536 hiems.
564 2503 615 2536 Cf.
634 2505 688 2543 44,
706 2503 765 2535 34;
791 2503 903 2536 adulto
919 2505 1091 2535 autumno.

227 2555 287 2596 43,
312 2555 373 2587 36:
409 2555 511 2586 donee
531 2562 591 2586 ver
615 2553 823 2586 adolesceret.
858 2553 1002 2594 (Graece
1024 2549 1094 2584 τοῦ

225 2604 366 2651 θέρους
387 2600 655 2646 ἀκμάζοντος.)
678 2602 842 2635 Similiter
863 2603 950 2635 Hist.
976 2602 1008 2642 3,
1032 2601 1093 2635 23:

226 2656 347 2688 adulta
367 2658 471 2687 nocte.
502 2673 536 2677 —
561 2654 652 2686 mille
677 2653 828 2693 navium]
860 2652 911 2685 Cf.
937 2661 968 2685 e.
995 2652 1026 2684 6.
1055 2667 1090 2675 -

227 2709 288 2739 aut
307 2705 388 2738 velis
408 2704 532 2747 inpelli]
558 2704 632 2737 Hoc
654 2703 796 2745 proprie
821 2711 893 2735 non
916 2702 962 2735 ad
980 2710 1093 2742 mare,

228 2754 295 2788 sed
316 2754 363 2787 ad
391 2762 500 2787 naves
523 2753 706 2786 dumtaxat
733 2753 904 2795 pertinet,
937 2751 1002 2784 sed
1034 2760 1097 2792 per

228 2803 404 2846 singulare
433 2811 582 2845 zeugma
616 2811 699 2835 cum
731 2802 882 2844 strepitu
914 2810 1096 2834 remorum

229 2854 399 2895 iungitur,
424 2853 470 2886 ad
492 2851 747 2886 absolvendam
771 2854 844 2884 tam
866 2851 978 2884 laetae
1002 2851 1098 2883 navi-

230 2903 377 2946 gationis
406 2904 591 2945 picturam.
621 2919 656 2925 -
682 2902 800 2935 incerti
825 2901 955 2944 fluctus]
990 2901 1097 2934 modo

230 2954 302 2987 huc
330 2953 438 2986 modo
466 2952 548 2986 illuc
573 2951 652 2984 ilico
676 2960 757 2985 sese
779 2950 974 2984 volventes.
1002 2969 1038 2975 —
1063 2951 1100 2983 in

232 3006 385 3037 austrum
416 3002 521 3044 cessit]
554 3002 602 3034 ita
635 3003 674 3034 ut
702 3003 731 3034 is
764 3002 834 3033 iam
869 3000 965 3034 solus
996 3000 1101 3032 flaret

233 3056 339 3095 atque
369 3061 461 3085 unus
489 3053 579 3084 mari
601 3051 855 3084 dominaretur.
891 3051 995 3092 (Cum
1019 3051 1099 3083 ante

233 3104 352 3136 variae
382 3101 559 3144 procellae
589 3102 718 3134 fluctus
746 3101 888 3133 incertos
921 3100 991 3132 huc
1020 3099 1100 3132 illuc

233 3151 472 3195 impulissent,
497 3159 591 3183 nunc
607 3153 643 3183 et
657 3154 719 3183 aer
736 3152 772 3182 et
787 3159 884 3182 mare
900 3150 936 3181 in
950 3153 1102 3182 austrum

233 3203 381 3236 vertitur
396 3204 432 3234 et
448 3210 491 3234 eo
506 3202 614 3233 vento
637 3200 712 3233 solo
735 3198 935 3241 impellitur.
961 3201 1100 3241 Durum.)

233 3253 306 3285 Das
331 3253 424 3285 Meer
455 3251 580 3292 geriem
606 3251 641 3282 in
671 3244 731 3282 des'
753 3249 933 3282 Sada-inas
960 3249 1099 3282 Gewalt.

237 3302 423 3334 Gutmann.
449 3300 500 3334 Cf.
519 3301 552 3339 4,
577 3301 614 3332 4;
639 3299 771 3340 Pompei
794 3299 970 3340 Crassique
990 3296 1103 3340 poteri-

237 3349 286 3383 tia
310 3351 375 3383 cito
404 3350 440 3383 in
467 3350 662 3390 Caesarem,
697 3348 811 3390 Lepidi
844 3352 943 3390 atque
969 3348 1103 3382 Antonii

1141 2111 1241 2135 arma
1270 2103 1306 2135 in
1326 2103 1510 2146 Auyustum
1532 2109 1666 2134 cessere.
1695 2119 1731 2124 -
1755 2099 1900 2142 tumidis]
1925 2100 1948 2132 i.
1974 2109 2007 2133 e.

1142 2153 1313 2186 montosis
1349 2154 1403 2196 (ut
1436 2151 1611 2194 explicant
1645 2152 1752 2184 etiam
1786 2151 1938 2184 Picbena
1975 2151 2010 2183 et

1142 2202 1391 2246 Forcellinus),
1417 2211 1501 2236 nam
1520 2204 1646 2234 montes
1664 2210 1787 2234 causae
1802 2211 1844 2234 ac
1857 2201 2012 2234 materies

1141 2256 1387 2293 tempestatum,
1419 2255 1500 2294 Agr.
1527 2252 1579 2286 40.
1619 2253 1693 2284 Nec
1717 2251 1821 2285 obest
1842 2252 1925 2284 huic
1947 2260 2011 2283 ex-

1141 2301 1332 2344 plicationi,
1357 2303 1454 2345 quod
1476 2303 1571 2335 circa
1593 2301 1678 2334 illud
1700 2310 1800 2334 mare
1823 2301 2011 2334 Germania

1143 2353 1241 2385 caret
1270 2353 1468 2391 montibus;
1500 2361 1520 2384 e
1543 2351 1742 2392 longinquis
1771 2351 1864 2383 enim
1893 2352 1929 2383 et
1956 2351 2011 2383 in-

1142 2402 1331 2436 terioribus
1358 2401 1563 2444 regionibus
1593 2401 1786 2434 adveniunt
1818 2400 2008 2443 procellae.

1144 2453 1252 2485 Doan.
1300 2452 1352 2486 Cf.
1382 2452 1482 2485 Ovid.
1514 2451 1656 2484 Hei-oid.
1688 2454 1726 2490 5,
1762 2451 1841 2483 ⁴38:
1876 2451 1913 2483 in
1945 2452 2012 2483 im-

1142 2502 1262 2535 mensis
1291 2511 1361 2544 qua
1389 2505 1490 2535 tumet
1510 2503 1572 2534 Ida
1598 2501 1697 2543 iugis.
1742 2502 1864 2534 Amor.
1888 2501 1929 2540 2,
1955 2502 2009 2539 46,

1144 2553 1180 2585 54
1196 2562 1202 2583 :
1225 2553 1342 2585 tumidi
1355 2553 1510 2585 subsidite
1523 2555 1659 2584 montes.
1684 2550 1781 2584 Multi
1798 2550 1887 2591 (coll.
1906 2551 2009 2592 Verg.

1146 2604 1270 2643 Georg.
1296 2602 1335 2641 2,
1366 2601 1448 2635 324:
1483 2611 1560 2634 vere
1592 2604 1717 2634 tument
1745 2602 1866 2641 terrae)
1901 2601 2012 2633 inter-

1144 2653 1330 2694 pretantur
1351 2652 1485 2684 tumidis
1506 2652 1658 2691 humore,
1691 2651 1730 2683 ut
1751 2651 1796 2683 sit
1817 2650 1914 2683 idem
1938 2650 2011 2683 fere

1146 2704 1251 2743 atque
1274 2702 1406 2734 umidis.
1445 2701 1515 2733 Sed
1537 2702 1695 2743 praestat
1715 2701 1813 2742 prior
1835 2701 2012 2742 iuterpre-

1146 2752 1242 2784 tatio.
1275 2751 1327 2784 Cf.
1353 2751 1505 2783 Froutin.
1532 2752 1571 2783 de
1593 2751 1705 2783 Coton.
1730 2759 1765 2792 p.
1784 2751 1860 2783 426.
1886 2752 2009 2783 Goes.:

1146 2804 1290 2833 tumores
1304 2804 1431 2840 terrae,
1456 2800 1590 2840 tumuli,
1616 2800 1767 2832 colliculi.
1788 2817 1824 2823 —
1850 2800 2012 2843 mutabat]

1146 2851 1375 2890 intransitive,
1401 2852 1440 2883 ut
1455 2852 1507 2890 42,
1526 2851 1585 2883 29:
1609 2851 1645 2882 in
1658 2850 1849 2891 superbiam
1863 2854 2012 2889 mutans;

1148 2900 1366 2942 trequentius
1388 2901 1439 2934 sic
1460 2903 1587 2933 vertere
1608 2909 1673 2942 pro
1696 2909 1729 2933 se
1744 2903 1882 2933 vertere.
1915 2900 2015 2933 Simi-

1147 2949 1226 2982 liter
1246 2949 1373 2991 ferebat
1394 2950 1654 2983 Freinshemius
1677 2949 1826 2991 explicat
1846 2949 2016 2991 ferebatur

1150 3000 1200 3041 (ut
1221 3009 1286 3033 nos
1309 3000 1463 3042 treiben),
1499 2999 1634 3033 nullum
1663 3002 1782 3033 tamen
1813 2999 2015 3041 exemplum

1149 3048 1271 3082 attulit.
1319 3050 1608 3092 comparaverim
1641 3049 1855 3082 locutionem
1885 3051 1943 3082 via
1970 3051 2017 3083 ad

1148 3099 1281 3140 arbem,
1318 3101 1363 3132 ad
1389 3101 1531 3143 ttamen,
1567 3101 1612 3132 ad
1643 3101 1766 3132 hostem
1797 3099 1878 3141 fert,
1914 3099 2015 3134 cuius

1149 3148 1324 3191 permulta
1349 3148 1510 3192 exempla
1527 3150 1781 3190 congesserunt
1803 3149 2015 3190 interpretes

1151 3199 1197 3232 ad
1218 3200 1291 3232 Liv.
1315 3200 1368 3239 39,
1394 3201 1448 3239 27,
1472 3202 1512 3231 ut
1534 3200 1565 3232 si
1587 3200 1644 3231 hic
1668 3200 1781 3231 esset:
1808 3201 1947 3232 «aestus
1969 3199 2016 3233 ad

1152 3249 1306 3282 eundem
1334 3248 1422 3282 caeli
1445 3249 1626 3281 cardinem
1655 3247 1791 3283 ferebat
1818 3247 1932 3289 (nahm
1954 3250 2017 3282 den

1149 3299 1250 3341 Zaa),
1276 3293 1346 3340 quo'
1371 3300 1531 3332 ventus.»
1566 3298 1631 3330 Alii
1646 3297 1790 3338 quidem
1807 3299 2014 3340 cogitatione

1151 3348 1317 3392 supplent
1344 3349 1492 3382 «fluctus
1515 3349 1551 3381 et
1572 3347 1743 3389 quidquid
1765 3347 2015 3392 deprehende-
