2254 3770
282 274 364 317 408
768 272 814 316 Ρ.
846 270 1096 316 CORNELII
1125 271 1297 316 TACITI
1326 271 1594 343 ANNALIUM

395 379 477 437 (24)
518 379 621 424 Fine
659 379 756 422 anni
793 378 916 422 statio
947 376 1135 423 cohortis
1165 376 1366 422 adsidere
1395 378 1508 423 ludis
1538 379 1659 424 solita
1689 380 1949 436 demovetur,
1981 398 2067 444 quo

284 455 418 499 maior
454 456 623 512 species
660 453 868 498 libertatis
906 459 1041 505 esset,
1082 459 1215 511 utque
1253 452 1377 497 miles
1411 453 1603 498 theatrali
1632 455 1826 502 licentiae
1855 472 1939 503 non
1969 474 2068 518 per-

281 530 436 574 mixtus
462 530 749 588 incorruptior
773 534 938 587 ageret,
970 534 1012 573 et
1036 527 1188 586 plebes
1217 527 1339 572 daret
1361 529 1717 589 experimentum,
1748 546 1802 576 an
1823 534 1974 579 amotis
1993 548 2070 580 cu-

281 604 477 649 stodibus
508 604 761 648 modestiam
791 604 1007 648 retineret.
1051 602 1204 647 urbem
1233 592 1432 662 princeps
1463 604 1656 650 lustravit
1683 620 1736 651 ex
1756 622 1964 667 responso
1991 609 2069 655 ha-

248 680 516 738 sruspicum,
549 681 667 738 quod
697 679 811 723 Iovis
841 693 892 723 ac
921 678 1137 722 Minervae
1167 677 1298 722 aedes
1329 679 1383 722 de
1415 679 1534 724 caelo
1564 686 1700 725 tactae
1730 690 1861 727 erant.

395 755 476 812 (25)
521 756 571 808 Q.
602 754 775 798 Volusio
814 756 859 798 P.
892 754 1093 812 Scipione
1136 753 1221 798 co‘s.
1253 754 1386 797 otium
1415 754 1537 807 foris,
1581 755 1706 801 foeda
1736 757 1851 802 domi
1881 758 2067 813 lascivia,

281 843 368 890 qua
397 831 509 874 Nero
540 831 689 874 itinera
718 829 839 873 urbis
869 835 911 873 et
940 829 1159 887 lupanaria
1189 835 1231 872 et
1260 829 1522 875 deverticula
1551 838 1669 876 veste
1701 833 1843 877 servili
1874 834 1915 878 in
1945 835 2071 880 dissi-

281 905 555 950 mulationem
585 906 650 949 sui
682 905 943 963 compositus
972 904 1241 963 pererrabat,
1275 905 1572 950 comitantibus
1599 908 1671 966 qui
1703 917 1902 967 raperent
1921 910 2071 956 vendi-

282 981 382 1025 tioni
414 981 606 1039 exposita
637 987 679 1024 et
708 980 845 1024 obviis
866 979 1043 1024 vulnera
1073 980 1294 1031 inferrent,
1326 980 1535 1025 adversus
1562 982 1733 1040 ignaros
1754 984 1876 1035 adeo,
1903 992 1949 1030 ut
1977 986 2071 1046 ipse

231 1070 268 1101 ιο
281 1070 457 1115 quoque
487 1056 705 1114 exciperet
734 1056 844 1100 ictus
875 1062 917 1099 et
946 1069 1022 1099 ore
1051 1055 1299 1113 praeferret.
1332 1055 1488 1100 deinde
1519 1058 1592 1101 ubi
1620 1059 1848 1104 Caesarem
1877 1075 1975 1106 esse
1995 1063 2070 1121 qui

280 1138 547 1191 grassaretur
575 1131 791 1190 pernotuit
820 1130 1173 1189 augebanturque
1209 1130 1388 1175 iniuriae
1420 1131 1629 1177 adversus
1659 1134 1774 1179 viros
1805 1135 2070 1197 feminasque

280 1207 486 1265 insignes,
528 1213 570 1251 et
608 1207 782 1266 quidam
823 1206 1032 1264 permissa
1062 1205 1196 1250 semel
1226 1206 1396 1251 licentia
1426 1208 1507 1252 sub
1539 1210 1710 1253 nomine
1739 1211 1920 1256 Neronis
1951 1212 2068 1257 inulti

279 1283 465 1342 propriis
496 1296 593 1327 cum
623 1282 761 1340 globis
792 1281 944 1326 eadem
974 1281 1253 1333 exercebant,
1297 1282 1339 1324 in
1368 1282 1543 1327 modum
1573 1285 1825 1344 captivitatis
1855 1301 1940 1331 nox
1967 1301 2069 1347 age-

280 1358 425 1411 batur3
466 1357 683 1416 Iuliusque
721 1358 943 1401 Montanus
973 1357 1174 1401 senatorii
1205 1356 1386 1409 ordinis,
1430 1358 1508 1403 sed
1538 1360 1611 1418 qui
1643 1361 1834 1405 nondum
1865 1362 2069 1408 honorem

226 1438 268 1477 '⁴5
283 1434 558 1492 capessisset,
592 1447 851 1491 congressus
881 1432 986 1477 forte
1016 1446 1096 1490 per
1124 1432 1324 1476 tenebras
1355 1447 1450 1478 cum
1485 1434 1690 1493 principe,
1722 1437 1824 1495 quia
1853 1438 1893 1494 vi
1923 1445 2072 1483 attem-

282 1516 471 1570 ptantem
499 1509 654 1554 acriter
682 1507 945 1566 reppulerat,
979 1507 1135 1552 deinde
1166 1509 1384 1566 adgnitum
1414 1517 1629 1562 oraverat,
1660 1512 1784 1570 quasi
1816 1513 2072 1571 exprobras-

284 1592 365 1638 set,
405 1584 514 1629 mori
554 1585 731 1629 adactus
762 1590 838 1631 est.
867 1585 980 1627 Nero
1010 1589 1099 1627 tum
1129 1584 1384 1628 metuentior
1413 1585 1455 1628 in
1484 1592 1703 1644 posterum
1733 1587 1889 1632 milites
1919 1588 2000 1633 sibi
2030 1596 2072 1634 et

283 1661 517 1720 plerosque
557 1659 815 1717 gladiatores
851 1659 1150 1711 circumdedit,
1190 1660 1262 1717 qui
1305 1659 1491 1704 rixarum
1529 1661 1645 1705 initia
1683 1663 1850 1708 modica
1879 1646 1922 1707 et
1948 1665 2071 1723 quasi

284 1738 448 1796 privata
477 1737 687 1780 sinerent:
719 1735 754 1778 si
785 1749 810 1779 a
839 1734 969 1779 laesis
990 1733 1171 1778 validius
1202 1741 1417 1793 ageretur,
1449 1750 1567 1780 arma
1587 1737 1833 1782 inferebant.
1866 1738 2070 1784 ludicram

351 1886 382 1918 4.
405 1881 472 1927 flne'
496 1882 594 1916 annis
616 1883 649 1916 M
676 1900 711 1907 —
736 1881 767 1915 t.
793 1890 838 1915 ex
860 1881 918 1915 ed.
944 1882 1137 1925 Spirensis:
1162 1885 1194 1915 et
1215 1883 1249 1916 M
1272 1899 1308 1905 —
1336 1884 1530 1924 aruspicum
1552 1884 1587 1917 M
1610 1901 1645 1907 —
1673 1885 1709 1916 ὅ.
1728 1884 1812 1919 iobis
1827 1887 1859 1920 M
1878 1902 1914 1910 —
1940 1889 2027 1920 tacte
2042 1888 2072 1921 M

288 1962 325 1970 -
351 1943 383 1976 6.
407 1942 485 1988 feda
508 1941 542 1974 Μ
564 1957 598 1963 -
632 1940 663 1973 8.
688 1939 870 1972 'venditioni
894 1938 950 1972 ed.
976 1939 1167 1982 Spirensis:
1192 1938 1380 1972 uendition‘e
1406 1940 1458 1979 M;
1489 1941 1534 1973 ad
1556 1941 1774 1975 venditionem
1796 1941 1863 1975 alii.
1892 1960 1926 1966 —
1961 1942 2013 1976 ⁴3.
2037 1943 2074 1976 in

285 2001 353 2033 lac.
380 1997 592 2031 Gronovius:
629 1997 674 2029 .T.
701 1997 751 2036 M3
783 2000 814 2030 et
841 1998 877 2030 in
903 1996 968 2029 alii.
999 2014 1033 2020 -—
1061 1996 1114 2030 ⁴4.
1135 1997 1302 2038 Iuliusque
1326 1996 1492 2031 Orellius:
1525 1998 1628 2031 Iulius
1650 1996 1713 2039 qua
1736 1999 1768 2032 M
1777 2009 1785 2039 ;
1818 1999 1922 2033 Iulius
1943 2000 2075 2041 quidem

285 2055 358 2097 alii;
382 2055 487 2089 Iulius
509 2055 647 2097 quidam
668 2054 816 2097 Lipsius.
837 2072 872 2077 —
900 2055 952 2087 ⁴5.
971 2063 1165 2096 conpressus
1189 2056 1234 2087 G:
1260 2055 1424 2097 conyressi
1446 2056 1479 2090 M
1506 2073 1542 2079 -—
1568 2057 1651 2096 quia
1672 2057 1706 2088 vi
1728 2058 1977 2097 attemptantem
1990 2057 2071 2090 cod.

285 2111 487 2156 Agricolae:
513 2112 571 2152 qui
586 2112 669 2145 auia
690 2115 899 2153 temptantem
914 2113 967 2152 Μ·,
994 2113 1075 2153 quia
1089 2112 1159 2145 vim
1173 2115 1385 2153 temptantem
1401 2112 1622 2146 Puteolanus.
1644 2131 1676 2137 —
1707 2113 1758 2146 46.
1783 2114 1959 2156 adgnitum
1981 2114 2075 2148 Rhe-

287 2179 418 2205 nanus:
449 2169 646 2212 adaqnitum
669 2170 716 2209 M;
742 2169 893 2211 agnitum
915 2168 1030 2212 vulgo.
1057 2187 1092 2193 —
1122 2170 1174 2203 ⁴7.
1200 2167 1237 2203 t‘u
1254 2169 1322 2212 (vel
1345 2167 1405 2212 aii)
1432 2170 1483 2204 M:
1517 2173 1628 2204 autem
1651 2169 1721 2210 alii;
1748 2173 1858 2203 tamen
1882 2171 2072 2209 petonem

285 2228 355 2261 iam
378 2225 546 2261 Halmius.
567 2243 603 2249 —
628 2229 718 2259 metu
739 2226 873 2259 cautior
894 2226 1068 2260 Heinsius.
1090 2243 1125 2250 —
1153 2225 1206 2259 49.
1231 2226 1305 2259 lesis
1326 2227 1371 2260 M.

287 2367 366 2410 pter
394 2364 625 2405 vetustatem,
658 2364 723 2397 nisi
755 2373 775 2396 a
803 2362 1055 2397 calumniatore
1084 2373 1155 2398 non

272 2416 377 2457 *exigi
399 2415 602 2458 potuerunt.

330 2464 385 2498 24.
410 2464 579 2506 lustravit]
609 2464 777 2497 Eiusdem
800 2465 887 2498 ritus
911 2465 1043 2497 mentio
1069 2465 1153 2497 Hist.

290 2518 320 2557 t,
338 2516 379 2549 87
405 2516 440 2548 et
462 2515 556 2558 apud
581 2515 715 2548 Livium
733 2524 852 2558 saepe.
879 2516 981 2548 Facta
998 2514 1156 2548 lustratio

288 2565 527 2609 prodigiorum
548 2573 654 2598 causa
670 2564 868 2597 amburbali
884 2565 1067 2604 sacrificio,
1089 2565 1157 2597 hoc

289 2619 354 2656 est,
377 2615 618 2649 circumducta
636 2616 729 2648 circa
744 2615 873 2648 urbem
884 2616 1024 2648 victima
1037 2616 1158 2657 expia-

289 2667 388 2699 toria.
398 2666 570 2698 Enn.—ex
580 2674 733 2706 responso
744 2666 970 2706 haruspicum]
981 2665 1031 2699 Cf.
1044 2666 1154 2704 ΗΑΒ.

332 2717 386 2748 25.
414 2716 451 2756 Q.
473 2715 602 2748 Volusio
624 2717 659 2748 P.
677 2715 840 2758 Scipione]
867 2716 916 2749 Cf.
935 2715 1071 2748 titulum
1088 2717 1158 2748 Pu-

290 2766 469 2800 teolanum
497 2768 623 2800 lnscrr.
651 2768 738 2799 Latt.
764 2776 799 2800 n.
823 2766 929 2800 5406:
964 2768 1001 2808 Q.
1031 2767 1159 2800 Volusio

289 2816 497 2858 Saturn(ino)
521 2817 555 2849 P.
575 2817 725 2850 Cornelio
750 2817 931 2858 Scip(ione)
954 2826 1018 2849 cos.
1042 2818 1158 2859 Anqu-

289 2867 389 2900 states
407 2866 464 2907 qui
483 2891 614 2900 ......
634 2866 772 2899 Claudio
787 2867 923 2900 Caesari
942 2867 1112 2909 Augustw)
1129 2870 1160 2899 et

294 2941 527 2951 ..........
553 2916 720 2958 Auyustae
750 2918 915 2959 (Neronis
939 2919 974 2950 et
997 2917 1158 2959 Agrippi-

292 2977 359 3001 nae
382 2967 525 3000 nomina
549 2975 648 3000 erasa
666 2967 758 3007 sunt)
782 2968 877 3009 1(ovi)
898 2967 1057 3010 O(ptimo)
1074 2969 1159 3007 M(a-

291 3019 397 3059 ximo)
421 3021 452 3051 et
472 3018 569 3060 penio
590 3018 738 3050 coloniae
761 3018 854 3050 ludos
868 3019 1053 3059 feccrmnt).
1070 3018 1156 3050 XIII

291 3070 362 3102 XII.
390 3069 428 3101 K.
453 3069 556 3101 Mart.
575 3068 609 3101 C.
630 3068 789 3100 Tantilius
811 3069 846 3101 C.
864 3067 1034 3109 tubertus)
1057 3068 1157 3108 Hyla,

293 3119 351 3153 Cn.
376 3119 497 3152 Pollius
520 3119 578 3152 Cn.
603 3117 774 3160 tubertus)
802 3119 921 3159 Victor,
947 3120 983 3152 C.
999 3119 1103 3151 Iulius
1122 3119 1156 3152 C.

293 3171 314 3202 l.
341 3169 556 3210 Glaphyrms)
581 3168 792 3201 curatoribus
817 3192 923 3201 .....
951 3170 1001 3202 De
1026 3172 1064 3211 Q.
1087 3171 1160 3202 Vo-

294 3220 382 3253 lusio
405 3219 485 3252 vide
509 3219 555 3252 ad
578 3219 610 3260 3,
635 3219 688 3252 30.
714 3220 752 3252 P.
773 3219 886 3261 Scipio
909 3219 1047 3253 videtur
1069 3219 1160 3254 filius

294 3272 331 3303 P.
344 3268 493 3303 Cornelii
510 3270 691 3312 Scipionis,
708 3270 893 3311 Poppaeae
906 3270 1020 3302 mariti
1032 3271 1058 3311 (t
1068 3271 1098 3310 ⁴,
1113 3271 1156 3311 2).

298 3339 334 3344 —
364 3321 462 3362 foeda
490 3320 578 3352 domi
608 3319 761 3361 lascivia]
797 3318 972 3361 descripta
1003 3321 1109 3353 etiam
1140 3330 1160 3352 a

296 3371 460 3403 Suetonio
494 3371 576 3403 Ner.
600 3370 643 3403 26
675 3371 710 3402 et
738 3378 757 3402 a
783 3369 892 3402 Dione
917 3369 971 3410 64,
996 3369 1016 3402 8
1039 3377 1092 3410 sq.
1121 3388 1156 3394 -

296 3428 353 3452 ore
376 3419 580 3462 praeferret]
613 3419 741 3453 Plinius
770 3420 810 3453 N.
836 3419 876 3452 H.
907 3417 946 3451 43
978 3417 997 3460 g
1021 3418 1083 3450 ⁴26
1115 3418 1159 3453 de

1205 2364 1358 2406 thapsia,
1384 2362 1516 2396 serulae
1539 2371 1691 2405 genere:
1716 2364 1805 2399 Nero
1825 2364 1950 2397 Caesar
1971 2365 2076 2398 clari-

1205 2417 1306 2447 tatem
1328 2414 1357 2446 ei
1380 2414 1466 2446 dedit
1487 2414 1582 2446 initio
1603 2413 1753 2454 imperii,
1784 2414 1955 2446 nocturnis
1975 2422 2076 2457 qrae-

1205 2463 1387 2497 sationibus
1409 2463 1685 2496 converberatam
1715 2463 1835 2505 faciem
1863 2463 1995 2496 Utinm
2015 2464 2076 2497 sibi

1206 2517 1280 2547 ture
1301 2523 1444 2554 ceraque
1466 2518 1496 2547 et
1518 2517 1627 2547 secuto
1650 2515 1702 2547 die
1724 2517 1842 2546 contra
1866 2514 1995 2555 famam
2015 2523 2076 2547 cu-

1206 2567 1270 2596 tem
1292 2564 1455 2596 sinceram
1477 2564 1722 2605 circumferens.
1745 2580 1781 2587 ——
1806 2563 1843 2596 in
1863 2564 1998 2596 modum
2015 2573 2076 2597 ca-

1203 2614 1376 2656 ptivitatis]
1400 2615 1501 2656 quasi
1525 2615 1621 2648 cives
1642 2622 1767 2647 omnes
1791 2615 1912 2647 essent
1933 2614 2074 2657 captivi.

1209 2664 1259 2696 Cf.
1285 2665 1343 2703 46,
1369 2665 1428 2697 46ε
1455 2666 1648 2705 captivitate
1670 2663 1813 2696 urbium.
1846 2663 1932 2697 Hist.
1954 2663 1987 2704 3,
2011 2664 2074 2697 70:

1207 2714 1457 2755 captivitatibus
1477 2715 1621 2748 urbium.
1644 2732 1680 2738 -
1707 2714 1874 2754 Iuliusque
1895 2714 2077 2747 Montanus

1209 2766 1274 2797 cet
1280 2765 1292 2805 ]
1314 2765 1378 2797 Dio
1393 2765 1447 2805 64,
1465 2765 1501 2797 9:
1522 2760 1682 2806 Ἰούλιός
1695 2774 1753 2806 τις
1766 2760 1967 2806 Μοντανὸς
1978 2763 2076 2804 βου-

1208 2811 1343 2857 λευτὴς
1372 2811 1645 2859 ἀγανακτήσας
1675 2811 1770 2862 ὑπὲρ
1799 2812 1868 2857 τῆς
1895 2814 2077 2858 γυναικὸς

1209 2866 1421 2912 προσέπεσέ
1454 2875 1494 2898 τε
1527 2862 1632 2910 αὐτῷ
1666 2865 1732 2898 καὶ
1761 2861 1908 2909 πληγὰς
1933 2862 2077 2908 πολλὰς

1208 2913 1464 2961 ἐνεφόρησεν·
1488 2911 1583 2949 ὥσθ’
1602 2912 1678 2949 ὑπὸ
1692 2914 1769 2948 τῶν
1785 2912 1965 2949 ὑπωπίων
1980 2925 2076 2955 συκ-

1208 2969 1294 3007 ναῖς
1316 2962 1435 2999 αὐτὸν
1459 2963 1621 3013 ημέραις
1636 2964 1878 3024 κρυφθῆναι·
1902 2961 2001 2999 zat*
1983 2976 2077 2999 επα-

1208 3016 1275 3048 θεν
1291 3015 1352 3049 ἐπὶ
1366 3011 1489 3060 τούτῳ
1505 3014 1630 3049 δεινὸν
1646 3013 1776 3049 οὐδέν·
1804 3012 1826 3048 ὁ
1846 3012 1918 3063 γὰρ
1932 3016 2075 3063 Νέρων,

1209 3066 1251 3100 ἐκ
1285 3068 1491 3108 συντυχίας
1524 3063 1648 3108 ἄλλως
1683 3063 1867 3114 ὑβρίσθαι
1899 3067 2075 3109 νομίσας,

1210 3113 1391 3159 οὐδεμιαν
1422 3113 1473 3149 ἀν
1497 3113 1616 3162 ὀργὴν
1639 3116 1823 3157 ἐποιεῖτο,
1855 3117 1892 3150 εἰ
1910 3113 1967 3159 μὴ
1990 3115 2076 3150 ἐκέ-

1210 3166 1355 3200 στειλεν
1377 3163 1480 3211 αὐτῷ
1505 3165 1734 3211 συγγνώμην
1749 3163 2003 3224 αἰτούμενος·
2023 3162 2077 3208 ὥς

1209 3215 1282 3263 γὰρ
1304 3213 1495 3261 ἀναγνοὺς
1515 3228 1538 3249 o
1553 3217 1684 3264 Νέρων
1699 3213 1746 3250 τὰ
1761 3214 1969 3274 γράμματα
1982 3210 2074 3259 ἔφη,

1210 3265 1361 3301 Οὔκουν
1383 3264 1478 3311 ἤδη,
1501 3268 1658 3314 Νέρωνα
1680 3264 1845 3307 τύπτων,
1869 3262 1990 3299 αὑτὸν
2004 3276 2076 3299 κα-

1209 3316 1446 3365 τεχρήσατο;
1464 3336 1498 3342 -
1517 3320 1677 3351 senatorii
1691 3318 1834 3357 ordinis,
1851 3316 1907 3349 sed
1921 3317 1980 3358 qui
1994 3325 2076 3350 uon-

1210 3371 1288 3402 dum
1309 3370 1341 3401 h.
1359 3369 1555 3412 capessisset]
1580 3367 1830 3411 Explicandum
1853 3367 1922 3399 hoc
1945 3375 1965 3399 e
1984 3367 2075 3401 Sue-

1210 3420 1305 3453 tonio
1329 3420 1414 3462 Aug.
1439 3419 1499 3452 38:
1527 3418 1652 3453 Liberis
1671 3420 1878 3458 senatorum,
1903 3425 1968 3460 quo
1990 3417 2075 3452 0⁶10-
