2254 3770
256 300 340 344 238
733 303 779 346 Ρ.
811 301 1061 348 CORNELII
1091 303 1261 348 TACITI
1289 304 1558 350 ANNALIUM

259 416 348 454 rata
376 416 624 468 paupertas,
657 408 756 453 dein
787 422 966 467 magnae
996 423 1102 467 opes
1132 410 1379 454 innocenter
1407 418 1554 468 partae
1585 418 1627 456 et
1645 412 1840 457 modeste
1860 412 2040 458 habitae.

257 485 489 539 Domitium
518 485 737 530 decoravit
765 491 887 542 pater
916 484 1026 531 civili
1058 485 1170 530 bello
1201 486 1331 529 maris
1359 493 1531 544 potens,
1573 486 1712 531 donec
1741 488 1907 532 Antonii
1947 501 2043 545 par-

256 561 386 612 tibus,
428 575 528 605 mox
563 560 760 606 Caesaris
799 560 1063 619 misceretur.
1109 575 1213 604 avus
1251 560 1494 606 Pharsalica
1523 562 1615 606 acie
1644 577 1723 621 pro
1753 563 2042 621 optumatibus

257 635 483 680 ceciderat.
526 636 621 694 ipse
651 634 844 679 delectus
875 635 942 679 cui
973 636 1111 680 minor
1131 636 1327 686 Antonia,
1362 637 1538 681 Octavia
1568 638 1723 696 genita,
1759 640 1799 682 in
1824 639 2042 684 matrimo-

223 712 372 757 5nium
402 711 586 763 daretur,
617 717 715 768 post
745 711 933 754 exercitu
962 711 1120 755 flumen
1142 711 1280 755 Albim
1308 713 1590 764 transcendit,
1621 713 1789 772 longius
1822 720 2042 772 penetrata

252 788 483 832 Germania
521 800 648 845 quam
688 786 918 844 quisquam
955 786 1168 844 priorum3
1214 801 1376 846 easque
1416 787 1471 832 ob
1509 802 1580 833 res
1623 789 1803 847 insignia
1842 789 2040 848 triumphi

255 862 436 921 adeptus
466 868 544 907 est.
587 861 691 906 obiit
720 869 763 905 et
791 862 835 906 L.
867 862 1090 912 Antonius,
1122 861 1253 907 multa
1283 862 1532 909 claritudine
1563 865 1750 921 generiS,
1789 864 1868 909 sed
1896 864 2041 923 inpro-

253 953 395 997 spera.
440 952 539 982 nam
578 944 698 995 patre
737 937 831 981 eius
867 937 958 981 Iulo
988 938 1167 981 Antonio
1197 937 1253 982 ob
1284 937 1539 985 adulterium
1570 939 1698 985 luliae
1725 947 1864 985 morte
1894 940 2041 998 punito

254 1014 367 1059 hunc
396 1012 629 1058 admodum
657 1012 1046 1063 adulescentulum,
1086 1013 1247 1056 sororis
1278 1020 1495 1072 nepotem,
1533 1016 1727 1073 seposuit
1755 1018 1970 1073 Augustus
2002 1016 2041 1059 in

202 1103 239 1133 ιο
254 1090 468 1135 civitatem
511 1088 840 1141 Massiliensem,
886 1088 960 1136 ubi
1004 1088 1150 1146 specie
1188 1088 1426 1133 studiorum
1465 1104 1620 1135 nomen
1661 1090 1773 1135 exilii
1812 1097 2040 1149 tegeretur.

253 1165 421 1211 habitus
460 1171 601 1210 tamen
641 1164 854 1223 supremis
893 1163 1047 1214 honor,
1089 1178 1277 1222 ossaque
1307 1164 1470 1211 tumulo
1501 1166 1777 1211 Octaviorum
1807 1167 1935 1211 inlata
1963 1180 2042 1225 per

247 1241 476 1287 decretum
504 1246 693 1287 senatuS.

364 1318 445 1375 (45)
477 1316 620 1362 Isdem
650 1315 897 1363 oonsulibus
931 1315 1096 1361 facinus
1126 1322 1245 1359 atrox
1274 1315 1315 1359 in
1347 1316 1546 1364 citeriore
1575 1318 1778 1376 Hispania
1807 1317 2042 1363 admissum

250 1408 277 1439 a
305 1393 493 1453 quodam
522 1392 679 1450 agresti
710 1391 891 1436 nationis
912 1391 1214 1439 Termestinae.
1245 1392 1282 1435 is
1312 1399 1554 1450 praetorem
1582 1394 1829 1451 provinciae
1854 1395 1898 1438 L.
1920 1394 2042 1439 Piso*-

199 1481 236 1511 ω
251 1483 367 1522 nem,
408 1482 516 1527 pace
553 1466 839 1517 incuriosum,
883 1481 937 1511 ex
966 1467 1183 1524 inproviso
1212 1467 1254 1510 in
1285 1467 1436 1512 itinere
1467 1468 1643 1512 adortus
1672 1483 1759 1514 uno
1792 1469 1967 1514 vulnere
1997 1469 2040 1513 in

249 1551 430 1590 mortem
459 1543 634 1596 adfecit;
675 1557 726 1588 ac
754 1542 1006 1600 pernicitate
1037 1543 1137 1601 equi
1167 1543 1390 1601 profugus,
1423 1550 1650 1603 postquam
1679 1544 1891 1593 saltuosos
1922 1545 2040 1591 locos

249 1622 460 1680 attigerat,
507 1619 684 1663 dimisso
727 1632 841 1678 equo
886 1632 964 1677 per
1002 1617 1184 1677 derupta
1225 1625 1267 1662 et
1307 1619 1401 1663 avia
1440 1620 1660 1678 sequentis
1701 1620 1925 1664 frustratus
1962 1627 2039 1665 est.

248 1711 393 1756 neque
419 1695 496 1740 diu
525 1694 688 1748 fefellit3
719 1708 818 1738 nam
847 1707 1006 1752 prenso
1028 1694 1245 1752 ductoque
1266 1708 1345 1752 per
1365 1695 1583 1752 proximos
1604 1710 1738 1754 pagos
1759 1709 1885 1754 equo,
1914 1696 2040 1742 cuius

317 1795 346 1830 4,.
368 1796 490 1835 partae
512 1792 669 1835 Lipsius:
697 1793 844 1833 paratae
868 1791 912 1824 M.
944 1789 1031 1823 Vide
1055 1790 1239 1824 Ritterum.
1276 1807 1309 1813 —
1341 1791 1506 1824 modestae
1529 1792 1561 1825 M
1588 1809 1624 1815 —
1656 1792 1689 1825 3.
1708 1792 1921 1833 pharssalica
1942 1793 1976 1831 M
2003 1809 2037 1825 *2-

248 1849 281 1886 4.
299 1850 441 1887 delectus
463 1848 630 1883 Pichena:
657 1847 799 1880 deiectus
818 1847 870 1886 M;
895 1846 1015 1887 electus
1037 1854 1171 1888 margo,
1198 1846 1249 1879 Cf.
1267 1845 1299 1887 4,
1319 1846 1372 1880 48.
1391 1848 1446 1880 54.
1466 1865 1502 1872 -
1528 1847 1560 1880 8.
1577 1848 1650 1880 Iulo
1671 1848 1825 1890 Lipsius:
1850 1848 1931 1882 iulio
1953 1849 1986 1882 M
2001 1865 2037 1880 r.—

247 1911 353 1955 morte
375 1908 409 1942 M
425 1924 461 1931 —
485 1907 538 1940 ⁴0.
562 1905 661 1947 spetie
684 1905 716 1939 M
742 1923 778 1935 .-
805 1904 858 1937 ⁴3.
883 1903 977 1937 istem
999 1913 1053 1946 pr.
1075 1904 1109 1937 M
1130 1921 1166 1927 -
1191 1903 1334 1945 facimus
1355 1912 1409 1946 pr.
1430 1905 1464 1937 M
1484 1922 1520 1929 --
1548 1904 1601 1938 44.
1618 1907 1742 1947 agreste·
1766 1905 1886 1947 pr.M:
1911 1908 2041 1947 aorem

249 1974 343 1998 corr.
368 1965 403 1999 M
429 1971 464 1986 -’-
491 1966 542 1996 ter
562 1962 725 1995 maestlna
747 1961 793 1995 eis
814 1961 847 1995 M
871 1961 1111 2002 (Termestinae.
1136 1960 1166 1993 is
1186 1959 1319 2001 margo)
1346 1977 1383 1984 —
1411 1961 1463 1994 ⁴7.
1486 1961 1684 2002 fraistratus
1704 1962 1750 1996 M.

245 2043 322 2077 sive
352 2041 456 2077 Dacis
484 2038 707 2078 meridianis,
736 2038 816 2072 Istri
845 2035 990 2077 accolis,
1023 2045 1055 2069 a.
1081 2045 1116 2069 u.
1172 2052 1209 2058 —
1234 2036 1582 2079 avus--cecideratJ
1619 2037 1751 2070 caesar
1780 2037 1818 2070 B.
1845 2037 1884 2071 C.
1908 2037 1949 2078 3,
1973 2036 2037 2070 99:

248 2092 324 2128 744.
357 2091 478 2125 Florus
496 2089 540 2131 ,4,
572 2090 632 2130 42,
664 2088 724 2122 ⁴8:
756 2088 843 2121 Daci
871 2086 1037 2120 montibus
1063 2087 1120 2119 in·
1168 2085 1205 2118 L.
1231 2085 1397 2118 Domitius
1431 2085 1569 2128 (consul
1598 2095 1631 2119 a.
1669 2096 1703 2119 u.
1729 2087 1810 2128 700)
1845 2097 1889 2120 ex
1921 2087 2041 2121 canois

246 2144 394 2177 haerent.
425 2141 503 2174 Inde
525 2139 688 2173 Cotisonis
709 2139 799 2180 regis
822 2138 1012 2179 (Getarum,
1035 2138 1120 2169 Sue-
1170 2135 1413 2177 (Pompeianis)
1436 2136 1473 2168 in
1494 2137 1837 2179 montemresuqiens,
1861 2138 2039 2172 meires

247 2196 322 2228 ton.
356 2194 445 2234 Aug.
481 2191 539 2232 63)
569 2190 725 2232 imperio,
766 2190 916 2229 quotiens
948 2190 1121 2221 concretus

247 2245 323 2287 gelu
344 2243 526 2277 Danuvius
545 2242 710 2275 ime-verat
731 2241 844 2280 ripas,
869 2240 1045 2273 decurrere
1063 2247 1119 2271 so-

247 2294 357 2329 lebant
377 2297 409 2326 et
429 2293 545 2325 vicina
566 2290 739 2333 populari.
779 2290 890 2322 Visum
912 2292 959 2322 est
982 2289 1119 2323 Caesari

246 2345 395 2388 Augusto
426 2346 556 2386 gentem
588 2343 685 2375 aditu
713 2341 944 2383 difficillimam
971 2349 1119 2374 summo-

245 2404 335 2429 vere.
370 2395 470 2428 misso
503 2394 612 2435 ἐρίων
639 2391 776 2425 Lentulo
806 2391 899 2424 ultra
927 2391 1119 2424 ulteriorem

245 2444 392 2487 reppulit
404 2445 536 2484 ripam:
560 2443 648 2475 citra
656 2441 831 2482 praesidia
845 2442 1037 2474 constituta.
1063 2440 1116 2474 Cf.

246 2496 312 2530 Dio
334 2494 395 2535 54,
420 2494 474 2527 36.
499 2494 654 2527 Menum.
678 2493 809 2533 Ancyr.
827 2491 900 2524 tab.
918 2492 958 2531 V,
976 2491 1019 2524 46
1035 2499 1114 2533 sqq.

250 2563 287 2571 --
305 2542 691 2587 pater—-miscereturJ
715 2541 901 2574 Suetonius
925 2542 1005 2574 Ner
1024 2541 1060 2574 3:
1087 2541 1118 2573 Is

247 2597 323 2638 (Cn.
341 2594 523 2635 Domitius)
547 2595 637 2627 inter
656 2594 802 2626 conscios
817 2592 1042 2629 Caesarianae
1056 2600 1116 2624 ne-

245 2648 294 2681 cis
326 2654 521 2688 quanquam
551 2646 665 2678 insons
697 2644 876 2677 danmatus
905 2643 974 2684 leqe
1001 2643 1114 2683 Pedia,

247 2706 323 2730 cum
345 2697 390 2730 acl
412 2696 562 2730 Cassium
584 2695 790 2735 Brutwnque
805 2702 839 2726 se
847 2693 1041 2734 propinqua
1054 2692 1116 2725 sibi

245 2747 442 2789 cognatione
463 2745 592 2777 iunctos
612 2744 816 2784 contulisset,
845 2746 923 2784 post
942 2743 1115 2782 utriusque

244 2797 414 2830 interitum
444 2794 582 2827 classem
615 2794 694 2826 olim
721 2794 928 2826 conmissum
956 2792 1113 2825 retinuit:

245 2847 347 2880 auoeit
369 2846 489 2885 etiam,
516 2852 576 2877 nec
596 2844 662 2877 nisi
678 2843 834 2884 partibus
854 2842 976 2883 ubique
994 2842 1115 2884 profli-

244 2897 335 2944 aatis
355 2897 402 2929 Μ.
426 2895 569 2928 Antonio
590 2897 703 2935 sponte
717 2896 748 2926 et
763 2893 906 2950 inqentis
920 2893 1030 2925 meriti
1044 2892 1115 2924 loco

246 2947 404 2986 tradidit,
427 2945 579 2985 solusque
602 2943 748 2976 omnium
765 2952 810 2976 em
824 2943 866 2975 iis
880 2944 938 2984 qui
947 2943 1029 2984 pari
1045 2942 1115 2983 leqe

245 2997 397 3030 damnati
417 2997 532 3034 erant,
555 2995 727 3027 restitutus
747 2994 783 3026 in
800 2994 953 3034 patriam
976 2991 1115 3033 amplis-

244 3048 346 3080 simos
365 3046 504 3079 honores
520 3044 751 3085 percucurrit,
786 3052 828 3075 ac
848 3042 985 3076 subinde
1005 3042 1115 3075 redin-

245 3099 379 3139 tegrata
400 3094 597 3129 dissensione
619 3093 711 3125 civili
734 3093 837 3125 eidem
858 3093 999 3126 Antonio
1020 3092 1115 3134 lequ-

246 3150 299 3179 tus
321 3146 467 3180 delatam
486 3144 547 3178 eibi
569 3151 732 3176 sumam
745 3142 876 3182 imperii
892 3142 935 3175 ab
948 3143 1006 3182 iis,
1033 3149 1115 3183 quos

247 3196 442 3237 Cleopatrae
471 3193 637 3236 pudebat,
675 3200 780 3232 neque
815 3193 978 3233 suscipere
1010 3201 1115 3233 neque

245 3254 404 3279 recusare
422 3245 561 3287 fidenter
576 3244 716 3284 propter
736 3240 879 3274 subitam
892 3242 1114 3274 valetudinem

246 3304 348 3328 ausus
368 3295 506 3327 transiit
526 3293 571 3326 ad
585 3292 788 3334 Augustum:
812 3290 892 3325 etin
906 3290 1017 3323 diebus
1027 3300 1114 3332 pau-

240 3346 295 3378 cis
315 3344 412 3384 obiit,
437 3342 599 3376 nonnulla
619 3345 652 3375 et
672 3341 740 3382 ipse
758 3340 903 3381 infamia
925 3341 1111 3381 adspersus.

246 3393 337 3426 Nam
358 3393 517 3425 Antonius
538 3400 614 3425 eum
633 3390 793 3424 desiderio
808 3389 937 3423 amicae
949 3389 1114 3424 Serviliae

1166 2194 1243 2220 eum
1269 2186 1462 2221 lassitudine
1489 2188 1692 2230 defecissent,
1726 2188 1769 2221 ab
1797 2188 1962 2230 equitibus
1989 2191 2039 2223 est

1166 2237 1366 2279 interfectus.
1393 2237 1444 2270 Cf.
1470 2238 1613 2271 Sueton.
1634 2239 1716 2272 Ner.
1734 2239 1767 2272 2.
1787 2256 1824 2263 —
1847 2240 1960 2272 minor
1972 2239 2038 2273 An-

1167 2288 1275 2330 tonia]
1311 2290 1356 2322 M.
1381 2289 1519 2322 Antonii
1555 2298 1597 2322 ex
1631 2290 1771 2322 Octavia
1807 2289 1876 2323 filia
1906 2290 2035 2329 minor.

1167 2338 1223 2371 Sic
1246 2338 1354 2371 etiam
1378 2340 1437 2378 ΑΞ,
1460 2338 1514 2372 64.
1539 2341 1582 2372 At
1606 2340 1735 2372 rectius
1751 2340 1939 2375 Suetonius
1954 2341 2036 2375 Ner.

1167 2388 1187 2420 5
1211 2389 1397 2422 Antoniam
1419 2389 1593 2422 maiorem
1615 2390 1785 2430 Domitio,
1813 2389 1918 2432 Calig.
1938 2391 1952 2424 ⁴
1974 2391 2038 2427 mi·

1167 2448 1293 2473 norem
1306 2441 1433 2480 Druso,
1452 2441 1651 2474 Germanici
1668 2441 1772 2483 patri,
1790 2441 1922 2475 tribuit.
1947 2443 2036 2477 Nam

1166 2491 1230 2523 Dio
1264 2499 1407 2532 quoque
1430 2490 1490 2531 48,
1525 2490 1568 2524 54
1605 2491 1795 2524 Antonium
1825 2500 1857 2525 a.
1889 2500 1924 2524 u.
1958 2492 2034 2532 747,

1166 2548 1238 2581 quo
1262 2549 1354 2573 anno
1377 2540 1526 2574 Antonia
1549 2540 1666 2575 minor
1689 2539 1845 2576 nondum
1863 2542 1944 2575 nata
1959 2543 2037 2575 erat

1168 2590 1222 2632 (cf.
1256 2591 1404 2633 Appian.
1429 2591 1467 2623 Β.
1494 2591 1532 2623 C.
1558 2591 1590 2631 5,
1615 2591 1670 2626 95.
1705 2589 1880 2624 Plutarch.
1906 2592 2032 2626 Anton.

1166 2641 1207 2674 33
1231 2643 1266 2674 et
1289 2641 1360 2683 35),
1394 2649 1496 2674 suam
1527 2650 1569 2674 ex
1601 2641 1741 2674 Octavia
1770 2639 1878 2675 filiam
1900 2642 1938 2674 L.
1962 2642 2035 2676 Do-

1165 2691 1262 2723 mitio
1298 2690 1531 2733 despondisse
1559 2691 1676 2724 tradit.
1720 2690 1772 2725 Cf.
1796 2690 1843 2723 ad
1870 2690 1910 2731 3,
1935 2690 1967 2724 3.
1996 2709 2033 2724 -.,

1165 2741 1316 2774 exercitu
1335 2743 1371 2784 fl.
1395 2741 1503 2774 Albim
1524 2740 1736 2782 transcendit]
1759 2741 1825 2774 Dio
1847 2741 1901 2781 55,
1927 2741 1969 2774 40
1991 2749 2033 2775 a:

1159 2787 1198 2824 ‘0
1221 2790 1402 2848 Δομίτιος
1424 2788 1620 2850 πρότερον
1630 2790 1703 2833 μὲν
1727 2791 1819 2833 (ante
1835 2799 1867 2824 a.
1886 2799 1921 2824 u.
1940 2791 2031 2832 752),

1164 2837 1236 2882 ἕως
1257 2835 1314 2874 ἑτι
1334 2839 1410 2873 τῶν
1426 2837 1521 2887 πρὸς
1535 2839 1587 2884 τῷ
1600 2836 1735 2887 Ἴστρῳ
1757 2841 1908 2884 χωρίων
1923 2833 2032 2887 ἦρχε,

1164 2889 1255 2934 τούς
1287 2901 1328 2924 τε
1358 2887 1686 2949 Ἕρμουνδοὺρους
1719 2890 1762 2924 ἐκ
1799 2888 1870 2933 τῆς
1909 2892 2034 2932 οἰκίας

1165 2939 1237 2976 οὐκ
1272 2938 1341 2974 oar
1376 2935 1481 2982 ὅπως
1517 2937 1800 2982 ἐξαναστάντας
1832 2941 1898 2974 καὶ
1933 2938 2032 2975 κατὰ

1163 2989 1320 3050 ζήὶτησιν
1342 2990 1473 3038 ἑτέρας
1497 2988 1569 3034 γῆς
1592 2988 1863 3033 πλανωμένους
1886 2987 2032 3025 finola-

1163 3038 1247 3082 βῶν
1267 3040 1308 3075 ἐν
1330 3040 1440 3099 μέρει
1466 3038 1536 3083 τῆς
1566 3039 1885 3099 Μαρκομαννίδος
1906 3038 2033 3086 κατῴ-

1164 3101 1266 3132 κισε,
1302 3091 1368 3125 καὶ
1400 3087 1468 3124 τὸν
1493 3086 1642 3129 Ἄλβίαν
1671 3087 1838 3133 μηδενός
1860 3090 1902 3124 οἱ
1920 3091 2031 3125 ἐναν-

1163 3141 1366 3184 τιουμένου
1400 3137 1538 3181 διαβὰς
1566 3139 1698 3180 φιλίαν
1729 3149 1769 3172 τε
1795 3144 1877 3182 τοῖς
1904 3139 2030 3197 ἐκείνῃ

1162 3188 1377 3248 βαρβάροις
1399 3189 1582 3224 συνέθετο
1603 3189 1668 3223 καὶ
1690 3186 1827 3233 βωμὸν
1839 3188 1895 3224 ἐπ’
1909 3186 2029 3224 αὐτοῦ

1163 3238 1214 3285 τῷ
1231 3236 1439 3285 Αὐγούστῳ
1462 3236 1655 3286 ἱδρύσατο.
1679 3256 1713 3262 -
1737 3248 1838 3280 quam
1852 3240 2030 3281 quisquam

1158 3289 1325 3332 priorum]
1350 3289 1425 3324 scil.
1450 3290 1713 3332 penetraverat,
1738 3297 1802 3331 pro
1822 3298 2029 3330 aquoquam

1156 3341 1324 3382 priorum.
1350 3341 1411 3373 Est
1433 3340 1533 3382 quasi
1555 3339 1714 3372 attractio
1733 3338 1833 3372 verbi
1855 3342 2029 3372 transcen-

1162 3391 1222 3424 dit.
1247 3391 1374 3424 Duum.
1402 3405 1438 3421 η
1462 3390 1610 3432 insignia
1631 3388 1787 3430 mun-pho·
1809 3389 1948 3430 adeptus
1968 3389 2026 3432 est]

242 3442 368 3479 ,Naidis
388 3441 606 3484 transmisse
619 3440 772 3477 iactavit.
792 3437 850 3474 Cf.
870 3436 989 3475 Vellei.
1006 3438 1039 3479 2,
1056 3438 1111 3473 72.
1162 3440 1306 3477 sueton.
1330 3439 1412 3475 Ner.
1430 3437 1474 3473 ⁷4:
1510 3447 1577 3472 nou
1603 3437 1714 3473 num
1741 3438 1926 3480 Monadi
1953 3441 2028 3472 arn
