2254 3770
285 301 369 347 252
770 303 815 346 Ρ.
847 301 1097 347 CORNELII
1124 301 1295 363 TACJTI
1325 302 1593 349 ANNALIUM

399 408 481 466 (64)
511 407 710 453 Nondum
740 421 792 453 ea
822 407 968 452 clades
998 408 1258 461 exoleverat,
1291 422 1389 453 cum
1418 409 1526 467 ignis
1556 409 1757 455 violentia
1786 410 1938 455 urbem
1966 411 2077 456 ultra

286 482 458 527 solitum
495 483 666 536 adfecit,
707 483 861 528 deusto
897 490 1039 528 monte
1080 484 1246 537 Caelio;
1286 484 1548 543 feralemque
1591 499 1748 530 annum
1787 485 1997 538 ferebant,
2035 493 2078 531 et

286 558 499 603 ominibus
529 559 722 603 adversis
743 565 992 617 susceptum
1014 560 1197 618 principi
1219 559 1443 604 consilium
1463 559 1699 613 absentiae,
1727 562 1800 620 qui
1822 575 1915 606 mos
1934 561 2074 620 vulgo,

284 633 455 678 fortuita
485 634 539 678 ad
570 634 739 692 culpam
768 633 1004 687 trahentes,
1037 635 1079 678 ni
1101 636 1261 680 Caesar
1279 635 1451 679 ovaam
1480 636 1586 680 isset
1614 636 1840 681 tribuendo
1870 637 2077 696 pecunias

253 720 341 754 tex
382 709 512 753 modo
556 709 810 754 detrimenti.
863 717 1071 769 actaeque
1111 711 1149 754 ei
1188 718 1329 769 grates
1368 711 1483 769 apud
1522 718 1715 756 senatum
1745 712 1799 756 ab
1828 712 2078 756 inlustribus

285 784 483 843 famaque
514 784 628 843 apud
659 785 883 844 populum,
926 787 1028 844 quia
1067 787 1159 831 sine
1191 786 1421 831 ambitione
1452 793 1524 831 aut
1553 787 1844 846 proximorum
1874 787 2078 846 precibus

286 859 454 917 ignotos
495 860 622 904 etiam
651 867 693 904 et
731 860 839 905 ultro
870 861 1029 906 accitos
1059 862 1348 906 munificentia
1378 863 1554 907 iuverat.
1601 862 1814 907 adduntur
1843 863 2079 908 sententiae

287 941 333 978 ut
374 949 497 979 mons
540 935 709 980 Caelius
754 936 796 979 in
839 945 1061 994 posterum
1105 940 1319 995 Augustus
1359 938 1664 996 appellaretur,
1712 938 1885 997 quando
1916 938 2080 983 cunctis

287 1010 449 1055 circum
491 1010 768 1069 flagrantibus
810 1012 901 1056 sola
940 1012 1093 1056 Tiberii
1131 1012 1312 1070 effigies,
1359 1014 1438 1057 sita
1475 1015 1516 1056 in
1547 1013 1675 1058 domo
1712 1014 1821 1057 Iunii
1851 1013 2074 1066 senatoris,

237 1085 485 1130 aoinviolata
513 1087 752 1132 mansisset.
797 1088 996 1132 evenisse
1026 1088 1067 1132 id
1100 1088 1200 1132 olim
1231 1088 1432 1133 Claudiae
1464 1089 1663 1142 Quintae,
1695 1090 1877 1148 eiusque
1898 1095 2079 1134 statuam

286 1162 371 1206 vim
403 1162 564 1219 ignium
592 1163 659 1207 bis
690 1163 879 1222 elapsam
909 1164 1094 1207 maiores
1117 1164 1231 1222 apud
1253 1164 1406 1208 aedem
1425 1165 1572 1208 matris
1593 1164 1721 1209 deum
1742 1165 2079 1212 consecravisse.

287 1244 458 1282 sanctos
488 1245 776 1297 acceptosque
807 1240 1051 1284 numinibus
1075 1239 1295 1291 Claudios,
1329 1247 1371 1284 et
1392 1240 1632 1298 augendam
1652 1241 1956 1285 caerimoniam
1983 1239 2079 1285 loco

287 1314 331 1356 in
368 1327 456 1372 quo
495 1320 657 1357 tantum
694 1315 737 1357 in
774 1315 1015 1373 principem
1049 1315 1256 1359 honorem
1286 1315 1329 1359 di
1361 1316 1648 1360 ostenderent.
1696 1317 1778 1373 (65)
1810 1315 1924 1359 haud
1954 1315 2082 1360 fuerit

287 1389 526 1434 absurdum
553 1389 724 1434 tradere
758 1397 945 1435 montem
977 1405 1076 1435 eum
1108 1391 1340 1450 antiquitus
1371 1391 1768 1450 Querquetulanum
1799 1398 2080 1449 cognomento

239 1475 275 1506 45
287 1465 438 1517 fuisse,
471 1465 590 1524 quod
618 1465 712 1510 talis
742 1465 874 1510 silvae
904 1466 1107 1524 frequens
1138 1466 1436 1525 fecundusque
1462 1474 1570 1517 erat,
1605 1481 1703 1511 mox
1725 1466 1914 1511 Caelium
1935 1466 2083 1525 appel-

286 1541 451 1585 litatum
480 1555 505 1585 a
536 1541 665 1586 Caele
698 1542 907 1592 Vibenna,
939 1543 1013 1600 qui
1044 1542 1131 1585 dux
1155 1543 1292 1600 gentis
1313 1543 1517 1586 Etruscae
1539 1556 1637 1586 cum
1658 1542 1861 1586 auxilium
1880 1542 1913 1600 †
1934 1542 2083 1601 appelss

286 1617 418 1660 latum
448 1618 641 1669 tauisset,
674 1617 825 1662 sedem
855 1631 950 1661 eam
980 1625 1207 1676 acceperat
1237 1632 1261 1661 a
1283 1618 1511 1676 Tarquinio
1541 1619 1701 1670 PriscO,
1735 1632 1813 1662 seu
1843 1618 1940 1678 quis
1971 1618 2081 1663 alius

287 1707 438 1752 regum
467 1693 606 1738 dedit:
638 1707 737 1737 nam
766 1693 998 1751 scriptores
1030 1694 1070 1736 in
1101 1707 1154 1737 eo
1179 1693 1446 1737 dissentiunt.
1480 1700 1624 1738 cetera
1643 1708 1729 1738 non
1751 1694 1951 1752 ambigua
1971 1701 2079 1746 sunt,

354 1867 384 1898 4.
409 1865 570 1897 namdum
592 1866 625 1899 M
651 1883 687 1888 —
718 1865 927 1898 exsoleuerat
949 1866 982 1898 M
1011 1884 1042 1889 —
1075 1865 1107 1898 3.
1133 1865 1282 1898 omnibus
1303 1866 1336 1899 M
1366 1865 1538 1907 (ominibus
1559 1865 1693 1907 margo)
1721 1883 1757 1889 -
1793 1867 1826 1900 5.
1849 1866 1957 1909 qratis
1978 1867 2012 1900 M
2037 1883 2073 1890 -

288 1923 320 1956 6.
342 1922 520 1963 praecibus
541 1923 573 1955 M
600 1940 635 1946 —
663 1923 715 1955 Μ.
741 1923 986 1965 σοηεθρναιιίεεο
1009 1923 1042 1956 Μ
1067 1940 1102 1945 —-
1130 1923 1182 1955 43.
1209 1923 1249 1955 ἀῑ
1270 1932 1322 1965 pr.
1341 1924 1374 1956 M
1392 1941 1428 1946 —
1455 1923 1654 1955 ostenderint
1668 1923 1861 1956 Wurmius.
1883 1941 1919 1946 —
1943 1923 1997 1956 ⁴6.
2015 1932 2081 1956 au—

286 1979 409 2011 oeilium
431 1979 633 2020 appellatum
655 1980 792 2011 lauisset
813 1980 864 2013 M:
896 1979 1063 2011 auxilium
1085 1979 1209 2012 tulisset
1231 1979 1385 2021 Lipsius;
1420 1980 1589 2011 auecilium
1611 1979 1798 2020 appellatus
1819 1979 1945 2012 tulisset
1965 1980 2082 2013 Dane-

289 2036 382 2074 sius;
408 2035 576 2067 auxilium
594 2036 791 2076 portavisset
813 2034 1023 2068 Doederlein
1050 2034 1137 2076 (coll.
1164 2034 1301 2068 Sallust.
1323 2034 1420 2068 Catil.
1439 2035 1489 2076 6);
1516 2036 1684 2068 auoeilium
1706 2036 1910 2076 appellatum
1931 2036 2083 2069 itavisset

288 2090 508 2131 Waltherus3
533 2092 701 2125 auxilium
723 2092 927 2133 inploratum
949 2092 1188 2125 adventavisset
1211 2090 1387 2130 Halmius;
1414 2091 1585 2124 auxilium
1606 2092 1820 2133 appetivisset
1841 2092 2013 2125 Baiterus.

285 2248 458 2290 patribus;
489 2248 600 2282 Fabiis
619 2249 758 2291 plurimi
781 2249 851 2282 dati
858 2257 870 2288 ,·
900 2258 959 2282 nec
981 2249 1060 2281 alibi
1082 2257 1159 2281 ma-

289 2301 360 2332 iore
381 2308 466 2331 cura
486 2299 600 2333 habiti.

335 2349 389 2382 64.
406 2353 515 2382 monle
526 2349 646 2391 Caelio]
664 2350 699 2383 in
714 2350 859 2391 regione
876 2348 974 2382 urbis
988 2349 1157 2382 secunda.

293 2418 329 2423 —
355 2401 392 2433 ni
415 2401 538 2433 Caesar
560 2400 692 2433 obviam
715 2401 789 2433 isset
811 2399 892 2442 cet.]
917 2401 1060 2433 Sueton.
1082 2400 1157 2433 Tib.

292 2450 353 2484 48:
371 2450 499 2484 Publice
514 2451 773 2493 munificentiam
789 2451 836 2483 bis
851 2451 984 2483 omnino
1000 2451 1160 2483 emhibuit:

289 2502 458 2543 proposito
487 2501 593 2534 milies
619 2502 764 2534 sestertio
791 2502 939 2543 9ratuito
970 2502 1005 2534 in
1027 2502 1161 2534 triennii

292 2556 418 2592 tempus
446 2555 476 2583 et
505 2560 623 2583 rursus
653 2551 849 2592 quibusdam
872 2551 1012 2584 dominis
1033 2552 1163 2584 insula-

293 2611 381 2642 rum,
407 2610 492 2642 quae
514 2602 549 2634 in
564 2605 672 2634 monte
689 2602 799 2634 Caelio
819 2603 1064 2644 desiderarant,
1088 2611 1163 2642 pre-

295 2652 340 2685 tio
362 2653 523 2685 restituto.
541 2669 559 2675 -
572 2669 590 2675 -
615 2652 708 2692 Quod
734 2655 844 2684 tamen
867 2652 1055 2694 beneficium
1078 2652 1163 2684 tanti

295 2702 500 2740 aestimavit,
535 2704 572 2733 ut
599 2704 742 2734 montem
767 2702 914 2734 Caelium
945 2702 1164 2743 appella-tione

294 2755 424 2785 mutata
451 2752 568 2784 vocari
596 2752 781 2793 Auqustum
802 2753 944 2785 iusserit.
981 2751 1101 2785 Vellei.
1127 2753 1159 2792 2,

296 2803 378 2836 ⁴30:
405 2803 479 2843 Qua
493 2802 692 2834 liberalitate
707 2812 782 2835 cum
798 2803 900 2843 alias,
926 2807 995 2835 tum
1006 2802 1164 2843 proxime

294 2854 424 2886 incenso
452 2855 561 2884 monte
584 2853 693 2885 Caelio
721 2853 825 2885 omnis
848 2854 974 2885 ordinis
994 2853 1164 2885 hominum

294 2905 447 2936 iacturae
459 2903 663 2943 patrimonio
680 2904 844 2935 succurrit
859 2905 938 2936 suo!
954 2921 989 2926 —
1009 2903 1078 2935 sine
1094 2912 1164 2935 am-

296 2954 426 2996 bitione]
454 2952 538 2985 nihil
562 2954 692 2994 gratiae
716 2953 894 2994 tribuens,
921 2954 986 2986 sed
1010 2954 1164 2987 necessi-

296 3004 358 3037 tati
381 3003 518 3043 omnia;
544 3011 609 3035 nos
632 3004 713 3036 ohne
727 3004 1058 3044 Nemeac-lesionem,
1084 3005 1166 3037 ohne

296 3054 441 3088 Ansehen
474 3054 532 3086 der
563 3053 694 3085 Person.
735 3071 770 3076 —
814 3054 972 3087 Claudiae
1004 3054 1161 3096 Quintae]

298 3105 487 3137 Historiam
510 3101 665 3135 declarat
686 3101 845 3136 Valerius
869 3105 957 3136 Max.
987 3105 1017 3144 4,
1042 3104 1075 3143 8,
1101 3105 1159 3137 Ηε

299 3154 458 3188 Claudiae
491 3154 632 3194 Quintae
661 3156 775 3184 statua
807 3153 841 3184 in
870 3153 1025 3186 vestibulo
1055 3154 1166 3194 templi

297 3205 418 3238 Matris
440 3204 536 3236 deum
554 3203 665 3244 posita
686 3202 734 3234 bis
755 3211 794 3235 ea
818 3204 897 3235 aede
918 3205 1067 3236 incendio
1090 3213 1165 3236 con-

298 3258 446 3295 sumpta,
469 3254 565 3295 prius
579 3254 613 3286 P.
630 3253 754 3286 Nasica
770 3253 919 3293 Scipione
934 3257 966 3286 et
984 3255 1020 3286 L.
1039 3255 1163 3294 Bestia,

298 3306 375 3337 ilem
404 3306 450 3337 M.
476 3304 615 3340 Servilio
646 3303 683 3335 L.
708 3303 829 3335 Lamia
851 3311 929 3334 coss.
954 3304 989 3334 in
1011 3312 1073 3335 sua
1095 3304 1166 3336 basi

299 3356 443 3397 flammis
464 3355 591 3387 intacta
613 3354 700 3386 stetit
723 3353 840 3394 (annis
864 3362 898 3385 u.
926 3353 987 3386 643
1012 3355 1047 3386 et
1069 3354 1163 3395 756).

304 3422 340 3427 —
366 3405 456 3445 apud
478 3405 591 3438 aedem
613 3404 732 3436 matris
754 3402 867 3444 deum]
904 3402 1045 3434 Claudia
1070 3405 1164 3436 enim

302 3453 428 3493 Quinta
450 3463 481 3486 a.
507 3463 541 3487 u.
566 3454 630 3487 549
656 3453 775 3487 navim
796 3451 1022 3486 simulacrum
1046 3453 1165 3486 Matris

1210 2248 1318 2281 deum
1350 2257 1368 2281 e
1404 2248 1612 2281 Pessinunte
1646 2247 1855 2282 translatum
1890 2248 2082 2283 vehentem

1211 2307 1275 2340 per
1308 2299 1501 2331 adversum
1535 2298 1688 2331 Tiberim
1723 2297 1796 2331 sola
1833 2297 2003 2341 adduxit,
2044 2300 2084 2332 ut

1211 2350 1330 2382 narrat
1351 2349 1466 2381 Livius
1489 2349 1544 2389 29,
1571 2348 1612 2382 ⁴4
1636 2348 1692 2391 (cf.
1718 2348 1817 2381 Ovid.
1843 2350 1933 2382 Fast.
1958 2348 1991 2389 4,
2017 2349 2083 2382 305

1210 2399 1302 2440 sqq.)
1329 2401 1364 2431 et
1395 2400 1490 2441 patet
1520 2408 1561 2432 ex
1586 2399 1783 2442 anaglypho
1810 2398 1962 2432 litterato
1986 2400 2082 2443 apud

1211 2449 1301 2483 Maff.
1328 2451 1412 2483 Mus.
1442 2450 1556 2485 Veron.
1583 2451 1659 2490 252,
1680 2449 1712 2482 4.
1739 2451 1864 2483 Postea
1887 2450 1989 2492 quasi
2012 2450 2079 2483 dea

1210 2501 1342 2532 Romae
1378 2499 1470 2532 culta
1507 2501 1561 2533 est
1592 2499 1658 2532 sub
1684 2501 1826 2532 nomine
1850 2499 2079 2533 Navisalviae.

1211 2550 1297 2582 Vide
1332 2551 1439 2582 Inscr.
1476 2551 1548 2582 Lat.
1586 2559 1620 2582 n.
1649 2550 1750 2583 ⁴905:
1787 2551 1893 2583 Matri
1925 2551 2021 2583 deum
2051 2554 2083 2583 et

1211 2601 1428 2634 Navisalviae
1449 2604 1526 2633 voto
1548 2604 1694 2641 suscepto
1711 2601 1853 2633 Claudia
1868 2601 2032 2642 syntyche
2046 2602 2079 2634 d.

1212 2653 1244 2683 d.
1270 2653 1357 2684 Item
1382 2661 1416 2683 n.
1442 2651 1544 2683 2403:
1571 2651 1676 2684 Matri
1698 2652 1793 2683 deum
1816 2653 1847 2683 et
1867 2651 2082 2685 Navisalviae

1214 2702 1251 2742 Q.
1276 2701 1431 2733 Nunnius
1456 2701 1608 2741 Telephus
1629 2701 1795 2742 maqister
1820 2699 1952 2742 collegii
1974 2701 2082 2734 culto-

1213 2760 1290 2784 rum
1315 2753 1385 2784 eius
1407 2752 1438 2783 d.
1464 2759 1490 2783 s.
1517 2752 1570 2783 dd.
1600 2769 1635 2774 —
1666 2751 1919 2794 caerimoniam]
1949 2752 2083 2785 sancti-

1214 2803 1334 2840 tatem,
1360 2802 1501 2834 nomine
1516 2801 1656 2843 Augusti
1677 2801 1903 2842 imponendo.
1931 2802 1986 2835 Sic
2004 2810 2083 2834 cae-

1212 2852 1358 2884 rimonia
1391 2851 1565 2892 legationis
1598 2851 1669 2883 Cic.
1707 2859 1771 2892 pro
1794 2851 1895 2883 Rosc.
1922 2852 1998 2884 Am.
2025 2851 2079 2892 39,

1213 2901 1460 2943 sepulchrorum
1482 2901 1585 2933 Tusc.
1613 2901 1643 2939 ⁴,
1670 2900 1723 2932 ⁴2.

1258 3001 1310 3033 65.
1337 3000 1432 3033 Caele
1457 2998 1618 3041 Vibenna]
1652 2998 1701 3031 Cf.
1729 2998 1888 3031 Niebuhr
1917 3000 1954 3032 R.
1981 3000 2020 3032 G.
2046 3001 2079 3040 1,

1214 3060 1248 3093 p.
1274 3050 1349 3083 393.
1380 3049 1524 3084 Mueller
1553 3049 1712 3082 Etruslcer
1735 3050 1765 3088 Ι,
1790 3058 1825 3091 p.
1852 3050 1926 3082 ⁴47.
1953 3049 2082 3083 Caelem

1215 3102 1289 3134 sine
1314 3101 1521 3142 cognomine
1546 3100 1649 3132 vocat
1674 3100 1795 3131 Festus
1819 3108 1852 3140 p.
1879 3098 1921 3132 44
1945 3099 2079 3139 Muell.;

1216 3152 1363 3185 Caelium
1399 3150 1578 3183 Vibennum
1611 3150 1684 3192 (sic)
1716 3150 1826 3181 Varro
1855 3150 1891 3181 L.
1918 3150 1954 3182 L.
1980 3150 2013 3190 ὅ,
2038 3150 2078 3190 8;

1215 3202 1362 3235 Caelium
1394 3202 1570 3233 Vivennam
1602 3199 1765 3232 Claudius
1793 3199 1826 3231 in
1851 3199 1943 3231 Orat.
1970 3199 2079 3241 Lugd.

1215 3252 1308 3293 (vide
1344 3252 1538 3283 Excursum
1572 3250 1617 3282 ad
1646 3249 1719 3282 Lib.
1746 3250 1798 3288 Η,
1824 3247 1896 3290 24);
1933 3249 2082 3282 Caelium

1215 3303 1290 3335 sine
1316 3301 1523 3343 cognomine
1547 3300 1736 3341 Dionysius
1760 3297 1866 3331 Halic.
1884 3299 1916 3338 2,
1934 3299 1988 3331 36.
2014 3300 2081 3332 Fe-

1215 3354 1290 3385 stus
1313 3351 1466 3392 denique
1491 3351 1525 3383 in
1544 3351 1679 3383 Tuscum
1693 3350 1803 3381 vicum
1818 3358 1850 3391 p.
1869 3348 1932 3381 355
1948 3348 2077 3383 Muell.:

1219 3403 1395 3435 Volcientes
1421 3402 1544 3443 fratres
1573 3401 1682 3434 Caeles
1710 3403 1740 3432 et
1772 3398 1927 3432 Vibenna,
1957 3416 1990 3424 -
2022 3408 2080 3433 seu

1215 3453 1288 3495 quis
1310 3453 1396 3485 alius
1417 3461 1533 3495 requm
1555 3451 1601 3494 d.]
1630 3451 1783 3493 Tempus
1808 3450 1980 3485 adventus
2003 3451 2078 3484 eius
