2254 3770
685 304 841 349 LIBER
867 303 951 348 xv.
1009 302 1112 360 cap.
1140 302 1208 345 38.
1238 301 1306 345 39.

1836 297 1917 340 5⁴3

132 426 174 463 et
213 416 398 462 obnoxia
436 414 545 458 urbe
574 413 677 458 artis
707 411 930 455 itineribus
960 409 1132 467 hucque
1162 415 1205 452 et
1234 407 1334 452 illuc
1361 406 1483 451 flexis
1513 413 1641 465 atque
1671 404 1918 450 enormibus

132 494 257 544 vicis,
303 490 442 550 qualis
478 497 600 534 vetus
637 490 770 532 Roma
811 486 898 529 fuit.
944 485 997 529 ad
1034 484 1116 528 hoc
1152 483 1335 528 lamenta
1373 483 1618 542 paventium
1653 480 1916 531 feminarum,

132 569 245 613 fessa
275 565 445 626 [aetate]
477 571 550 609 aut
578 563 700 607 rudis
728 561 937 621 pueritiae
968 567 1085 604 aetas
1134 560 1297 617 quique
1327 559 1407 603 sibi
1428 559 1590 617 quique
1609 556 1703 601 aliis
1722 555 1921 601 consule-

132 644 252 694 bant,
283 643 385 686 dum
416 640 585 684 trahunt
614 638 823 682 invalidos
853 643 926 700 aut
954 635 1245 694 opperiuntur,
1277 649 1378 692 pars
1408 648 1546 685 mora,
1577 647 1678 692 pars
1704 632 1917 682 festinans,

132 725 284 764 cuncta
312 715 615 775 impediebant.
661 722 703 757 et
732 726 884 771 saepe,
916 711 1016 755 dum
1049 711 1092 753 in
1121 717 1287 767 tergum
1317 715 1582 768 respectant,
1614 708 1818 753 lateribus
1848 712 1951 751 aut5

133 795 268 838 fr0nte
298 790 762 841 circumveniebantur3
791 787 860 832 vel
890 787 926 831 si
956 788 999 829 in
1028 784 1220 845 proxima
1251 791 1496 838 evaserant,
1528 784 1610 829 illis
1639 797 1814 843 quoque
1834 782 1919 841 igni

133 868 360 927 correptis,
392 867 521 911 etiam
550 878 662 924 quae
693 864 923 921 longinqua
954 861 1225 906 crediderant
1254 861 1294 904 in
1325 860 1480 905 eodem
1510 875 1614 905 casu
1633 859 1918 918 reperiebant.

133 951 362 1005 postremo,
394 942 497 1001 quid
524 942 714 991 vitarent,
737 938 840 998 quid
864 944 1058 996 peterent
1077 936 1286 994 ambigui,
1318 936 1534 994 complere
1554 937 1658 988 vias,
1690 935 1821 980 sterni
1842 947 1921 992 per

135 1034 285 1079 agros3
314 1017 491 1077 quidam
521 1015 689 1060 amissis
719 1013 917 1058 omnibus
946 1012 1143 1064 fortunis,
1175 1013 1315 1056 diurni
1336 1026 1511 1071 quoque
1531 1013 1688 1063 victus,
1721 1010 1791 1054 alii
1812 1009 1922 1054 cari-

136 1103 221 1140 tate
251 1108 443 1143 suorum,
475 1106 586 1151 quos
607 1091 776 1149 eripere
797 1089 1092 1147 nequiverant,
1125 1088 1320 1146 quamvis
1339 1094 1510 1145 patente
1530 1087 1689 1144 effugio
1710 1085 1922 1130 interiere.
1938 1094 1975 1126 io

136 1185 218 1215 nec
255 1170 483 1229 quisquam
520 1167 751 1211 defendere
790 1165 993 1216 audebat,
1034 1163 1197 1208 crebris
1236 1163 1464 1209 multorum
1503 1164 1628 1207 minis
1657 1163 1925 1220 restinguere

140 1245 473 1305 prohibentium,
506 1249 548 1286 et
577 1242 679 1300 quia
709 1241 779 1285 alii
809 1240 950 1299 palam
971 1240 1085 1284 faces
1107 1238 1316 1283 iaciebant
1334 1245 1463 1297 atque
1485 1253 1584 1293 esse
1604 1239 1685 1283 sibi
1706 1246 1926 1282 auctorem

139 1318 616 1369 vociferabantur,·sive
647 1324 692 1360 ut
723 1322 869 1374 raptus
897 1315 1094 1360 licentius
1115 1321 1377 1366 exercerent,
1409 1329 1487 1359 seu
1507 1315 1641 1358 iussu.
1687 1315 1768 1371 (39)
1800 1327 1853 1358 eo
1883 1313 1926 1356 in

139 1405 225 1442 tem
257 1409 332 1440 ore
362 1397 475 1439 Nero
497 1393 605 1436 Antii

1771 1368 1894 1387 Q

798 1405 883 1438 non
913 1398 1010 1436 ante
1037 1392 1078 1434 in
1100 1391 1252 1435 urbem
1273 1405 1499 1456 regressus
1512 1398 1599 1453 ffit’
1632 1404 1762 1449 quam
1781 1389 1927 1433 domui

1019 1449 1287 1465 W

140 1473 253 1524 eius,
287 1485 371 1529 qua
392 1469 598 1514 Palatium
619 1475 661 1512 et
682 1467 938 1512 Maecenatis
958 1467 1104 1511 hortos
1125 1467 1454 1519 continuaverat,
1477 1467 1585 1525 ignis
1604 1467 1926 1524 propinquaret.
1942 1473 1978 1501 ⁴5

206 1582 238 1613 l.
265 1580 381 1621 hicque
403 1579 435 1612 M
460 1595 495 1601 —
522 1577 554 1610 2.
578 1576 781 1618 feminarum
803 1574 950 1609 seclusit
973 1576 1098 1609 Haase.
1125 1592 1160 1599 -
1187 1575 1220 1608 3.
1244 1575 1331 1617 fessa
1353 1578 1414 1608 aut
1434 1584 1466 1608 r.
1485 1584 1523 1616 p.
1548 1578 1641 1608 aetas
1662 1575 1819 1618 Lipsius:
1843 1574 1931 1616 fessa

142 1640 253 1671 aetate
275 1639 336 1669 aut
357 1635 451 1668 rudis
468 1634 637 1676 pueritiae
658 1636 752 1666 aetas
773 1634 826 1672 M;
857 1633 945 1675 fessa
967 1636 1076 1665 aetate
1097 1636 1156 1665 aut
1177 1632 1271 1665 rudis
1287 1632 1453 1674 pueritiae
1477 1631 1594 1675 [aetas]
1618 1633 1687 1665 lac.
1714 1631 1929 1670 Gronovius;

140 1695 227 1736 fessa
249 1693 378 1736 [aetate]
403 1695 462 1725 aut
482 1691 577 1724 rudis
599 1689 788 1732 [pueritiae]
813 1693 906 1723 aetas
928 1690 1054 1723 Haase.
1084 1708 1118 1713 —
1145 1689 1178 1723 4.
1202 1698 1300 1722 mora
1322 1691 1370 1723 M:
1395 1698 1533 1722 morans
1555 1690 1582 1722 G
1608 1707 1642 1713 -
1670 1688 1702 1722 6.
1726 1687 1814 1730 iynis
1834 1687 1869 1721 M
1893 1703 1929 1710 -—

143 1752 175 1784 7.
208 1759 270 1792 que
301 1749 484 1791 lonqinquo
511 1756 567 1780 cre
578 1745 594 1785 ΙΙ
604 1747 815 1780 crediderant
845 1747 880 1780 M
909 1765 943 1769 —
982 1745 1188 1788 reperiebant
1219 1747 1241 1778 1.
1271 1747 1325 1779 Fr.
1356 1746 1568 1780 Gronovius:
1604 1744 1876 1788 repperiebantur
1899 1742 1934 1777 M

147 1827 183 1833 —-
207 1808 239 1840 9:
265 1816 394 1849 quoque
420 1806 537 1847 inopia
565 1804 674 1837 victus
703 1805 899 1842 Ernestius;
935 1812 1066 1846 quoque
1092 1804 1198 1836 victus
1219 1804 1312 1846 eqeni
1334 1804 1499 1837 Ritterus.
1529 1822 1564 1828 -
1598 1803 1652 1836 ⁴2.
1677 1804 1813 1835 auclore
1834 1800 1868 1834 M
1891 1817 1930 1839 ,—

144 1865 198 1898 ⁴5.
222 1863 398 1897 mecenatis
419 1865 509 1910 ortos
533 1862 578 1895 M.

146 1947 184 1979 io
201 1946 302 1985 (Anu.
317 1944 350 1983 t,
366 1943 438 1986 64);
463 1952 545 1976 mox
566 1952 600 1976 a.
613 1952 650 1976 u.
665 1943 741 1984 789,
761 1943 887 1976 deusto
903 1945 1017 1977 Aven-

147 1997 221 2029 tino
255 1995 291 2027 et
323 1995 422 2036 parte
456 1994 540 2026 circi
570 1994 670 2035 (Anu.
696 1994 728 2033 6,
752 1992 818 2034 45).
843 1994 948 2027 BAcu.
978 2012 1013 2018 —

144 2054 206 2087 per
216 2044 385 2085 tabernas]
401 2043 556 2085 intelligo
568 2042 747 2083 tabernas,
762 2052 853 2085 quae
869 2044 904 2077 in
917 2045 1017 2087 parte

147 2096 293 2128 externa
319 2094 404 2126 circi
427 2093 538 2132 luere.
564 2095 707 2126 auctore
725 2093 891 2134 Dionysio
908 2094 1016 2127 Halic.

149 2146 182 2185 3,
209 2146 270 2179 68:
293 2139 438 2186 ἔξωθεν
461 2144 544 2190 περὶ
565 2140 634 2177 τὸν
654 2140 894 2190 ἱππόδρομον
910 2143 1020 2192 ἑτέρα

151 2192 249 2228 στοὰ
272 2192 528 2239 μονόστεγος,
555 2191 787 2242 ἐργαστήρια
807 2191 957 2234 ἔχουσα
979 2195 1020 2229 ἐν

149 2243 249 2293 αὑτῇ
271 2246 339 2279 καὶ
361 2243 533 2288 οἰκήσεις
556 2240 652 2292 ὗπὲρ
674 2240 784 2278 αὗτά.
809 2246 890 2278 Eim.
919 2248 1022 2279 Prae-

150 2298 206 2330 ter
238 2297 302 2329 has
325 2296 484 2338 Dionysii
506 2295 665 2329 officinas
686 2295 735 2328 ibi
757 2297 920 2338 poterant
942 2305 1022 2330 esse

152 2347 259 2380 etiam
289 2345 458 2379 tabernae
483 2345 528 2378 ab
552 2344 609 2378 illo
632 2354 703 2378 non
726 2348 944 2380 memoratae
967 2346 1023 2380 vel

154 2398 278 2439 postea
295 2397 534 2430 constructae.
556 2413 592 2420 —
616 2396 653 2428 id
674 2397 925 2430 mercimonium
940 2397 1021 2439 cet.]

153 2446 226 2480 Hac
249 2446 455 2488 paraphrasi
469 2445 602 2479 devitat
619 2446 760 2488 propria
779 2445 916 2479 illarum
931 2456 1025 2480 mer-

154 2496 263 2536 cium,
298 2494 406 2528 veluti
433 2494 518 2535 olei,
555 2495 662 2538 picis.
695 2496 852 2535 resinae,
882 2496 1024 2530 sulfuris

153 2546 313 2587 nomina,
338 2547 461 2588 utpote
483 2546 629 2579 historia
651 2547 769 2579 minus
785 2546 901 2588 digna.
921 2564 956 2571 -
979 2549 1025 2581 ci-

153 2597 217 2639 tus]
241 2597 455 2637 concitatus,
487 2596 675 2637 excitatus,
700 2605 790 2629 non:
825 2596 932 2630 celer.
967 2598 1024 2631 Sic

153 2647 194 2687 2,
218 2647 260 2680 6:
284 2646 371 2679 citae
390 2647 490 2679 remis
510 2654 622 2678 vmves.
641 2664 686 2670 —
707 2647 835 2688 domus]
858 2647 1024 2681 ditiorum

155 2699 192 2730 et
218 2697 457 2739 potentiorum
480 2696 666 2729 hominum
689 2696 863 2739 (Palaste),
896 2698 1024 2740 quibus

155 2748 381 2790 opponuntur
401 2746 557 2786 insulae,
582 2747 604 2779 i.
625 2755 656 2780 e.
683 2747 840 2780 aedificia
864 2748 1025 2791 pluribus

155 2796 320 2830 tabulatis
341 2798 416 2831 sive
439 2796 617 2830 cenaculis
641 2799 853 2840 composita,
879 2808 898 2831 a
914 2799 1027 2832 domi-

155 2847 211 2880 nis
233 2847 279 2880 ad
299 2846 490 2881 locandum
512 2847 696 2880 aedificata
718 2847 774 2881 vel
798 2851 936 2892 empta,
960 2850 1026 2882 ha-

156 2897 265 2931 bitata
287 2896 499 2940 plerumque
522 2907 542 2930 a
566 2898 704 2932 civibus
727 2899 968 2933 mediocribus
992 2902 1027 2933 et

157 2946 388 2990 pauperibus.
414 2947 466 2980 Cf.
491 2948 525 2987 6.
549 2947 603 2981 45.
629 2949 683 2988 ⁴5,
705 2947 741 2982 4⁴
763 2950 799 2982 et
813 2948 867 2982 43.
889 2968 924 2973 -
949 2959 1026 2982 mu-

157 2996 320 3038 nimentis]
344 2995 422 3030 altis
445 2996 776 3032 substructionibus.
805 3016 840 3022 —-
867 2999 1026 3041 obnooeia]

160 3045 234 3080 scil.
259 3045 442 3079 incendii&
471 3063 508 3069 —
539 3047 726 3080 enormibus
751 3048 850 3090 vicis]
880 3057 951 3082 non
981 3049 1028 3082 ad

162 3104 324 3129 normam
354 3095 529 3129 lineamve
560 3099 695 3130 rectam
722 3098 932 3139 aedificatis,
962 3108 1029 3131 un-

160 3147 384 3189 reaelmdssiq.
410 3147 546 3180 «Livius
569 3148 601 3187 ὅ,
621 3148 664 3180 55
687 3150 768 3189 post
789 3147 957 3181 Gallicum
979 3149 1030 3181 in-

163 3196 329 3230 cendium
352 3197 388 3230 id
412 3197 576 3229 excusat:
610 3197 789 3230 Festinatio
810 3207 929 3231 curam
949 3207 1031 3232 exe-

161 3247 224 3279 mit
243 3248 334 3280 vicos
355 3246 539 3289 dirigendi,
564 3247 643 3279 dum
665 3248 783 3280 omisso
805 3249 857 3281 sui
879 3252 910 3281 et
930 3249 1031 3281 alieni

164 3296 352 3329 discrimine
372 3297 410 3329 in
431 3305 539 3328 vacuo
561 3296 749 3335 aedificant,
774 3298 809 3329 et
824 3297 933 3335 addit,
958 3306 1032 3330 eam

164 3353 232 3378 οπο
258 3355 413 3387 emam,
443 3349 480 3379 at
508 3348 632 3378 veteres
661 3346 813 3386 cloacae,
842 3347 952 3388 mmo
972 3356 1033 3389 per

161 3394 329 3436 publicum
349 3396 487 3437 ductae,
519 3404 607 3428 nune
632 3397 773 3437 privata
790 3397 917 3437 passim
937 3397 1033 3431 sube-

165 3445 1035 3490 antuctatomaqaearbissitoceupataemaois

235 3506 376 3542 'namn
397 3507 424 3541 1.

1069 1952 1171 1985 quam
1201 1943 1325 1976 divisae
1349 1943 1499 1976 similis.»
1524 1943 1610 1975 Lirs.
1638 1959 1673 1965 -
1709 1942 1798 1984 fessa
1829 1943 1938 1974 aetate

1068 1994 1139 2035 aut]
1169 1994 1288 2026 Sentio
1311 1994 1574 2035 corruptionem
1598 1994 1634 2025 et
1655 1991 1821 2025 amolior:
1852 1991 1939 2033 fessa

1068 2048 1128 2077 aut
1148 2044 1243 2076 radis
1268 2044 1434 2085 pueritiae
1454 2047 1564 2084 aetas,
1597 2043 1827 2085 superfluenti
1849 2049 1938 2074 voce

1069 2094 1224 2128 inducta.
1251 2094 1428 2127 Describit
1449 2095 1483 2126 in
1506 2093 1670 2127 incendio
1686 2093 1815 2126 infirmi
1832 2099 1939 2126 sexus

1069 2153 1240 2188 pavorem
1263 2147 1300 2179 et
1316 2145 1498 2187 (infirmae)
1518 2146 1654 2178 aetatis.
1680 2146 1785 2177 Aetas
1800 2143 1940 2177 infirma

1072 2195 1219 2239 duplex:
1244 2197 1409 2239 pueritia,
1428 2198 1607 2230 senectus.
1632 2197 1730 2229 Hanc
1745 2197 1867 2228 noster
1880 2203 1941 2227 vo-

1073 2249 1129 2279 cat
1143 2247 1276 2289 fessam.
1302 2248 1390 2279 Anu.
1410 2245 1463 2287 ⁴4,
1478 2246 1540 2279 33:
1564 2247 1593 2279 si
1607 2256 1689 2288 quos
1703 2246 1829 2279 inbellis
1842 2253 1943 2279 sexus

1072 2300 1133 2329 aut
1145 2296 1232 2338 fessa
1248 2300 1394 2329 aetas--
1406 2296 1600 2329 attinuerat.
1626 2297 1712 2329 Hist.
1728 2297 1758 2337 l,
1774 2297 1831 2329 42:
1857 2296 1944 2338 fessa

1072 2347 1143 2379 iam
1164 2349 1274 2379 aetate
1295 2346 1431 2379 Galbae.
1455 2348 1545 2379 Ann.
1565 2347 1596 2388 l,
1614 2346 1673 2380 46:
1699 2356 1745 2379 an
1759 2346 1944 2389 Anqustum

1071 2397 1158 2438 fessa
1185 2400 1294 2430 aetate
1322 2398 1439 2430 totiens
1466 2398 1503 2430 in
1532 2397 1731 2430 Germanias
1760 2404 1944 2430 commeare

1071 2447 1241 2489 potuisse?
1256 2449 1342 2481 Lirs.
1370 2447 1421 2481 Cf.
1440 2447 1471 2489 3,
1489 2448 1543 2482 59.
1569 2449 1658 2482 Hist.
1675 2448 1708 2489 3,
1725 2449 1778 2481 67.
1800 2466 1835 2471 —
1857 2456 1944 2489 pars

1072 2507 1187 2538 mora,
1215 2507 1299 2539 pars
1324 2498 1499 2540 festinans]
1530 2499 1627 2531 Haec
1656 2499 1800 2531 variatio
1826 2498 1944 2540 ipsum

1073 2549 1180 2581 Taciti
1215 2548 1357 2581 dicendi
1390 2556 1501 2589 genus
1534 2556 1681 2591 prorsus
1715 2548 1868 2589 redolet,
1909 2548 1944 2580 id

1075 2598 1172 2641 quod
1195 2608 1265 2632 non
1290 2599 1544 2641 perspicientes
1561 2598 1717 2632 nonnulli
1733 2599 1946 2632 induxerunt

1073 2658 1220 2682 morans.
1237 2667 1274 2673 —
1292 2651 1396 2683 etiam
1411 2659 1496 2691 quae
1509 2669 1552 2676 --
1563 2650 1780 2692 reperiebant]
1797 2649 1847 2683 Illi
1863 2650 1942 2692 ipsi,

1075 2701 1134 2742 qui
1158 2701 1346 2733 evaserant
1367 2701 1401 2733 in
1424 2702 1602 2743 proxima,
1628 2710 1720 2743 quae
1744 2702 1816 2734 tuta
1839 2701 1945 2743 puta-

1075 2749 1177 2790 bant,
1202 2749 1263 2782 ubi
1277 2749 1444 2783 viderunt
1467 2759 1505 2783 se
1530 2751 1657 2784 frustra
1674 2751 1813 2793 gavisos
1837 2752 1873 2783 et
1894 2751 1946 2783 in-

1075 2801 1168 2833 stare
1191 2800 1329 2841 ignem,
1353 2803 1592 2842 properarunt
1613 2800 1761 2834 ulterius
1785 2801 1830 2833 ad
1854 2809 1944 2842 quae

1076 2858 1146 2883 non
1164 2858 1392 2883 accessurum
1410 2849 1606 2892 periculum
1622 2852 1719 2884 certe
1735 2858 1946 2893 persuasum

1075 2899 1277 2932 habebant:
1303 2899 1368 2932 sed
1383 2898 1439 2932 illa
1456 2908 1599 2942 quoque
1615 2902 1778 2943 correpta
1794 2900 1946 2933 flammis

1075 2949 1313 2993 reperiebant.
1338 2950 1364 2982 1.
1380 2950 1415 2982 F.
1431 2951 1579 2983 Gnonov.
1595 2968 1631 2974 —
1652 2951 1766 2983 diurni
1781 2961 1812 2992 q.
1829 2950 1945 2993 victus]

1077 2999 1151 3034 scil.
1169 3000 1309 3033 fortuna
1332 3000 1473 3033 amissa.
1501 3001 1560 3033 «ln
1581 3001 1725 3043 fortunis
1746 3000 1831 3034 latet
1852 3001 1946 3034 notio

1077 3048 1281 3083 facultatum
1308 3050 1423 3083 omnis
1449 3050 1609 3092 generis,
1635 3059 1726 3092 quae
1750 3049 1947 3092 supplenda

1079 3102 1133 3133 est
1156 3099 1200 3132 ad
1227 3100 1418 3142 genitivum
1442 3101 1556 3133 diurni
1577 3101 1716 3133 victus.»
1746 3101 1888 3134 WALra.
1909 3119 1944 3124 —

1076 3149 1180 3192 iussu]
1204 3149 1443 3183 ministrorum
1466 3151 1627 3183 Neronis.

1123 3199 1178 3232 39.
1204 3208 1272 3240 qua
1292 3200 1460 3233 Palatium
1482 3204 1512 3233 et
1534 3200 1736 3234 Maeeenatis
1749 3201 1860 3233 hortos
1874 3210 1949 3233 con-

1080 3248 1287 3292 tinuaverat]
1318 3249 1415 3282 Horti
1447 3250 1700 3283 Maecenatiani
1730 3251 1765 3282 in
1788 3249 1950 3292 Esquiliis

1083 3300 1166 3341 (noti
1189 3308 1231 3332 ex
1255 3300 1386 3332 Horatii
1409 3301 1478 3332 Sat.
1499 3300 1529 3339 4,
1548 3300 1594 3340 8).
1627 3300 1684 3333 Bis
1707 3301 1826 3333 autem
1849 3310 1867 3333 a
1883 3302 1951 3334 Ne-

1082 3357 1169 3382 rone
1192 3349 1377 3382 aedificata
1400 3349 1528 3382 domus
1552 3348 1796 3391 productaque
1820 3350 1865 3382 ad
1886 3351 1951 3383 Es-

1083 3397 1207 3440 quilias
1222 3399 1330 3441 ipsas.
1356 3399 1542 3431 Suetonius
1559 3406 1590 3430 c.
1609 3398 1645 3431 3⁴
1663 3408 1670 3430 ε
1694 3399 1839 3432 Domum
1854 3409 1877 3432 a
1891 3401 1952 3432 Pa-

1082 3447 1163 3480 latio
1183 3447 1351 3490 Esquilias
1371 3455 1476 3490 usque
1495 3447 1592 3490 feeit,
1618 3449 1842 3490 quamprimo
1858 3451 1953 3482 tran-

1579 3507 1634 3552 33
