2254 3770
261 258 345 312 ,392
547 276 550 279 ·
737 260 782 303 Ρ.
815 258 1064 304 CORNELII
1092 257 1262 302 TACITI
1289 257 1558 303 ANNALIUM

264 366 461 411 comitate
403 366 688 435 W
715 366 909 410 iuvantes
938 365 979 408 in
1001 365 1159 417 vicem,
1192 378 1278 423 quo
1308 363 1471 408 facilius
1500 363 1708 409 lubricam
1736 364 1942 424 principis
1971 377 2045 409 ae-

265 429 402 486 Γ
307 448 411 494 tem
443 442 478 486 si
508 443 707 486 virtutem
736 447 1052 499 aspernaretur,
1086 439 1372 498 voluptatibus
1392 440 1610 485 concessis
1631 441 1876 485 retinerent.
1908 446 2046 486 certa-

264 531 363 561 men
393 517 562 576 utrique
592 531 724 560 unum
753 523 845 561 erat
873 522 1021 560 contra
1049 515 1252 560 ferociam
1271 516 1546 574 Agrippinae,
1579 529 1691 575 quae
1715 517 1879 562 cunctis
1907 515 2046 562 malae

266 580 570 637 dominationis*
602 592 873 651 cupidinibus
914 591 1097 650 flagrans
1133 590 1320 634 habebat
1356 591 1396 633 in
1439 590 1631 649 partibus
1670 591 1919 645 Pallantem,
1959 605 2046 652 quo

233 675 440 713 sauctore
471 667 672 713 Claudius
701 668 858 726 nuptiis
888 668 1060 712 incestis
1091 675 1133 711 et
1162 666 1390 725 adoptione
1411 666 1590 711 exitiosa
1608 674 1745 712 semet
1770 673 2046 726 perverterat.

264 744 343 788 sed
373 758 515 803 neque
545 745 700 788 Neroni
730 743 837 788 infra
866 757 1014 787 servos
1045 743 1280 801 ingenium;
1312 748 1354 786 et
1376 741 1514 787 Pallas
1543 743 1650 787 tristi
1680 732 1929 802 adrogantia
1955 757 2049 788 mo-

264 820 366 865 dum
395 819 535 864 liberti
565 833 765 878 egressus
790 818 978 863 taedium
1000 819 1064 863 sui
1086 824 1288 862 moverat.
1318 817 1540 876 propalam
1560 824 1698 863 tamen
1721 833 1869 863 omnes
1889 819 1933 863 in
1952 833 2049 864 eam

225 933 229 937 .
263 896 450 940 honores
490 895 830 947 cumulabantur,
878 895 1132 952 signumque
1173 908 1292 938 more
1331 893 1503 938 militiae
1541 894 1700 952 petenti
1731 894 1900 939 tribuno
1931 894 2050 940 dedit

268 972 483 1030 «optimae
513 971 697 1015 matris.»
731 971 892 1015 decreti
923 976 965 1014 et
994 984 1019 1014 a
1049 976 1198 1014 senatu
1227 969 1311 1013 duo
1341 969 1529 1021 lictores,
1561 969 1796 1014 flaminium
1816 969 2045 1023 Claudiale‚

213 1047 389 1092 tosimul
420 1046 597 1092 Claudio
627 1046 867 1090 censorium
904 1046 1029 1089 funus
1061 1053 1102 1089 et
1132 1060 1230 1088 mox
1259 1045 1537 1089 consecratio.
1584 1045 1636 1103 (3)
1669 1044 1740 1090 die
1768 1045 1927 1090 funeris
1956 1045 2048 1090 lau-

264 1123 479 1168 dationem
500 1123 592 1167 eius
612 1122 812 1181 princeps
835 1135 1013 1165 exorsus
1035 1128 1119 1173 est,
1152 1120 1255 1164 dum
1275 1121 1566 1180 antiquitatem
1588 1121 1771 1179 generis,
1803 1121 2047 1167 consulatus

263 1213 314 1244 ac
350 1198 586 1257 triumphos
624 1198 834 1242 maiorum
873 1197 1168 1249 enumerabat,
1210 1197 1394 1241 intentus
1423 1197 1516 1255 ipse
1547 1204 1589 1241 et
1618 1197 1770 1251 ceteri3
1808 1196 2048 1243 liberalium

263 1288 437 1334 quoque
468 1274 620 1318 artium
653 1274 1017 1325 commemoratio,
1051 1281 1092 1317 et
1122 1272 1222 1316 nihil
1253 1280 1428 1330 regente
1450 1287 1502 1317 eo
1534 1273 1652 1317 triste
1683 1273 1745 1317 rei
1775 1272 1973 1332 publicae
1993 1273 2048 1319 ab

263 1350 447 1395 externis
479 1349 706 1401 accidisse,
739 1350 886 1407 pronis
917 1349 1067 1393 animis
1099 1348 1264 1392 audita:
1297 1355 1524 1407 postquam
1555 1349 1608 1392 ad
1639 1349 1948 1408 providentiam
1980 1363 2049 1394 sa-

211 1426 550 1485 uspientiamque
591 1424 727 1476 flexit,
769 1439 894 1468 nemo
932 1425 1033 1468 risui
1072 1431 1331 1483 temperare,
1371 1439 1633 1483 quamquam
1663 1425 1797 1469 oratio
1829 1439 1853 1473 a
1883 1425 2049 1470 Seneca

262 1502 498 1560 composita
526 1500 705 1545 multum
734 1500 872 1545 cultus
902 1501 1153 1559 praeferret,
1187 1507 1233 1543 ut
1261 1500 1336 1543 suit
1366 1499 1422 1543 illi
1454 1501 1544 1544 viro
1574 1501 1792 1558 ingenium
1820 1510 2048 1545 amoenum

262 1585 305 1623 et
344 1578 548 1637 temporis
586 1577 679 1621 eius
710 1576 885 1621 auribus
916 1575 1296 1621 accommodatum.
1342 1575 1601 1620 adnotabant
1630 1577 1842 1628 seniores,
1889 1576 2047 1636 quibus

326 1746 357 1778 4.
382 1746 499 1778 comite
520 1753 572 1787 pr.
591 1745 625 1778 M
649 1761 685 1768 -
711 1745 743 1777 7.
768 1752 825 1791 sue
849 1745 881 1777 M
907 1761 943 1768 —
969 1743 1001 1776 9.
1028 1743 1146 1785 optime
1168 1743 1202 1776 M
1226 1760 1258 1766 -·
1287 1742 1409 1775 decreti
1430 1745 1500 1775 etas
1522 1745 1640 1775 senatu
1660 1743 1694 1776 M
1721 1760 1755 1766 —-
1780 1742 1975 1784 flamonium
1997 1743 2044 1777 M.

262 1801 312 1835 Cf.
339 1810 412 1834 var.
437 1801 518 1834 lect.
544 1800 587 1833 ad
611 1810 645 1844 p.
671 1801 748 1841 246,
774 1801 793 1833 6
821 1802 856 1833 et
885 1802 1011 1833 inscrr.
1039 1802 1124 1832 Latt.
1150 1809 1185 1832 n.
1211 1800 1309 1833 5347.
1338 1818 1374 1823 -
1407 1799 1459 1832 40.
1486 1799 1584 1832 simul
1606 1802 1643 1831 ut
1666 1798 1803 1832 Claudio
1829 1799 2044 1842 Nipperdey.

262 1873 299 1885 —-
326 1859 379 1893 42.
403 1860 520 1892 ceteris
547 1858 581 1894 M
607 1877 642 1884 -
670 1858 722 1892 43.
747 1859 848 1892 nichil
875 1858 909 1892 M
932 1877 975 1883 —
993 1858 1125 1900 puplice
1149 1858 1183 1891 M
1209 1875 1243 1881 -
1272 1858 1325 1890 45.
1352 1852 1491 1898 quaqua
1510 1856 1544 1890 Μ
1571 1874 1606 1880 -
1633 1856 1687 1889 46.
1713 1864 1868 1889 amenum
1889 1857 1934 1890 M.

258 2009 460 2044 militaribus
481 2009 582 2053 curis]
606 2009 734 2052 quibus
754 2010 909 2052 quotidie
932 2012 1125 2052 occupatus

260 2062 336 2095 erat
362 2061 397 2094 in
432 2060 595 2102 regendis
623 2063 728 2102 atque
753 2062 960 2094 coercendis
985 2065 1126 2102 praeto-

258 2111 376 2145 rianis.
405 2128 440 2135 —
472 2111 644 2152 lubricam]
677 2112 890 2153 corruptioni
914 2112 1122 2153 expositam.

260 2161 309 2195 Cf.
327 2161 379 2200 44,
394 2162 448 2193 56.
463 2179 498 2184 -
513 2161 736 2201 voluptatibus
750 2162 916 2203 concessis]
933 2162 1019 2194 Vide
1037 2161 1124 2194 infra
1149 2169 1153 2174 ·

259 2220 291 2245 c.
311 2212 364 2244 42.
390 2211 549 2253 Optimus
566 2213 740 2253 interpres
757 2213 811 2244 est
829 2212 988 2243 Horatius
1006 2212 1074 2243 Sat.
1091 2213 1122 2249 4,

258 2261 299 2302 4,
327 2262 406 2294 443;
439 2262 487 2294 Ne
509 2271 661 2302 sequerer
685 2264 851 2301 moechm,
877 2271 1029 2294 concessa
1052 2271 1125 2294 cum

257 2320 374 2345 venere
402 2312 451 2344 uti
480 2312 607 2344 Possem
629 2321 703 2344 cum
728 2312 916 2344 libertabus.
959 2313 1123 2344 Ceterum

258 2362 323 2395 Dio
344 2362 398 2400 64,
416 2361 454 2394 4;
479 2358 547 2394 τὸν
569 2360 609 2394 δὲ
631 2359 677 2402 δὴ
695 2362 852 2420 Νέρωνα
874 2359 1023 2409 τρυφᾷν
1039 2360 1125 2394 εἴων

259 2429 278 2437 -
293 2430 312 2436 -
321 2407 476 2458 ὡ’,σ.τερ
498 2408 570 2445 οὔκ
593 2410 751 2454 ειδότες,
777 2409 837 2446 ὅτι
861 2411 972 2456 ψυχὴ
996 2415 1062 2446 νέα
1085 2422 1125 2445 τε

259 2462 323 2495 καὶ
358 2459 531 2506 αὐθάδης
564 2458 605 2496 ἔν
634 2473 674 2496 τε
704 2462 829 2509 τρυφῇ
860 2460 1124 2521 ἁνεπιπλήκξο)

259 2514 325 2546 καὶ
359 2512 400 2547 ἐν
415 2511 586 2571 ἐξουσίᾳ
616 2510 812 2547 αὐτοτελεῑ
836 2518 1027 2571 τραφεῖσα
1051 2525 1123 2554 οιχ

260 2558 358 2620 b'qov
380 2559 426 2596 οὗ
450 2560 568 2610 κόρον
591 2560 716 2597 αὐτῶν
740 2563 859 2604 ἴσχει,
884 2561 981 2597 ἀλλὰ
1004 2566 1068 2598 καὶ
1084 2562 1126 2607 εξ

259 2609 386 2647 αὐταῖν
409 2611 554 2647 τούτων
578 2613 772 2660 προσδιαφ
776 2615 951 2661 stip-erac.
981 2634 1013 2639 ——
1043 2617 1126 2648 reti-

257 2663 382 2706 nerent]
408 2673 451 2696 ne
475 2665 509 2696 in
526 2666 706 2697 saevitiam
724 2667 854 2698 rueret.
880 2685 910 2689 —
931 2667 1123 2708 Pallantem]

261 2714 312 2748 Cf.
340 2715 398 2754 ⁴2,
425 2715 455 2745 4.
475 2716 527 2746 25.
547 2715 599 2747 65.
621 2732 656 2738 -
682 2716 773 2756 infra
795 2716 915 2758 servos]
939 2725 1123 2749 servorum

259 2763 512 2798 libertorumve
525 2765 700 2806 potentiae
714 2765 924 2798 subiectum.
941 2766 990 2798 Cf.
1005 2765 1121 2798 Vellei.

260 2815 294 2852 2.
311 2814 372 2847 83:
398 2813 553 2854 Plancus,
579 2815 778 2847 humillimus
792 2819 977 2848 assentator
991 2818 1127 2857 reqinae

261 2867 293 2897 et
313 2864 405 2904 infra
427 2872 538 2896 servos
559 2865 667 2897 cliens.
697 2883 731 2888 —
765 2866 959 2906 siynumque
974 2884 1022 2890 -·
1039 2868 1126 2907 opti-

260 2923 335 2948 mae
356 2914 492 2956 matris]
516 2915 657 2947 Sueton.
684 2917 765 2949 Ner.
791 2916 829 2948 9:
863 2917 975 2957 pri-mo
997 2918 1126 2958 imperii

261 2965 313 2998 die
334 2965 466 3006 siynum
488 2965 666 2997 excubanti
688 2966 819 2998 tribuno
839 2967 926 3000 dedit
950 2969 1127 3008 «optimam

260 3018 434 3047 matrem».
467 3014 518 3047 Cf.
545 3015 575 3053 4,
601 3015 632 3047 7.
663 3031 696 3039 —
732 3015 881 3058 tribuno]
913 3017 1066 3049 cohortis
1090 3017 1125 3048 in

263 3063 392 3099 Palatio
415 3063 582 3098 excubias
605 3066 748 3105 agentis.
777 3066 827 3098 Cf.
847 3067 899 3105 42,
919 3066 971 3099 69.
1000 3085 1031 3089 -
1062 3067 1126 3099 duo

261 3113 408 3155 lictores]
443 3117 485 3147 At
518 3113 622 3147 lutiae
653 3116 827 3156 Augustae
856 3115 1021 3149 decretus
1052 3118 1128 3149 erat

262 3162 364 3196 lictor
386 3165 521 3198 tantum
545 3173 652 3204 unus,
683 3166 719 3196 et
741 3164 776 3196 id
800 3165 915 3206 ipsum
940 3168 1126 3199 recusante

264 3213 417 3247 Tiberio:
448 3216 479 3255 4,
500 3214 551 3248 44.
579 3233 614 3239 -
642 3215 840 3257 flaminium]
869 3216 907 3247 ut
929 3216 998 3248 divi
1023 3216 1126 3249 Clau-

266 3263 325 3304 dii,
343 3273 451 3306 quem
475 3267 675 3306 necaverat,
701 3268 795 3299 esset
811 3265 995 3299 flaminica.
1023 3268 1128 3299 Erant

1178 2009 1319 2042 Henzen
1336 2009 1466 2041 Inscrr.
1484 2007 1572 2040 Latt.
1590 2005 1657 2038 vol.
1676 2007 1737 2046 111,
1763 2015 1797 2048 p.
1816 2007 1892 2040 200.
1915 2023 1950 2031 —
1970 2017 2047 2040 cen-

1174 2061 1300 2092 sorium
1321 2057 1430 2100 funus]
1456 2057 1506 2091 Cf.
1525 2056 1557 2096 4,
1578 2058 1628 2090 45.
1656 2058 1822 2090 Ceterum
1846 2057 1890 2090 de
1913 2057 2047 2091 Claudii

1175 2110 1298 2143 funere
1330 2112 1364 2142 et
1395 2108 1663 2141 consecratione
1695 2109 1834 2149 repetiit
1858 2117 1918 2148 ea,
1953 2117 2045 2151 quae

1178 2162 1245 2193 iam
1269 2161 1404 2193 dixerat
1428 2160 1497 2201 (12,
1524 2159 1596 2200 69),
1627 2161 1665 2191 ut
1691 2160 1857 2192 transitus
1881 2163 1977 2193 esset
1999 2160 2045 2193 ad

1177 2210 1310 2244 Claudii
1335 2209 1573 2242 laudationem
1597 2208 1794 2242 funebrem.

1220 2261 1251 2292 3.
1277 2259 1370 2302 dum]
1407 2262 1478 2291 tam
1507 2259 1584 2295 diu.
1622 2267 1750 2299 quam;
1786 2259 1880 2292 unde
1912 2260 2044 2294 rectius

1176 2311 1423 2353 imperfectum
1455 2318 1562 2351 quam
1597 2308 1745 2341 aliorum
1774 2314 1957 2343 enumerat.
1991 2310 2042 2343 Cf.

1179 2361 1277 2394 Hand
1301 2362 1399 2393 Turs.
1426 2361 1472 2398 ll,
1499 2369 1533 2401 p.
1559 2359 1621 2391 308
1646 2361 1680 2391 et
1703 2358 1777 2392 344.
1799 2377 1835 2382 -
1861 2360 2044 2401 antiquitt»

1175 2416 1238 2444 tem
1253 2410 1391 2452 yenerts]
1409 2410 1459 2442 Cf.
1477 2410 1529 2449 44,
1543 2408 1597 2442 24.
1616 2426 1651 2431 -—
1668 2409 1858 2442 consulatus
1873 2419 1915 2442 ac
1929 2411 2045 2444 trium-

1170 2463 1251 2503 phos
1274 2459 1449 2501 maiorum]
1475 2460 1618 2491 sueton.
1637 2458 1711 2491 Tib.
1732 2461 1744 2492 4
1761 2468 1768 2490 :
1797 2460 2044 2502 duodetriginta

1175 2513 1381 2550 consulatus,
1415 2511 1600 2542 dictaturas
1622 2510 1783 2551 quinque,
1813 2519 1971 2543 censuras
1991 2520 2044 2544 so-

1171 2567 1279 2604 ptem‚
1315 2562 1496 2602 triumphos
1518 2569 1595 2600 sex,
1629 2562 1713 2592 duas
1735 2561 1902 2593 ovationes
1923 2562 2045 2603 adepta

1176 2617 1223 2646 est
1253 2614 1348 2654 (gens
1381 2610 1548 2651 Claudia).
1575 2627 1611 2633 -
1644 2609 1831 2642 liberalium
1860 2619 1893 2651 q.
1917 2613 2044 2644 artium

1176 2662 1459 2703 commemoratio]
1496 2661 1682 2693 Suetonius
1718 2660 1858 2699 (Claud.
1882 2659 1924 2694 40
1948 2662 2041 2703 sqq.)

1173 2714 1388 2755 pertinaciter
1417 2712 1605 2744 liberalibus
1633 2711 1749 2743 studiis
1781 2711 1924 2744 deditum
1959 2720 2041 2744 eum

1175 2765 1277 2796 vocat
1300 2765 1405 2804 atque
1426 2771 1533 2804 opera
1552 2763 1627 2794 eius
1643 2760 1828 2802 diligenter
1843 2763 2040 2795 enumerat.

1177 2814 1227 2846 Cf.
1247 2814 1279 2853 6,
1297 2813 1350 2845 46.
1371 2829 1405 2834 -
1429 2821 1452 2844 a
1467 2812 1601 2851 Seneca]
1627 2812 1686 2853 qui
1710 2811 1804 2843 idem
1828 2810 2040 2844 malitiosum

1177 2863 1272 2896 illum
1297 2862 1432 2895 Ludum
1454 2862 1498 2894 de
1518 2864 1629 2894 morte
1647 2860 1780 2894 Claudii
1798 2861 2041 2902 composuisse

1177 2914 1297 2946 fertur.
1319 2930 1354 2935 ——
1380 2913 1549 2954 ingenium
1571 2920 1744 2944 amoenum
1760 2911 1841 2953 cet.]
1866 2910 2043 2952 Significat

1176 2962 1383 2996 delectabile
1408 2963 1514 2995 fuisse
1539 2962 1613 2995 eius
1629 2962 1768 2994 dicendi
1787 2970 1897 3002 genus
1913 2970 2043 3003 aequa-

1177 3014 1284 3052 libus,
1318 3015 1439 3055 postea
1470 3022 1489 3045 a
1519 3011 1758 3045 severioribus
1784 3012 1959 3045 iudicibus
1981 3021 2042 3045 re-

1177 3063 1377 3106 probatum.
1411 3063 1462 3095 Cf.
1487 3063 1526 3101 2,
1553 3061 1612 3095 64:
1646 3063 1799 3104 inqenia,
1828 3062 1878 3095 illi
1906 3062 1983 3094 mito
2010 3065 2041 3094 ot

1176 3122 1370 3154 amoenum,
1399 3113 1475 3145 huic
1500 3116 1615 3145 atroae.
1649 3113 1749 3145 «iloc
1777 3121 1846 3145 uno
1867 3110 2040 3145 vocabulo

1178 3163 1422 3206 complectitur
1455 3164 1593 3197 Tacitus
1629 3162 1847 3203 Quintiliani,
1882 3162 2039 3195 Senecae

1177 3215 1380 3253 adversarii,
1398 3214 1564 3247 iudicium
1582 3214 1635 3253 40,
1653 3215 1684 3254 4,
1703 3213 1784 3246 ⁴29:
1808 3213 1950 3246 Senecae
1960 3212 2041 3253 plu-

1176 3266 1266 3298 rima
1288 3264 1459 3297 abundant
1477 3264 1624 3296 dulcibus
1637 3264 1758 3296 viliis.»
1782 3263 1889 3295 Doro.
1909 3279 1944 3285 —
1964 3262 2041 3305 qui-

267 3315 384 3354 etiam,
410 3317 448 3348 ut
464 3315 681 3357 Augustales,
701 3317 745 3348 ita
763 3315 958 3349 Claudiales
975 3316 1125 3349 sodales.
1179 3315 1237 3348 bus
1259 3316 1398 3348 otiosum
1420 3318 1466 3347 est
1488 3314 1569 3356 cet.]
1594 3314 1671 3355 qui,
1704 3313 1784 3354 quia
1807 3312 1917 3344 otium
1940 3310 2041 3345 aliter

267 3364 394 3397 Inscrr.
421 3366 507 3398 Latt.
528 3366 624 3400 3044.
643 3365 739 3399 6048.
757 3365 853 3399 7420.
879 3366 1015 3399 Flamen
1032 3368 1130 3401 Clau·
1179 3374 1353 3408 occupare
1373 3365 1551 3403 nesciunt,
1577 3362 1703 3396 talibus
1719 3361 2040 3404 comparationibus

267 3414 366 3448 dialis
393 3418 609 3449 memoratur
639 3418 747 3450 Inscr.
778 3416 851 3450 Lat.
881 3425 915 3449 n.
941 3417 1037 3450 6006.
1075 3416 1126 3452 Cf.
1180 3416 1412 3451 delectantur.
1453 3414 1509 3447 Sic
1539 3414 1625 3447 Hist.
1649 3412 1687 3454 2,
1712 3411 1772 3445 38:
1807 3420 1941 3446 securas
1966 3419 2041 3456 opes

2238 154 2242 162 “
2228 0 2254 139 ἐκέκ-,νῆ’
