2254 3770
777 309 822 352 P.
854 308 1106 352 CORNELII
1135 309 1307 354 TAciri
1336 283 1605 356 ANNALmM

409 412 490 470 (55)
523 413 709 458 Eosdem
738 428 865 472 agros
895 414 1147 473 Ampsivarii
1177 429 1466 478 occupavere,
1498 415 1679 461 validior
1707 431 1813 475 gens
1843 433 1928 462 non
1958 419 2087 463 modo

295 500 374 531 sua
404 488 546 546 copia,
578 488 656 533 sed
687 489 972 534 adiacentium
996 490 1252 548 populorum
1273 491 1568 544 miseratione,
1602 493 1704 551 quia
1724 493 1833 551 pulsi
1856 508 1880 537 a
1904 493 2087 538 Chaucis

295 568 337 605 et
378 563 495 607 sedis
539 564 690 622 inopes
728 571 862 608 tutum
901 565 1073 609 exilium
1109 567 1299 610 orabant.
1354 567 1588 626 aderatque
1630 567 1681 612 iis
1717 568 1858 613 clarus
1888 583 1967 627 per
1996 569 2088 613 illas

294 644 442 696 gentes
473 645 516 683 et
545 639 670 683 nobis
701 654 876 699 quoque
906 640 1035 692 fidus,
1074 642 1245 685 nomine
1275 642 1519 695 Boiocalus,
1557 643 1743 687 vinctum
1774 659 1822 689 se
1853 643 2087 689 rebellione

261 713 514 759 5Cherusca
542 715 663 759 iussu
693 715 868 759 Arminii
899 715 1108 767 referens,
1141 731 1241 760 mox
1271 717 1439 762 Tiberio
1468 724 1507 761 et
1527 718 1781 763 Germanico
1802 719 1989 764 ducibus
2015 720 2090 764 sti-

293 790 450 848 pendia
480 790 715 844 meruisse3
748 790 1057 849 quinquaginta
1086 806 1295 836 annorum
1327 792 1538 852 obsequio
1569 793 1611 837 id
1633 808 1808 853 quoque
1839 794 2087 854 adiungere,

293 865 411 923 quod
442 871 613 923 gentem
643 880 765 910 suam
794 865 952 911 dicioni
984 873 1153 911 nostrae
1184 868 1413 912 subiceret.
1459 883 1546 927 quo
1577 876 1734 913 tantam
1762 876 1927 928 partem
1951 870 2089 929 campi

292 941 452 993 iacere,
485 942 527 984 in
557 956 687 1000 quam
716 956 875 1000 pecora
906 949 948 986 et
977 950 1169 988 armenta
1199 943 1378 988 militum
1408 943 1639 1003 aliquando
1671 946 2089 990 transmitterentur?

292 1023 514 1061 servarent
543 1031 647 1061 sane
678 1025 877 1076 receptus
908 1018 1111 1076 gregibus
1142 1019 1253 1063 inter
1283 1019 1503 1063 hominum
1527 1020 1701 1073 famem,
1733 1021 1863 1066 modo
1884 1035 1938 1066 ne
1959 1020 2090 1065 vasti-

242 1097 419 1152 iotatem
450 1100 492 1137 et
521 1092 795 1138 solitudinem
824 1093 996 1138 mallent
1026 1108 1157 1152 quam
1186 1095 1347 1140 amicos
1377 1095 1574 1154 populos.
1617 1096 1928 1141 Chamavorum
1949 1110 2089 1155 quon-

290 1167 391 1211 dam
434 1182 487 1212 ea
528 1182 648 1221 arva,
694 1183 795 1213 mox
831 1169 1068 1213 Tubantum
1106 1178 1148 1214 et
1181 1177 1279 1228 post
1308 1171 1537 1229 Usiporum
1574 1172 1718 1216 fuisse.
1765 1172 1890 1216 sicuti
1921 1171 2088 1216 caelum

291 1242 405 1296 deis,
445 1243 502 1288 ita
532 1250 669 1288 terras
699 1245 846 1303 generi
878 1245 1122 1290 mortalium
1152 1245 1298 1299 datas;
1336 1260 1538 1306 quaeque
1569 1261 1751 1300 vacuae,
1789 1261 1863 1292 eas
1892 1247 2087 1305 publicas

291 1333 403 1363 esse.
448 1319 585 1364 solem
614 1319 770 1364 deinde
801 1321 1043 1378 suspiciens
1075 1328 1117 1365 et
1147 1328 1291 1366 cetera
1321 1322 1464 1367 sidera
1484 1337 1662 1374 vocans,
1696 1323 1820 1382 quasi
1849 1337 1993 1367 coram
2023 1323 2088 1366 in-

289 1395 548 1454 terrogabat,
586 1395 800 1440 vellentne
830 1396 1023 1440 contueri
1055 1396 1180 1441 inane
1211 1397 1371 1441 solum:
1408 1398 1551 1456 potius
1581 1412 1699 1442 mare
1730 1398 2090 1457 superfunderent

239 1485 275 1516 ⁴5
288 1470 498 1515 adversus
528 1478 737 1516 terrarum
768 1478 1004 1530 ereptores.
1046 1473 1126 1529 (56)
1158 1479 1201 1516 et
1226 1481 1465 1517 commotus
1494 1474 1561 1517 his
1581 1475 1747 1526 Avitus,
1779 1473 1979 1532 patienda
1996 1487 2088 1519 me-

289 1546 443 1591 liorum
483 1547 687 1606 imperia:
735 1547 779 1591 id
822 1547 888 1591 dis
918 1562 1029 1606 quos
1066 1548 1328 1607 inplorarent
1356 1549 1577 1607 placitum,
1624 1556 1670 1593 ut
1699 1549 1920 1593 arbitrium
1951 1563 2086 1608 penes

288 1625 501 1668 Romanos
522 1624 732 1676 maneret,
765 1623 870 1682 quid
892 1623 1044 1668 darent
1064 1624 1168 1683 quid
1192 1624 1446 1677 adimerent,
1478 1639 1620 1683 neque
1642 1625 1748 1669 alios
1769 1625 1935 1670 iudices
1955 1639 2086 1684 quam

288 1713 336 1743 se
367 1700 485 1758 ipsos
515 1706 775 1758 paterentur.
806 1698 916 1744 haec
945 1699 988 1743 in
1017 1699 1239 1758 publicum
1268 1700 1544 1759 Ampsivariis
1574 1701 1815 1759 respondit,
1847 1701 1930 1760 ipsi
1959 1701 2086 1746 Boio—

297 305 380 351 432

353 1841 385 1874 4.
411 1839 586 1873 amsibarii
608 1840 653 1875 M.
680 1839 732 1874 Cf.
759 1849 790 1873 c.
815 1840 870 1873 56.
899 1858 935 1863 —
962 1839 994 1873 3.
1019 1840 1070 1874 his
1091 1841 1125 1874 M
1151 1856 1188 1864 -
1214 1840 1247 1874 4.
1266 1840 1414 1874 boicalus
1428 1841 1461 1875 M
1479 1858 1514 1864 -
1536 1842 1569 1874 5.
1587 1844 1618 1874 et
1633 1842 1680 1874 G:
1706 1849 1777 1874 om.
1797 1842 1844 1883 (in
1861 1840 1930 1875 fine
1947 1849 2074 1875 versus

285 1897 319 1931 M
345 1914 381 1921 —
407 1897 439 1930 6.
465 1897 712 1939 quinquaqinta
734 1898 779 1930 G:
805 1900 837 1930 et
859 1898 1106 1939 quinquaqinta
1129 1898 1162 1932 M
1189 1915 1224 1920 -
1252 1898 1284 1930 7.
1310 1906 1374 1938 quo
1397 1900 1530 1930 tantam
1553 1898 1708 1940 Lipsius:
1734 1901 1872 1939 quotam
1893 1898 1947 1937 M;
1973 1906 2085 1940 quan-

285 1956 355 1987 tam
377 1954 541 1988 Ritterus.
569 1971 606 1977 ·-
643 1954 676 1987 8.
702 1962 770 1994 qua
792 1954 825 1988 M
857 1971 893 1978 —
928 1953 959 1987 9.
985 1957 1134 1995 receptus
1161 1953 1443 1988 Freinshemius:
1474 1957 1620 1995 receptos
1645 1954 1679 1988 M
1704 1970 1741 1978 —·
1773 1953 1897 1996 famem
1923 1954 2080 1996 Lipsius:

283 2010 414 2052 famam
436 2011 470 2045 M
496 2028 528 2035 -
559 2011 611 2043 44.
635 2011 809 2052 usiporum
831 2011 883 2044 M:
913 2011 1101 2052 Usipiorwm
1122 2009 1189 2044 alii.
1211 2028 1246 2034 —
1274 2011 1326 2043 42.
1349 2019 1475 2052 queque
1496 2011 1531 2045 M
1557 2029 1593 2035 -
1620 2009 1672 2044 43.
1696 2011 1876 2052 suspiciens
1897 2010 2081 2044 Heinsiusz

285 2067 464 2109 despiciens
486 2068 536 2106 M;
561 2068 739 2108 respiciens
762 2066 993 2107 Puteolanus;
1019 2068 1182 2110 aspiciens
1200 2067 1401 2101 Rhenanus.
1423 2085 1459 2091 —-
1486 2067 1538 2100 43.
1556 2071 1669 2114 cetera
1690 2068 1811 2108 sydera
1825 2068 1858 2101 M
1875 2084 1911 2090 —
1939 2066 1992 2100 ⁴4.
2009 2066 2083 2100 uel-

284 2124 368 2158 letne
391 2125 425 2159 M
448 2142 484 2148 —
510 2124 784 2167 superfunderent
806 2123 1037 2157 Puteolanus:
1064 2124 1301 2167 superfundere
1322 2125 1357 2158 M
1382 2142 1417 2148 -
1444 2124 1497 2157 ⁴5.
1515 2127 1545 2157 et
1567 2125 1619 2158 M:
1644 2133 1704 2158 nec
1722 2125 1871 2167 Lipsius.
1892 2141 1927 2147 —
1952 2123 2084 2157 habitus

285 2182 319 2215 M
344 2199 379 2205 —
407 2181 462 2214 46.
486 2181 630 2222 imperia
652 2181 712 2215 ait.
738 2181 789 2214 dis
811 2181 966 2224 Lipsius;
990 2182 1153 2223 imperia:
1176 2182 1227 2215 ita
1249 2181 1299 2214 dis
1320 2181 1503 2214 Wurmius
1527 2179 1606 2215 coll.
1632 2180 1664 2222 3,
1690 2181 1744 2215 69.
1770 2181 1835 2223 (⁴2,
1853 2180 1921 2223 20.)
1946 2172 1999 2221 43,
2025 2179 2079 2213 47.

287 2255 325 2263 -
350 2238 404 2272 48.
430 2237 580 2271 bolocato
602 2238 647 2272 M.

326 2359 381 2392 55.
406 2357 620 2400 Ampsivarii]
645 2356 732 2390 Vide
757 2356 803 2390 ad
819 2357 851 2397 2,
869 2357 902 2390 8.
929 2357 1096 2397 Quamvis
1114 2366 1156 2390 ex

283 2408 391 2442 Taciti
414 2408 616 2441 narratione
642 2417 672 2441 c.
691 2408 733 2440 56
757 2408 828 2440 tota
853 2415 940 2449 gens
963 2406 1080 2440 deleta
1104 2407 1157 2439 vi-

284 2459 361 2492 deri
391 2460 531 2502 posset,
565 2459 686 2491 tamen
716 2459 839 2500 postea
862 2467 986 2492 rursus
1010 2466 1157 2500 compa-

282 2511 373 2543 rent.
398 2508 571 2551 Sulpicius
590 2507 790 2542 Alexander
809 2509 904 2551 apud
922 2510 1066 2550 Gregor.
1092 2509 1158 2541 Tu-

282 2569 359 2594 ron.
385 2561 427 2602 2,
459 2560 479 2592 9
512 2559 569 2593 ed.
595 2559 731 2593 Guadet
765 2561 801 2592 et
834 2560 993 2592 Taranne
1025 2558 1102 2592 Vol.
1128 2560 1154 2599 I,

282 2621 318 2655 p.
346 2612 427 2645 ⁴52:
461 2612 585 2644 Eodem
608 2619 696 2643 anno
728 2610 819 2653 (post
843 2611 925 2644 Chr.
951 2610 1025 2651 392)
1049 2609 1156 2642 Arbo-

281 2665 391 2705 9astes
404 2680 423 2686 -
435 2679 454 2685 —
469 2662 603 2694 collecto
626 2661 795 2701 exercitu,
823 2664 1051 2702 transqressus
1072 2661 1156 2694 Rhe-

282 2721 382 2753 num,
414 2712 580 2745 Bricteros
605 2710 677 2753 (sic)
700 2711 797 2752 ripae
813 2712 1006 2752 proximos,
1027 2719 1156 2752 paqum

281 2764 401 2804 etiam,
433 2770 531 2802 quem
553 2761 712 2794 Chamavi
740 2761 906 2802 incolunt,
939 2761 1156 2802 depopulatus

281 2817 346 2854 est,
370 2812 461 2846 nullo
477 2819 628 2851 unquam
645 2814 851 2851 occursante,
872 2812 936 2843 nisi
953 2812 1040 2852 quod
1050 2811 1155 2852 pauci

281 2872 325 2896 ex
338 2862 547 2904 Ampsuariis
569 2862 643 2902 (sic)
665 2864 695 2894 et
711 2860 837 2894 Chattis
854 2862 1059 2894 Marcomere
1074 2861 1155 2893 duce

279 2914 314 2946 in
351 2911 563 2946 ulterioribus
595 2911 728 2943 collium
759 2911 848 2952 iugis
880 2919 1080 2952 apparuere.
1112 2927 1149 2934 -

275 2963 367 3004 pulsi
389 2972 412 2995 a
435 2960 587 3003 Chaucis]
613 2960 664 2993 Cf.
693 2961 746 3000 44,
773 2961 814 2994 48
834 2969 889 3002 sq.
910 2978 945 2984 —
971 2961 1155 3000 aderatque

278 3013 332 3056 iis]
357 3021 482 3046 eorum
505 3019 652 3045 causam
676 3010 803 3052 agebat
826 3012 1008 3052 tamquam
1032 3011 1153 3053 patro-

280 3072 366 3104 nus,
397 3063 458 3105 qui
481 3061 623 3105 proprie
647 3061 812 3094 dicuntur
834 3061 946 3094 adesse
969 3061 1028 3101 iis,
1061 3069 1151 3102 quos

280 3114 487 3147 defendunt.
514 3129 550 3136 —-
583 3111 709 3145 Tiberio
731 3114 762 3143 et
785 3111 982 3144 Germanico
1005 3111 1150 3152 ducibus]

279 3163 324 3196 ab
349 3164 504 3205 Augusto
532 3162 650 3195 missis
680 3161 715 3193 in
745 3161 989 3202 Germaniam,
1018 3163 1058 3193 ut
1080 3161 1151 3193 Va-

279 3215 415 3247 rianam
453 3212 592 3246 cladem
630 3210 898 3244 ulciscerentur.
941 3229 976 3234 —
1018 3214 1152 3252 partem

278 3264 391 3304 campi
418 3263 545 3305 iacere]
584 3260 774 3295 «incultam
808 3262 914 3302 atque
949 3261 1147 3302 desertam,

279 3313 440 3354 adeoque
463 3311 698 3354 praebentem
717 3311 879 3352 exiguam
903 3309 1086 3343 dumtaxat
1108 3319 1150 3342 ac

252 3357 254 3361 ’
279 3362 532 3404 temporariam
548 3361 733 3395 utilitatem
745 3360 910 3394 Romanis
925 3358 1020 3392 illam
1033 3361 1149 3402 campi

280 3414 419 3454 partem
436 3411 502 3444 sibi
517 3410 812 3444 vindicantibus.»
833 3427 868 3433 —
886 3412 1056 3442 servarent
1070 3418 1150 3442 sane

275 3464 488 3503 receptus--
501 3460 636 3504 famem]
661 3461 793 3494 Sensus
817 3459 890 3493 est:
924 3460 1149 3493 reservarent

1209 2365 1295 2390 sane
1327 2357 1472 2390 Romani
1504 2365 1671 2399 magnam
1693 2364 1903 2399 camporum
1926 2356 2077 2399 partem,

1207 2410 1247 2440 ut
1269 2406 1383 2442 beluis
1407 2409 1443 2441 et
1465 2407 1631 2450 gregibus
1650 2406 1874 2451 receptacula
1890 2406 2077 2447 habereut,

1207 2459 1345 2492 etiamsi
1377 2459 1540 2492 homines
1578 2459 1671 2492 fame
1707 2459 1847 2492 interim
1885 2458 2078 2501 pereuntes

1207 2509 1387 2550 viderent;
1413 2509 1521 2543 modo
1537 2518 1582 2542 ne
1597 2510 1799 2543 vastitatem
1815 2508 1976 2542 mallent!
2001 2508 2078 2542 Sei-

1206 2559 1288 2593 licet
1303 2560 1372 2593 hoc
1388 2559 1518 2593 acerbe
1535 2560 1705 2593 admonet
1715 2558 1916 2593 Boiocalus:
1936 2559 2076 2593 «Estote

1206 2619 1291 2643 sane
1315 2610 1498 2651 crudeles,
1524 2610 1632 2643 modo
1655 2619 1700 2643 ne
1725 2611 1800 2644 sitis
1824 2609 1919 2643 stulti
1934 2610 2078 2643 vestris-

1206 2669 1276 2702 que
1293 2662 1358 2703 ipsi
1375 2660 1573 2694 commodis
1590 2660 1731 2694 adversi
1744 2662 1751 2693 1
1765 2672 1781 2690 n
1804 2661 1963 2701 Receptus
1977 2659 2076 2694 iocus

1206 2712 1383 2751 semotus,
1409 2720 1479 2753 quo
1495 2712 1574 2752 quis
1594 2720 1634 2744 se
1651 2711 1791 2753 recipit,
1815 2705 2072 2757 ἀναχώρησις,

1204 2761 1244 2792 ut
1267 2759 1402 2793 Colum.
1427 2761 1465 2802 8,
1491 2762 1528 2794 4;
1560 2761 1762 2801 aquatilium
1790 2760 1990 2793 animalium
2017 2768 2075 2792 ro-

1203 2811 1386 2851 ceptacula.
1412 2811 1521 2843 Dosn.
1549 2829 1586 2835 —
1622 2809 1878 2852 Chamavorum]
1914 2809 2000 2843 Vide
2027 2808 2074 2842 ad

1205 2861 1321 2893 Germ.
1353 2860 1414 2894 34:
1449 2860 1670 2903 Anyrivarios
1701 2864 1732 2894 et
1763 2860 1946 2893 Chamavos
1967 2877 1987 2884 -
2005 2876 2025 2884 -
2050 2867 2074 2891 a

1201 2910 1310 2951 fronte
1338 2910 1439 2943 Frisii
1461 2911 1644 2951 excipiunt.
1671 2927 1706 2933 —
1735 2909 1919 2943 Tubantum
1932 2927 1982 2935 -—
1999 2909 2073 2942 Usi-

1198 2959 1332 3003 porum]
1356 2961 1407 2993 De
1431 2961 1582 3002 utroque
1606 2958 1735 3003 populo
1751 2959 1833 2993 vide
1850 2960 1896 2992 ad
1911 2960 1943 3001 4,
1960 2961 2014 2992 54.

1245 3012 1299 3044 56.
1324 3011 1514 3052 meliorum]
1545 3011 1567 3043 i.
1593 3019 1625 3044 e.
1657 3007 1895 3058 κρειττόνων,
1924 3009 2072 3043 validio-

1201 3070 1301 3101 rum,
1339 3062 1590 3103 potentiorum.
1625 3078 1661 3084 —
1697 3061 1804 3093 deesse
1835 3060 1928 3093 nobis
1960 3059 2069 3102 terra]

1202 3109 1331 3153 supple
1350 3113 1459 3151 potest
1482 3119 1524 3143 ex
1548 3109 1781 3152 sequentibus
1795 3119 1862 3142 non
1874 3112 1990 3151 potest.
2015 3108 2068 3142 Cf.

1201 3161 1263 3199 42,
1289 3159 1348 3193 64:
1385 3168 1471 3202 quae
1497 3160 1567 3202 filio
1597 3160 1680 3193 dare
1711 3160 1887 3201 imperium
1910 3157 2068 3201 (quibat),

1201 3210 1344 3243 tolerare
1366 3210 1584 3251 imperantem
1605 3209 1772 3250 nequibat.
1795 3227 1840 3234 —
1860 3209 1968 3242 socias
1988 3208 2069 3241 betto

1198 3260 1372 3302 vocabant]
1396 3259 1593 3292 «vocabant
1615 3262 1654 3292 ut
1670 3258 1763 3292 bello
1778 3260 1896 3293 sociae
1912 3259 2067 3292 essent.-

1202 3327 1238 3333 -
1254 3310 1430 3343 Curtilium
1441 3309 1623 3350 Manciam]
1640 3308 1795 3350 Phlegon
1807 3308 1852 3341 de
1864 3307 1997 3341 Admir.
2010 3308 2064 3340 27:

1196 3355 1258 3392 Ἕν
1274 3360 1484 3418 Γερμανίᾳ,
1508 3359 1549 3393 ἐν
1571 3358 1622 3403 τῷ
1646 3356 1794 3406 στρατῷ
1813 3356 1890 3390 τῶν
1908 3354 2068 3400 Ῥωμαι-

1200 3420 1272 3451 ων,
1309 3407 1353 3451 ὃς
1375 3403 1424 3453 ἤν
1447 3406 1523 3443 ὑπὸ
1547 3410 1643 3453 Τίτῳ
1666 3406 1877 3464 Κουρτιλίῳ
1899 3407 2065 3452 Μαγκιᾳ,

1198 3456 1243 3492 τὸ
1266 3455 1363 3493 αὐτὸ
1381 3457 1498 3493 τοῦτο
1512 3458 1660 3502 ἐγένετο
1671 3467 1680 3477 ·
1704 3455 1842 3499 δουλος
1858 3452 1931 3505 γὰρ
1947 3466 2065 3505 στρα-
