2254 3770
805 258 961 304 LIBER
987 258 1034 303 V.
1078 257 1180 316 Cap.
1210 257 1250 302 2.
1278 257 1320 302 3.
1349 257 1390 303 4.
1907 253 1991 300 263

204 383 314 430 quas
340 368 509 429 pridem
537 367 684 412 allatas
713 372 779 411 set
806 365 1014 410 cohibitas
1043 364 1098 408 ab
1117 365 1308 421 Augusta
1337 364 1521 409 eredidit
1537 363 1710 422 vulgus:
1741 362 1857 407 haud
1876 362 1991 407 enim

203 445 335 490 multo
363 450 462 503 post
487 449 670 487 mortem
699 442 793 486 eius
823 440 1024 485 recitatae
1044 445 1154 483 sunt.
1184 439 1319 483 verba
1339 439 1505 484 inerant
1523 439 1720 498 quaesita
1738 438 1989 497 asperitate:

202 520 281 565 sed
310 532 397 563 non
425 532 560 570 arma,
601 532 687 562 non
716 530 861 561 rerum
891 529 1100 560 novarum
1128 513 1335 566 studium,
1365 528 1535 559 amores
1564 514 1769 558 iuvenum
1797 520 1841 558 et
1868 513 1993 571 inpu-

202 595 389 640 dicitiam
429 594 573 653 nepoti
612 592 865 638 obiectabat.
913 591 958 634 in
996 604 1150 634 nurum
1188 603 1243 634 ne
1281 589 1325 632 id
1354 590 1532 648 quidem
1561 588 1806 647 confingere
1844 601 1989 639 ausus,

201 670 495 728 adrogantiam
525 669 613 713 oris
643 675 686 712 et
714 673 1011 712 contumacem
1042 665 1231 709 animum
1260 665 1490 717 incusavit,
1530 678 1684 723 magno
1714 669 1889 708 senatus
1917 676 2022 721 ρει-5

202 760 305 790 vore
337 759 388 789 ac
417 744 606 794 silentio,
650 743 788 787 donec
826 741 972 800 pauci,
1014 740 1112 799 quis
1146 739 1262 783 nulla
1291 754 1345 784 ex
1382 739 1561 784 honesto
1592 754 1694 798 spes
1728 740 1786 797 (et
1821 738 1994 797 publica

204 821 314 865 mala
342 819 519 878 singulis
547 820 590 862 in
612 818 883 862 occasionem
910 816 1070 874 gratiae
1091 815 1338 872 trahuntur),
1369 823 1418 860 ut
1445 815 1678 860 referretur
1704 814 1991 873 postulavere,

202 895 522 955 promptissimo
545 894 663 938 Cotta
684 892 909 937 Messalino
930 906 1028 936 cum
1050 891 1184 935 atroci
1210 890 1430 935 sententia.
1462 890 1541 934 sed
1562 890 1654 934 aliis
1675 904 1701 934 a
1720 889 1992 948 primoribus,

203 971 475 1028 maximeque
511 983 536 1013 a
572 968 908 1026 magistratibus,
947 966 1261 1024 trepidabatur:
1298 967 1460 1024 quippe
1495 966 1690 1010 Tiberius
1719 965 1800 1010 etsi
1829 964 1994 1009 infense

204 1048 415 1096 invectus,
450 1051 593 1089 cetera
629 1043 828 1101 ambigua
854 1042 1107 1101 reliquerat.
1153 1041 1207 1098 (4)
1238 1041 1314 1085 fuit
1342 1041 1386 1084 in
1415 1047 1566 1085 senatu
1600 1041 1745 1084 Iunius
1781 1040 1992 1092 Rusticus,
2006 1052 2044 1083 io

204 1119 498 1179 conponendis
536 1126 706 1178 patrum
743 1119 849 1162 actis
878 1117 1072 1162 delectus
1102 1131 1128 1160 a
1158 1117 1358 1168 Caesare,
1401 1129 1543 1174 eoque
1572 1115 1870 1160 meditationes
1900 1115 1995 1160 eius

204 1196 484 1254 introspicere
514 1194 716 1239 creditus.
747 1194 783 1237 is
814 1192 926 1236 fatali
956 1192 1145 1250 quodam
1174 1199 1291 1235 motu
1323 1192 1480 1250 (neque
1506 1192 1620 1235 enim
1649 1198 1746 1236 ante
1775 1190 1995 1249 specimen

204 1271 466 1317 constantiae
487 1269 679 1325 dederat)
711 1282 789 1313 seu
819 1282 951 1326 prava
975 1267 1174 1318 sollertia,
1205 1267 1309 1311 dum
1328 1267 1640 1312 imminentium
1659 1266 1816 1310 oblitus
1835 1266 1998 1311 incerta

204 1354 352 1406 pavet,
385 1348 575 1390 inserere
604 1358 654 1389 se
684 1343 978 1388 dubitantibus
1007 1357 1059 1388 ac
1089 1357 1265 1387 monere
1295 1342 1496 1387 consules
1525 1356 1580 1387 ne
1610 1342 1862 1386 relationem
1891 1341 1998 1386 inci-

205 1429 380 1481 perent;
409 1420 738 1478 disserebatque
763 1419 970 1464 brevibus
991 1419 1216 1463 momentis
1238 1432 1404 1462 summa
1421 1418 1551 1471 verti3
1582 1431 1713 1476 posse
1733 1417 1997 1476 quandoque
2010 1429 2048 1460 ⁴5

271 1523 302 1556 4.
327 1522 383 1556 sed
404 1520 598 1555 Acidalius:
624 1525 655 1554 et
676 1522 711 1555 M
737 1539 771 1545 -
801 1521 834 1554 2.
858 1521 962 1554 multo
986 1521 1163 1554 Heinsius:
1191 1520 1333 1553 multum
1354 1521 1400 1555 M.
1426 1521 1528 1554 «Non
1549 1518 1738 1553 verisimile
1762 1520 1818 1553 est
1839 1519 1999 1553 Tacitum

205 1580 274 1613 hoc
296 1580 378 1612 Ioco
402 1579 438 1612 et
461 1579 522 1620 42,
546 1577 567 1611 4
595 1578 686 1611 haud
707 1578 848 1611 multum
867 1581 942 1619 post
963 1577 1067 1621 (ante)
1091 1578 1295 1621 scripsisse,
1326 1585 1409 1611 cum
1439 1576 1524 1610 alias
1546 1585 1691 1620 semper
1714 1576 1807 1618 (nam
1830 1584 2000 1609 numera-

207 1637 323 1668 vimus
347 1635 393 1667 ad
415 1635 554 1676 triginta
576 1633 685 1676 locos)
708 1644 775 1667 non
797 1634 913 1677 (haud)
937 1635 1040 1667 multo
1057 1638 1134 1676 post
1149 1634 1252 1677 (ante)
1269 1634 1469 1676 scripserit,
1494 1634 1534 1666 ut
1556 1635 1592 1666 et
1606 1632 1730 1676 optimi
1753 1632 1789 1665 et
1804 1631 1999 1666 deteriores

208 1692 402 1734 scriptores
425 1690 574 1724 solent.»
599 1692 707 1725 Haut.
728 1710 764 1715 —
791 1691 823 1724 4.
849 1692 1034 1733 consinqere
1054 1690 1266 1724 Beroaldus:
1292 1691 1502 1732 confringere
1518 1690 1552 1723 M
1568 1707 1604 1713 —
1630 1690 1664 1723 7.
1682 1689 1943 1731 postolauereM
1958 1706 1996 1714 —

207 1749 240 1781 9.
266 1748 502 1789 maximaeque
530 1749 564 1781 M
590 1765 626 1771 -
661 1749 715 1781 44.
738 1748 966 1781 meditationes
994 1748 1201 1781 Rhenanus:
1239 1747 1462 1780 meditationis
1482 1747 1516 1780 M
1547 1764 1584 1770 —
1621 1745 1674 1779 44.
1702 1746 1872 1779 consulens
1900 1747 1935 1780 M
1959 1764 1996 1771 —

208 1805 261 1837 45.
293 1805 491 1846 quandoque
521 1804 711 1838 Germanici
740 1805 880 1838 exitium
905 1805 1130 1846 paenitentiae
1152 1814 1217 1838 esse
1238 1805 1308 1838 seni
1329 1804 1534 1847 Rupertius:
1572 1803 1772 1846 quandoque
1799 1803 2002 1846 germanicis

205 1862 315 1894 titium
333 1861 556 1902 paenitentiae
577 1862 663 1894 senis
683 1862 729 1896 M.

207 1949 304 1982 crata
341 1949 524 1991 sacrisque
540 1975 548 1989 ‚
587 1957 679 1990 quae
713 1948 872 1983 Vestales
907 1951 1076 1990 facerent,

208 1999 394 2036 institutis;
420 1999 538 2032 edicto
562 2000 688 2039 etiam,
713 2001 754 2032 ut
774 2009 841 2042 per
855 2008 987 2033 nomen
1003 2001 1078 2033 eius

207 2049 360 2083 feminae
383 2049 552 2082 iurarent.
581 2050 645 2082 Dio
663 2050 717 2090 60,
733 2051 766 2083 5.
792 2051 934 2084 Sueton.
954 2050 1076 2083 Claud.

208 2100 262 2132 44.
298 2099 443 2132 Exstant
475 2100 634 2132 nummi:
669 2100 811 2133 DIVVS.
846 2100 1076 2133 AVGVSTVS.

206 2149 367 2190 PATER„
393 2151 499 2192 caput
521 2150 720 2190 radiatum,
756 2159 818 2183 ara
841 2152 922 2184 ante
945 2151 1076 2193 pedes;

207 2200 309 2242 parte
332 2208 476 2233 aversa:
501 2200 537 2232 S.
562 2201 596 2233 P.
625 2201 663 2241 Q.
689 2201 726 2233 R.
751 2200 895 2233 DIVAE'.
921 2201 1074 2234 IVLIAE.

207 2249 399 2282 AVGVSTI.
431 2250 526 2290 FIL„
558 2252 784 2292 carpentum.
817 2251 873 2283 cui
902 2250 1078 2284 subiuncti

209 2300 280 2332 duo
310 2299 406 2332 muli.
443 2299 574 2333 Eckhel
604 2301 646 2333 D.
680 2302 721 2333 N.
753 2301 816 2341 VI,
851 2310 886 2343 p.
913 2301 988 2334 ⁴58.
1024 2301 1077 2334 Cf.

209 2350 331 2383 Marini
346 2349 414 2382 Atti
430 2351 462 2389 I,
480 2359 515 2392 p.
534 2350 576 2383 78
593 2352 628 2383 et
642 2351 751 2383 Inscr.
770 2352 842 2383 Lat.
861 2360 895 2383 n.
911 2351 987 2384 644.
1002 2351 1077 2384 648.

253 2400 285 2432 3.
319 2399 525 2441 praerupta]
563 2396 783 2443 ἀπότομος,
826 2401 979 2442 imagine
1014 2401 1080 2434 de-

209 2452 351 2492 sumpta
384 2459 404 2482 a
437 2459 525 2492 rupe
559 2450 671 2483 ardua
701 2453 737 2483 et
767 2452 967 2491 inaccessa,
1005 2451 1078 2484 «ab

210 2502 306 2533 omni
340 2500 506 2533 comitate
541 2498 644 2542 longe
677 2503 815 2533 remota
847 2503 882 2534 et
915 2501 1079 2534 homines

209 2550 473 2592 importunitate
504 2558 569 2582 sua
597 2551 847 2583 contet-rens.»
874 2568 909 2573 —
940 2552 1080 2592 urgens]

209 2598 369 2633 absolute
383 2625 392 2639 ,
417 2601 455 2632 ut
478 2599 550 2632 Cic.
572 2600 675 2632 Tusc.
693 2599 725 2639 3,
742 2600 807 2632 25:
832 2601 943 2641 opinio
965 2601 1081 2642 maqni

206 2650 390 2691 praesentis
411 2653 511 2689 atque
532 2650 680 2691 arqentis
699 2650 791 2682 mali.
819 2649 946 2691 Vergil.
964 2651 1025 2682 Ge.
1044 2651 1077 2689 4,

211 2699 292 2733 446ῑ
325 2699 419 2732 duris
439 2708 562 2741 urqens
582 2701 619 2732 in
640 2699 737 2731 rebus
759 2703 901 2742 eyesta33
931 2707 1079 2742 prorsus

210 2751 249 2782 ut
270 2757 351 2781 nos:
379 2749 506 2791 schroff
513 2749 582 2781 und
597 2749 775 2782 driickend.
803 2750 908 2782 Recte
925 2749 1080 2782 Doeder-

209 2798 299 2831 lein:
325 2799 474 2840 «ltaque
497 2799 577 2841 post
592 2800 767 2841 Augustae
791 2801 943 2835 mortem
960 2801 996 2832 et
1012 2798 1080 2831 cle-

211 2849 342 2881 mentia
380 2848 550 2880 diminuta
585 2850 640 2881 est
670 2850 706 2881 et
729 2848 917 2882 crudelitas
940 2849 1078 2881 aucta.»

215 2917 251 2924 -
267 2898 397 2940 missae]
422 2898 467 2930 ad
483 2899 647 2931 senatum
664 2900 770 2940 atque
785 2900 820 2931 in
838 2908 881 2931 eo
898 2899 1077 2931 recitatae.

215 2965 250 2971 —
269 2948 403 2988 allatas]
427 2947 473 2980 ad
491 2947 675 2987 consules,
700 2957 782 2980 mox
798 2950 917 2981 tamen
934 2950 1081 2990 propter

211 2999 389 3038 Augustae
416 2998 709 3030 intercessionem
733 3006 794 3030 eas
816 2999 967 3030 recitare
990 2998 1080 3030 veti-

213 3049 279 3080 tos.
307 3065 343 3070 —
368 3046 533 3088 iuvenum]
557 3050 617 3088 qui
640 3047 726 3079 flore
744 3046 916 3079 aetatulae
931 3047 1080 3080 Neronis

213 3106 294 3130 cum
311 3097 420 3138 ipsius
435 3095 616 3128 voluntate
633 3095 818 3129 libidinose
836 3096 1077 3140 abuterentur.

213 3163 257 3169 —
279 3146 516 3188 adrogantiam
542 3145 627 3187 oris]
658 3146 900 3187 impudentem
927 3146 1080 3178 effrena-

214 3199 358 3238 tamque
382 3195 558 3229 licentiam
582 3196 617 3228 in
640 3194 818 3237 loquendo
841 3197 946 3236 atque
963 3197 1079 3228 omnia

214 3245 522 3288 reprehendendo.
542 3262 576 3268 —
598 3245 693 3278 Cotta
715 3246 902 3286 Messalino]
919 3245 970 3278 Cf.
990 3246 1022 3285 6,
1039 3247 1077 3278 5:

215 3295 309 3328 Cotta
337 3297 550 3335 Messalinus,
587 3296 796 3328 saevissimae
825 3296 981 3336 cuiusque
1006 3304 1081 3328 sen-

215 3346 333 3378 tentiae
355 3349 484 3378 auctor.
509 3345 597 3378 Vide
621 3345 664 3377 ad
688 3346 721 3385 2,
739 3345 793 3378 32.
814 3362 849 3368 —
876 3354 953 3377 cum
975 3346 1081 3378 atroci

215 3396 383 3439 sententia]
405 3397 492 3429 Sunt
507 3397 567 3438 qui
582 3396 726 3438 iungant
741 3404 825 3429 cum
840 3395 950 3429 verbo
960 3405 1080 3437 prom-

1125 1950 1293 1991 ptissim0;
1327 1949 1424 1992 quod
1445 1957 1590 1990 vereor,
1619 1949 1659 1982 ut
1681 1948 1844 1982 Latinum
1867 1948 1912 1982 sit
1933 1956 1999 1991 pro

1127 2001 1163 2033 in
1185 2003 1332 2033 atrocem
1353 2001 1564 2040 sententiam,
1589 2000 1699 2032 atroci
1713 1999 1902 2032 sententiae.
1926 1999 1999 2032 Im-

1129 2060 1188 2084 mo
1213 2051 1286 2083 est:
1319 2050 1631 2092 «promptissimus
1660 2049 1724 2082 fuit
1745 2049 1792 2082 ad
1813 2047 2000 2091 postulan-

1129 2100 1226 2140 dum,
1251 2101 1288 2133 ut
1303 2099 1509 2140 referretur,
1527 2101 1634 2141 atque
1648 2100 1795 2142 insuper
1809 2099 1885 2141 ipse
1902 2100 1999 2132 atro·

1130 2159 1208 2184 cem
1222 2151 1307 2183 dixit
1318 2151 1565 2183 sententiam.»
1576 2169 1612 2174 —
1623 2149 1867 2191 trepidabatur]
1880 2150 1999 2182 «metu

1130 2201 1234 2243 capti,
1259 2201 1384 2233 incerti
1406 2199 1642 2241 haesitabant,
1660 2208 1847 2242 quousque
1870 2208 2000 2242 proce-

1130 2250 1291 2284 derent.»
1328 2250 1378 2283 Cf.
1411 2259 1494 2283 mox
1527 2250 1762 2283 dubitantibus.
1797 2266 1834 2272 —
1869 2249 1998 2292 cetera]

1131 2300 1240 2342 «quid
1263 2302 1302 2332 ut
1327 2301 1363 2332 in
1385 2300 1614 2342 Agrippinam
1637 2301 1673 2332 et
1694 2301 1874 2333 Neronem
1896 2308 1916 2332 a
1940 2308 2000 2333 se-

1129 2353 1213 2383 natu
1236 2350 1492 2383 decerneretur
1512 2358 1638 2392 reapse
1661 2348 1802 2382 vellet.»

1172 2401 1204 2433 4.
1225 2403 1366 2441 patrum
1386 2400 1487 2442 actis]
1512 2408 1603 2442 quae
1628 2401 1681 2436 45,
1706 2400 1748 2432 72
1771 2400 2001 2433 commentarii

1128 2454 1261 2483 senatus
1289 2450 1472 2490 dicuntur,
1505 2449 1817 2491 Senatsprotokolle.
1863 2450 1928 2489 Qui
1957 2450 1999 2483 iis

1130 2500 1385 2542 componendis
1401 2501 1567 2542 praeerat
1582 2499 1778 2532 vocabatur
1787 2498 1844 2532 vel
1860 2499 1903 2532 ab
1916 2501 2001 2533 actis

1128 2554 1261 2583 senatus
1289 2552 1435 2592 (Inscrr.
1465 2551 1552 2582 Latt.
1584 2559 1620 2582 n.
1641 2549 1752 2591 2274.
1777 2549 1875 2582 3443.
1898 2549 1998 2583 3486.

1129 2600 1227 2633 5478.
1252 2600 1350 2634 5479.
1373 2600 1470 2633 6020.
1489 2599 1584 2641 6485)
1608 2599 1664 2632 vel
1687 2602 1827 2632 curator
1847 2602 2000 2632 actorum

1129 2653 1261 2682 senatus
1284 2651 1330 2691 (n.
1347 2649 1458 2690 5447).
1485 2649 1537 2682 Cf.
1563 2649 1608 2681 ad
1630 2650 1663 2689 3,
1685 2649 1718 2682 3.
1739 2667 1778 2674 —
1797 2658 1910 2690 prava
1931 2649 2000 2681 sol-

1129 2699 1245 2741 lertia]
1277 2701 1440 2732 Attamen
1468 2699 1676 2732 innocentes
1700 2707 1913 2732 conservare
1936 2707 1999 2731 co-

1130 2750 1291 2783 nabatur.
1334 2749 1439 2782 Refer
1470 2750 1575 2791 igitur
1609 2748 1655 2782 ad
1688 2749 1827 2782 lunium
1860 2750 2000 2791 ipsum:

1131 2799 1416 2832 «inconsiderata
1439 2800 1475 2832 et
1495 2799 1531 2831 in
1555 2799 1664 2841 ipsius
1687 2798 1834 2832 fortasse
1854 2799 1998 2831 exitium

1130 2858 1324 2885 cessura;»
1360 2849 1425 2882 etsi
1456 2850 1643 2890 praeterea
1665 2848 1750 2882 nihil
1774 2848 1819 2881 de
1843 2857 1886 2881 eo
1910 2857 1999 2882 con-

1130 2901 1209 2932 stat.
1238 2917 1273 2923 -
1310 2898 1570 2941 imminentium]
1605 2898 1692 2932 Mala
1727 2898 1928 2941 praesentia
1963 2898 1999 2931 et

1129 2947 1283 2991 pericula
1308 2947 1451 2990 negligit
1472 2957 1559 2990 prae
1583 2948 1719 2982 futuris.
1755 2947 1836 2981 Plus
1864 2947 1999 2982 scilicet

1130 2997 1278 3030 timebat
1300 2997 1346 3030 ab
1370 2997 1562 3031 heredibus
1581 2998 1761 3040 (Nerone),
1787 3006 1877 3038 quos
1893 2997 1998 3031 desti-

1130 3047 1255 3087 nabat,
1291 3056 1400 3089 quam
1429 3056 1448 3080 a
1478 3047 1628 3081 Tiberio.
1660 3048 1746 3079 Lirs.
1777 3064 1813 3069 —
1849 3046 2000 3081 brevibus

1128 3098 1300 3130 momentis
1320 3106 1449 3130 summa
1467 3099 1564 3141 verti]
1590 3098 1803 3139 comparant
1818 3097 1891 3130 Cic.
1908 3097 1995 3132 Phil.

1129 3148 1162 3186 5,
1188 3147 1248 3179 4οι
1284 3147 1432 3180 Minimis
1459 3148 1630 3180 momentis
1659 3146 1832 3179 maximae
1851 3146 1998 3180 inelina-

1129 3196 1230 3229 tiones
1252 3199 1436 3238 temporum
1457 3199 1553 3239 fiunt.
1578 3195 1715 3229 Similes
1731 3196 1891 3229 notiones
1909 3206 1998 3238 par-

1128 3255 1188 3278 vus
1221 3247 1258 3278 et
1285 3246 1392 3280 brevis
1420 3248 1511 3280 inter
1537 3255 1576 3279 se
1600 3244 1787 3287 aliquando
1810 3244 1995 3289 alternant,

1129 3298 1168 3329 ut
1199 3297 1317 3330 Horat.
1346 3298 1416 3331 Sat.
1443 3298 1480 3337 2,
1505 3297 1543 3336 2,
1568 3296 1629 3328 37:
1666 3295 1762 3328 breve
1787 3298 1929 3336 pondus.
1956 3315 1992 3322 —

1130 3348 1326 3388 quandoque
1348 3348 1436 3390 cet.]
1467 3345 1584 3379 Verba
1615 3346 1691 3388 ipsa
1722 3345 1902 3388 scriptoris
1929 3348 1996 3381 etsi

1128 3397 1262 3430 incerta
1286 3399 1384 3438 sunt,
1410 3399 1530 3431 tamen
1554 3395 1669 3430 clarus
1692 3404 1817 3431 eorum
1840 3398 1895 3432 est
1915 3407 1997 3432 sen-
