2254 3770
424 293 469 339 P.
500 291 749 338 CORNELII
777 293 948 339 TACITI
975 292 1244 339 ANNALIUM
1271 293 1370 338 LIB.
1399 292 1503 339 XIV.
1533 292 1634 351 Cap.
1665 292 1704 337 ¹l.
1734 292 1775 338 2.
1917 289 2002 335 437

291 550 346 607 (4)
374 549 478 594 Gaio
503 549 704 608 Vipstano
734 549 775 594 C.
801 550 976 594 Fonteio
996 548 1244 594 consulibus
1264 549 1338 594 diu
1357 550 1608 595 meditatum
1623 548 1766 594 scelus
1786 562 1871 593 non
1890 548 1998 593 ultra

206 627 318 670 Nero
359 624 539 677 distulit,
581 632 791 670 vetustate
820 625 989 684 imperii
1029 624 1180 670 coalita
1219 625 1422 677 audacia,
1464 632 1507 670 et
1537 625 1785 683 flagrantior
1821 625 1864 667 in
1905 624 1999 668 dies

206 714 353 747 amore
378 702 618 759 Poppaeae,
650 715 763 758 quae
793 701 873 745 sibi
903 700 1215 745 matrimonium
1247 707 1289 744 et
1315 700 1543 745 discidium
1563 700 1767 745 Octaviae
1797 699 1998 744 incolumi

206 776 437 835 Agrippina
466 775 580 819 haud
609 790 808 835 sperans,
846 751 1010 820 crebris
1039 776 1420 829 criminationibuS,
1459 775 1689 835 aliquando
1717 789 1798 834 per
1825 775 1998 820 facetias

206 852 422 896 incusaret
450 852 685 910 principem
718 857 761 895 et
787 850 996 910 pupillum
1025 857 1214 902 vocaret,
1247 852 1319 910 qui
1342 851 1471 895 iussis
1501 851 1651 895 alienis
1672 850 1883 895 obnoxius
1911 859 2030 894 non⁵

206 927 336 971 modo
356 927 523 986 imperii
543 927 620 971 sed
638 926 845 970 libertatis
867 927 993 970 etiam
1014 926 1237 984 indigeret.
1267 940 1345 971 cur
1363 927 1478 970 enim
1497 926 1655 970 differri
1676 926 1847 984 nuptias
1867 926 1999 970 suas?

206 1003 386 1048 formam
416 1002 579 1046 scilicet
607 1001 836 1060 displicere
867 1009 910 1046 et
932 1001 1209 1060 triumphales
1236 1016 1352 1052 avos,
1383 1015 1437 1045 an
1457 1001 1759 1046 fecunditatem
1786 1007 1829 1045 et
1847 1014 1999 1044 verum

207 1078 425 1122 animum?
467 1078 606 1121 timeri
635 1091 691 1121 ne
721 1091 829 1121 uxor
857 1077 1008 1122 saltem
1038 1077 1214 1122 iniurias
1243 1084 1431 1136 patrum,
1472 1078 1579 1121 iram
1607 1076 1754 1135 populi
1787 1076 1997 1120 adversus

209 1153 458 1211 superbiam
487 1153 795 1211 avaritiamque
825 1153 972 1196 matris
1002 1152 1176 1210 aperiat.
1221 1150 1339 1209 quod
1379 1151 1415 1194 si
1453 1165 1609 1194 nurum
1642 1151 1875 1210 Agrippina
1911 1165 1998 1195 non

207 1229 290 1272 nisi
320 1228 406 1272 filio
438 1228 631 1272 infestam
659 1228 772 1272 ferre
792 1234 960 1286 posset,
992 1226 1247 1271 redderetur
1276 1226 1370 1284 ipsa
1392 1225 1572 1270 Othonis
1602 1227 1813 1285 coniugio.
1843 1227 1997 1271 ituram
2011 1238 2048 1268 ιο

207 1318 383 1362 quoquo
413 1310 642 1353 terrarum,
674 1303 748 1347 ubi
778 1303 947 1347 audiret
974 1302 1116 1360 potius
1137 1301 1415 1346 contumelias
1435 1301 1706 1359 imperatoris
1735 1317 1864 1361 quam
1885 1302 1998 1348 vise-

205 1387 287 1430 ret,
324 1378 530 1437 periculis
568 1379 662 1423 eins
692 1379 876 1422 inmixta.
916 1378 1025 1422 haec
1061 1383 1190 1436 atque
1225 1376 1324 1421 talia
1357 1377 1542 1421 lacrimis
1580 1383 1623 1421 et
1651 1383 1742 1422 arte
1773 1378 1995 1423 adulterae

204 1454 472 1513 penetrantia
490 1468 617 1508 nemo
638 1453 902 1511 prohibebat,
935 1453 1206 1511 cupientibus
1226 1453 1390 1497 cunctis
1410 1452 1576 1510 infringi
1597 1453 1829 1511 potentiam
1852 1454 1996 1498 matris

205 1536 249 1574 et
283 1529 487 1574 credente
525 1529 640 1573 nullo
674 1543 815 1587 usque
854 1528 910 1572 ad
946 1529 1124 1573 caedem
1160 1529 1255 1573 eius
1285 1528 1489 1572 duratura
1523 1527 1597 1570 filii
1627 1527 1740 1572 odia.
1785 1529 1839 1586 (2)
1870 1529 1997 1573 tradit

206 1604 379 1650 Cluvius
408 1604 563 1648 ardore
589 1604 837 1648 retinendae
859 1603 1163 1663 [Agrippinam]
1188 1604 1404 1662 potentiae
1426 1617 1479 1648 eo
1499 1617 1639 1662 usque
1658 1610 1918 1661 provectam,
1949 1611 2046 1649 ntis

270 1746 302 1778 4.
331 1745 486 1786 Vipstano
503 1744 665 1779 Ursinus:
689 1744 830 1785 uipsano
852 1744 887 1777 M
911 1759 947 1767 -
975 1743 1011 1777 C.
1035 1743 1205 1776 Ritterus:
1230 1751 1302 1776 om.
1327 1743 1362 1776 M
1386 1760 1422 1767 —
1455 1742 1641 1775 consulibus
1662 1751 1754 1776 corr.
1779 1743 1832 1776 M:
1856 1743 1995 1778 consuli.

205 1801 277 1844 (sic)
302 1810 356 1843 pr.
388 1801 422 1834 M
453 1818 490 1824 —
524 1800 556 1833 3.
578 1809 703 1842 poppee
732 1802 765 1834 M
789 1818 825 1824 -
859 1799 892 1833 4.
917 1799 1205 1833 criminationibus
1228 1801 1399 1832 incusaret
1421 1800 1609 1841 principem
1631 1803 1661 1832 et
1683 1800 1866 1840 aliquando
1885 1809 1948 1841 per
1967 1800 1993 1842 r.

199 1858 365 1899 pupillum
386 1860 520 1890 vocaret
535 1857 751 1890 Vertranius.
775 1874 812 1881 -
834 1858 981 1899 facet-ias
1002 1858 1035 1890 M
1055 1875 1087 1882 —
1115 1858 1148 1890 5.
1171 1857 1549 1890 incusaret--uocaret
1569 1857 1624 1890 M:
1648 1857 1998 1890 incusare--vocare

203 1914 353 1956 Lipsius.
382 1931 416 1937 —
448 1914 501 1946 40.
525 1914 719 1946 redderetur
740 1912 936 1946 Acidalius:
966 1914 1117 1946 redditur
1139 1914 1190 1952 M;
1221 1914 1384 1946 reddatur
1411 1911 1478 1945 alii.
1505 1930 1542 1935 —
1577 1913 1630 1945 45.
1654 1913 1777 1945 ardore
1805 1914 1997 1947 retinendae

202 1969 422 2012 Agrippinam
444 1970 496 2003 M:
520 1969 740 2012 Agrippinam
763 1970 885 2002 ardore
906 1970 1096 2003 retinendae
1118 1969 1186 2003 alii.
1213 1970 1443 2012 (Aprippinam
1464 1967 1595 2002 delevit
1619 1969 1798 2009 Ritterus.)

248 2083 279 2114 4.
301 2082 387 2115 Gaio
405 2082 559 2123 Vipstano
575 2082 658 2125 cet.]
678 2083 827 2115 Nomina
841 2083 971 2116 horum
986 2091 1074 2115 con-

203 2130 320 2164 sulum
343 2132 379 2164 C.
407 2133 581 2173 Vipstanus
602 2132 833 2173 Apronianus,
860 2133 894 2165 C.
920 2133 1074 2165 Fonteius

204 2181 320 2222 Capito
360 2181 545 2215 firmantur
585 2183 810 2224 inscriptione
845 2182 1072 2224 Neapolitana

203 2240 319 2272 nuper
340 2234 483 2273 reperta
506 2233 612 2274 atque
636 2231 730 2264 edita
752 2233 787 2264 in
808 2232 984 2264 Bullettino
1000 2233 1072 2264 dell'

202 2282 281 2314 Inst.
299 2281 391 2314 arch.
410 2281 509 2321 4834,
534 2290 569 2323 p.
588 2282 643 2321 50,
667 2281 728 2314 ubi
752 2281 896 2315 consule
916 2282 1073 2323 Borghe-

205 2332 310 2364 sium.
348 2330 399 2364 Cf.
425 2332 622 2364 Mommsen
644 2332 753 2365 lnscr.
778 2332 817 2364 R.
843 2332 883 2364 N.
909 2332 1005 2364 3067.
1033 2350 1070 2356 -

204 2380 240 2414 G.
265 2380 412 2422 Fonteio]
438 2382 659 2414 Praenomen
683 2381 866 2414 codicibus
889 2383 925 2414 et
947 2381 1074 2414 editio-

204 2430 309 2464 nibus
332 2430 472 2464 deerat:
505 2431 572 2464 sed
599 2432 738 2465 Tacitus
767 2432 827 2464 ubi
850 2431 1014 2465 consules
1036 2433 1072 2465 in

204 2481 287 2514 anni
302 2481 474 2523 principio
491 2482 659 2521 nominat,
675 2482 832 2524 exceptis
845 2481 1070 2523 Caesaribus,

204 2539 349 2572 semper
359 2530 444 2563 bina
456 2531 598 2563 nomina
611 2532 738 2573 posuit,
753 2540 936 2573 nunquam
947 2540 1068 2572 unum,

203 2589 321 2622 neque
347 2588 454 2613 causa
477 2581 620 2622 cogitari
644 2582 761 2622 potest
775 2580 862 2621 ulla,
887 2590 952 2614 cur
967 2581 1012 2613 ab
1029 2589 1071 2614 ea

205 2630 462 2663 consuetudine
485 2630 521 2662 h.
547 2629 570 2663 l.
588 2630 768 2663 deficeret.
794 2630 864 2663 Sed
887 2639 1003 2663 nonne
1020 2630 1072 2663 fa-

205 2679 304 2713 cilius
328 2682 383 2713 est
402 2679 559 2713 seribere
576 2689 658 2713 cum
674 2682 699 2713 1.
717 2681 772 2714 Fr.
791 2682 963 2713 Gronovio
979 2681 1073 2714 Gaiis

207 2730 363 2770 Vipstano
390 2730 524 2763 Fonteio
553 2730 763 2762 consulibus?
793 2731 900 2763 Taciti
927 2739 1006 2763 mos
1037 2733 1072 2763 et

205 2779 423 2812 concinnitas
438 2779 631 2813 verborum
648 2779 748 2812 aliter
766 2780 911 2818 suadet;
930 2780 975 2813 cf.
993 2779 1026 2819 4,
1039 2781 1069 2813 4.

205 2829 260 2868 42,
285 2828 338 2862 64.
363 2830 396 2868 5,
422 2830 453 2862 4.
480 2830 612 2862 Rrrrsn.
651 2830 689 2862 C.
715 2830 878 2862 Fonteius
905 2829 996 2862 filius
1018 2831 1072 2863 vi-

205 2878 310 2911 detur
343 2879 476 2911 Fonteii
505 2879 682 2921 Capitonis
714 2879 868 2912 consulis
890 2888 923 2912 a.
947 2888 983 2912 u.
1008 2880 1071 2912 765

205 2927 249 2968 (4,
274 2928 342 2969 36).
379 2929 460 2961 Eius
484 2929 615 2962 caedes
638 2931 802 2962 narratur
823 2930 910 2962 Eist.
929 2931 960 2970 4,
978 2930 1010 2962 7.
1032 2948 1067 2953 -

203 2977 337 3020 coalita]
371 2978 421 3010 Cf.
447 2979 518 3011 Liv.
544 2979 599 3018 26,
624 2978 683 3012 40:
716 2980 751 3011 in
773 2979 883 3012 insula
905 2983 976 3012 tum
996 2980 1071 3020 pri-

202 3036 295 3060 mum
309 3037 397 3060 nova
406 3036 490 3068 pace
504 3029 712 3061 coalescente.
741 3029 796 3069 29,
813 3029 849 3062 34
864 3039 871 3060 :
889 3029 1072 3062 coalescens

202 3087 352 3120 reanum.
390 3078 526 3120 Tropus
558 3078 768 3121 desumptus
803 3080 857 3112 est
886 3088 904 3112 a
937 3078 1067 3121 planta,

204 3136 296 3169 quae
326 3128 446 3160 firmas
476 3128 548 3160 iam
577 3129 716 3162 radices
745 3130 815 3170 egit
843 3130 879 3162 et
908 3130 1067 3163 increvit.

202 3178 388 3220 Participio
410 3179 551 3210 coalitus
571 3180 708 3221 primus
730 3187 816 3212 usus
839 3181 895 3212 est
909 3179 1066 3219 Tacitus;

203 3226 248 3260 cf.
274 3227 327 3267 43,
351 3228 404 3260 26.
438 3228 523 3260 nist.
543 3228 576 3267 4,
594 3229 648 3261 55.
669 3245 704 3251 —
728 3229 931 3270 flagrantior
951 3230 987 3261 in
1003 3230 1070 3261 dies

202 3285 319 3309 amore
331 3277 512 3319 Poppaeae]
531 3279 616 3317 Quia
633 3279 667 3310 in
685 3278 759 3311 dies
774 3279 883 3320 magis
898 3279 1070 3321 flagrabat

201 3328 387 3368 Poppaeae
410 3336 545 3367 amore,
571 3337 614 3360 eo
631 3327 765 3361 facilius
781 3328 826 3361 ab
844 3337 884 3361 ea
902 3329 947 3361 ad
964 3338 1068 3362 omne

202 3375 320 3409 scelus
340 3378 495 3419 instigari
513 3379 661 3420 poterat.
688 3378 739 3411 Cf.
759 3378 812 3419 43,
831 3378 889 3412 45:
913 3380 1067 3422 flagran-

203 3425 348 3460 tissimus
379 3428 415 3461 in
446 3429 609 3463 amicitia.
649 3446 684 3453 -
721 3429 1067 3474 quae--ineusaretJ

1124 2090 1188 2124 pro
1213 2082 1333 2123 quippe
1354 2090 1459 2123 quae,
1484 2085 1523 2114 ut
1544 2090 1695 2122 quae--
1709 2082 1891 2115 incusaret.
1925 2082 1996 2116 Ce-

1124 2134 1240 2173 terum
1257 2133 1311 2165 est
1322 2140 1471 2173 zeugma
1483 2132 1534 2164 sic
1546 2131 1620 2164 fere
1632 2131 1860 2165 solvendum:
1881 2140 1994 2174 «quae

1124 2181 1260 2214 crebris
1296 2181 1597 2215 criminationibus
1629 2182 1666 2215 in
1698 2183 1925 2224 Agrippinam
1960 2182 1996 2215 et

1124 2232 1303 2264 Octaviam
1315 2230 1470 2273 prolatis,
1489 2231 1678 2273 aliquando
1695 2233 1800 2264 etiam
1816 2232 1996 2265 incusaret

1123 2282 1319 2321 Neronem,
1345 2281 1441 2323 quod
1463 2280 1543 2314 talia
1565 2282 1848 2323 perpeteretur.»
1866 2299 1902 2305 —
1923 2281 1995 2313 cri-

1122 2331 1357 2364 minationibus
1371 2349 1390 2355 -
1401 2340 1466 2372 per
1476 2331 1628 2373 facetias]
1653 2341 1696 2365 ex
1713 2331 1814 2365 solita
1830 2332 1995 2364 constru-

1124 2382 1247 2414 ctionis
1268 2382 1456 2421 varietate,
1482 2390 1591 2423 quam
1614 2383 1798 2423 tantopere
1814 2383 1911 2414 amat
1925 2382 1994 2414 Ta-

1124 2432 1225 2464 citus.
1264 2447 1300 2455 -—
1337 2431 1552 2472 triumphales
1585 2431 1682 2473 avos]
1727 2432 1779 2464 De
1820 2440 1891 2464 uno
1926 2439 1993 2464 avo

1123 2483 1284 2514 materno
1315 2480 1639 2528 Poppaeo‘Sabino
1663 2481 1736 2523 (43,
1761 2481 1821 2522 45)
1847 2490 1914 2523 per
1936 2490 1994 2514 ex-

1122 2533 1385 2573 aggerationem
1408 2531 1555 2571 dictum‚
1581 2532 1621 2564 ut
1641 2531 1674 2570 2,
1700 2531 1742 2564 37
1765 2531 1810 2564 M.
1830 2530 1993 2564 Hortalus

1122 2580 1253 2613 liberos
1283 2589 1366 2613 suos
1397 2582 1500 2613 vocat
1522 2582 1719 2623 proyeniem
1741 2584 1788 2613 tot
1809 2581 1992 2620 consulum,

1122 2633 1168 2662 tot
1183 2630 1395 2664 dictatorum.
1413 2648 1447 2653 —
1464 2630 1710 2673 fecunditatem]
1727 2630 1992 2664 Fecunditatem

1122 2687 1222 2712 suam
1253 2679 1379 2721 (filium
1410 2679 1565 2713 habebat
1600 2689 1643 2713 ex
1670 2680 1788 2713 Rufrio
1819 2679 1993 2722 Crispino)

1122 2731 1202 2772 post
1224 2730 1387 2762 Octaviae
1418 2729 1638 2763 sterilitatem
1663 2731 1800 2772 gratam
1823 2730 1897 2763 fore
1920 2730 1992 2762 Ne-

1122 2781 1199 2812 roni
1221 2781 1440 2814 successoris
1464 2780 1592 2823 cupido
1615 2780 1752 2814 sciebat
1770 2782 1988 2822 Poppaea.—

1121 2838 1236 2862 verum
1258 2830 1425 2872 animum]
1456 2829 1508 2863 Cf.
1534 2830 1619 2863 nist.
1645 2831 1677 2870 4,
1705 2831 1763 2863 ⁴5:
1798 2829 1989 2870 blanditiae,

1119 2881 1296 2921 pessimum
1317 2880 1389 2912 veri
1411 2880 1559 2921 adfectus
1578 2889 1756 2920 venenum,
1790 2876 1853 2912 sua
1874 2879 1992 2919 cuique

1120 2930 1258 2962 utilitas.
1285 2930 1379 2962 Haec
1403 2938 1545 2972 quoque
1570 2932 1693 2963 contra
1716 2930 1908 2969 Octaviam,
1932 2930 1992 2962 ut-

1121 2981 1203 3022 pote
1227 2988 1319 3021 quae
1341 2989 1427 3013 vero
1451 2980 1593 3013 adfectu
1613 2981 1780 3014 maritum
1796 2989 1867 3012 non
1883 2977 1988 3013 colat.

1124 3047 1158 3052 —-
1178 3030 1323 3062 iniurias
1339 3030 1490 3073 patrum]
1515 3039 1623 3072 «quas
1647 3031 1842 3068 senatores,
1867 3028 1902 3061 id
1920 3030 1987 3069 est,

1120 3079 1298 3121 principes
1322 3081 1490 3120 civitatis,
1515 3081 1681 3113 continuo
1698 3088 1763 3122 per
1776 3079 1988 3121 Agrippinae

1119 3130 1355 3171 arrogantiam
1376 3131 1619 3173 perpetiantur
1640 3131 1675 3163 et
1691 3130 1735 3162 de
1753 3128 1882 3170 quibus
1897 3129 1990 3163 aeri-

1118 3181 1175 3211 ter
1197 3182 1493 3222 conquerantur.»
1522 3180 1573 3214 Cf.
1600 3189 1631 3212 c.
1652 3180 1711 3211 ⁴⁴:
1733 3178 1887 3220 pericula
1907 3179 1990 3212 viris

1118 3230 1300 3263 illustribus
1312 3232 1489 3264 struxisset
1506 3229 1728 3272 (Agrippino).
1746 3247 1782 3253 —
1799 3228 1989 3271 superbiam

1119 3281 1367 3322 avaritiamque
1387 3281 1516 3323 matris]
1540 3279 1627 3312 Vide
1652 3279 1705 3320 ⁴2,
1731 3279 1765 3313 7.
1791 3296 1828 3302 —
1855 3279 1988 3313 Othonis

1119 3331 1283 3373 coniugio]
1308 3331 1360 3365 Cf.
1386 3331 1439 3371 43,
1463 3331 1506 3364 45
1530 3331 1566 3363 et
1588 3329 1642 3363 46,

1162 3381 1195 3413 2.
1220 3381 1364 3424 Cluvius]
1389 3381 1440 3414 Cf.
1459 3380 1514 3420 43,
1533 3380 1587 3412 20.
1614 3381 1700 3413 Hist.
1718 3380 1749 3422 4,
1772 3379 1805 3414 8.
1825 3397 1862 3404 -
1885 3380 1986 3414 Acten

1117 3430 1279 3474 libertam]
1304 3430 1357 3464 Cf.
1382 3430 1436 3472 43,
1462 3430 1514 3463 42.
1540 3446 1576 3453 -
1601 3430 1724 3464 Fabius
1743 3430 1907 3475 Rusliws]
1933 3430 1983 3464 Cf.
