2254 3770
736 299 890 343 LIBER
916 297 1006 342 XII.
1049 297 1151 356 Cap.
1180 297 1249 341 35.
1277 297 1345 341 36.
1375 296 1444 342 37.
1899 294 1983 339 367

201 407 519 459 celebrabatur;
550 405 818 464 avebantque
842 406 982 449 visere
1003 405 1101 464 quis
1122 404 1192 448 ille
1212 411 1274 449 tot
1293 419 1372 463 per
1391 418 1526 450 annos
1545 417 1652 462 opes
1673 409 1841 447 nostras
1862 415 1983 460 spre-

201 484 344 528 visset.
387 496 441 526 ne
471 483 631 526 Romae
660 480 835 539 quidem
866 479 1048 538 ignobile
1080 480 1271 524 Carataci
1302 495 1457 525 nomen
1487 486 1601 533 erat3
1633 485 1676 522 et
1699 479 1858 523 Caesar
1880 477 1982 521 dum

200 573 325 603 suum
355 557 490 602 decus
521 555 893 608 extollit,·addidit
922 555 1098 612 gloriam
1127 555 1250 599 victo.
1281 562 1458 600 vocatus
1480 555 1641 613 quippe
1662 561 1709 597 ut
1734 553 1789 597 ad
1818 553 1983 611 insigne

199 632 493 692 spectaculum
527 631 727 690 populus.
784 637 940 674 stetere
980 631 1020 673 in
1057 630 1186 674 armis
1224 631 1465 687 praetoriae
1500 630 1699 674 cohortes
1728 642 1880 686 campo
1909 628 1983 685 qui

199 715 339 754 castra
359 708 587 766 praeiacet.
618 714 719 750 tunc
740 705 1036 749 incedentibus
1056 706 1185 763 regiis
1205 705 1411 749 clientelis
1432 705 1633 763 phalerae
1655 712 1831 762 torques
1851 696 2036 762 quae-s‘

199 798 286 842 que
315 783 438 827 bellis
468 782 655 827 externis
686 781 974 839 quaesiverat,
1007 781 1221 833 traducta3
1251 795 1351 824 mox
1379 781 1530 825 fratres
1560 787 1604 825 et
1631 780 1787 825 coniux
1816 785 1858 823 et
1886 778 1983 829 filia,

204 866 423 918 postremo
459 858 553 915 ipse
592 862 840 901 ostentatus·
890 864 1134 900 ceterorum
1170 869 1323 913 preces
1353 855 1591 913 degeneres
1625 855 1744 899 suere
1771 868 1828 899 ex
1855 860 1985 898 metu.

199 942 242 979 at
271 949 355 978 non
388 934 617 978 Caratacus
647 938 719 975 aut
748 930 865 974 vultu
896 931 1084 975 demisso
1114 937 1186 975 aut
1204 930 1349 975 verbis
1379 930 1717 975 misericordiam
1746 930 1984 988 requirens,

201 1010 273 1054 ubi
303 1008 500 1054 tribunali
532 1007 676 1058 astitit,
710 1007 752 1050 in
781 1005 896 1050 hunc
926 1006 1102 1050 modum
1130 1006 1297 1050 locutus
1327 1011 1415 1050 est:
1450 1006 1531 1063 (37)
1562 1006 1647 1058 «si,
1679 1012 1838 1065 quanta
1865 1005 1988 1049 nobi-

200 1085 294 1129 litas
334 1091 376 1128 et
414 1084 581 1127 fortuna
617 1082 718 1125 mihi
761 1081 854 1133 fuit,
897 1087 1011 1125 tanta
1051 1095 1195 1126 rerum
1223 1095 1528 1139 prosperarum
1558 1081 1795 1125 moderatio
1826 1081 2038 1132 fuisset,io

201 1160 365 1204 amicus
395 1159 538 1217 potius
569 1158 611 1200 in
641 1157 749 1201 hanc
776 1156 930 1200 urbem
960 1171 1089 1214 quam
1119 1163 1269 1215 captus
1298 1157 1534 1208 venissem,
1565 1170 1708 1214 neque
1735 1156 1989 1214 dedignatus

201 1250 324 1280 esses
366 1234 491 1279 claris
536 1233 771 1277 maioribus
815 1238 972 1283 ortum,
1020 1231 1214 1290 pluribus
1253 1232 1451 1289 gentibus
1489 1232 1786 1290 inperitantem
1815 1232 1990 1276 foedere

204 1324 355 1369 pacem
383 1309 593 1367 accipere.
630 1322 837 1367 praesens
869 1321 964 1351 sors
994 1321 1092 1351 mea
1121 1314 1167 1350 ut
1195 1307 1296 1350 mihi
1326 1307 1539 1359 informis,
1572 1308 1634 1351 sic
1664 1308 1738 1351 tibi
1766 1307 1991 1366 magnifica

205 1393 282 1430 est.
314 1385 442 1429 habui
474 1398 612 1442 equos
642 1384 775 1434 viros,
812 1396 930 1427 arma
959 1397 1078 1440 opes.
1110 1382 1215 1441 quid
1245 1382 1418 1433 mirum,
1450 1382 1486 1426 si
1516 1382 1624 1426 haec
1653 1383 1809 1427 invitus
1837 1383 1991 1427 amisi?

202 1475 321 1513 nam,
368 1460 404 1504 si
443 1474 520 1504 vos
559 1459 756 1503 omnibus
795 1458 1039 1517 imperitare
1068 1457 1212 1509 vultis,
1259 1458 1454 1515 sequitur
1489 1465 1536 1501 ut
1564 1472 1713 1502 omnes
1742 1459 1990 1503 servitutem
2003 1473 2040 1502 ⁴5

176 1592 180 1595 .
204 1535 446 1594 accipiant?
476 1535 512 1579 si
541 1535 682 1578 statim
712 1534 881 1577 deditus
911 1533 1124 1584 traderer,
1156 1546 1300 1591 neque
1328 1547 1425 1577 mea
1455 1533 1621 1578 fortuna
1647 1548 1790 1592 neque
1810 1542 1882 1579 tua
1901 1534 1991 1593 glo—

206 1612 270 1656 ria
299 1610 581 1655 inclaruisset.
621 1617 663 1654 et
692 1609 949 1667 supplicium
981 1609 1065 1652 mei
1097 1607 1255 1652 oblivio
1286 1615 1561 1666 sequeretur:
1599 1616 1641 1654 at
1669 1610 1706 1653 si
1735 1609 1992 1654 incolumem

204 1686 466 1737 servaveris,
509 1691 732 1728 aeternum
770 1683 989 1742 exemplar
1030 1683 1281 1728 clementiae
1312 1697 1428 1727 ero.»
1468 1684 1523 1728 ad
1554 1698 1606 1729 ea
1636 1685 1795 1729 Caesar
1822 1685 1993 1730 veniam

203 1763 374 1821 ipsique
413 1767 456 1806 et
493 1760 663 1818 coniugi
693 1766 736 1804 et
763 1759 963 1804 fratribus
1002 1759 1160 1803 tribuit.
1205 1767 1334 1818 atque
1363 1759 1422 1803 illi
1451 1759 1602 1804 vinclis
1631 1760 1814 1805 absoluti
1842 1762 1993 1820 Agrip—

267 1919 302 1954 4.
330 1919 511 1961 spectabam
540 1919 575 1952 M
603 1936 640 1942 —
671 1919 703 1951 5.
736 1922 814 1951 tunc
843 1918 895 1951 M:
931 1921 1003 1950 tum
1031 1918 1225 1951 Ernestius.
1252 1935 1288 1941 —
1323 1918 1429 1960 falere
1458 1919 1491 1952 M
1525 1936 1561 1943 -
1596 1922 1730 1961 torques
1758 1919 1989 1954 Doederlein:

193 1976 375 2018 torquibus
396 1977 449 2016 M;
476 1979 671 2017 torquesque
694 1975 751 2008 ed.
770 1975 962 2017 Spirensis;
987 1983 1063 2007 cum
1084 1975 1256 2015 torquibus
1268 1975 1538 2009 Weissenborn.
1559 1993 1596 2000 —
1621 1985 1747 2018 queque
1769 1978 1803 2011 M
1827 1995 1864 2001 —-
1889 1977 1922 2011 7.
1939 1985 1994 2024 ος-

204 2036 352 2066 terorum
375 2033 409 2066 M
434 2050 470 2056 —
491 2029 568 2074 faces
589 2031 623 2064 M
645 2049 689 2055 ——
717 2031 750 2064 8.
776 2031 821 2063 ad
842 2040 909 2063 nou
931 2033 1147 2063 cataratacus
1169 2031 1241 2073 (sic)
1266 2032 1316 2071 M;
1340 2031 1422 2064 vide
1446 2032 1492 2065 ad
1515 2041 1546 2065 c.
1571 2032 1625 2065 33.
1653 2051 1690 2057 —
1725 2032 1778 2067 ⁴3.
1799 2042 1917 2076 pacem
1938 2034 1990 2068 M:

199 2091 296 2132 pacis
317 2090 474 2132 Lipsius;
510 2089 546 2121 in
568 2097 688 2129 pacem
716 2087 939 2121 Doederlein.
967 2106 1003 2112 —
1036 2087 1090 2121 ⁴4.
1115 2089 1256 2121 inui.tus
1288 2089 1414 2131 (littera
1437 2098 1537 2123 erasa
1562 2090 1644 2123 ante
1666 2089 1689 2131 t)
1713 2090 1747 2124 M
1773 2108 1809 2115 -
1834 2091 1889 2123 45.
1913 2099 1994 2123 nam

204 2147 257 2180 M:
289 2154 370 2178 uum
399 2145 548 2188 Lipsius,
582 2163 618 2171 —
653 2145 706 2178 46.
732 2146 885 2178 traderer
905 2146 958 2178 M:
996 2145 1147 2178 traherer
1175 2145 1368 2179 Bekkerus.
1396 2163 1432 2170 —
1468 2146 1521 2179 ⁴7.
1545 2150 1736 2188 sequeretur
1756 2147 1809 2181 M:
1840 2151 1996 2187 sequetur

206 2203 353 2245 Lipsius.
371 2220 406 2225 —
433 2202 487 2235 ⁴9.
506 2202 648 2235 absoluti
670 2202 722 2235 M:
747 2202 891 2235 exsoluti
907 2202 1062 2244 Lipsius;
1087 2202 1186 2235 soluti
1200 2203 1372 2242 Ritterus;
1397 2202 1439 2235 ab
1455 2211 1492 2236 eo
1503 2203 1601 2236 soluti
1616 2201 1784 2237 Halmius.
1810 2202 1862 2237 Cf.
1880 2203 1913 2246 4,
1929 2203 1992 2238 23:

205 2258 237 2291 Is
258 2259 389 2293 demum
411 2267 519 2292 annus
534 2259 699 2301 populum
722 2259 759 2292 R.
783 2260 882 2301 lonqo
897 2276 946 2285 —-
963 2259 1044 2292 bello
1066 2259 1216 2293 absolvit.

207 2398 272 2424 nos
294 2391 330 2423 in
351 2391 565 2424 Britanniam
587 2392 703 2424 traxit.
739 2391 789 2424 Eo
819 2391 966 2425 artificio
990 2391 1076 2424 nihil
1124 2391 1308 2424 hominem
1330 2390 1434 2424 claris
1456 2400 1505 2424 m.
1531 2392 1670 2433 ortum,
1698 2390 1858 2434 pluribus
1881 2399 1914 2433 g.
1939 2391 1996 2425 in-

207 2448 297 2482 opus
321 2442 394 2473 est:
421 2443 620 2482 opportune
644 2441 739 2474 enim
754 2441 893 2474 Tacitus
907 2442 985 2483 ipse
1001 2450 1079 2474 mo·
1126 2442 1311 2483 perantem
1333 2441 1518 2483 indignum
1539 2440 1739 2483 habuisses,
1767 2441 1828 2483 qui
1850 2440 1994 2474 foedere

208 2491 284 2523 nuit
306 2499 336 2523 c.
361 2489 404 2523 40
428 2492 606 2532 extremo,
630 2492 666 2524 in
689 2492 757 2524 hac
781 2492 979 2524 narratione
1003 2491 1078 2534 plu—

208 2549 269 2573 res
297 2548 363 2582 per
391 2549 502 2574 annos
532 2542 630 2582 gesta
662 2550 682 2574 a
709 2550 749 2574 se
773 2542 958 2574 coniuncta
981 2550 1077 2579 esse.

208 2589 379 2622 Versatur
399 2590 615 2632 igitur,haec
638 2590 799 2624 scribens
816 2592 886 2623 iam
901 2599 972 2623 non
988 2591 1078 2623 intra

208 2647 341 2672 annum
370 2639 430 2679 50,
456 2639 520 2673 sed
543 2640 585 2673 52
608 2641 709 2682 (805).
735 2642 869 2674 Rm-ER.
897 2657 934 2664 —
967 2644 1079 2673 evecta

207 2689 347 2730 insulas]
371 2691 562 2731 propagata
585 2689 676 2723 ultra
694 2690 908 2723 Britanniam
926 2691 1079 2724 ceteras-

209 2747 279 2780 que
301 2738 434 2772 insulas
458 2741 490 2772 ei
513 2740 727 2774 adiacentes.
745 2758 781 2763 —
799 2740 923 2782 castra]
950 2741 1078 2773 cohor-

209 2790 297 2822 tium
324 2789 596 2831 praetoriarum.
624 2808 659 2814 -
696 2790 870 2832 clientelis]
906 2791 1077 2824 theotisce

208 2839 389 2881 Inqesinde.
424 2839 565 2872 Dictum
594 2841 713 2874 autem
741 2849 807 2882 pro
831 2840 1015 2881 clientibus,
1040 2842 1080 2874 ut

211 2887 271 2928 ⁴4,
297 2888 358 2921 6⁴:
393 2897 416 2921 a
446 2889 602 2922 clientelis
623 2894 653 2922 et
678 2890 819 2923 servitiis
842 2890 1009 2923 Octaviae.
1035 2908 1078 2914 -

211 2938 393 2980 deuouere-3]
425 2946 516 2980 quae
539 2947 666 2981 parum
689 2939 865 2972 decebant
887 2940 983 2972 viros
1006 2940 1078 2972 tam

211 2986 339 3028 fortes,
364 2996 472 3029 quam
494 2989 592 3031 prius
615 2998 654 3022 se
678 2991 916 3023 monstrarant
937 2989 984 3022 illi
1007 2990 1080 3022 Bri-

211 3038 319 3070 tanni.
341 3055 378 3061 —
401 3042 438 3071 at
458 3048 525 3071 non
541 3039 727 3072 Caratacus
743 3039 824 3082 cet.]
848 3041 992 3081 Negatio
1009 3048 1080 3072 nou

212 3087 258 3119 ad
281 3088 391 3121 totam
414 3089 707 3129 enuntiationem,
733 3090 798 3123 sed
821 3089 867 3122 ad
882 3088 954 3122 sola
969 3089 1081 3122 verba

213 3141 274 3170 aut
304 3138 399 3170 vultu
413 3155 432 3162 —
446 3155 466 3162 -
480 3139 653 3178 requirens
686 3141 850 3181 pertinet.
887 3157 922 3162 —
957 3139 1080 3181 verbis]

212 3188 345 3230 Repete
369 3188 533 3229 demissis,
557 3188 761 3222 humilibus.
788 3207 824 3213 -
848 3189 884 3221 in
904 3189 992 3221 bunc
1009 3198 1083 3222 mo-

213 3237 293 3270 dum
314 3237 442 3270 locutus
463 3237 520 3279 est]
550 3238 702 3271 Zonaras
725 3247 759 3280 p.
785 3238 848 3270 566
872 3237 977 3271 tradit
999 3247 1082 3271 eum

213 3286 291 3319 viso
305 3286 405 3320 urbis
421 3286 610 3330 splendore
627 3288 663 3320 et
685 3285 915 3329 amplitudine
932 3286 1080 3320 dixisse:

216 3333 297 3369 εἶτα
330 3334 451 3370 ταῦτα
483 3338 549 3370 καὶ
582 3333 630 3369 τὰ
661 3334 821 3369 τοιαῦτα
842 3337 1081 3380 κεκτημένοι,

215 3383 291 3418 τῶν
312 3385 530 3430 σκηναδὶων
552 3382 662 3430 ἡμῶν
685 3385 916 3429 ἐπιθυμεῖτε.

261 3434 315 3468 37.
337 3444 443 3478 noque
464 3437 660 3479 dedianatus
678 3443 762 3470 esses
775 3435 858 3478 cet.]
873 3436 896 3468 i.
915 3443 947 3469 e.
964 3442 1082 3477 neque

1126 2499 1253 2533 pacem
1275 2492 1466 2534 acciperet.
1492 2509 1529 2515 —
1552 2491 1715 2534 informis]
1740 2491 1933 2531 dedecens,
1957 2493 1997 2525 ut

1126 2540 1159 2579 6,
1177 2540 1236 2573 49:
1261 2541 1436 2583 informem
1452 2542 1591 2575 exitum.
1615 2560 1651 2566 —
1676 2550 1770 2582 narn,
1793 2542 1822 2574 si
1836 2550 1897 2574 vos
1911 2540 1994 2584 cet]

1126 2591 1303 2624 Sententia
1338 2591 1538 2635 abruptior,
1575 2601 1667 2634 quae
1697 2593 1773 2627 sine
1799 2592 1996 2634 interroga-

1126 2640 1220 2673 tione
1243 2641 1334 2674 haec
1358 2643 1472 2675 esset:
1498 2642 1626 2675 merito
1650 2642 1780 2675 invitus
1799 2650 1919 2675 meam
1934 2650 1996 2683 po-

1127 2690 1272 2724 tentiam
1306 2692 1408 2725 amisi
1441 2701 1483 2725 ac
1517 2701 1679 2725 maerore
1713 2692 1861 2725 affectus
1894 2700 1994 2730 sum;

1125 2748 1206 2772 nam
1228 2742 1435 2783 propterea,
1472 2741 1568 2784 quod
1598 2751 1663 2775 vos
1687 2742 1877 2784 imperium
1900 2740 1996 2774 orbis

1127 2790 1302 2823 terrarum
1323 2791 1426 2824 vobis
1450 2793 1641 2833 arrogatis,
1669 2792 1815 2826 minime
1837 2791 1996 2834 profecto

1128 2848 1242 2881 aequa
1276 2842 1330 2874 est
1362 2840 1569 2883 postulatio,
1604 2843 1644 2874 ut
1671 2851 1797 2875 omnes
1823 2842 1998 2884 patienter

1128 2890 1336 2923 servitutem
1364 2891 1538 2933 accipiant
1571 2892 1678 2933 atque
1701 2891 1792 2925 adeo
1816 2900 1881 2933 ego
1905 2899 1997 2932 quo-

1129 2948 1199 2980 que
1229 2948 1313 2972 cum
1344 2940 1509 2974 omnibus
1535 2941 1572 2974 id
1595 2941 1756 2975 faciam.»
1792 2959 1828 2965 —
1864 2941 1996 2981 statim]

1129 2989 1204 3022 sine
1228 2990 1440 3032 certamine,
1472 2991 1587 3033 primo
1616 2992 1688 3025 iam
1710 2990 1794 3024 belli
1820 2991 1928 3023 initio.
1956 3008 1994 3015 —

1128 3039 1295 3080 traderer]
1326 3041 1411 3081 tunc
1437 3039 1591 3081 scilicet,
1627 3050 1710 3074 cum
1740 3040 1880 3073 deditus
1902 3048 1995 3073 sum.

1130 3089 1186 3120 Sic
1208 3089 1319 3121 Latini
1339 3098 1466 3132 saepe,
1491 3090 1554 3123 ubi
1570 3099 1634 3124 nos
1650 3089 1996 3133 plusquamperfecto

1130 3138 1179 3169 uti
1203 3136 1371 3171 solemus.
1396 3140 1507 3172 Notus
1530 3148 1625 3173 nunc
1648 3148 1734 3172 usus
1748 3139 1852 3171 huius
1868 3139 1997 3181 imper-

1130 3186 1212 3219 fecti
1226 3212 1234 3227 ,
1269 3187 1330 3221 ubi
1346 3213 1355 3229 ,
1393 3191 1432 3222 ut
1466 3189 1587 3222 dicunt
1619 3188 1839 3231 grammatici
1871 3189 1994 3230 nostri,

1130 3237 1326 3278 significare
1349 3237 1396 3271 illi
1417 3238 1604 3278 volebant,
1636 3239 1815 3271 actionem
1842 3236 1996 3281 aliquam

1131 3287 1196 3320 etsi
1218 3288 1397 3329 praeteriti
1419 3289 1590 3330 temporis
1610 3288 1715 3320 etiam
1738 3288 1774 3320 in
1797 3289 1996 3330 praesentia

1132 3337 1328 3370 continuari
1349 3339 1493 3380 vimque
1509 3345 1612 3370 suam
1629 3345 1810 3369 exercere.
1832 3355 1869 3363 —
1886 3346 1997 3379 sequo-

1129 3386 1234 3429 retur]
1271 3386 1438 3420 Consulto
1471 3385 1680 3428 imperfecto
1714 3385 1783 3419 hoc
1814 3387 1924 3420 utitur
1950 3387 1995 3420 ad

1131 3435 1399 3477 significandam
1420 3435 1744 3478 exspectationem,
1767 3444 1809 3470 se
1822 3435 1995 3480 supplicio
