2254 3770
706 254 861 298 LIBER
890 254 958 296 111.

1017 253 1118 310 Cap.
1150 253 1217 296 52.
1247 252 1316 299 53.
1347 252 1414 295 54.

1904 248 1985 291 485

203 363 307 421 pria,
339 361 436 420 quis
464 360 652 419 lapidum
675 374 804 404 causa
833 359 1043 417 pecuniae
1072 363 1243 402 nostrae
1270 357 1323 401 ad
1345 363 1540 402 externas
1562 362 1634 400 aut
1655 355 1816 400 hostilis
1838 361 1986 411 gentes

203 435 542 482 transferuntur?
591 436 670 492 (54)
711 448 792 479 nec
830 434 979 491 ignoro
1018 435 1060 476 in
1096 433 1301 477 conviviis
1337 439 1379 477 et
1414 431 1584 477 circulis
1620 431 1805 475 incusari
1837 430 1916 473 ista
1945 436 1988 473 et

203 512 376 556 modum
406 511 547 569 posci3
589 518 655 554 set
683 511 719 554 si
749 509 846 568 quis
875 509 1015 567 legem
1043 508 1417 566 sanciat,‘poenas
1446 507 1620 558 indicat,
1652 506 1766 550 idem
1796 505 1853 547 illi
1884 505 1987 548 civi-

203 594 331 631 tatem
360 586 478 635 verti,
511 585 855 644 splendidissimo
886 585 1042 642 cuique
1074 583 1247 627 exitium
1276 583 1429 641 parari,
1461 583 1676 626 neminem
1705 580 1892 625 criminis
1913 594 1988 624 ex-

201 668 365 720 pertem
405 660 688 704 clamitabunt.
735 660 849 718 atqui
891 673 944 702 ne
984 659 1177 716 corporis
1216 658 1392 716 quidem
1432 657 1604 702 morbos
1642 663 1811 701 veteres
1842 662 1884 699 et
1913 655 2018 698 diu5

201 743 348 780 auctos
381 736 459 779 nisi
491 750 570 794 per
599 735 703 778 dura
737 742 778 778 et
807 748 961 793 aspera
991 739 1215 785 coercea83
1257 739 1483 790 corruptus
1521 731 1646 776 simul
1676 738 1718 776 et
1748 735 1984 788 corruptor,

201 825 331 869 aeger
351 818 394 855 et
413 810 597 869 flagrans
618 810 784 854 animus
805 809 906 852 haut
928 808 1159 852 levioribus
1189 808 1391 854 remediis
1422 806 1750 865 restinguendus
1772 812 1837 850 est
1857 820 1986 863 quam

199 886 446 930 libidinibus
477 885 675 929 ardescit.
718 891 778 928 tot
808 899 831 928 a
862 883 1096 927 maioribus
1127 889 1324 941 repertae
1354 883 1490 940 leges,
1521 889 1581 926 tot
1610 896 1718 941 quas
1749 881 1872 925 divus
1901 882 1987 924 Au-

199 968 347 1019 gustus
377 960 479 1011 tulit,
511 960 606 1004 illae
627 960 853 1009 oblivione,
884 959 977 1010 hae,
1010 958 1128 1017 quod
1148 958 1398 1016 flagitiosius
1419 964 1495 1008 est,
1529 963 1772 1015 contemptu
1802 955 1986 999 abolitae

199 1036 464 1080 securiorem
494 1035 638 1077 luxum
668 1034 822 1078 fecere.
870 1048 966 1077 nam
997 1034 1032 1077 si
1063 1033 1169 1077 velis
1190 1033 1305 1091 quod
1331 1034 1521 1076 nondum
1543 1033 1715 1076 vetitum
1737 1038 1811 1082 est,
1834 1031 1985 1074 timeas
2001 1038 2037 1068 ⁴0

199 1125 253 1155 ne
283 1117 449 1163 vetere3
481 1117 522 1153 at
542 1111 577 1153 si
598 1109 812 1167 prohibita
832 1110 1004 1166 impune
1025 1108 1353 1158 transcenderis,
1374 1122 1528 1166 (neque
1553 1115 1691 1151 metus
1713 1106 1822 1150 ultra
1842 1120 1984 1164 neque

199 1185 341 1244 pudor
361 1191 437 1229 est.
480 1199 556 1229 cur
576 1198 679 1242 ergo
701 1184 801 1227 olim
820 1184 1080 1242 parsimonia
1104 1183 1323 1241 pollebat?
1353 1183 1453 1241 quia
1475 1183 1556 1226 sibi
1579 1183 1762 1241 quisque
1789 1181 1986 1225 modera-

198 1261 333 1311 batur,
366 1261 466 1318 quia
494 1260 621 1303 unius
646 1259 765 1303 urbis
787 1260 902 1303 cives
923 1273 1113 1311 eramus3
1144 1273 1198 1302 ne
1221 1258 1487 1301 inritamenta
1508 1257 1685 1315 quidem
1705 1257 1856 1300 eadem
1879 1257 1986 1299 intra

199 1335 359 1379 Italiam
389 1334 716 1378 dominantibus.
753 1335 938 1378 externis
965 1333 1152 1378 victoriis
1174 1333 1322 1383 aliena,
1356 1333 1550 1376 civilibus
1572 1333 1697 1376 etiam
1719 1339 1861 1375 nostra
1885 1345 1987 1375 con-

199 1425 370 1455 sumere
391 1410 630 1454 didicimus.
672 1409 922 1467 quantulum
953 1409 1065 1452 istud
1087 1415 1152 1453 est
1172 1408 1226 1452 de
1250 1422 1336 1466 quo
1368 1408 1530 1451 aediles
1561 1407 1809 1451 admonent!
1841 1421 1981 1465 quam,
2000 1413 2037 1444 ⁴5

199 1486 233 1529 si
256 1492 397 1530 cetera
428 1485 643 1543 respicias,
676 1485 716 1527 in
751 1484 831 1528 levi
862 1483 1125 1527 habendum!
1158 1490 1199 1526 at
1228 1483 1412 1527 Hercule
1434 1497 1560 1526 nemo
1583 1483 1711 1526 refert
1730 1482 1847 1540 quod
1869 1481 1987 1525 ltalia

200 1567 401 1605 externae
432 1561 526 1618 opis
557 1560 735 1617 indiget,
776 1559 892 1618 quod
928 1560 1010 1602 vita
1040 1558 1186 1616 populi
1216 1561 1261 1602 R.
1293 1572 1372 1616 per
1401 1558 1564 1602 incerta
1593 1558 1722 1601 maris
1753 1564 1795 1600 et
1825 1563 1987 1614 tempe-

199 1642 355 1680 statum
386 1635 542 1680 cotidie
571 1635 765 1678 volvitur.
813 1648 863 1678 ac
892 1634 972 1677 nisi
1004 1634 1321 1691 provinciarum
1350 1633 1501 1691 copiae
1526 1640 1567 1676 et
1587 1632 1770 1676 dominis
1792 1639 1833 1675 et
1854 1632 1988 1675 servi-

200 1712 267 1755 tiis
305 1717 348 1754 et
387 1711 499 1767 agris
540 1709 834 1760 subvenerint,
875 1715 1018 1752 nostra
1057 1722 1135 1752 nos
1175 1708 1336 1752 scilicet
1370 1722 1546 1752 nemora
1576 1715 1832 1766 nostraeque
1862 1707 2003 1750 villae·

200 1787 444 1830 tuebuntur.
489 1785 609 1835 hanc,
643 1792 784 1842 patres
807 1784 1047 1842 conscripti,
1081 1798 1224 1827 curam
1247 1783 1426 1827 sustinet
1446 1784 1669 1841 princeps;
1702 1783 1807 1826 haec
1828 1783 1986 1826 omissa
2000 1791 2037 1821 ⁸20

265 1883 296 1915 4.
318 1883 456 1923 pecunie
479 1882 512 1915 M
532 1899 567 1904 —
594 1881 625 1913 3.
648 1882 768 1921 poscis.
786 1884 816 1913 et
832 1889 884 1922 pr.
904 1882 953 1917 M;
976 1880 1078 1921 posci.
1103 1883 1135 1912 et
1157 1889 1247 1912 corr.
1274 1880 1305 1912 M
1334 1898 1367 1902 —
1393 1880 1530 1912 indicat.
1555 1880 1644 1911 Idem
1666 1880 1698 1912 M
1724 1895 1760 1902 -
1787 1878 1818 1911 4.
1844 1878 1988 1919 spelndi-

198 1939 328 1971 dissimo
352 1947 405 1980 pr.
431 1939 463 1970 M
490 1955 525 1960 -—
551 1940 725 1977 expertem
747 1945 798 1978 pr.
829 1937 862 1970 M
892 1954 926 1959 —
953 1937 985 1969 5.
1011 1935 1229 1968 clamitabunt
1250 1934 1462 1968 Beroaldus:
1489 1935 1707 1967 clamitabant
1730 1935 1762 1967 M
1786 1951 1821 1956 --
1860 1934 1890 1966 9.
1919 1935 1987 1975 sla-

196 1995 334 2036 9iti0sus
356 1995 387 2027 M
413 1993 620 2035 (flagitiosius
642 1994 774 2034 margo)
803 2011 839 2015 —
866 1994 918 2026 40.
943 1993 1053 2034 facere
1075 2002 1128 2034 pr.
1146 1993 1190 2026 M.
1215 1992 1303 2025 Vide
1328 1992 1373 2024 ad
1396 1993 1429 2031 2,
1455 1993 1485 2024 2.
1509 2010 1542 2015 —
1571 1992 1623 2024 42.
1647 1991 1773 2032 sibique
1787 1990 1987 2022 moderaba-

196 2053 253 2082 tur
274 2058 342 2091 qua
365 2050 398 2082 M
422 2049 569 2090 (quisque
592 2050 628 2081 et
651 2049 732 2091 quia
755 2048 887 2090 margo)
915 2066 950 2071 -
978 2049 1031 2081 43.
1057 2048 1154 2080 urbes
1177 2057 1228 2090 pr.
1248 2049 1281 2081 M
1307 2065 1341 2070 —
1372 2048 1424 2079 45.
1451 2047 1552 2079 edeles
1574 2056 1627 2089 pr.
1646 2048 1698 2086 M,
1725 2047 1821 2079 ediles
1844 2055 1934 2079 corr.
1954 2047 1987 2080 M

198 2123 234 2129 -
262 2106 314 2138 46.
341 2106 514 2138 adhercule
536 2115 590 2147 pr.
615 2106 649 2139 M
672 2123 706 2127 —
733 2107 787 2138 20.
812 2107 853 2138 P:
874 2106 908 2138 C.
935 2107 978 2139 M.

195 2181 271 2222 ipse
295 2181 501 2213 servitutem
525 2180 699 2220 serviret).
733 2179 862 2213 Plinius
885 2180 939 2220 33,
965 2181 1061 2223 526:

194 2231 438 2271 mancipiorum
468 2230 609 2271 leyiones
639 2233 669 2262 et
698 2230 734 2261 in
764 2230 859 2261 domo
883 2230 980 2262 turba
1002 2239 1064 2262 ex-

194 2283 291 2312 terna
313 2289 354 2312 ac
378 2281 447 2312 iam
469 2289 641 2313 servorum
664 2289 794 2322 quoque
816 2290 920 2312 causa
934 2289 1067 2312 nomen-

192 2330 299 2362 clator
322 2330 534 2362 adhibendus.
563 2330 613 2362 Cf.
641 2330 673 2368 4,
691 2331 745 2362 27.
766 2346 801 2353 -
827 2331 986 2371 nationes]
1013 2330 1063 2363 Cf.

196 2378 256 2418 44,
281 2378 343 2412 44;
367 2380 518 2411 nationes
541 2380 575 2411 in
597 2379 734 2420 familiis
754 2380 926 2420 habemus,
952 2380 1068 2421 quibus

196 2429 317 2461 diversi
346 2429 448 2467 ritus,
487 2433 626 2461 externa
656 2438 758 2461 sacra
781 2433 841 2462 aut
862 2431 956 2462 nulla
979 2433 1064 2462 sunt.

199 2479 321 2519 Utique
347 2481 400 2511 est
422 2475 616 2525 ὑπερβολὴ
640 2479 684 2510 ad
709 2488 833 2511 verum
857 2481 908 2512 sic
925 2479 997 2511 fere
1015 2489 1068 2511 re-

197 2527 367 2569 digenda:
394 2528 619 2570 «complures
638 2530 801 2568 Grae00S,
820 2530 939 2569 Syros,
958 2529 1068 2570 Phry-

197 2587 278 2619 ges,
304 2578 555 2620 Cappadoces,
582 2579 745 2618 Thraces,
768 2579 958 2621 Aethiopes
976 2580 1066 2610 cet.»

200 2645 235 2650 —-
262 2629 392 2669 arqenti
415 2631 446 2660 et
468 2627 564 2669 auri]
596 2627 694 2667 facti,
726 2637 790 2660 seu
813 2636 981 2660 vasorum
1010 2637 1068 2659 ar-

196 2680 406 2719 genteorum
431 2679 466 2710 et
483 2686 685 2709 aureorum.
713 2678 782 2710 Sed
799 2677 880 2710 olim
898 2678 1069 2710 Fabricius

197 2736 312 2759 censor
334 2729 368 2759 P.
395 2727 582 2759 Cornelium
605 2728 757 2767 Rufinum
787 2728 994 2760 consularem
1015 2736 1068 2759 se-

199 2781 284 2809 natu
316 2778 436 2817 movit,
474 2778 560 2817 quod
595 2778 623 2808 is
656 2778 763 2810 decem
792 2778 903 2818 pondo
938 2779 1068 2818 arqenti

197 2827 278 2869 facti
301 2827 443 2859 haberet.
470 2827 540 2859 Liv.
561 2827 648 2868 Epit.
668 2826 719 2859 44.
743 2846 776 2850 -
796 2827 896 2868 aeris]
922 2828 1066 2860 Sueton.

198 2877 272 2909 Tib.
292 2876 351 2909 34:
378 2877 621 2909 Corinthiorum
643 2886 800 2909 vasorum
818 2878 929 2918 pretia
950 2879 986 2909 in
1008 2878 1068 2908 im-

197 2936 345 2959 mensum
381 2927 543 2959 exarsisse
579 2928 726 2968 graviter
764 2933 967 2967 conquestus.
1014 2927 1065 2959 Cf.

196 2976 281 3010 Plin.
307 2975 368 3014 34,
395 2976 413 3017 S
438 2977 457 3008 6
482 2985 559 3017 sqq.
597 2977 747 3009 Baebius
772 2978 899 3017 cogitat
922 2977 966 3008 de
995 2978 1069 3009 sta-

197 3027 265 3059 tuis
297 3026 435 3064 aeneis3
473 3028 508 3057 at
532 3035 599 3058 non
626 3027 740 3058 minus
766 3027 942 3068 pretiosae
967 3027 1069 3058 erant

201 3083 422 3107 marmoreae
443 3083 461 3106 a
479 3074 670 3115 praeclaris
687 3075 880 3108 artificibus
897 3074 1064 3116 sculptae.

204 3143 238 3148 -
259 3123 454 3165 promiscas]
481 3124 531 3156 Cf.
554 3126 593 3163 2,
613 3125 673 3156 33:
697 3134 738 3156 ne
760 3126 855 3156 vestis
877 3125 992 3156 Serica
1014 3124 1069 3155 vi-

198 3184 254 3207 ros
281 3175 439 3215 foedaret.
477 3175 611 3206 Seneca
648 3175 706 3215 Ep.
735 3175 808 3212 422,
835 3175 874 3205 7:
910 3175 985 3206 Non
1014 3174 1067 3205 vi-

201 3225 319 3256 dentur
341 3224 399 3256 tibi
422 3227 539 3255 contra
562 3227 722 3255 naturam
743 3224 869 3263 vivere,
898 3225 954 3263 qui
976 3232 1068 3254 com-

202 3278 333 3307 mutant
365 3284 440 3307 cum
471 3274 601 3315 feminis
628 3275 775 3306 vestem?
811 3274 871 3315 Ep.
899 3273 977 3311 444,
1004 3274 1064 3306 2⁴:

203 3324 261 3365 qui
283 3325 434 3357 lacernas
456 3325 575 3356 coloris
593 3323 733 3364 improbi
749 3326 900 3362 sumunt,
925 3324 981 3362 qui
994 3332 1070 3363 per-

203 3373 358 3407 lucentem
381 3379 501 3416 toqam.
529 3372 656 3407 Plinius
680 3374 719 3405 N.
740 3373 779 3405 H.
803 3373 856 3413 44,
883 3373 975 3414 578:
1001 3373 1068 3404 Nec

1114 2180 1233 2221 puduit
1254 2181 1315 2212 has
1337 2180 1433 2212 vestis
1456 2179 1512 2220 (de
1535 2179 1615 2212 Cois
1635 2178 1799 2220 loquitur)
1823 2187 1988 2219 usurpare

1117 2231 1217 2262 etiam
1250 2231 1341 2262 viros
1377 2230 1542 2261 levitatem
1571 2233 1710 2270 propter
1743 2229 1914 2261 aestivam.
1947 2245 1982 2250 ——

1118 2280 1276 2322 lapidum]
1294 2289 1516 2321 gemmarum
1533 2281 1638 2321 atque
1653 2280 1933 2320 margaritarum.
1949 2296 1983 2301 -

1119 2331 1163 2362 ad
1177 2333 1333 2362 externas
1348 2333 1409 2362 aut
1423 2330 1547 2362 hostilis
1561 2329 1681 2371 pentes]
1707 2328 1789 2361 Plin.
1811 2330 1863 2368 42,
1890 2328 1909 2369 S
1926 2327 1982 2360 84:

1118 2380 1262 2412 Arabiae
1293 2381 1474 2411 etiamnum
1499 2379 1626 2420 felicius
1647 2388 1741 2411 mare
1763 2382 1832 2417 est,'
1862 2387 1905 2410 ea:
1932 2378 1988 2410 illo

1117 2438 1262 2470 namque
1290 2430 1497 2470 margaritas
1525 2429 1623 2460 mittit
1632 2438 1643 2467 ,·
1674 2429 1876 2468 minimaque
1897 2437 1988 2460 com-

1116 2481 1286 2520 putatione
1308 2480 1437 2511 miliens
1460 2482 1596 2511 centena
1618 2479 1711 2511 milia
1730 2479 1914 2510 sestertium
1929 2487 1989 2509 an-

1119 2530 1170 2561 riis
1192 2529 1339 2561 omnibus
1361 2530 1458 2561 India
1480 2532 1510 2560 et
1532 2529 1626 2561 Seres
1643 2529 1908 2569 paeninsulaque
1930 2528 1989 2559 illa
2012 2570 2014 2572 Ι

1120 2580 1258 2619 imperio
1281 2582 1392 2611 nostro
1415 2579 1577 2611 adimunt.

1162 2628 1215 2661 54.
1243 2630 1400 2660 conviviis
1422 2633 1451 2660 et
1465 2629 1611 2669 circulis]
1626 2629 1687 2661 Est
1703 2629 1802 2669 quasi
1826 2627 1985 2660 formula.

1120 2679 1170 2711 Cf.
1200 2679 1270 2711 Cic.
1297 2679 1342 2711 ad
1367 2680 1434 2710 Att.
1460 2680 1498 2718 2,
1526 2679 1583 2711 48:
1620 2687 1726 2710 sermo
1749 2679 1783 2710 in
1806 2678 1937 2710 circulis
1959 2681 1988 2709 et

1119 2729 1276 2760 conviviis
1308 2732 1352 2760 est
1383 2728 1527 2760 liberior.
1565 2729 1636 2760 Liv.
1664 2728 1722 2766 32,
1748 2729 1809 2760 20:
1845 2727 1899 2759 ubi
1928 2728 1988 2759 illa

1118 2779 1303 2810 certamina
1335 2779 1544 2817 animorum,
1576 2778 1693 2818 quibus
1721 2778 1755 2809 in
1781 2777 1937 2809 conviviis
1959 2780 1988 2808 et

1117 2827 1250 2859 circulis
1272 2827 1332 2859 via:
1353 2827 1506 2859 manibus
1528 2826 1786 2867 temperabatis?
1807 2844 1841 2849 -
1868 2835 1988 2857 corru-

1111 2880 1191 2917 ptor
1205 2894 1224 2900 -
1236 2894 1255 2900 -
1267 2877 1410 2918 animus]
1426 2877 1514 2909 Vide
1533 2885 1623 2918 quae
1641 2876 1845 2918 collegimus
1861 2876 1903 2907 ad
1922 2877 1988 2908 Ho-

1118 2926 1194 2957 ratii
1227 2927 1264 2958 C.
1296 2925 1334 2965 4,
1361 2927 1398 2965 9,
1425 2926 1477 2958 39.
1513 2942 1548 2948 -—
1584 2927 1753 2969 flayrans]
1790 2925 1988 2967 cupiditati-

1117 2975 1204 3014 bus,
1230 2984 1320 3016 quae
1344 2976 1498 3008 eundem
1517 2985 1656 3016 aeyrum
1671 2976 1844 3015 reddunt,
1869 2976 1986 3015 vigore

1118 3027 1224 3066 atque
1246 3026 1438 3058 constantia
1458 3027 1651 3059 carentem.
1674 3045 1708 3049 —
1729 3024 1986 3066 restinyucndus]

1118 3077 1156 3106 ut
1180 3074 1289 3108 febris
1313 3076 1540 3116 restinguitur
1563 3085 1604 3108 ac
1632 3077 1862 3117 temperatur.
1892 3090 1925 3097 -
1952 3075 1988 3106 in

1118 3125 1180 3156 levi
1202 3124 1396 3167 habendum]
1423 3125 1472 3158 Cf.
1501 3126 1585 3158 Hist.
1612 3127 1649 3165 Ξ,
1668 3126 1703 3156 2⁴
1722 3134 1728 3155 :
1754 3124 1789 3155 in
1812 3124 1875 3155 levi
1897 3124 1989 3156 habi-

1118 3177 1198 3206 tum.
1232 3175 1378 3207 Theocr.
1405 3176 1459 3215 22,
1485 3175 1566 3207 2⁴3:
1600 3172 1844 3219 Τυνδαρίδαις
1875 3173 1987 3206 πολε-

1117 3223 1272 3266 μιζέμεν
1306 3220 1378 3257 οῦκ
1411 3224 1452 3258 ἐν
1486 3222 1651 3270 ἐλαφρῷ.
1692 3241 1726 3246 -
1764 3232 1828 3263 per
1860 3224 1987 3256 incerta

1118 3274 1232 3314 maris]
1258 3275 1336 3315 quia
1355 3283 1374 3306 e
1392 3273 1522 3312 Sicilia,
1549 3283 1591 3305 ex
1615 3273 1745 3311 Africa,
1771 3281 1813 3304 ex
1827 3273 1987 3315 Aegypto

1118 3323 1334 3356 frumentum
1358 3323 1494 3362 Italiae,
1520 3322 1691 3364 imprimis
1716 3321 1793 3354 urbi
1819 3331 1987 3356 necessa-

1119 3373 1210 3405 rium
1231 3373 1486 3406 advehebatur.
1521 3370 1712 3405 Columella
1731 3372 1762 3412 4,
1783 3372 1813 3412 4,
1834 3373 1896 3404 20:
1920 3373 1986 3405 Ita-
