2254 3770
315 264 399 316 586
760 267 1132 312 MONUMENTUM
1163 269 1232 312 AN
1235 268 1482 314 CYRANUM
1511 270 1712 314 LATINE.

265 383 304 414 25
372 371 482 415 fecto
513 386 614 430 rege
645 372 739 417 eius
771 374 939 417 Artaxia
968 388 1061 418 cum
1090 389 1263 432 possem
1287 376 1541 433 provinciam
1563 377 1720 434 facere,
1752 377 1880 421 malui
1900 378 2106 421 maiorum

373 453 615 491 nostrorum
652 447 848 506 exemplo
883 463 1058 507 regnum
1095 450 1139 493 id
1170 450 1228 494 ad
1259 451 1491 508 Tiqranem,
1534 451 1778 496 Artavasdis
1804 452 1954 511 filium,
1983 468 2105 511 nepo-

371 527 458 566 tem
491 523 682 580 Tigranis
716 524 849 581 regis,
896 539 973 582 per
1010 526 1066 568 Ti.
1100 526 1325 580 Neronem,
1367 528 1438 585 qui
1476 534 1564 571 tum
1599 534 1694 571 erat
1733 528 1948 586 priviynus
1977 542 2104 583 meus,

416 642 421 645 ,
1634 603 1873 660 transferre.

373 672 566 716 Eandem
595 680 766 732 gentem
796 681 945 732 postea
974 676 1262 734 insurgentem
1292 684 1334 721 et
1369 677 1666 730 rebellantem,
1700 678 1899 722 domitam
1927 693 2006 737 per
2025 678 2108 723 Ga-

374 748 462 791 ium
482 748 613 792 filium
635 763 789 802 meum,
812 751 903 808 regi
919 751 1201 806 Ariobarzani,
1225 754 1334 811 reyis
1352 753 1569 797 Medorum
1588 754 1832 798 Artavasdis
1850 753 1946 811 filio,
1966 769 2109 812 reyen-

271 834 307 864 30
375 823 473 867 dam
492 824 646 868 tradidi
667 831 710 869 et
729 832 826 883 post
845 827 935 870 eius
956 834 1133 872 mortem
1153 827 1240 872 filio
1262 828 1355 872 eius
1376 829 1608 880 Artavasdi,
1631 843 1718 887 quo
1737 830 1946 888 interfecto
1970 831 2109 888 Tigra-

376 913 493 953 nem,
528 901 601 958 qui
635 908 727 945 erat
759 915 812 945 ex
843 902 962 960 regio
995 917 1153 961 genere
1186 904 1480 948 Armeniorum
1514 905 1742 956 oriundus,
1785 905 1827 948 in
1861 905 1904 949 id
1933 919 2110 963 regnum

1637 981 1742 1024 misi.
1786 982 1890 1025 Pro-

376 1051 535 1095 vincias
565 1052 721 1103 omnis,
754 1067 867 1110 quae
898 1059 1014 1096 trans
1045 1053 1305 1097 Hadrianum
1337 1069 1454 1098 mare
1482 1063 1663 1113 vergunt
1691 1056 1748 1099 ad
1773 1057 1968 1100 orientem
1989 1057 2111 1116 Gyre-

375 1141 540 1185 nasque
562 1128 646 1171 iam
667 1141 719 1171 ex
739 1134 859 1185 parte
882 1142 1034 1186 magna
1055 1129 1229 1186 regibus
1246 1143 1320 1173 eas
1342 1130 1661 1188 possidentibus
1678 1138 1721 1175 et
1736 1138 1859 1179 antea
1875 1132 2058 1178 Siciliam
2072 1139 2110 1178 et

376 1203 616 1247 Sardiniam
645 1210 877 1262 occupatas
908 1203 1021 1248 bello
1053 1204 1197 1249 servili
1228 1206 1478 1264 reciperavi.

272 1591 310 1622 35
324 1582 520 1627 Colonias
549 1583 591 1626 in
622 1583 779 1635 Africa,
812 1583 973 1635 Sicilia,
1005 1583 1270 1636 Macedonia,
1312 1591 1493 1643 utraque
1530 1585 1752 1642 Hispania,
1788 1584 1965 1638 Achaia,
1999 1585 2111 1639 Asia,

1641 1660 1785 1718 Syria,

380 1733 513 1778 Gallia
541 1734 829 1786 Narbonensi,
864 1734 1014 1778 Pisidia
1047 1734 1224 1778 militum
1254 1735 1426 1779 deduxi.
1475 1735 1592 1780 ltalia
1621 1743 1758 1780 autem
1786 1735 1936 1779 coloni-

379 1823 446 1861 as,
478 1823 590 1868 quae
612 1810 708 1853 vivo
730 1824 798 1854 me
820 1810 1130 1854 celeberrimae
1150 1817 1192 1853 et
1212 1811 1581 1869 frequentissimae
1602 1811 1787 1863 fuerunt,
1814 1811 2114 1869 duodetriyinta

381 1886 590 1930 deductas
620 1886 759 1930 habet.

325 1962 454 2019 Signa
484 1961 680 2005 militaria
710 1960 930 2019 complura
962 1976 1043 2019 per
1073 1962 1181 2005 alios
1211 1962 1343 2006 duces
1373 1951 1531 2006 amissa
1562 1962 1741 2006 devictis
1774 1962 1955 2005 hostibus
1982 1962 2116 2021 recepi

274 2053 312 2084 40
381 2051 434 2081 ex
453 2037 655 2095 Hispania
676 2044 718 2081 et
740 2037 877 2081 Gallia
897 2043 934 2080 et
952 2052 979 2080 a
998 2037 1244 2082 Dalmateis.
1277 2038 1453 2082 Parthos
1475 2038 1598 2082 trium
1620 2038 1886 2082 exercituum
1904 2040 2115 2082 Romano-

381 2128 474 2156 rum
505 2112 642 2171 spolia
671 2119 713 2156 et
738 2113 857 2171 signa
879 2113 1052 2157 reddere
1073 2113 1172 2158 mihi
1195 2113 1500 2171 supplicesque
1522 2113 1750 2157 amicitiam
1772 2112 1918 2171 populi
1939 2113 2115 2157 Romani

382 2196 531 2246 petere
553 2189 698 2246 coegi:
731 2202 782 2233 ea
796 2187 946 2232 ‘autem
969 2189 1089 2246 signa
1110 2190 1153 2232 in
1175 2188 1393 2247 penetrali,
1416 2189 1532 2247 quod
1556 2195 1622 2233 est
1641 2189 1682 2232 in
1704 2188 1861 2247 templo
1883 2189 2026 2233 Martis
2045 2187 2117 2234 Ul-

381 2265 503 2316 toris,
536 2265 723 2323 reposui.

328 2571 643 2615 Pannoniorum
664 2577 825 2628 gentes,
843 2584 952 2628 quas
973 2576 1070 2613 ante
1090 2583 1158 2612 me
1181 2569 1415 2626 principem
1433 2566 1579 2625 populi
1596 2566 1771 2610 Romani
1788 2566 2000 2610 exercitus
2015 2580 2122 2609 nuu-

281 2654 318 2685 45
385 2660 515 2705 quam
552 2646 655 2697 adit,
699 2646 888 2690 devictas
924 2659 1003 2703 per
1043 2645 1100 2688 Ti.
1130 2644 1358 2695 Neronem,
1401 2643 1472 2701 qui
1517 2650 1603 2686 tum
1635 2649 1726 2686 erat
1770 2642 1981 2700 privignus
2007 2655 2123 2686 meus

1649 2724 1687 2761 et
1716 2717 1897 2774 leyatus,

386 2797 566 2855 imperio
588 2797 733 2855 populi
758 2797 929 2841 Romani
961 2795 1146 2847 subieci;
1175 2794 1420 2852 protulique
1446 2793 1553 2837 fines
1574 2792 1726 2851 Illyrici
1744 2792 1801 2836 ad
1819 2793 1919 2835 Istri
1937 2786 2137 2836 fluminis

386 2875 544 2932 ripam,
585 2874 642 2916 cis
680 2872 796 2931 quod
834 2873 1042 2915 Dacorum
1070 2884 1249 2927 maynus
1281 2870 1494 2914 exercitus
1523 2869 1630 2912 meis
1660 2868 1837 2926 auspicis
1875 2867 2124 2925 profligatus

1650 2950 1731 2997 est,
1762 2943 1916 2987 emerci-

388 3032 544 3082 tusque
573 3038 687 3066 meus
716 3029 862 3080 postea
891 3022 1043 3065 ductus
1072 3028 1191 3064 trans
1218 3021 1374 3064 Istrum
1401 3020 1558 3077 flumen
1587 3021 1794 3063 Dacorum

390 3107 538 3158 gentes
568 3099 741 3157 imperia
764 3097 911 3156 populi
941 3097 1115 3141 Romani
1135 3096 1324 3154 perferre
1353 3096 1490 3153 coegit.

423 3208 476 3241 33.
500 3208 635 3250 regibus
663 3216 720 3240 eas
745 3205 991 3248 possidentibus]
1025 3205 1075 3238 Cf.
1102 3204 1276 3237 Plutarch.
1303 3205 1429 3236 Anton.
1456 3212 1487 3236 c.
1513 3202 1566 3236 54.
1600 3203 1664 3235 Dio
1688 3202 1743 3243 49,
1768 3201 1821 3234 30.
1848 3218 1883 3224 -—
1917 3201 2067 3233 Siciliam
2094 3202 2127 3233 ot

335 3265 540 3306 Sardiniam]
564 3263 659 3297 illam
682 3273 713 3296 a.
740 3273 773 3296 u.
800 3263 863 3296 7⁴8
888 3263 978 3294 victo
1003 3263 1081 3294 Sex.
1107 3262 1290 3303 Pompeio,
1324 3261 1417 3293 hanc
1440 3269 1471 3292 a.
1491 3269 1526 3292 u.
1544 3260 1607 3292 746
1633 3260 1708 3300 (Dio
1731 3259 1785 3299 48,
1812 3258 1876 3299 45).
1904 3275 1938 3280 —
1966 3256 2126 3290 aiabeuo

334 3322 458 3363 servili]
492 3321 575 3354 Vide
599 3321 642 3354 ad
667 3330 701 3354 v.
721 3322 752 3353 Δ.
782 3339 817 3344 -
849 3319 904 3352 36.
930 3320 1032 3351 ltalia
1056 3318 1401 3351 autem--deductas
1429 3317 1534 3359 habet]
1571 3317 1758 3349 Suetonius
1787 3317 1874 3355 Aug.
1898 3312 1960 3346 ⁴6:
1990 3312 2126 3346 Italiam

337 3378 585 3419 duodetriyinta
607 3378 815 3410 coloniarum
836 3384 986 3415 numero,
1012 3376 1231 3408 deductarum
1253 3374 1295 3406 ab
1317 3383 1367 3414 se,
1391 3374 1613 3415 frequentavit
1627 3372 1842 3413 operibusque
1855 3379 1896 3403 ac
1910 3368 2126 3411 voctiqaubnoe

333 3435 474 3476 publicis
491 3434 711 3476 plurifariam
731 3433 906 3466 instruxit.
926 3450 961 3456 —
989 3431 1043 3465 40.
1068 3440 1091 3464 a
1112 3431 1311 3472 Dalmateis]
1334 3429 1385 3463 Cf.
1403 3430 1551 3472 Appian.
1569 3428 1662 3471 lllyr.
1680 3428 1723 3462 25
1740 3428 1775 3460 et
1790 3426 1844 3460 28.
1862 3444 1906 3450 —
1927 3425 2125 3459 Parthos--
