2254 3770
772 288 927 333 LIBER
953 287 1004 332 Π.
1063 287 1164 346 Cap.
1194 287 1261 331 33.
1291 287 1359 331 34.

1893 283 1948 327 97

173 404 298 458 rupta
334 396 509 448 iudicia,
555 395 775 440 saevitiam
812 401 1029 440 oratorum
1065 394 1358 439 accusationes
1397 391 1674 437 minitantium
1708 367 1976 455 ἰιέ(ἐῖζί·’,ὁξέ“)ἐτᾳνΑῐξξ,’ζ

175 474 293 519 abire
322 486 370 517 se
399 478 441 517 et
469 470 626 516 cedere
655 470 783 523 urbe,
828 466 1038 515 victurum

1077 469 1119 513 in
1154 468 1298 528 aliquo
1337 467 1480 512 abdito
1510 473 1552 512 et
1585 466 1817 525 longinquo
1847 479 1947 509 rure

174 547 427 601 testabatur3
457 546 582 591 simul
612 546 772 591 curiam
802 545 1083 604 relinquebat.
1128 550 1364 589 commotus
1394 550 1460 587 est
1487 542 1697 595 Tiberius,
1729 548 1771 586 et
1798 555 1948 601 quam-

174 638 302 683 quam
346 621 516 667 mitibus
559 622 703 666 verbis
740 622 939 666 Pisonem
982 619 1296 679 permulsisset,
1341 619 1605 677 propinquos
1641 631 1814 676 quoque
1853 617 1947 661 eius

175 698 338 758 impulit
364 705 411 742 ut
438 698 667 742 abeuntem
696 700 945 742 auctoritate
974 695 1041 740 vel
1071 695 1272 754 precibus
1290 700 1496 739 tenerent.
1534 693 1646 738 haud
1666 693 1806 737 minus
1824 691 1980 736 liberi5

174 773 333 819 doloris
352 773 656 818 documentum
682 772 798 817 idem
816 773 916 816 Piso
944 785 1043 815 mox
1071 771 1189 816 dedit
1206 776 1356 815 vocata
1385 770 1427 814 in
1457 770 1523 814 ius
1542 768 1787 828 Urgulania,
1820 782 1949 827 quam

173 863 303 908 supra
332 849 450 907 leges
470 848 653 894 amicitia
674 849 887 906 Augustae
909 847 1126 892 extulerat.
1171 860 1252 891 nec
1281 851 1354 890 aut
1371 845 1599 903 Urgulania
1627 842 1947 903 obtemperavit,

175 926 218 968 in
245 925 420 969 domum
450 924 644 969 Caesaris
674 930 819 983 spreto
848 923 1003 968 Pisone
1032 929 1175 974 vecta,
1217 928 1290 966 aut
1323 921 1393 965 ille
1423 920 1649 973 abscessit,
1688 934 1949 980 quamquam

173 1001 361 1058 Augusta
401 1014 449 1045 se
477 999 625 1044 violari
665 1006 708 1044 et
736 999 925 1042 imminui
957 1004 1222 1057 quereretur.
1271 997 1463 1041 Tiberius
1492 996 1698 1041 hactenus
1728 995 1949 1053 indulgere

174 1076 297 1120 matri
327 1075 448 1120 civile
488 1082 604 1119 ratus
640 1082 685 1119 ut
714 1089 762 1119 se
791 1075 947 1118 iturum
977 1074 1032 1118 ad
1060 1073 1270 1132 praetoris
1299 1071 1501 1125 tribunal,
1542 1072 1784 1117 adfuturum
1814 1072 1949 1129 Urgu-
1962 1080 1999 1110 ⁴⁰

174 1150 311 1196 laniae
341 1150 519 1203 diceret,
561 1150 772 1209 processit
800 1149 983 1200 Palatio,
1024 1148 1176 1208 procul
1205 1148 1328 1207 sequi
1359 1148 1487 1192 iussis
1516 1147 1731 1192 militibus.
1782 1153 1949 1206 specta-

174 1226 301 1271 batur
336 1232 588 1271 occursante
625 1225 785 1284 populo
821 1225 1082 1284 compositus
1116 1238 1190 1269 ore
1233 1231 1275 1268 et
1312 1223 1581 1278 sermonibus
1616 1224 1745 1268 variis
1782 1230 1950 1282 tempus

176 1308 304 1360 atque
335 1302 414 1346 iter
437 1301 618 1354 ducens,
650 1301 789 1346 donec
807 1301 1059 1360 propinquis
1078 1301 1278 1345 Pisonem
1305 1299 1460 1344 frustra
1480 1299 1776 1344 coercentibus
1795 1298 1952 1344 deferri

176 1379 364 1436 Augusta
382 1377 620 1435 pecuniam,
651 1390 763 1436 quae
783 1376 1018 1435 petebatur,
1050 1376 1231 1421 iuberet.
1259 1376 1383 1434 isque
1403 1374 1498 1420 finis
1518 1375 1602 1429 rei,
1633 1389 1685 1420 ex
1704 1388 1791 1434 qua
1808 1388 1952 1433 neque
1980 1399 1983 1402 -

175 1453 274 1497 Piso
304 1452 507 1510 inglorius
536 1459 578 1496 et
607 1452 763 1497 Caesar
792 1452 952 1496 maiore
982 1451 1093 1496 fama
1121 1451 1208 1495 fuit.
1258 1457 1448 1495 ceterum
1477 1450 1731 1509 Urgulaniae
1763 1450 1952 1509 potentia
1966 1460 2001 1490 ⁴5

176 1528 285 1573 adeo
314 1515 444 1579 nimia
473 1527 628 1572 civitati
659 1534 767 1579 erat,
799 1534 845 1571 ut
871 1529 992 1572 testis
1021 1527 1064 1570 in
1095 1540 1226 1571 causa
1254 1519 1458 1585 quadam,
1491 1540 1603 1585 quae
1633 1532 1735 1586 aput
1758 1532 1953 1571 senatum

175 1603 450 1655 tractabatur,
492 1602 640 1647 venire
671 1601 993 1660 dedignaretur:
1032 1602 1190 1646 missus
1230 1608 1296 1647 est
1323 1608 1496 1661 praetor
1524 1602 1598 1661 qui
1629 1601 1744 1647 domi
1773 1602 1953 1646 interro-

243 1769 274 1801 t.
299 1767 452 1801 seuitiam
483 1767 518 1801 Μ
553 1753 589 1790 ’-
625 1767 657 1800 5.
687 1763 800 1807 ᾔοῶαε
826 1767 862 1801 M
897 1784 933 1790 —
970 1766 1002 1800 8.
1025 1766 1075 1800 illi
1096 1767 1130 1800 M
1154 1766 1219 1809 (ille
1240 1766 1373 1809 margo)
1400 1784 1436 1791 -
1467 1766 1619 1800 abscessit
1646 1768 1715 1801 Iac.
1739 1767 1952 1800 Gronovius:

177 1823 324 1857 abscissit
343 1824 395 1863 M;
421 1823 549 1856 absistit
570 1831 712 1865 margo;
744 1823 868 1856 abstitit
887 1822 1009 1856 Aldus.
1038 1839 1074 1846 —
1106 1824 1159 1856 40.
1181 1823 1359 1864 praetoriis
1379 1832 1433 1866 pr.
1458 1824 1493 1858 M
1516 1840 1553 1850 -·-
1583 1824 1639 1857 ⁴2.
1663 1827 1839 1857 occursant
1860 1831 1952 1856 corr.

177 1880 215 1913 in
236 1883 426 1913 occursante
447 1881 482 1914 M
507 1896 543 1904 -—
571 1880 626 1918 ⁴4.
648 1889 752 1922 neque
774 1880 900 1915 Caesar
919 1881 1081 1923 inglorius
1101 1884 1132 1914 et
1151 1881 1224 1914 Piso
1245 1881 1372 1914 maiore
1394 1879 1604 1915 Doederlein
1626 1881 1661 1914 in
1682 1880 1862 1915 Addendis
1883 1877 1953 1913 vol.

178 1937 219 1972 11.
244 1946 280 1980 p.
304 1937 379 1971 ⁴87.
405 1953 441 1961 -
468 1938 521 1971 ⁴5.
546 1941 712 1972 caeterum
734 1938 780 1972 M.

178 2080 354 2124 promissa
397 2089 625 2115 assensere.»
691 2083 877 2116 Praestare
921 2083 1042 2115 tamen

179 2132 299 2164 nostra
321 2131 411 2171 ratio
433 2132 584 2166 videtur.
604 2150 639 2156 —
664 2141 731 2165 non
752 2133 787 2165 id
809 2132 947 2174 tempus]
973 2140 1042 2174 quo

180 2190 263 2215 cum
285 2182 437 2215 maxime
460 2183 604 2216 senatus
627 2181 851 2216 deliberaret.
875 2201 909 2207 —
934 2183 1045 2215 corri-

180 2231 278 2275 penai
313 2232 494 2275 auctorem]
532 2233 566 2265 Is
602 2232 679 2275 ipse
712 2232 871 2266 Tiberius
907 2233 1043 2266 futurus

180 2282 271 2319 erat;
289 2280 468 2314 invidebat
479 2282 574 2315 enim
589 2283 725 2315 senatui
739 2291 871 2315 morum
884 2282 1043 2324 reqimen,

181 2331 278 2374 quod
306 2331 373 2365 sibi
402 2333 610 2375 seposuerat
637 2334 759 2375 utpote
782 2333 937 2375 Augusto
961 2331 1043 2365 olim

180 2383 401 2424 usurpatum.
447 2383 589 2415 Sueten.
614 2383 734 2416 Octav.
760 2384 821 2416 27:
853 2383 985 2423 Recepit
1015 2385 1045 2415 et

179 2441 312 2465 morum
339 2433 512 2474 legumque
537 2433 684 2475 regimen
718 2442 822 2475 aeque
848 2436 1045 2475 perpetuum

181 2480 233 2526 (ut
247 2483 323 2515 erat
339 2482 524 2516 tribunicia
538 2483 718 2527 potestas),
743 2492 808 2526 quo
822 2484 911 2525 iure,
929 2492 1046 2524 quam-

182 2541 284 2575 quam
298 2533 367 2566 sine
380 2541 539 2566 censurae
552 2533 690 2574 honore,
714 2543 845 2566 censum
862 2533 980 2575 populi
996 2536 1046 2565 ter

181 2582 259 2624 epit.
282 2581 382 2615 Adde
405 2582 524 2615 Horat.
548 2582 636 2624 Epp.
659 2582 693 2623 2,
714 2583 742 2623 t,
761 2583 792 2615 3.
823 2584 931 2616 Donn.
957 2583 1045 2615 Hinc

182 2633 358 2674 Augustus
390 2640 411 2664 a
443 2632 553 2665 Dione
582 2631 641 2672 54,
666 2632 708 2665 30
735 2634 882 2666 vocatur
914 2631 1046 2676 ἐπιμε-

182 2678 301 2724 λητής
321 2689 363 2714 τε
383 2680 450 2714 καὶ
472 2678 744 2728 ἐπανορθωτὴς
766 2679 841 2714 τῶν
857 2678 1020 2728 τρόπων.

226 2730 280 2764 34.
309 2732 346 2764 L.
370 2730 454 2773 Piso]
478 2730 601 2764 consul
623 2740 655 2764 a.
680 2740 715 2764 u.
741 2732 816 2765 753.
854 2732 905 2765 Cf.
930 2732 962 2773 3,
989 2732 1042 2764 ⁴⁴.

186 2799 222 2805 —
248 2781 407 2814 ambitum
437 2781 522 2823 fori]
556 2781 711 2814 studium
745 2782 780 2814 in
811 2790 1046 2824 corrumpen-

183 2829 237 2863 dis
259 2830 446 2864 iudicibus.
483 2830 585 2872 Apud
607 2831 816 2873 scriptorem
837 2830 970 2863 liberae
992 2830 1045 2863 rei

182 2879 347 2922 publicae
384 2879 596 2922 significaret
634 2881 749 2923 potius
794 2880 966 2913 ambitum
1009 2881 1045 2912 in

183 2930 345 2972 petendis
378 2929 590 2971 honoribus,
630 2931 689 2972 qui
722 2929 850 2963 Tiberii
883 2931 1044 2973 tempore

184 2977 303 3012 locum
317 2979 387 3012 iam
402 2987 474 3012 non
488 2978 654 3012 habebat.
678 2996 713 3002 —
736 2979 950 3022 relinquebat]
974 2988 1045 3012 non

183 3029 337 3071 reliquit,
371 3029 437 3063 sed
465 3028 550 3062 inibi
579 3030 672 3069 erat,
702 3030 742 3062 ut
771 3039 791 3063 e
815 3031 911 3063 curia
939 3038 1046 3063 exce-

186 3077 305 3119 deret,
330 3078 366 3111 ni
380 3077 539 3112 Tiberius
562 3087 645 3118 eum
661 3079 874 3113 retinuisset.
898 3095 931 3102 -
957 3082 1046 3112 tene-

185 3127 269 3170 rent]
285 3129 418 3161 Rursus
433 3127 543 3160 verbo
558 3127 706 3170 simplici
721 3127 880 3161 consulto
894 3136 980 3162 usus
993 3129 1048 3161 est

186 3185 252 3219 pro
282 3177 477 3220 composito
504 3177 698 3218 retinerent,
733 3179 772 3210 ut
799 3178 870 3210 Liv.
897 3177 957 3218 34,
985 3178 1041 3210 39:

185 3227 316 3268 primae
330 3227 505 3270 angustiae
515 3227 688 3268 paulisper
698 3244 717 3251 -
728 3245 747 3252 -
757 3230 960 3260 tenuerunt!
967 3229 1048 3260 Per-

188 3275 298 3309 multa
325 3276 527 3310 huiusmodi
555 3276 718 3319 exempla
748 3276 886 3318 collegit
906 3276 1056 3319 [teperti¹

190 3325 227 3358 in
247 3325 366 3360 Indice
388 3327 579 3360 Latinitatis
600 3334 636 3369 p.
661 3325 736 3359 840.
765 3344 801 3350 —
832 3326 969 3369 doloris]
993 3326 1048 3359 in-

192 3372 419 3416 dignationis,
454 3377 495 3409 ut
528 3375 600 3409 Cic.
630 3374 675 3409 de
705 3376 810 3418 Legg.
843 3377 879 3417 4,
913 3375 973 3416 ⁴4,
1005 3374 1048 3409 40

192 3421 270 3456 ium
299 3425 351 3457 eui
378 3424 501 3459 dotem
525 3433 680 3467 causam,
714 3427 750 3459 et
782 3426 923 3475 saepius
955 3424 1050 3469 apud

263 3483 402 3520 'ramme
422 3486 450 3520 1.
889 3481 899 3492 “

1095 2081 1266 2115 eundem:
1298 2082 1379 2115 vide
1400 2047 1458 2115 *ibi
1486 2081 1579 2115 Bake
1609 2091 1645 2125 p.
1670 2081 1745 2115 393.
1773 2098 1807 2104 -
1847 2080 1957 2122 Urgu-

1093 2132 1196 2174 lania]
1221 2132 1272 2165 Cf.
1292 2131 1328 2171 4,
1355 2133 1466 2165 22.-
1492 2141 1597 2174 supra
1618 2131 1712 2174 leyes]
1736 2131 1783 2163 ita
1801 2131 1841 2163 ut
1856 2130 1957 2173 quasi

1093 2181 1206 2216 soluta
1239 2181 1376 2224 legibus
1409 2190 1533 2215 earum
1567 2180 1698 2215 nullam
1730 2181 1801 2214 iam
1833 2188 1957 2214 curam

1094 2234 1235 2274 gereret
1256 2234 1362 2274 atque
1391 2241 1456 2275 pro
1485 2231 1596 2265 lubitu
1622 2240 1683 2265 eas
1704 2230 1868 2270 violaret,
1900 2229 1958 2262 Li-

1092 2284 1170 2315 viae
1194 2283 1315 2315 favore
1338 2281 1439 2315 freta.
1488 2282 1575 2315 «Res
1597 2282 1645 2314 ita
1667 2281 1773 2315 facta:
1798 2281 1877 2314 Piso
1893 2280 1958 2314 Ur-

1095 2331 1287 2374 gulaniam,
1324 2340 1415 2374 quae
1444 2331 1632 2374 pecuniam
1659 2332 1692 2364 ei
1714 2329 1887 2370 debebat,
1921 2330 1958 2362 in

1094 2381 1172 2415 loco
1207 2381 1349 2423 publico
1382 2381 1448 2414 sibi
1478 2380 1619 2414 obviam
1646 2381 1734 2420 adit,
1763 2380 1867 2420 Veni,
1902 2380 1958 2412 in-

1095 2432 1240 2473 quiens,
1266 2440 1407 2464 mecum
1429 2431 1467 2464 in
1487 2431 1540 2463 ius
1562 2432 1654 2471 (ante
1677 2429 1829 2463 tribunal
1851 2438 1958 2472 prae-

1094 2481 1204 2525 toris).
1251 2480 1309 2514 llla
1339 2489 1456 2523 neque
1480 2480 1704 2523 obtemperat
1732 2488 1850 2521 neque
1874 2487 1959 2512 cau-

1095 2531 1228 2563 tionem
1251 2530 1296 2564 de
1320 2530 1448 2563 iudIcio
1471 2531 1578 2570 sistit,
1603 2530 1699 2572 quod
1722 2538 1766 2563 ex
1788 2528 1864 2571 lege
1881 2529 1958 2562 fieri

1095 2579 1269 2620 debebat,
1294 2579 1360 2613 sed
1381 2583 1489 2622 spreto
1511 2580 1644 2620 Pisone,
1668 2579 1705 2612 id
1728 2580 1798 2619 est,
1824 2579 1900 2611 eius
1921 2579 1958 2610 in

1095 2631 1150 2663 ius
1173 2631 1356 2663 vocatione
1379 2628 1555 2672 neglecta,
1587 2628 1643 2662 illa
1665 2629 1805 2662 vehitur
1833 2628 1870 2665 in
1890 2628 1958 2660 Pa—

1094 2679 1228 2713 latium.
1274 2681 1323 2713 Eo
1348 2688 1489 2722 quoque
1512 2680 1590 2713 Piso
1620 2687 1699 2712 eam
1722 2679 1865 2712 secutus
1889 2678 1955 2718 est,

1095 2731 1134 2762 ut
1147 2730 1212 2762 rite
1229 2730 1422 2763 antestatus
1443 2738 1523 2762 eam
1537 2728 1694 2761 traheret
1708 2728 1754 2761 ad
1768 2726 1955 2761 tribunal.»

1095 2781 1221 2812 Dusim.
1250 2798 1285 2803 —
1311 2779 1477 2821 abscessit]
1512 2779 1681 2821 petitione
1712 2786 1793 2818 sua,
1828 2778 1868 2810 ut
1895 2776 1958 2808 ab-

1094 2830 1222 2863 scedere
1235 2829 1362 2870 incepto
1385 2830 1439 2862 est
1453 2828 1548 2870 apud
1564 2829 1635 2860 Liv.
1653 2828 1708 2868 26,
1733 2828 1764 2860 7.
1796 2826 1847 2860 Cf.
1865 2828 1954 2860 Anu.

1096 2879 1127 2919 6,
1154 2878 1212 2911 36:
1235 2887 1295 2910 nec
1316 2879 1388 2911 ideo
1411 2877 1617 2918 abscedebat,
1641 2878 1677 2910 ni
1691 2893 1742 2901 --
1754 2877 1889 2919 fecisset.
1916 2892 1953 2901 -

1081 2927 1225 2972 ⁸procul]
1250 2927 1404 2972 quadam
1427 2936 1470 2960 ex
1492 2926 1671 2967 distantia,
1696 2927 1734 2959 ut
1757 2926 1870 2959 omnis
1884 2925 1957 2959 vio-

1095 2978 1201 3012 lentia
1222 2976 1279 3010 vel
1300 2977 1476 3010 minarum
1491 2977 1629 3019 species
1645 2975 1799 3009 abesset.
1817 2993 1860 3000 —
1878 2978 1956 3007 tem-

1089 3037 1155 3069 pus
1190 3030 1289 3069 atque
1324 3027 1388 3059 iter
1423 3026 1557 3069 ducens]
1595 3025 1753 3068 longiore
1790 3032 1957 3058 sermone

1096 3078 1217 3117 utens,
1247 3075 1347 3109 tarde
1371 3076 1541 3109 incedens
1570 3076 1817 3116 interdumque
1842 3073 1955 3108 subsi-

1097 3128 1206 3160 stens.
1243 3126 1317 3159 Hoc
1338 3127 1435 3169 ipso,
1460 3125 1556 3167 quod
1578 3121 1619 3158 ἓν
1640 3122 1703 3158 διὰ
1725 3122 1831 3157 δυοῖν
1853 3124 1956 3157 vocat

1097 3176 1185 3209 Roth
1196 3201 1204 3214 .
1229 3176 1361 3209 itineris
1383 3176 1582 3209 tarditatem
1598 3175 1794 3217 exprimere
1810 3175 1956 3208 conatus

1098 3227 1163 3258 est.
1190 3242 1222 3249 —
1250 3226 1367 3259 missus
1387 3229 1434 3258 est
1450 3225 1599 3267 praetor]
1626 3223 1726 3264 Quod
1748 3224 1783 3255 in
1806 3223 1955 3265 egregiis

1098 3276 1257 3318 personis
1280 3275 1462 3309 observari
1483 3274 1609 3308 Paulus
1632 3272 1740 3306 iubet.
1778 3273 1854 3314 Dig.
1877 3272 1953 3307 Lib.

1099 3325 1159 3366 ⁴2,
1182 3326 1219 3365 2,
1244 3327 1282 3366 ⁴,
1308 3326 1367 3359 45:
1403 3325 1454 3358 Aa
1470 3331 1629 3366 personas
1656 3322 1805 3365 egregias
1826 3331 1953 3365 eosque,

1099 3376 1157 3416 qui
1198 3375 1384 3409 valetudine
1418 3374 1657 3415 impediuntur,
1703 3372 1836 3405 domum
1870 3373 1957 3407 mitti

1098 3428 1223 3468 oportet
1243 3425 1289 3458 aa
1309 3424 1501 3458 iurandum.
1526 3423 1612 3456 Lm.

1624 3480 1652 3525 7
