2254 3770
696 255 851 302 LIBER
880 254 945 301 lv.
971 254 1091 312 Cap.
1122 252 1189 298 43.
1220 252 1286 298 44.
1318 253 1384 298 45.
1416 253 1482 298 46.
1918 247 2001 295 245

223 365 527 415 oblectationis,
558 377 612 408 eo
632 362 889 422 flagitiorum
909 367 951 405 et
968 360 1122 406 virium
1144 360 1313 404 venisse
1341 366 1388 404 ut
1415 360 1663 405 auctoritate
1693 364 1862 416 patrum
1882 362 2005 401 co'er-

222 441 405 510 cendum
434 439 499 484 sit.
542 438 653 497 pulsi
681 443 772 482 tum
800 437 1027 481 histriones
1055 434 1185 479 Italia.
1880 474 1886 481 ,

334 515 366 572 (4
376 515 415 571 5)
453 514 573 558 Idem
609 527 746 557 annus
785 511 868 557 alio
898 524 1074 570 quoque
1112 509 1229 554 luctu
1260 509 1488 554 Caesarem
1526 508 1696 559 adfecit,
1739 507 1919 552 alterum
1954 520 2006 551 ex

221 590 401 651 geminis
431 589 556 633 Drusi
587 588 733 632 liberis
763 585 1062 645 extinguendo,
1092 598 1234 643 neque
1264 584 1403 628 minus
1432 590 1569 629 morte
1598 583 1736 628 amici.
1775 582 1810 625 is
1828 581 1906 625 fuit
1924 582 2008 625 Lu-

222 665 344 711 cilius
373 665 556 722 Longus,
588 663 776 707 omnium
806 661 863 705 illi
893 661 1074 705 tristium
1103 658 1399 718 laetorumque
1429 659 1573 703 socius
1602 670 1802 715 unusque
1829 670 1854 700 e
1884 668 2038 700 sena-⁵

220 740 385 785 toribus
414 738 566 784 Rhodii
598 751 798 782 secessus
827 749 986 781 comes.
1030 735 1098 786 ita,
1132 747 1393 792 quamquam
1421 748 1534 778 novo
1564 733 1734 783 homini,
1766 732 2010 776 censorium

220 815 364 868 funus,
403 814 587 872 effigiem
625 812 742 870 apud
778 812 918 856 forum
949 810 1125 868 Augusti
1161 808 1332 867 publica
1362 809 1546 867 pecunia
1582 814 1725 866 patres
1760 806 2008 857 decrevere,

221 894 324 949 aput
352 903 463 948 quos
493 889 619 933 etiam
649 895 737 931 tum
767 893 919 932 cuncta
949 885 1247 936 tractabantur,
1280 884 1390 928 adeo
1419 891 1467 927 ut
1494 889 1748 942 procurator
1775 882 1902 926 Asiae
1928 882 2012 924 Lu-

221 965 343 1010 cilius
373 964 522 1021 Capito
552 968 780 1008 accusante
809 961 1030 1019 provincia
1059 974 1231 1005 causam
1263 959 1433 1010 dixerit,
1470 972 1625 1016 magna
1654 972 1752 1011 cum
1782 956 2013 1001 adsevera-

223 1041 338 1084 tione
368 1039 573 1097 principis
603 1052 688 1082 non
719 1051 766 1082 se
796 1038 863 1080 ius
892 1037 971 1079 nisi
1003 1036 1045 1079 in
1076 1035 1250 1079 serv-itia
1270 1040 1312 1078 et
1334 1035 1541 1092 pecunias
1562 1032 1790 1077 familiares
1813 1031 2061 1076 dedissem

222 1115 340 1174 quod
370 1116 405 1158 si
435 1114 520 1157 vim
549 1113 760 1172 praetoris
790 1117 1042 1169 usurpasset
1072 1110 1356 1168 manibusque
1383 1108 1561 1152 militum
1591 1121 1697 1151 usus
1718 1108 1837 1158 foret,
1869 1111 2013 1170 spreta

223 1192 267 1234 in
295 1204 348 1234 eo
378 1189 577 1248 mandata
607 1202 708 1231 sua:
741 1187 938 1231 audirent
966 1186 1121 1230 socios.
1167 1186 1223 1228 ita
1254 1198 1355 1228 reus
1381 1184 1548 1242 cognito
1578 1183 1750 1241 negotio
1774 1182 2009 1231 damnatur,

224 1266 279 1310 ob
309 1279 439 1324 quam
469 1264 690 1313 ultionem,
730 1269 772 1306 et
801 1262 902 1320 quia
935 1261 1078 1319 priore
1109 1274 1219 1304 anno
1250 1260 1290 1302 in
1323 1260 1367 1303 C.
1399 1259 1589 1303 Silanum
1617 1258 1878 1301 vindicatum
1908 1263 2010 1308 erat,

224 1341 458 1385 decrevere
495 1339 620 1383 Asiae
659 1337 789 1381 urbes
827 1336 1031 1394 templum
1067 1335 1236 1379 Tiberio
1274 1335 1486 1393 matrique
1526 1334 1619 1378 eius
1658 1347 1709 1377 ac
1744 1332 1922 1376 senatui.
1972 1338 2014 1376 et

225 1416 480 1474 permissum
512 1420 717 1465 statuere3
744 1413 926 1469 *egitque
957 1413 1069 1454 Nero
1106 1418 1247 1468 grates
1278 1424 1330 1454 ea
1361 1424 1491 1454 causa
1527 1409 1718 1467 patribus
1753 1415 1882 1466 atque
1919 1421 2011 1460 avo,
2027 1417 2064 1447 ⁴5

224 1491 358 1535 laetas
387 1491 495 1533 inter
524 1488 787 1532 audientium
817 1487 1090 1535 adfectiones,
1123 1486 1196 1544 qui
1227 1486 1386 1530 recenti
1408 1485 1614 1529 memoria
1637 1483 1877 1528 Germanici
1897 1483 2012 1526 illum

224 1566 369 1625 aspici,
401 1565 519 1608 illum
548 1563 685 1607 audiri
715 1563 929 1606 rebantur.
961 1561 1226 1619 aderantque
1257 1561 1398 1604 iuveni
1429 1560 1639 1604 modestia
1669 1574 1719 1603 ac
1739 1559 1874 1603 forma
1897 1559 2015 1616 prin-

225 1642 321 1700 cipe
351 1641 442 1684 viro
473 1640 611 1697 digna,
642 1638 753 1682 notis
783 1638 826 1680 in
857 1652 957 1681 eum
988 1637 1129 1680 Seiani
1160 1636 1270 1680 odiis
1301 1635 1357 1680 ob
1387 1635 1628 1694 periculum
1657 1635 1853 1693 gratiora.

338 1715 419 1773 (46)
452 1714 540 1759 Sub
569 1713 684 1757 idem
714 1720 881 1771 tempus
912 1712 966 1756 de
996 1711 1167 1756 flamine
1197 1711 1305 1755 Diali
1335 1712 1377 1754 in
1406 1711 1548 1755 locum
1571 1711 1692 1754 Servi
1713 1709 2014 1767 Maluginensis

226 1791 412 1836 defuncti
445 1789 638 1847 legendo,
670 1788 794 1832 simul
826 1787 1016 1846 roganda
1047 1801 1157 1831 nova
1186 1787 1281 1845 lege
1312 1787 1514 1831 disseruit
1544 1787 1715 1831 Caesar.
1760 1799 1857 1829 nam
1887 1785 2016 1842 patri-
2029 1792 2067 1823 20

290 1931 385 1970 'lfut
412 1944 482 1968 om.
509 1936 558 1975 M,
587 1934 652 1968 sed
680 1933 838 1967 additum
863 1935 917 1967 est
938 1934 975 1967 in
997 1933 1155 1975 margine
1178 1937 1230 1971 vt;
1268 1933 1349 1975 post
1371 1935 1511 1974 patrum
1539 1931 1712 1965 excidisse
1738 1931 1838 1973 putat
1861 1931 2016 1963 Bezzen-

226 1992 366 2034 berger.
388 2008 423 2015 -·
450 1992 482 2024 2.
509 1992 587 2023 dum
611 1991 643 2024 M
668 1990 749 2032 (tum
772 1990 904 2031 margo)
925 2008 961 2013 -
988 1990 1020 2022 3.
1046 1990 1167 2031 adfecit
1189 1990 1340 2022 Ritterus
1365 1987 1455 2030 (coll.
1474 1997 1504 2021 c.
1524 1987 1564 2021 44
1588 1988 1623 2020 et
1647 1987 1687 2020 46
1711 1987 1816 2028 inim:
1843 1987 1955 2029 adficit
1970 1987 2015 2019 M.

227 2048 279 2082 Cf.
304 2048 337 2087 6,
355 2047 408 2081 45.
431 2065 467 2071 —-
492 2046 523 2079 6.
549 2047 680 2088 itaque,
707 2055 915 2087 quamquam
938 2045 1100 2079 Pfitzner.
1129 2063 1164 2068 —
1191 2045 1223 2078 9.
1241 2046 1376 2078 dixerat
1399 2053 1452 2086 pr.
1471 2044 1505 2077 Μ
1529 2061 1564 2066 -
1593 2043 1645 2076 40.
1668 2044 1813 2084 pecunia
1834 2043 1868 2077 M
1891 2042 2015 2085 (littera

228 2113 244 2137 s
267 2103 385 2137 addita
407 2104 444 2135 in
466 2102 636 2144 margine)
664 2120 700 2126 —
726 2103 779 2135 44.
802 2103 948 2144 proteris
969 2102 1014 2135 M.

227 2231 478 2291 προσέταξεν,
511 2228 572 2266 ὅτι
599 2230 668 2274 τάς
697 2241 738 2265 τε
766 2236 951 2277 γυναῖκας
973 2228 1098 2281 ᾐσχυ-

227 2294 296 2318 νον
317 2284 383 2317 καὶ
405 2281 561 2325 στάσεις
584 2279 748 2342 ἤγειρον.

272 2337 325 2369 45.
352 2335 495 2368 allerwm
517 2344 561 2367 eoe
579 2335 718 2376 yeminis
733 2335 776 2367 D.
795 2335 832 2377 l.]
857 2334 1095 2376 quadrimum,

229 2386 328 2418 cuius
350 2393 482 2417 nomen
505 2385 674 2426 ignotum.
701 2384 752 2417 Cf.
777 2385 810 2425 2,
842 2384 895 2418 84.
921 2383 1040 2417 Vellei.
1063 2384 1097 2425 2,

229 2434 303 2467 430.
337 2434 401 2466 Dio
425 2434 479 2474 57,
506 2434 558 2467 44.
592 2433 722 2467 Eckhel
745 2435 786 2467 D.
811 2435 852 2466 N.
878 2434 933 2466 VI.
958 2442 994 2476 p.
1019 2434 1095 2467 207.

233 2501 268 2507 -
294 2483 478 2516 censorium
504 2483 622 2525 funus]
652 2484 674 2516 i.
701 2493 733 2516 e.
767 2484 871 2517 funus
901 2483 1095 2526 publicum,

230 2534 311 2576 quia
335 2535 387 2566 rei
410 2532 574 2576 publicae
598 2535 760 2577 tempore
785 2543 974 2574 censores,
1008 2534 1099 2567 sicut

230 2585 348 2617 cetera
373 2592 480 2625 opera
504 2582 664 2625 publica,
690 2584 797 2617 etiam
819 2584 941 2617 funera
957 2583 1097 2626 publica

230 2632 516 2675 redemptoribus
539 2632 676 2666 locasse
692 2634 870 2667 videntur.
898 2635 1019 2676 ltaque
1036 2634 1099 2665 Ta-

230 2684 320 2717 citus
352 2683 500 2716 vocibus
528 2684 712 2716 censorium
738 2685 838 2725 funus
867 2686 902 2718 et
926 2685 1098 2726 publicum

229 2733 329 2774 funus
358 2734 560 2775 promiscue
589 2742 676 2767 usus
708 2735 774 2767 est.
810 2736 898 2767 Nam
922 2734 1017 2776 quod
1042 2734 1098 2767 hic

231 2786 266 2817 et
287 2784 320 2823 6,
345 2784 399 2816 27.
425 2785 478 2822 43,
495 2784 527 2815 2.
554 2784 642 2817 Hist.
659 2784 692 2824 4,
714 2784 756 2818 47
780 2786 965 2818 censorium
985 2786 1097 2826 funus,

233 2834 270 2866 id
293 2833 331 2874 3,
357 2833 399 2866 48
425 2833 577 2874 publicas
598 2835 792 2875 exsequias,
826 2835 863 2874 3,
887 2836 908 2867 5
932 2836 967 2867 et
990 2836 1029 2874 6,
1056 2836 1091 2868 44

224 2884 395 2925 publicum
420 2883 521 2924 funus
550 2885 754 2917 nominavit.
795 2903 831 2908 —
867 2886 959 2926 apud
986 2886 1098 2926 sorum

230 2932 386 2975 Anqusti]
422 2933 564 2965 Sueton.
590 2934 678 2975 Aug.
702 2934 737 2966 34
756 2944 763 2966 :
800 2938 929 2967 statuas
951 2936 1099 2967 omnium

231 2983 397 3025 (ducum,
434 2983 494 3024 qui
526 2984 713 3024 imperium
744 2984 862 3026 populi
887 2985 1031 3017 Romani
1056 2993 1098 3016 ex

232 3033 378 3065 minimo
408 3032 601 3065 maximum
623 3033 879 3074 reddidissent)
906 3033 1100 3074 triumphali

232 3082 339 3123 effigie
360 3081 396 3113 in
413 3083 558 3121 utraque
578 3082 666 3122 fori
688 3084 753 3115 sui
772 3084 908 3123 porticu
923 3083 1098 3115 dedicavit.

235 3149 272 3156 —
297 3130 444 3162 Lucilius
466 3131 582 3170 Capito
604 3131 686 3173 cet.]
711 3132 762 3164 Cf.
788 3133 852 3164 Dio
875 3132 930 3172 57,
946 3131 1005 3164 23:
1031 3128 1098 3163 τὸν

233 3179 438 3213 Καπίτωνα
459 3176 527 3212 τὸν
548 3177 618 3222 τὴν
630 3177 756 3213 Ασίαν
774 3178 1099 3226 ἐπιτροπεύσαντα

234 3230 274 3271 ἐς
297 3228 341 3263 τὸ
364 3228 561 3288 συνέδριον
584 3229 767 3274 ἐσήγαγε,
800 3230 863 3262 καὶ
890 3229 1099 3273 ἐγκαλέσας

234 3276 337 3324 αὐτῷ
369 3274 429 3313 ὅτι
459 3280 525 3312 καὶ
547 3277 795 3326 στρατιώταις
803 3278 1012 3339 ἐχρήσατο
1034 3281 1099 3312 καὶ

236 3326 335 3363 ἄλλα
366 3328 451 3364 τινὰ
484 3327 537 3372 ὦς
563 3331 628 3363 καὶ
657 3327 789 3389 1ἀρχὴν
803 3326 903 3369 έχων
925 3327 1097 3390 Ξ-’,πραξεν

237 3377 506 3426 ἐφυγάδευσεν.
543 3377 589 3414 οὖ
620 3377 694 3428 γὰρ
723 3379 814 3424 ἐξῆν
839 3378 927 3414 τότε
948 3384 1031 3423 τοῖς
1051 3378 1100 3414 τὰ

1148 2228 1457 2290 αὐτοκρατορικὰ
1483 2228 1664 2277 χρήματα
1689 2228 1880 2264 διοικοῖσι
1903 2229 2018 2264 πλέον

1149 2279 1259 2316 οὐδὲν
1283 2285 1406 2315 ποιεῖν
1429 2277 1457 2325 ἢ
1478 2278 1547 2322 τὰς
1570 2281 1849 2323 νενομισιιένας
1872 2278 2018 2338 προσό-

1148 2331 1239 2373 δους
1261 2331 1443 2376 ἐκλέγειν,
1468 2332 1533 2364 καὶ
1557 2331 1651 2389 περὶ
1663 2329 1739 2363 τῶν
1761 2326 1987 2376 dcacpooffist
1978 2325 2018 2363 ἑν

1147 2392 1187 2415 τε
1219 2380 1265 2429 τῇ
1301 2377 1425 2428 ἀγορᾷ
1458 2381 1525 2414 καὶ
1558 2377 1656 2413 κατὰ
1687 2377 1776 2421 τοὺς
1807 2378 1954 2423 νόμους
1978 2377 2018 2422 ἐξ

1147 2430 1236 2465 ἴσου
1253 2435 1334 2473 τοῖς
1352 2429 1517 2473 ἰδιώταις
1532 2429 1764 2472 δικάζεσθαι.
1791 2430 1842 2463 Cf.
1861 2430 2017 2462 eundem

1147 2484 1201 2523 53,
1228 2484 1279 2516 45.
1308 2500 1344 2506 -
1378 2492 1502 2524 magma
1531 2491 1606 2515 cwm
1628 2480 1893 2522 adseveratione]
1929 2480 2016 2512 Vide

1148 2533 1194 2565 ad
1217 2542 1248 2565 c.
1275 2532 1328 2565 49.
1357 2550 1389 2555 -—
1411 2533 1529 2573 priore
1552 2540 1641 2564 anno
1663 2532 1698 2564 in
1721 2531 1755 2564 C.
1774 2529 1937 2571 Silanum]
1963 2530 2015 2562 Cf.

1147 2583 1178 2622 3,
1206 2583 1345 2615 66-69,
1367 2601 1402 2605 κ-
1428 2583 1585 2623 te‘mplum
1609 2581 1734 2614 Tiberio
1756 2581 1925 2621 matrique
1947 2582 2018 2613 eius

1147 2642 1188 2665 ac
1210 2633 1355 2675 senatui]
1381 2632 1432 2665 Cf.
1459 2642 1490 2666 c.
1515 2634 1557 2665 55
1582 2641 1636 2674 sq.
1665 2648 1700 2655 —
1721 2633 1923 2673 permissum
1945 2634 2018 2663 sta-

1147 2683 1249 2724 tuere]
1277 2685 1334 2716 «et
1356 2683 1572 2725 permissum
1594 2683 1636 2715 iis
1661 2684 1734 2723 est,
1759 2684 1798 2715 ut
1821 2682 2018 2714 statuerent

1147 2733 1318 2776 templum
1343 2734 1387 2766 ab
1411 2734 1496 2776 ipsis
1521 2734 1739 2766 decretum».
1776 2732 1884 2775 (Multi
1907 2733 2017 2764 inter-

1147 2786 1275 2828 pretati
1300 2786 1395 2817 sunt:
1428 2786 1648 2817 «statuerunt
1670 2783 1842 2826 templum
1864 2783 2016 2825 permis-

1147 2836 1274 2876 sum.»)
1304 2834 1513 2877 Exemplum
1546 2835 1662 2876 negati
1684 2835 1880 2877 permissus
1904 2832 2016 2865 habe-

1147 2893 1228 2917 mus
1251 2884 1339 2916 infra
1363 2893 1392 2916 c.
1414 2885 1466 2917 37.
1489 2902 1524 2908 --
1549 2885 1680 2926 egitque
1701 2885 1789 2917 Nero
1811 2882 1935 2925 grates]
1959 2891 2018 2914 ur-

1147 2934 1244 2966 bium
1269 2934 1425 2966 nomine.
1456 2952 1488 2957 —-
1515 2943 1554 2966 ea
1576 2934 1692 2975 causa]
1720 2932 1874 2973 Intellige
1899 2931 1943 2963 de
1966 2930 2017 2964 ul-

1147 2985 1241 3016 tione
1259 2984 1448 3025 Capitonis.
1473 2984 1556 3016 Erat
1572 2985 1667 3016 enim
1682 2985 1787 3024 Nero,
1810 2984 1849 3014 ut
1862 2981 2013 3021 videtur,

1148 3034 1316 3075 patronus
1346 3032 1484 3066 illarum
1514 3033 1676 3074 urbium,
1708 3042 1799 3074 quae
1823 3039 2016 3064 accusave-

1148 3085 1227 3115 rant
1242 3092 1342 3116 reum
1355 3109 1362 3123 ,
1388 3084 1426 3116 ut
1443 3084 1581 3125 triginta
1598 3085 1678 3126 post
1694 3091 1804 3116 annos
1820 3083 1911 3114 Nero
1929 3081 2015 3114 Cae-

1149 3141 1218 3165 sar.
1245 3133 1296 3165 Cf.
1323 3134 1383 3174 42,
1407 3134 1462 3167 58.

1192 3183 1244 3215 46.
1269 3183 1365 3216 Servi
1385 3183 1637 3226 Maluginensis]
1662 3182 1712 3216 Cf.
1731 3183 1762 3222 3,
1783 3182 1824 3215 58
1848 3182 1883 3214 et
1905 3182 1959 3214 74.
1975 3199 2011 3205 -

1141 3233 1306 3273 patricios
1327 3234 1408 3276 cet.]
1433 3235 1522 3267 Cum
1546 3233 1747 3275 quindecim
1770 3232 1931 3265 flamines
1954 3241 2014 3265 es-

1149 3284 1244 3322 sent,
1275 3292 1399 3316 corum
1423 3285 1495 3317 tres
1519 3285 1643 3325 primi,
1676 3283 1821 3315 instituti
1844 3291 1863 3315 a
1886 3283 2012 3323 Numa,

1149 3331 1264 3373 Dialis,
1284 3333 1460 3374 Martialis,
1480 3332 1663 3372 Quirinalis
1678 3333 1763 3374 (Liv.
1782 3333 1813 3372 4,
1831 3333 1902 3374 20),
1927 3341 2015 3366 non-

1149 3382 1215 3416 nisi
1245 3391 1265 3416 e
1298 3384 1451 3426 patriciis
1481 3382 1706 3424 legebantur,
1740 3382 1835 3425 iique
1859 3383 2012 3417 maiores
