2254 3770
733 240 888 287 LIBER
916 242 947 286 Ι.
992 241 1092 300 Cap.
1122 241 1190 285 47.
1220 241 1287 285 48.
1318 241 1386 285 49.
1416 241 1483 285 50.
1942 238 1987 283 Μ

219 367 303 412 que
342 358 385 396 et
419 350 534 410 quod
578 349 759 393 maxime
800 354 1035 392 castrorum
1073 347 1288 392 sincerum
1323 353 1415 391 erat
1451 346 1618 392 occulte
1656 346 1824 398 recitat,
1863 351 1997 404 utque

218 433 392 472 cunctos
421 425 633 474 infamiae,
666 438 714 468 se
743 423 861 482 ipsos
892 423 1014 467 morti
1044 422 1230 466 eximant
1259 421 1469 465 hortatur:
1507 435 1605 465 nam
1634 421 1677 464 in
1706 434 1814 479 pace
1844 434 1997 464 causas

218 509 260 547 et
287 501 436 545 merita
464 500 664 558 spectari;
698 498 771 542 ubi
791 498 950 542 bellum
970 498 1153 556 ingruat,
1184 497 1431 541 innocentes
1451 511 1502 541 ac
1522 496 1671 541 noxios
1692 496 1808 539 iuxta
1826 494 1996 539 cadere.

216 577 273 621 illi
303 576 513 634 temptatis
533 588 644 633 quos
674 574 853 618 idoneos
874 573 1092 622 rebantur,
1125 579 1350 631 postquam
1375 572 1578 616 maiorem
1599 571 1813 628 legionum
1833 575 1998 628 partem

215 653 258 696 in
289 651 428 695 officio
456 650 619 701 vident,
661 649 716 692 de
746 648 954 692 sententia
994 648 1119 706 legati
1159 653 1347 691 statuunt
1383 653 1674 705 tempusquo
1704 645 2028 690 foedissimum5

215 739 432 786 quemque
463 733 507 769 et
535 724 732 768 seditioni
762 730 1004 782 promptum
1034 723 1147 766 ferro
1177 721 1387 765 invadant.
1431 729 1531 766 tunc
1561 721 1681 779 signo
1704 721 1813 763 inter
1832 733 1880 763 se
1899 719 1998 763 dato

215 803 460 860 inrumpunt
479 800 768 848 contubernia,
791 798 1002 842 trucidant
1021 798 1203 855 ignaros,
1225 796 1341 840 nullo
1362 797 1440 840 nisi
1458 797 1642 841 consciis
1662 801 1865 840 noscente
1882 794 1997 853 quod

216 877 360 922 caedis
390 876 569 926 initium,
601 875 698 933 quis
726 873 835 917 finis.
884 873 965 930 (49)
997 873 1167 916 diversa
1191 873 1399 924 omnium,
1430 886 1543 931 quae
1563 885 1765 930 umquam
1788 869 1997 920 accidere,

216 951 400 997 civilium
431 965 646 997 armorum
675 950 818 993 facies.
849 963 934 992 non
962 948 1146 1007 proelio,
1178 962 1263 991 non
1293 948 1485 992 adversis
1516 961 1540 991 e
1564 947 1731 997 castris,
1764 945 1842 989 sed
1861 944 2000 989 isdem

217 1042 242 1072 e
262 1026 491 1076 cubilibus,
523 1039 633 1084 quos
653 1024 776 1068 simul
799 1025 1010 1068 vescentis
1031 1023 1142 1073 dies,
1174 1022 1298 1066 simul
1319 1023 1488 1081 quietos
1509 1037 1593 1066 nox
1610 1022 1833 1071 habuerat,
1860 1020 2001 1064 disce-
2014 1033 2050 1062 io

219 1103 324 1147 dunt
353 1102 396 1145 in
424 1107 587 1160 partes,
620 1101 816 1158 ingerunt
844 1099 939 1143 tela.
999 1098 1160 1142 clamor
1188 1099 1363 1142 vulnera
1394 1098 1566 1156 sanguis
1596 1097 1754 1156 palam,
1798 1109 1928 1140 causa
1958 1095 2000 1137 in

216 1176 402 1229 occulto;
433 1183 577 1221 cetera
597 1175 683 1219 fors
704 1175 824 1232 regit.
865 1181 906 1218 et
927 1174 1101 1232 quidam
1122 1174 1332 1218 bonorum
1363 1175 1497 1224 caesi,
1529 1180 1757 1231 postquam
1786 1168 2000 1214 intellecto

217 1254 259 1297 in
288 1266 397 1311 quos
428 1252 664 1295 saeviretur
699 1250 875 1308 pessimi
913 1263 1088 1308 quoque
1128 1264 1245 1293 arma
1275 1255 1516 1307 rapuerant.
1562 1261 1705 1306 neque
1734 1247 1898 1305 legatus
1929 1252 2002 1288 aut

218 1328 411 1372 tribunus
434 1326 676 1370 moderator
696 1326 845 1370 adfuit:
877 1326 1087 1383 permissa
1106 1325 1233 1382 vulgo
1264 1324 1431 1368 licentia
1461 1330 1590 1381 atque
1619 1323 1722 1367 ultio
1753 1329 1796 1366 et
1814 1322 1999 1366 satietas.

216 1418 316 1448 mox
353 1404 571 1460 ingressus
613 1409 751 1446 castra
788 1401 1086 1451 Germanicus,
1134 1415 1219 1444 non
1254 1399 1507 1444 medicinam
1544 1398 1635 1442 illut
1673 1398 1865 1456 plurimis
1903 1409 2051 1442 cumis

216 1479 401 1524 lacrimis
431 1478 509 1521 sed
540 1476 705 1521 cladem
736 1476 973 1534 appellans,
1006 1476 1185 1520 cremari
1217 1489 1398 1533 corpora
1427 1474 1557 1518 iubet.

330 1554 488 1597 Truces
518 1552 645 1596 etiam
675 1559 764 1595 tum
793 1552 957 1595 animos
987 1551 1143 1609 cupido
1176 1550 1332 1594 involat
1362 1549 1491 1594 eundi
1512 1550 1554 1592 in
1574 1548 1755 1599 hostem,
1787 1546 2001 1606 piaculum

218 1629 391 1682 furoris3
422 1641 503 1672 nec
533 1627 653 1671 aliter
682 1641 812 1686 posse
840 1627 1000 1685 placari
1021 1625 1352 1671 commilitonum
1382 1639 1529 1668 manes
1549 1638 1678 1683 quam
1699 1623 1733 1667 si
1756 1621 2002 1681 pectoribus

220 1705 361 1763 impiis
401 1703 580 1748 honesta
614 1702 791 1747 vulnera
828 1702 1105 1760 accepissent.
1167 1702 1360 1759 sequitur
1396 1702 1594 1744 ardorem
1633 1698 1809 1741 militum
1845 1697 2003 1741 Caesar

221 1781 451 1838 iunctoque
481 1786 609 1837 ponte
640 1778 827 1821 tramittit
857 1777 1085 1821 duodecim
1115 1776 1228 1820 milia
1258 1790 1282 1820 e
1313 1775 1567 1833 legionibus,
1600 1789 1677 1818 sex
1706 1780 1748 1817 et
1766 1772 1911 1831 viginti
1932 1785 2051 1816 so-zo

221 1856 310 1899 cias
331 1854 535 1899 cohortis.
567 1860 663 1898 octo
685 1854 876 1912 equitum
906 1853 1012 1904 alas,
1045 1866 1226 1911 quarum
1258 1865 1310 1895 ea
1339 1850 1547 1895 seditione
1577 1849 1826 1893 intemerata
1855 1846 2003 1891 mode-

219 1931 299 1974 stia
335 1930 422 1973 suit.
483 1930 564 1986 (50)
597 1929 693 1972 laeti
729 1942 871 1987 neque
909 1927 1058 1986 procul
1099 1927 1296 1972 Germani
1327 1926 1558 1985 agitabant,
1598 1925 1700 1968 dum
1743 1923 1901 1966 iustitio
1945 1922 2001 1965 ob

223 2006 426 2050 amissum
445 2006 698 2062 Augustum,
730 2011 827 2062 post
855 2003 1082 2048 discordiis
1113 2003 1351 2047 attinemur.
1395 2009 1437 2045 at
1465 2003 1678 2045 Romanus
1707 1999 1874 2056 agmine
1902 2011 2003 2056 pro-

263 2171 295 2203 9.
314 2170 446 2211 praelio
462 2168 496 2202 M
512 2185 547 2191 —
573 2170 667 2200 istem
682 2168 714 2200 M
733 2184 769 2192 -
795 2169 848 2200 42.
870 2171 1016 2208 postque
1031 2168 1063 2201 Μ
1086 2166 1214 2208 (littera
1237 2175 1271 2198 m
1293 2166 1410 2199 addita
1433 2166 1467 2199 in
1490 2165 1658 2206 margine)
1677 2181 1714 2188 —
1741 2163 1794 2196 43.
1819 2164 2004 2210 εςναὶνοευν

223 2227 350 2269 (priore
372 2235 392 2257 r
413 2224 550 2267 punctis
574 2223 701 2264 notata)
726 2224 759 2255 M
785 2241 820 2246 -—-
848 2225 900 2256 ⁴5.
925 2224 1001 2256 illut
1022 2232 1075 2265 pr.
1102 2224 1157 2256 M:
1181 2223 1265 2255 illud
1287 2230 1378 2255 corr.
1404 2222 1438 2255 M
1463 2240 1499 2245 —
1525 2222 1578 2254 ⁴6.
1602 2229 1660 2254 ore
1680 2221 1770 2253 mari
1793 2220 1826 2253 M
1850 2220 2004 2261 (cremari

221 2283 366 2323 margo).
393 2281 444 2314 Cf.
469 2289 544 2313 var.
570 2279 649 2313 leet.
675 2279 712 2320 4,
738 2281 770 2313 2.

223 2433 255 2472 2,
273 2432 334 2464 49:
358 2431 472 2462 haeres
487 2431 559 2470 quis
581 2430 752 2472 (Iuppiter
771 2439 814 2462 an
831 2431 955 2471 Staius)
977 2431 1088 2470 potior
1136 2429 1209 2461 Tib.
1237 2429 1297 2462 38:
1335 2427 1486 2468 quamvis
1505 2435 1608 2467 prope
1632 2427 1808 2466 quotannis
1826 2427 2005 2468 profectio-

222 2483 324 2515 iudex
350 2481 500 2521 puerisve
529 2482 602 2520 quis
630 2481 743 2521 aptior
764 2480 878 2512 orbis?
908 2482 1026 2513 luven.
1053 2481 1085 2520 8,
1135 2489 1209 2512 nem
1229 2481 1454 2520 praepararet
1475 2477 1630 2510 vehiculis
1643 2477 1892 2517 comprehensis,
1916 2486 2003 2510 com-

225 2533 306 2566 ⁴95:
331 2533 433 2573 Finqe
455 2534 564 2563 tamen
578 2531 706 2572 aladios
719 2531 794 2563 inde
810 2534 909 2572 atque
924 2532 999 2563 hinc
1011 2531 1088 2571 pul·
1135 2529 1296 2562 meatibus
1319 2537 1382 2569 per
1404 2527 1587 2567 municipia
1608 2530 1638 2559 et
1660 2527 1805 2559 colonias
1827 2527 2001 2568 dispositis.

219 2584 295 2625 pita
314 2583 406 2623 poni.
433 2582 518 2622 Quid
539 2582 666 2613 sacius?
689 2582 767 2622 lpse
791 2582 930 2614 Tacitus
950 2581 1038 2614 infra
1055 2582 1086 2621 3,

225 2635 262 2665 t:
298 2641 402 2672 neque
433 2631 514 2663 satis
543 2630 729 2670 constabat,
762 2632 840 2671 quid
859 2640 923 2671 pro
946 2634 1091 2671 tempore

222 2684 307 2726 foret
331 2681 523 2724 (silentione
547 2690 591 2713 an
608 2689 697 2713 voce
718 2680 832 2722 aliqua
849 2681 1089 2722 egredientem

224 2734 410 2775 excipere).
419 2749 454 2755 —
466 2741 506 2764 ac
517 2741 557 2764 ne
567 2741 600 2772 p.
612 2740 641 2764 c.
651 2731 912 2773 incenderentur]
922 2732 968 2763 Ex
979 2731 1090 2763 verbo

223 2784 387 2826 anyebant
409 2782 479 2815 duo
502 2784 584 2815 sunt
602 2777 800 2825 ἀναλόγως
815 2781 1005 2814 elicienda:
1032 2782 1091 2813 du-

224 2833 366 2873 bitabat,
399 2833 468 2864 utri
491 2831 644 2864 adeundi
669 2831 802 2871 forent,
834 2831 1014 2871 metuebat,
1044 2840 1089 2863 ne

224 2881 415 2926 posthabiti
439 2881 612 2913 dolerent.
651 2881 699 2913 Ex
722 2881 776 2913 his
799 2881 941 2913 minutis
965 2880 1092 2922 ellipsi-

225 2933 293 2965 bus
328 2939 534 2973 germanum
566 2931 723 2962 Tacitum
755 2938 937 2971 agnoscas.
967 2930 1087 2962 Wow.

226 2982 277 3015 Cf.
313 2982 398 3014 Hist.
431 2981 470 3019 2,
502 2979 563 3013 34:
599 2980 751 3011 inchoato
781 2983 880 3020 ponte
912 2980 1090 3011 transitum

226 3032 306 3064 Padi
320 3029 510 3062 simulantes
524 3046 543 3053 -
554 3047 591 3069 -‚
617 3038 658 3061 ac
672 3038 713 3061 ne
728 3029 875 3069 ipsorum
890 3029 981 3060 miles
995 3036 1091 3069 seyne

226 3082 329 3114 otium
352 3081 479 3111 tereret.
510 3078 542 3116 3,
561 3078 622 3111 46:
647 3079 781 3120 iamque
798 3081 911 3110 castra
925 3077 1090 3119 legionum

226 3131 399 3164 excindere
424 3128 610 3168 parabant,
643 3129 678 3160 ni
700 3129 876 3160 Mucianus
897 3131 1026 3159 seaetam
1048 3126 1091 3158 le-

226 3181 355 3223 gionem
371 3178 586 3219 opposuisset,
604 3177 827 3210 Cremonensis
840 3177 999 3208 victoriae
1008 3184 1090 3217 qna-

226 3239 303 3270 rus,
327 3238 369 3261 ac
389 3237 430 3261 ne
453 3231 592 3261 externa
614 3228 714 3260 moles
727 3228 894 3268 utrimque
907 3227 1088 3267 ingrueret,

227 3282 256 3314 si
269 3282 382 3314 Dacus
396 3279 672 3317 Germanic-usque
688 3278 808 3310 diversi
823 3277 1031 3316 inrupissent.
1050 3292 1086 3298 —

227 3329 469 3371 impedimenta]
502 3329 675 3368 iumenta,
709 3326 867 3360 vehicula
900 3328 936 3359 et
965 3325 1088 3358 similia

229 3380 274 3412 ad
286 3382 353 3412 iter
363 3378 626 3421 suscipiendum
640 3378 850 3412 necessaria.
879 3376 929 3411 Cf.
944 3377 1088 3409 sueton.

1139 2596 1174 2602 -
1190 2578 1368 2610 adornavit
1381 2578 1492 2617 naves]
1510 2578 1548 2609 ln
1564 2577 1780 2609 Pannoniam
1798 2576 1888 2608 ituro
1904 2585 2002 2609 mare

1138 2637 1307 2671 superum
1331 2629 1404 2661 sive
1430 2627 1669 2660 Hadriaticum
1692 2626 1842 2660 navibus
1865 2636 2004 2669 perme-

1138 2679 1269 2711 andum
1294 2679 1387 2717 erat,
1419 2678 1453 2709 in
1477 2677 1701 2709 Germaniam
1731 2676 1888 2709 tendenti
1911 2677 2004 2710 Mas-

1138 2729 1211 2761 silia
1229 2728 1394 2770 petenda,
1413 2727 1495 2760 dein
1509 2727 1679 2759 Rhodano
1691 2727 1836 2759 flumine
1849 2728 1885 2759 et
1895 2727 2003 2759 Arare

1138 2780 1193 2820 (H.
1211 2779 1244 2818 2,
1266 2778 1318 2818 59)
1343 2776 1625 2810 subvehendum.
1650 2777 1783 2809 Birrnn.

1181 2853 1235 2887 48.
1259 2852 1382 2885 recenti
1403 2851 1563 2893 eoeemplo]
1588 2859 1731 2890 eorum,
1757 2851 1817 2892 qui
1840 2850 1884 2883 ad
1906 2858 2003 2882 aram

1138 2902 1307 2937 Ubiorum
1331 2900 1541 2943 supplicium
1565 2900 1609 2933 de
1635 2899 1929 2933 commilitonibus
1950 2908 2005 2931 se-

1139 2952 1272 2985 ditiosis
1297 2951 1543 2992 sumpserant,
1577 2958 1608 2983 c.
1633 2949 1686 2983 44.
1716 2968 1751 2972 —
1776 2950 1891 2989 malos]
1916 2948 2004 2981 sub-

1139 3001 1298 3040 stantive,
1316 3001 1355 3032 ut
1370 3000 1489 3032 Horat.
1505 3000 1573 3032 Sat.
1589 3000 1621 3040 i,
1635 2999 1667 3039 4,
1683 2999 1719 3032 3:
1738 3000 1846 3031 malus
1861 3001 1919 3031 aut
1932 2999 2002 3039 sur.

1182 3076 1235 3109 49.
1261 3075 1381 3116 cetera]
1411 3075 1542 3107 exitum
1568 3075 1632 3107 rei.
1657 3075 1775 3107 Wonr.
1802 3092 1836 3097 —
1863 3083 1880 3106 e
1901 3074 2004 3116 109ῑο-

1138 3126 1243 3166 nibus]
1268 3124 1447 3157 dimidiam
1471 3125 1607 3166 partem
1624 3132 1767 3160 earum;
1792 3132 1872 3156 nam
1896 3123 2005 3156 habe—

1139 3176 1200 3208 bat
1222 3177 1385 3217 quattuor
1407 3174 1563 3216 legiones
1586 3174 1701 3206 XXIV.
1727 3173 1873 3207 milium.
1900 3174 1950 3207 Cf.
1970 3183 2000 3207 c.

1139 3227 1192 3258 5⁴.
1221 3243 1256 3250 —
1281 3224 1450 3266 modestia]
1475 3223 1678 3265 disciplinae
1703 3222 1859 3255 militaris
1882 3223 2004 3257 obser-

1139 3276 1267 3308 vantia.
1305 3275 1355 3308 Cf.
1382 3276 1467 3308 Hist.
1492 3275 1524 3314 2,
1550 3275 1608 3307 87:
1643 3277 1689 3305 tot
1710 3274 1894 3314 legatorum
1916 3276 2004 3307 ami-

1138 3334 1316 3366 corumque
1340 3325 1514 3357 comitatus
1541 3323 1693 3356 inhabilis
1727 3324 1771 3355 ad
1801 3325 2000 3364 parendum,

1139 3376 1239 3408 etiam
1260 3376 1289 3408 si
1311 3384 1440 3407 summa
1463 3374 1620 3407 modestia
1645 3375 1826 3414 reqeretur.
