2254 3770
780 300 826 343 P.
859 298 1111 343 CORNELII
1139 301 1311 345 TACITI
1339 276 1610 347 ANNALIUM

292 418 390 448 rum
418 406 658 463 praefecto,
697 405 880 451 mandat.
925 413 1015 451 tum
1054 407 1377 466 circumspectis
1405 409 1697 461 munimentis,
1738 415 1782 453 et
1810 421 1923 467 quae
1952 422 2088 467 expu-

293 480 479 538 gnationi
522 481 675 526 idonea
711 482 915 540 provisis,
957 482 1148 527 hortatur
1177 483 1332 528 milites
1361 490 1408 528 ut
1436 484 1603 529 hostem
1633 498 1787 542 vagum
1816 498 1959 543 neque
1988 484 2085 543 paci

292 563 366 600 aut
393 556 559 614 proelio
590 565 806 615 paratum,
850 558 929 602 sed
958 558 1183 617 perfidiam
1214 565 1257 603 et
1285 559 1498 617 ignaviam
1526 560 1625 630 fuga
1654 560 1925 605 confitentem
1955 573 2088 604 exue-

292 638 388 675 rent
416 632 595 676 sedibus
624 633 873 692 gloriaeque
903 634 1064 692 pariter
1083 641 1126 679 et
1144 635 1334 693 praedae
1355 635 1639 680 consulerent.
1670 642 1759 680 tum
1779 635 2087 694 quadripertito

259 708 503 761 sexercitu,
548 708 628 753 hos
666 709 710 752 in
739 709 998 754 testudinem
1028 710 1304 769 conglobatos
1335 710 1585 756 subruendo
1613 711 1724 756 vallo
1754 712 1934 764 inducit,
1981 710 2088 755 alios

292 782 430 827 scalas
472 783 699 843 moenibus
736 784 990 838 admovere,
1035 785 1192 830 multos
1231 787 1453 830 tormentis
1490 786 1605 831 faces
1641 794 1684 831 et
1723 787 1867 832 hastas
1895 787 2088 831 incutere

291 858 430 902 iubet:
461 858 726 904 libritoribus
756 860 1130 920 funditoribusque
1159 861 1385 906 attributus
1414 862 1547 915 locus,
1576 862 1692 907 unde
1712 863 1880 907 eminus
1910 862 2088 920 glandes

290 940 558 993 torquerent,
591 950 646 981 ne
677 950 763 995 qua
787 951 889 995 pars
910 937 1151 982 subsidium
1170 937 1463 982 laborantibus
1483 938 1614 983 ferret
1631 939 1724 997 pari
1745 939 1936 997 undique
1957 945 2087 982 metu.

290 1015 432 1054 tantus
474 1010 575 1056 inde
620 1011 752 1056 ardor
790 1013 990 1057 certantis
1021 1014 1233 1058 exercitus
1264 1013 1356 1065 suit,
1398 1021 1445 1058 ut
1473 1014 1583 1059 intra
1611 1015 1775 1060 tertiam
1806 1015 1892 1059 diei
1922 1012 2088 1073 partem

239 1098 278 1130 ⁴0
290 1087 436 1132 nudati
466 1088 856 1146 propugnatoribus
886 1089 1016 1141 muri,
1056 1089 1203 1134 obices
1233 1096 1454 1148 portarum
1484 1090 1703 1143 subversi,
1747 1097 1871 1149 capta
1900 1103 2086 1134 escensu

289 1163 552 1208 munimenta
581 1178 820 1223 omnesque
850 1164 1040 1223 puberes
1070 1165 1267 1210 trucidati
1299 1166 1401 1218 sint,
1435 1165 1550 1210 nullo
1572 1166 1704 1211 milite
1727 1166 1904 1219 amisso,
1936 1166 2086 1224 paucis

289 1239 522 1284 admodum
551 1239 796 1285 vulneratis.
843 1247 885 1284 et
913 1240 1071 1285 inbelle
1098 1241 1251 1299 vulgus
1282 1241 1364 1285 sub
1395 1255 1555 1286 corona
1575 1242 1888 1295 venundatum;
1921 1241 2088 1300 reliqua

287 1315 451 1373 praeda
489 1316 725 1361 victoribus
762 1318 904 1362 cessit.
963 1317 1055 1375 pari
1095 1317 1265 1361 fortuna
1301 1317 1467 1375 legatus
1507 1331 1558 1362 ac
1599 1318 1840 1376 praefectus
1875 1317 1942 1362 usi
1976 1323 2085 1370 sunt,

285 1391 511 1451 tribusque
550 1406 636 1436 una
675 1392 747 1437 die
785 1392 971 1438 castellis
1002 1393 1257 1452 expugnatis
1287 1401 1432 1438 cetera
1461 1399 1626 1438 terrore
1656 1401 1700 1438 et
1727 1393 1810 1438 alia
1840 1399 1997 1452 sponte
2023 1393 2088 1437 in-

237 1478 274 1508 ⁴5
287 1467 478 1512 colarum
509 1469 551 1511 in
581 1468 846 1513 deditionem
874 1469 1114 1513 veniebant.
1147 1469 1261 1513 unde
1283 1476 1375 1513 orta
1394 1468 1553 1514 fiducia
1574 1476 1702 1528 caput
1731 1469 1868 1527 gentis
1890 1471 2087 1513 Artaxata

287 1544 580 1602 aggrediendi.
612 1559 693 1590 nec
722 1551 865 1590 tamen
894 1545 1090 1603 proximo
1120 1545 1273 1589 itinere
1293 1545 1448 1590 ductae
1477 1545 1689 1603 legiones,
1721 1559 1835 1604 quae
1856 1545 1893 1589 si
1914 1558 2086 1590 amnem

284 1621 469 1672 Araxen,
502 1621 577 1679 qui
607 1623 778 1665 moenia
808 1620 943 1673 alluit,
975 1627 1106 1679 ponte
1138 1620 1551 1679 transgrederentur,
1584 1620 1665 1665 sub
1696 1620 1827 1665 ictum
1849 1620 2084 1665 dabantur:

285 1695 436 1754 procul
466 1702 508 1740 et
533 1695 755 1741 latioribus
780 1696 901 1741 vadis
926 1696 1146 1741 transiere.
1193 1697 1274 1753 (40)
1306 1704 1348 1740 at
1369 1696 1577 1741 Tiridates
1605 1695 1771 1755 pudore
1792 1703 1834 1740 et
1852 1703 1982 1749 metu,
2014 1710 2082 1750 ne,

284 1771 321 1816 si
351 1772 640 1817 concessisset
669 1771 861 1825 obsidio,
893 1772 995 1815 nihil
1025 1772 1119 1831 opis
1149 1772 1192 1815 in
1223 1772 1317 1830 ipso
1345 1771 1574 1824 videretur,
1607 1773 1643 1816 si
1672 1772 1931 1831 prohiberet,
1961 1772 2085 1831 inpe-

233 1848 382 1892 zoditis
412 1847 519 1893 locis
549 1862 686 1906 seque
716 1854 759 1892 et
788 1854 1014 1907 equestres
1045 1849 1192 1906 copias
1219 1847 1415 1906 illigaret,
1448 1848 1593 1892 statuit
1610 1854 1830 1906 postremo
1851 1847 2081 1893 ostendere

283 1924 421 1969 aciem
450 1930 493 1969 et
522 1923 622 1968 dato
652 1923 724 1968 die
752 1924 966 1982 proelium
995 1924 1205 1982 incipere,
1238 1923 1306 1968 vel
1336 1923 1606 1967 simulatione
1625 1923 1751 1982 fugae
1777 1923 1921 1969 locum
1942 1922 2081 1968 fraudi

279 2014 449 2059 parare.
495 2000 623 2058 igitur
653 2006 831 2058 repente
860 2013 1014 2057 agmen
1042 2001 1279 2044 Romanum
1308 2000 1627 2053 circumfundit,
1671 2014 1758 2044 non
1786 2000 1935 2059 ignaro
1966 2000 2079 2045 duce

280 2083 449 2127 nostro,
481 2076 555 2134 qui
585 2075 681 2120 viae
711 2076 872 2134 pariter
901 2082 944 2120 et
972 2090 1143 2134 pugnae
1174 2082 1477 2134 composuerat
1497 2076 1744 2121 exercitum.
1774 2075 1907 2121 latere
1927 2075 2078 2120 dextro

280 2152 405 2197 tertia
423 2151 552 2210 legio,
576 2151 748 2196 sinistro
769 2158 889 2196 sexta
909 2150 1147 2204 incedebat,
1165 2151 1319 2196 mediis
1340 2151 1663 2197 decimanorum
1683 2151 1883 2206 delectis;
1904 2157 2078 2210 recepta

290 295 375 341 420

346 2299 378 2332 3.
401 2298 532 2340 praelio
554 2298 589 2332 M
614 2317 650 2323 —-
675 2301 852 2332 eoesuerent
873 2299 909 2333 M
933 2316 969 2321 -
994 2297 1028 2331 4.
1048 2298 1176 2339 praede
1197 2299 1232 2332 M
1251 2316 1286 2322 —
1311 2298 1343 2331 7.
1369 2297 1575 2331 libritoribus
1596 2298 1648 2332 M:
1674 2296 1890 2330 librator-ibus
1911 2297 2078 2331 Piohena.

284 2373 320 2379 —
346 2355 379 2388 8.
403 2358 492 2388 metu
513 2354 671 2397 Lipsius:
700 2358 793 2387 motu
815 2355 849 2388 M
875 2372 910 2378 —
942 2354 996 2387 40.
1021 2355 1156 2388 nudatis
1177 2355 1212 2389 M
1237 2372 1272 2378 —
1307 2354 1359 2387 42.
1385 2355 1577 2387 ammodum
1599 2354 1633 2388 M
1659 2371 1695 2377 —
1728 2354 1781 2387 45.
1805 2353 1899 2395 capti
1925 2361 2016 2386 corr.
2042 2353 2079 2386 in

280 2412 402 2452 capitis
423 2412 457 2445 M
482 2428 518 2434 —
546 2410 598 2443 46.
625 2411 721 2444 ducte
742 2411 776 2445 M
802 2428 838 2434 —
865 2411 918 2443 47.
944 2409 1057 2443 araxe
1082 2411 1115 2444 M
1142 2429 1176 2434 —
1201 2411 1313 2443 menia
1335 2410 1369 2444 M
1387 2428 1422 2434 —
1443 2411 1496 2444 49.
1515 2410 1639 2443 obsidio
1655 2409 1833 2444 Halmius:
1858 2409 2018 2443 obsidioni
2031 2409 2077 2444 M.

280 2467 387 2503 Multo
420 2467 642 2510 frequentius
672 2468 728 2501 est
758 2467 854 2511 apud
881 2468 1041 2501 Tacitum
1071 2475 1204 2501 nomen
1235 2467 1398 2501 obsidium
1421 2475 1530 2510 quam
1552 2467 1687 2501 obsidio.
1716 2466 1767 2500 Cf.
1793 2475 1877 2500 mox
1900 2475 1933 2500 c.
1957 2465 2014 2500 4⁴.
2041 2482 2077 2490 —

278 2524 381 2557 nichil
401 2525 435 2559 M
462 2543 496 2548 —
523 2525 577 2558 24.
596 2525 768 2567 praelium
789 2526 834 2560 M.

281 2650 451 2684 Cornelius
471 2651 612 2683 Flaccus
641 2649 777 2692 legatus
800 2653 1021 2684 memoratus
1045 2652 1151 2685 esset.
1204 2650 1391 2686 libratores
1414 2660 1498 2685 saxa
1522 2652 1558 2684 et
1579 2650 1701 2683 trabes
1725 2649 1885 2683 ferratas.
1911 2648 1963 2683 Cf.
1988 2649 2076 2683 Hist.

280 2702 414 2734 Ruricii.
455 2700 620 2734 Similiter
649 2703 833 2743 promotus
864 2703 919 2735 est
948 2701 1155 2735 Aufidienus
1204 2703 1237 2742 5,
1264 2703 1323 2735 47:
1347 2703 1442 2735 saoeis
1462 2700 1703 2744 glandibusque
1725 2704 1756 2734 et
1773 2700 1889 2733 ceteris
1904 2699 2081 2733 missilibus

280 2751 388 2785 Rufus
404 2751 447 2793 (4,
465 2751 538 2791 20):
564 2752 622 2784 diu
640 2751 876 2793 manipulari&
901 2753 976 2787 dein
990 2753 1152 2794 centurio,

278 2810 360 2834 moa:
382 2801 502 2834 castris
518 2802 721 2843 praefectus.
743 2821 779 2825 —
795 2803 834 2835 in
856 2803 1051 2836 testudinem
1073 2812 1155 2835 cou-

277 2851 444 2894 ylobatos]
475 2852 592 2884 Livius
613 2851 675 2892 44,
701 2852 721 2884 9
746 2851 791 2885 de
815 2851 952 2885 ludicro
976 2853 1151 2886 circensi:

278 2903 411 2936 iuvenes
440 2902 567 2935 armati
597 2903 697 2934 scutis
725 2912 826 2943 super
854 2904 970 2944 capita
995 2904 1152 2944 densatis,

277 2953 441 2986 stantibus
457 2952 593 2994 primis,
618 2953 769 2985 secundis
783 2953 1059 2994 submissioribus,
1084 2957 1155 2986 ter-

278 3003 332 3035 tiis
360 3002 469 3044 mayis
499 3005 529 3035 et
559 3003 709 3044 quartis,
737 3004 913 3043 postremis
943 3004 1044 3036 etiam
1066 3012 1156 3046 yenu

277 3052 369 3092 nisis,
385 3051 592 3094 fastigatum,
616 3053 702 3084 sicut
717 3055 803 3085 tecta
819 3053 1047 3094 aedificiorum
1063 3056 1151 3093 sunt,

277 3103 470 3136 testudinem
490 3102 668 3144 faciebant.
698 3120 733 3126 —
763 3102 950 3136 subruendo
971 3104 1074 3146 vallo]
1098 3103 1150 3137 Cf.

277 3153 365 3187 Hist.
391 3154 430 3194 2,
462 3154 527 3186 22:
562 3153 765 3195 legionarius
799 3153 919 3194 pluteis
948 3158 979 3187 et
1006 3154 1154 3187 cratibus

276 3206 379 3236 tectus
401 3203 530 3236 subruit
551 3212 676 3237 muros.
706 3221 742 3227 -
776 3203 981 3236 libritoribus
1002 3206 1152 3246 fundito-

275 3252 441 3296 ribusque]
466 3253 554 3286 Vide
579 3252 623 3286 ad
646 3254 687 3292 2,
711 3253 766 3286 20.
796 3270 831 3276 —
862 3253 1012 3296 ytandes]
1037 3254 1152 3287 brevi-

276 3303 357 3335 tatis
391 3311 496 3336 causa
532 3311 598 3345 pro
629 3303 755 3345 quovis
787 3301 973 3335 missilium
1002 3311 1148 3344 genere,

276 3351 406 3392 quibus
422 3353 474 3384 uti
489 3351 661 3385 solebant.
689 3350 840 3384 Glandes
853 3351 948 3383 enim
962 3351 1149 3393 plumbeas

276 3401 466 3442 (interdum
501 3411 584 3435 cum
616 3402 845 3444 inscriptione
879 3401 1008 3434 ROMA.
1035 3402 1144 3435 FERI.

274 3451 403 3484 Inscrr.
429 3452 518 3485 Latt.
543 3460 579 3486 n.
605 3450 701 3494 4932)
726 3450 915 3485 mittebant
936 3450 1147 3494 fundItores,

1198 2752 1366 2793 proelium
1381 2753 1551 2793 incipitur.
1577 2749 1714 2784 Sallust.
1730 2750 1878 2792 1ug.57:
1903 2759 1987 2792 pars
2000 2750 2080 2784 onii-

1203 2811 1267 2835 nus
1280 2802 1402 2844 alaude
1417 2805 1478 2835 aut
1493 2801 1658 2842 lapidibus
1670 2809 1834 2843 puqnare.
1855 2819 1891 2824 —
1913 2800 1997 2842 pari
2010 2809 2079 2833 uu-

1203 2853 1301 2894 dique
1328 2852 1431 2894 metu]
1463 2854 1569 2887 Metus
1597 2852 1672 2892 hic,
1709 2853 1747 2884 ut
1769 2859 1899 2893 saepe,
1937 2850 2079 2894 ponitur

1204 2911 1268 2945 pro
1291 2901 1450 2945 periculo
1474 2902 1571 2944 quod
1594 2902 1781 2941 metuitur:
1816 2902 1867 2934 sic
1888 2904 1995 2934 metus
2014 2901 2078 2934 lio—

1202 2953 1287 2986 stilis
1311 2954 1365 2985 est
1389 2951 1585 2994 periculum
1609 2952 1684 2985 sive
1708 2950 1879 2984 tumultus
1901 2950 1947 2984 ab
1970 2950 2079 2984 hosti-

1202 3002 1270 3035 bus
1293 3001 1485 3034 imminens
1499 3002 1590 3034 Ann.
1609 3002 1623 3034 4
1631 3002 1663 3041 2,
1681 3002 1718 3034 54
1731 3026 1739 3034 .
1762 3000 1902 3034 Sallust.
1926 3001 2001 3042 lug.
2019 2999 2074 3041 4⁴,
2097 3002 2101 3005 “

1202 3053 1234 3085 2.
1260 3052 1331 3085 Liv.
1359 3051 1413 3091 34,
1439 3051 1493 3084 23.
1537 3051 1616 3084 Pari
1645 3051 1748 3092 igitur
1775 3054 1866 3083 metu
1888 3051 1960 3084 est:
1992 3057 2077 3083 cum

1203 3110 1268 3143 par
1291 3101 1447 3142 undique
1471 3099 1670 3143 periculum
1685 3101 1885 3142 ingrueret,
1911 3100 2076 3142 quattuor

1202 3150 1307 3184 simul
1330 3151 1487 3184 hostium
1508 3149 1620 3191 globis
1638 3150 1787 3183 diversis
1802 3149 1887 3183 locis
1901 3149 2075 3192 impetum

1201 3203 1236 3234 in
1253 3210 1398 3234 murum
1413 3201 1635 3235 facientibus.
1656 3202 1780 3234 Wuiu«.
1803 3199 1942 3234 Codicis
1958 3198 2076 3232 lectio-

1201 3260 1284 3284 nem
1308 3253 1368 3293 qui
1391 3251 1544 3294 probant
1566 3252 1861 3294 interpretantur:
1891 3249 1988 3292 «pari
2010 3257 2075 3282 un-

1200 3301 1307 3343 dique
1331 3300 1414 3334 belli
1438 3300 1531 3335 mole
1557 3301 1777 3343 ingruente.»
1793 3316 1830 3323 —
1855 3302 1957 3340 caput
1969 3299 2075 3341 pontis

1198 3351 1381 3394 Artaoeata]
1414 3351 1511 3394 quod
1533 3347 1604 3394 τὴν
1627 3350 1668 3384 ἐν
1687 3347 1893 3397 Ἀρμενίας
1916 3348 2074 3395 Καρχη-

1198 3399 1293 3434 δόνα
1323 3403 1427 3434 vocat
1460 3400 1625 3434 Lucullus
1648 3399 1742 3442 apud
1775 3398 2001 3432 Plutarchum
2034 3399 2071 3431 in

1199 3453 1275 3486 eius
1299 3452 1369 3486 vita
1391 3451 1446 3494 32,
1472 3451 1555 3494 quia
1577 3448 1781 3485 Hannibalis
1803 3457 1912 3484 suasu
1930 3447 2072 3484 condita
