2254 3770
295 287 378 331 488

782 290 828 332 Ρ.
860 288 1110 333 CORNELII
1140 289 1310 334 TACITI
1341 289 1610 347 ANNALIUM

333 397 495 433 suspectis
515 396 647 426 militiae
667 397 809 433 vacatio,
835 397 908 426 aliis
928 396 1054 426 exsilia.
1093 395 1142 428 72.
1163 396 1365 434 Turpiliano,
1393 397 1539 435 Nervae,
1567 397 1714 433 Tigillino
1734 397 1959 435 triumphalia,
1984 398 2088 435 Nym-

333 447 444 484 phidio
465 448 649 477 consularia
673 447 811 483 insignia
831 447 915 478 data.
953 445 1002 478 73.
1023 446 1108 476 Nero
1128 447 1305 476 adversum
1324 455 1477 477 rumores
1497 455 1535 478 se
1555 451 1682 486 purgat.
1715 448 1871 478 Gallionis
1892 448 2086 485 periculum.

330 497 378 528 74.
400 496 455 528 SC.
476 497 518 526 ob
538 500 704 526 servatum
723 496 897 526 Neronem.
933 497 1031 534 Pugio
1051 497 1199 527 Scaevini
1221 498 1347 527 dicatus
1368 498 1435 527 lovi
1455 498 1591 529 Vindici.

368 553 464 583 Gesta
493 555 576 583 haec
603 554 696 583 annis
721 554 818 590 paulo
840 554 980 590 amplius
1001 554 1124 591 tribus,
1152 554 1183 584 C.
1204 554 1357 584 Memmio
1377 554 1501 592 Regulo
1523 555 1554 585 L.
1572 555 1721 591 Verginio
1741 555 1841 593 Rufo,
1874 555 1906 585 C.
1928 555 2087 587 Laecanio

331 603 430 636 nasso
449 604 491 636 M.
503 603 624 634 Licinio
646 603 778 641 Crasso,
799 603 833 634 Δ.
848 603 971 634 Licinio
992 603 1069 634 Silio
1087 604 1193 634 Nerva
1212 605 1254 636 M.
1264 605 1397 635 Vestino
1418 605 1520 636 Attico
1541 612 1627 636 coss.

410 871 463 928 (⁴)
486 872 653 915 Interea
674 885 751 916 rex
771 873 1024 918 Parthorum
1038 873 1275 932 Vologeses
1298 875 1478 933 cognitis
1497 875 1751 920 Corbulonis
1772 877 1902 920 rebus
1923 890 2091 934 regem-

296 961 382 1005 que
404 946 688 1005 alienigenam
708 947 916 1005 Tigranen
937 950 1159 993 Armeniae
1181 951 1438 1008 impositum,
1468 950 1593 994 simul
1615 952 1741 995 fratre
1763 952 1946 996 Tiridate
1966 951 2090 1011 pulso

296 1029 488 1081 spretum
517 1022 818 1067 Arsacidarum
856 1024 1069 1082 fastigium
1106 1026 1170 1069 ire
1211 1025 1345 1069 ultum
1383 1025 1550 1078 volens,
1594 1027 1884 1085 magnitudine
1921 1041 2091 1071 rursum

272 1099 485 1149 ⁸Romana
526 1105 569 1142 et
610 1099 796 1142 continui
841 1099 1029 1144 foederis
1074 1102 1314 1145 reverentia
1353 1101 1547 1146 diversas
1585 1102 1638 1147 ad
1672 1117 1796 1147 curas
1833 1103 2089 1154 trahebatur,

262 1180 516 1218 scunctator
546 1174 717 1232 ingenio
749 1182 791 1218 et
810 1175 1049 1220 defectione
1072 1177 1386 1236 Hyrcanorum,
1420 1178 1557 1234 gentis
1577 1177 1756 1230 validae,
1788 1178 2017 1238 multisque
2039 1192 2092 1223 ex

296 1263 350 1293 eo
380 1249 503 1294 bellis
534 1248 729 1307 illigatus.
761 1257 890 1309 atque
917 1251 1033 1294 illum
1054 1252 1302 1310 ambiguum
1323 1267 1459 1296 novus
1482 1253 1659 1311 insuper
1679 1254 1850 1297 nuntius
1872 1261 2092 1299 contume-

297 1324 378 1369 liae
408 1325 645 1369 extimulat:
683 1326 844 1384 quippe
877 1341 1080 1384 egressus
1110 1328 1308 1372 Armenia
1338 1328 1540 1386 Tigranes
1571 1328 1832 1380 Adiabenos,
1865 1330 2093 1375 contermi-

297 1415 395 1446 nam
432 1401 664 1452 nationem,
707 1401 832 1446 latius
863 1417 913 1447 ac
943 1402 1103 1454 diutius
1136 1418 1264 1462 quam
1296 1418 1374 1462 per
1404 1404 1625 1449 latrocinia
1654 1412 1916 1457 vastaverat;
1959 1405 2092 1465 idque

297 1477 507 1535 primores
538 1477 726 1534 gentium
757 1491 886 1535 aegre
916 1477 1174 1529 tolerabant,
1212 1493 1265 1523 eo
1297 1480 1623 1538 contemptionis
1654 1481 1931 1535 descensum,
1962 1488 2009 1525 ut
2036 1495 2092 1525 ne

247 1562 283 1592 to
297 1551 408 1596 duce
438 1552 615 1610 quidem
643 1554 834 1596 Romano
866 1553 1197 1607 incursarentur,
1230 1554 1307 1598 sed
1336 1556 1574 1599 temeritate
1596 1556 1759 1600 obsidis
1781 1564 1840 1600 tot
1859 1571 1938 1615 per
1957 1570 2092 1601 annos

295 1627 407 1671 inter
435 1628 648 1686 mancipia
679 1628 820 1672 habiti.
852 1630 1117 1674 accendebat
1146 1630 1339 1674 dolorem
1371 1645 1520 1675 eorum
1546 1632 1824 1681 Monobazus,
1857 1646 1986 1691 quem
2015 1647 2093 1691 pe-

296 1717 374 1747 nes
415 1703 678 1747 Adiabenum
720 1705 934 1762 regimen,
981 1706 1097 1764 quod
1139 1705 1401 1764 praesidium
1442 1713 1515 1751 aut
1553 1707 1667 1751 unde
1697 1714 1862 1765 peteret
1891 1698 2092 1765 rogitans,

298 1779 383 1823 iam
412 1779 466 1823 de
497 1780 695 1824 Armenia
735 1794 1012 1832 concessum,
1055 1782 1248 1839 proxima
1290 1782 1421 1835 trahi3
1463 1790 1506 1826 et
1545 1783 1623 1826 nisi
1665 1783 1894 1827 defendant
1931 1783 2090 1835 Parthi,

298 1854 433 1899 levius
464 1855 684 1899 servitium
715 1857 829 1914 apud
860 1858 1073 1900 Romanos
1105 1856 1261 1901 deditis
1282 1872 1411 1916 quam
1443 1859 1576 1916 captis
1608 1873 1717 1902 esse.
1760 1859 1965 1903 Tiridates
1984 1874 2093 1918 quo·

247 1941 283 1971 45
299 1944 384 1989 que
415 1931 533 1988 regni
564 1930 769 1989 profugus
800 1945 878 1990 per
907 1932 1121 1976 silentium
1148 1939 1220 1976 aut
1239 1933 1408 1978 modice
1429 1934 1651 1992 querendo
1672 1935 1842 1992 gravior
1861 1942 1973 1979 erat:
2007 1949 2089 1979 non

298 2006 412 2050 enim
442 2006 610 2064 ignavia
640 2020 792 2064 magna
822 2007 998 2065 imperia
1031 2009 1260 2062 contineri3
1290 2009 1481 2052 virorum
1510 2023 1814 2069 armorumque
1846 2010 2089 2055 faciendum

363 2153 396 2186 Ξ.
421 2153 609 2196 alientyena
630 2150 765 2196 ligram}
788 2155 822 2187 M
848 2173 883 2178 —
918 2155 1063 2195 tyridate
1087 2156 1118 2189 M
1147 2174 1181 2180 -
1213 2155 1246 2189 3.
1272 2154 1502 2199 maqnitudinb
1527 2157 1559 2190 Μ
1587 2175 1619 2181 -
1650 2157 1681 2191 4.
1707 2157 1830 2203 sederis
1853 2158 1883 2190 M
1910 2174 1945 2181 —
1973 2158 2005 2190 5.
2030 2166 2093 2198 yr-

296 2218 459 2243 camorum
483 2211 514 2243 M
541 2227 576 2233 —
603 2210 635 2243 7.
661 2213 818 2252 tyaranes
841 2212 873 2244 M
899 2229 933 2235 —
969 2212 999 2245 9.
1026 2221 1103 2255 cyre
1126 2212 1324 2245 tollerabant
1347 2214 1379 2246 M
1405 2231 1439 2236 —
1468 2212 1521 2246 ⁴4.
1548 2214 1669 2246 dedetis
1692 2215 1724 2247 M
1753 2233 1787 2238 -
1814 2214 1974 2255 tyridates
1995 2214 2029 2247 M
2053 2231 2090 2239 -

300 2267 352 2299 45.
378 2269 439 2298 aut
461 2265 673 2300 Beroaldus:
698 2268 790 2300 haud
812 2268 856 2302 M.

343 2387 375 2419 ⁴.
399 2387 530 2419 Interea
553 2387 635 2429 cet.]
664 2387 766 2419 Redit
787 2387 832 2420 ad
861 2396 983 2421 rerum
1008 2388 1170 2422 ordinem

300 2436 359 2475 ⁴4,
391 2437 433 2469 26
464 2436 638 2470 relictum.
675 2437 726 2469 Cf.
764 2438 827 2470 Dio
851 2438 911 2476 62.
938 2438 978 2470 ⁴9
1002 2447 1104 2480 seqq.
1133 2457 1167 2463 -

296 2487 480 2529 fasliyium]
507 2488 728 2520 maiestatem
750 2497 792 2520 ac
816 2490 1022 2530 potentiam.
1044 2508 1079 2514 —
1097 2499 1172 2522 con-

298 2538 384 2571 tinui
405 2538 556 2587 foederis]
583 2537 714 2570 Bellum
737 2543 898 2581 apertum
916 2538 1009 2572 inter
1026 2541 1172 2574 Parthos

300 2589 336 2621 et
359 2589 535 2620 Romanos
561 2590 640 2629 post
665 2589 925 2630 improsperum
942 2589 1025 2623 illud
1045 2592 1086 2623 M.
1105 2593 1173 2623 An-

299 2638 384 2671 tonii
406 2646 438 2670 a.
462 2647 497 2671 u.
516 2637 580 2670 7¹8
604 2637 736 2671 nullum
762 2641 900 2679 gestum
926 2643 1019 2678 erat;
1047 2641 1171 2674 foedus

300 2690 418 2721 autem
433 2688 586 2721 retertur
599 2690 753 2722 maxime
766 2690 809 2721 ad
824 2699 856 2722 a.
869 2690 943 2726 734.
960 2700 1031 2733 quo
1046 2692 1173 2725 Phraa-

299 2740 354 2772 tes
378 2740 536 2781 captivos
559 2741 595 2772 et
613 2740 708 2781 signa
726 2740 810 2773 olim
828 2742 956 2774 Crasso
973 2744 1008 2774 et
1024 2744 1171 2775 Antonio

300 2788 466 2830 adempta
484 2791 639 2830 Augusto
661 2791 806 2823 remisit.
829 2808 865 2815 -
892 2792 1068 2832 desectione
1083 2794 1172 2833 Hyr-

299 2838 477 2881 canorum]
510 2839 559 2872 Cs.
588 2839 640 2877 ⁴3,
667 2840 720 2872 37.
748 2840 807 2879 ⁴4,
833 2842 887 2875 25.
916 2859 951 2865 -
978 2843 1172 2886 Adiabenos]

300 2889 482 2922 Adiabene
506 2888 588 2922 olim
605 2891 748 2931 Assyria
772 2892 863 2924 inter
888 2893 1019 2932 Lycum
1045 2896 1079 2926 et
1103 2894 1172 2926 Ca-

300 2948 404 2982 prum
429 2940 479 2977 ss..
513 2948 606 2972 nunc
637 2940 761 2980 Botan,
796 2950 877 2983 pars
902 2944 1056 2983 regionis
1081 2944 1172 2976 Kur-

300 2991 422 3023 distan.
450 2990 501 3023 ci.
528 2990 581 3028 ⁴2,
609 2990 660 3022 ⁴3.
689 3008 725 3014 -
758 3000 860 3031 quam
885 3001 947 3032 per
977 2993 1169 3036 latrocinia]

299 3041 322 3073 i.
342 3050 374 3074 e.
395 3049 502 3083 quam
528 3041 560 3073 in
585 3039 695 3074 solitis
712 3042 972 3076 incursionibus
990 3045 1172 3077 dumtaxat

300 3091 453 3133 praedae
471 3090 666 3131 abigendae
684 3100 790 3124 causa
813 3093 959 3134 inceptis
977 3094 1051 3126 fieri
1069 3094 1168 3127 solet.

304 3159 340 3166 -
365 3140 494 3183 obsidis]
519 3141 687 3182 Tigranis.
723 3141 773 3175 Cf.
802 3141 854 3180 ⁴4.
880 3143 932 3174 26.
964 3160 997 3167 —
1026 3145 1173 3177 dolorem

299 3191 425 3233 eorum]
450 3190 554 3224 Refer
576 3191 620 3223 ad
640 3192 806 3232 primores
827 3193 993 3233 yentiumz
1024 3202 1092 3226 non
1119 3197 1173 3227 est

302 3242 395 3273 enim
421 3250 565 3274 aearum
591 3251 744 3282 rerumn,
762 3244 802 3274 ut.
816 3241 957 3275 volebat
977 3244 1168 3277 Ernestius.

304 3309 338 3316 -
366 3293 580 3335 Monobazus]
609 3293 660 3326 Ct'.
690 3294 751 3325 Dio
775 3293 830 3330 62.
855 3293 908 3325 20.
928 3293 981 3326 23.
1008 3294 1061 3331 63,
1082 3296 1110 3326 ⁴.
1133 3313 1168 3318 —

299 3341 506 3375 Adiabenum
535 3342 699 3385 reyimen]
735 3344 816 3384 post
846 3342 1000 3381 obitum,
1034 3344 1169 3385 opinor,

301 3391 422 3430 lzatisi,
458 3393 517 3434 qui
545 3401 651 3435 supra
683 3393 741 3432 ⁴2,
776 3393 816 3425 ⁴3
839 3393 1082 3426 Adiabenorum
1108 3403 1173 3426 rex

302 3440 429 3476 dicitur
458 3444 493 3478 et
524 3442 718 3478 Monobazo
756 3443 847 3486 patri
880 3443 1070 3482 successit,
1107 3443 1171 3476 etsi

1222 2388 1450 2427 Monobazus,
1477 2389 1584 2422 frater
1601 2390 1689 2429 eius,
1711 2391 1795 2422 natu
1813 2389 1925 2428 maior
1939 2389 2013 2422 suit.
2040 2389 2092 2424 Cf.

1223 2439 1362 2481 loseph.
1384 2440 1422 2472 Α.
1442 2440 1466 2472 1.
1486 2440 1540 2479 ΞΟ,
1559 2440 1591 2472 2.
1625 2441 1775 2482 losepbo
1800 2443 1890 2473 teste
1913 2439 2094 2474 Iudaicam

1222 2490 1251 2522 is
1286 2489 1489 2530 religionem
1523 2490 1765 2530 profitebatur.
1803 2508 1838 2514 -
1875 2491 1979 2523 levius
2011 2491 2093 2533 cet.]

1215 2542 1310 2583 *Ante
1335 2540 1424 2573 haec
1448 2541 1656 2582 cogitatione
1678 2540 1915 2582 supplendum
1933 2542 1988 2574 est
2002 2549 2035 2573 so
2049 2541 2096 2573 ad

1223 2592 1386 2623 Romanos
1404 2591 1623 2630 defeclurum,
1649 2600 1729 2623 nam
1751 2590 1861 2624 levius
1878 2592 1946 2624 cet.
1972 2591 2095 2624 Mono-

1223 2641 1331 2674 bazus
1363 2649 1462 2674 more
1494 2642 1728 2675 minitantium
1753 2642 1929 2683 quaedam
1953 2641 2094 2674 silentio

1222 2692 1352 2733 premit
1379 2693 1415 2723 et
1438 2691 1590 2724 obscure
1620 2693 1756 2724 tantum
1781 2691 1971 2732 significat,
2002 2700 2093 2733 quae

1222 2740 1364 2782 intelligi
1396 2750 1503 2782 quam
1529 2741 1670 2773 disertis
1693 2741 1813 2773 verbis
1837 2740 1957 2773 dicere
1982 2739 2093 2773 male-

1222 2790 1300 2829 bat,
1336 2790 1463 2823 additis
1495 2793 1613 2823 tamen
1646 2791 1740 2823 unde
1773 2790 1957 2823 consilium
1989 2799 2093 2824 suum

1223 2841 1362 2882 intelligi
1397 2844 1550 2883 posset.»
1583 2842 1724 2874 wara.
1753 2859 1788 2864 —
1821 2851 1885 2882 per
1918 2840 2092 2883 silentium]

1223 2893 1320 2924 triste
1338 2901 1419 2932 erga
1435 2891 1578 2925 fratrem
1592 2894 1784 2924 servatum.
1804 2909 1838 2915 —
1856 2892 1996 2933 gravior
2008 2890 2092 2933 erat]

1222 2944 1296 2975 Non
1313 2941 1501 2983 significat,
1526 2944 1563 2973 ut
1581 2941 1683 2982 vulgo
1701 2940 1888 2983 explicant,
1911 2941 2093 2980 molestior,

1222 2992 1307 3025 sed:
1341 2992 1469 3024 «altius
1500 2991 1752 3024 commovebat
1774 2991 1919 3024 fratrem
1945 2990 2095 3032 Vologe-

1222 3052 1333 3076 senzn
1370 3043 1394 3074 il
1423 3043 1759 3083 produisait--une
1795 3043 1988 3083 impr-assion
2018 3041 2097 3082 plus

1219 3095 1380 3134 profonda
1401 3102 1518 3126 encore
1544 3093 1739 3126 Louandre.
1774 3094 1810 3126 ln
1835 3094 1893 3131 iis,
1921 3101 2012 3135 quae
2035 3100 2094 3124 se-

1222 3146 1395 3185 quuntur.
1420 3153 1486 3175 non
1510 3144 1597 3175 <mim
1620 3146 1702 3182 cet.‚
1736 3143 1918 3184 Vologesis
1942 3141 2094 3174 medila-

1222 3194 1354 3226 tionem
1379 3195 1505 3235 exponi
1532 3195 1654 3235 putant
1680 3193 1835 3226 Burnoul'
1848 3195 1883 3225 et
1907 3191 2090 3225 Duebner:

1223 3253 1288 3284 ego
1312 3252 1394 3276 cum
1420 3245 1618 3276 Gutmanno
1643 3242 1788 3285 aliisque
1813 3243 1870 3275 hic
1886 3241 1988 3274 video
2005 3241 2093 3274 Tiri-

1223 3293 1314 3326 datis
1329 3294 1603 3327 exhortationes.
1619 3293 1748 3334 quibus
1761 3293 1902 3334 yravior
1912 3291 2094 3332 (cimil-inq-

1223 3343 1336 3384 licher)
1372 3345 1450 3375 erat
1483 3342 1685 3384 quibusque
1724 3344 1912 3384 propterea
1947 3340 2092 3374 tratrem

1224 3394 1427 3427 commovit.

1265 3445 1298 3478 2.
1331 3444 1507 3478 concilium
1532 3442 1645 3484 vocat]
1681 3441 1852 3476 nobilium
1882 3441 2091 3476 Parthorum
