2254 3770
809 290 964 335 LIBER
990 289 1059 333 XI.
1103 289 1204 347 Cap.
1234 289 1302 334 25.
1332 289 1400 334 26.
1906 286 1988 330 333

208 397 267 442 illi
309 397 405 441 finis
447 396 639 441 inscitiae
681 410 784 454 erga
827 396 1000 442 domum
1045 410 1169 440 suam
1207 396 1303 439 fuit:
1358 395 1472 440 haud
1518 393 1650 439 multo
1697 399 1796 452 post
1833 392 1991 450 flagitia

207 474 353 517 uxoris
388 486 569 517 noscere
606 466 657 517 ac
693 472 846 530 punire
885 472 1061 516 adactus
1097 478 1177 525 est,
1215 478 1261 515 ut
1290 471 1446 516 deinde
1475 470 1723 516 ardesceret
1751 469 1793 512 in
1821 467 1989 526 nuptias

206 548 404 593 incestas.

318 624 400 680 (26)
430 624 520 667 Iam
549 623 773 667 Messalina
802 623 999 667 facilitate
1028 622 1334 667 adulteriorum
1363 623 1405 665 in
1434 621 1649 666 fastidium
1667 633 1810 671 versa,
1842 618 1897 662 ad
1926 618 1990 661 in-

206 699 396 756 cognitas
425 698 624 742 libidines
653 698 913 756 profluebat,
946 713 1044 743 cum
1073 698 1268 756 abrumpi
1297 697 1680 742 dissimulationem
1699 696 1828 740 etiam
1848 694 2021 746 Silius,5

205 775 296 818 sive
326 774 437 818 fatali
467 774 716 827 vaecordia,
749 788 802 819 an
833 774 1142 818 imminentium
1168 769 1460 831 periculorum
1489 772 1728 817 remedium
1754 772 1848 830 ipsa
1876 770 1991 829 peri-

206 849 301 894 cula
343 857 478 902 ratus,
523 851 746 908 urguebat.
797 850 959 908 quippe
993 864 1079 894 non
1118 863 1171 894 eo
1209 855 1404 901 ventum,
1449 854 1496 892 ut
1533 855 1749 893 senectam
1786 846 1990 905 principis

205 926 515 984 opperirentur.
562 925 802 970 insontibus
840 925 1012 970 innoxia
1041 924 1237 978 consilia,
1279 924 1450 982 flagitiis
1487 924 1721 968 manifestis
1750 922 1991 967 subsidium

204 1001 259 1045 ab
303 1001 483 1046 audacia
521 988 764 1060 petendum.
817 1000 973 1046 adesse
1014 1001 1211 1045 conscios
1249 1000 1371 1059 paria
1400 1005 1650 1044 metuentes.
1692 1013 1740 1043 se
1769 997 1988 1049 caelibem,

205 1076 375 1129 orbum,
418 1077 575 1136 nuptiis
595 1083 657 1121 et
695 1076 939 1135 adoptando
978 1076 1221 1121 Britannico
1264 1082 1474 1134 paratum.
1524 1089 1769 1119 mansuram
1809 1073 1989 1118 eandem
2002 1082 2040 1112 ⁴0

204 1152 456 1197 Messalinae
493 1153 742 1210 potentiam,
783 1152 928 1196 addita
963 1153 1211 1204 securitate,
1255 1152 1291 1195 si
1330 1151 1630 1210 praevenirent
1665 1150 1905 1202 Claudium,
1944 1155 1992 1193 ut

205 1228 371 1272 insidiis
401 1228 634 1280 incautum,
667 1229 725 1272 ita
753 1228 842 1272 irae
875 1242 1121 1286 properum.
1166 1228 1355 1286 segniter
1385 1241 1463 1272 eae
1492 1241 1622 1272 voces
1652 1232 1874 1285 acceptae,
1906 1239 1992 1269 non

205 1317 352 1348 amore
392 1304 435 1347 in
473 1304 689 1355 maritum,
730 1304 809 1348 sed
848 1318 902 1348 ne
937 1303 1064 1348 Silius
1094 1317 1260 1347 summa
1289 1303 1471 1361 adeptus
1501 1309 1727 1361 sperneret
1754 1301 1993 1346 adulteram

207 1379 437 1437 scelusque
466 1379 578 1423 inter
607 1380 806 1438 ancipitia
834 1379 1061 1437 probatum
1088 1379 1204 1423 veris
1233 1393 1331 1423 mox
1360 1379 1509 1437 pretiis
1538 1378 1795 1423 aestimaret.
1836 1392 1992 1422 nomen

205 1461 347 1499 tamen
391 1455 646 1499 matrimonii
692 1456 935 1513 concupivit
977 1455 1032 1499 ob
1069 1454 1404 1513 magnitudinem
1448 1454 1665 1508 infamiae,
1711 1454 1834 1499 cuius
1878 1453 1993 1513 apud
2005 1458 2042 1489 ⁴⁶

205 1530 410 1589 prodigos
449 1531 679 1575 novissima
708 1531 904 1589 voluptas
935 1537 1010 1574 est.
1066 1545 1146 1575 nec
1179 1530 1289 1574 ultra
1319 1537 1541 1588 expectato
1571 1544 1699 1589 quam
1730 1530 1834 1574 dum
1862 1530 1994 1575 sacri-

205 1605 291 1651 ficii
322 1607 456 1664 gratia
486 1606 688 1651 Claudius
719 1607 881 1651 Ostiam
911 1606 1275 1665 proficisceretur,
1318 1613 1470 1650 cuncta
1498 1607 1743 1665 nuptiarum
1772 1606 1995 1651 sollemnia

236 1804 242 1806 ⁴
269 1766 302 1799 2.
328 1768 375 1798 est
394 1765 616 1808 Nipperdey:
643 1773 714 1798 om.
731 1765 765 1799 M
785 1783 820 1788 —-
839 1764 871 1798 4.
888 1764 972 1807 Iam]
997 1764 1134 1799 «Malim
1153 1774 1269 1798 nam.»
1286 1766 1391 1798 Baxx.
1411 1784 1446 1789 —
1466 1766 1708 1798 adulteriorum
1723 1765 1779 1799 ed.
1797 1766 1991 1809 Spirensis:

204 1821 431 1855 adulterorum
454 1823 487 1856 M
505 1838 540 1845 —
560 1823 593 1854 5.
617 1821 738 1863 abrupi
759 1822 865 1863 pr.-M
883 1838 919 1845 —
947 1821 978 1854 6.
995 1822 1154 1855 uecordia
1169 1823 1203 1856 Μ
1221 1840 1255 1846 —
1275 1823 1306 1854 7.
1331 1825 1496 1855 senectam
1510 1822 1676 1863 principis
1697 1823 1929 1864 opperirentur
1944 1824 1992 1856 G:

203 1882 333 1913 senecta
351 1889 405 1921 pr.
423 1880 631 1921 opperiretur
650 1880 701 1919 M;
726 1883 889 1913 senectam
908 1889 963 1921 pr.
981 1880 1190 1921 opperiretur
1203 1878 1374 1913 Halmius.
1390 1898 1434 1904 —-
1450 1879 1482 1912 9.
1502 1879 1609 1921 paria
1623 1878 1852 1914 Puteolanus:
1871 1876 1994 1921 patria

203 1936 239 1969 M
263 1953 299 1960 —
326 1936 378 1969 40.
403 1935 602 1969 brittannico
625 1937 659 1970 M
691 1953 728 1960 —
765 1937 820 1969 Μ.
843 1936 1016 1970 messaline
1037 1937 1189 1978 potentia
1214 1937 1248 1970 M
1283 1954 1317 1961 -
1357 1936 1411 1969 42.
1435 1936 1574 1969 incautu
1603 1937 1638 1970 M
1673 1953 1710 1960 —-
1745 1939 1874 1978 accepte
1895 1937 1930 1971 Μ
1954 1943 1991 1961 -’

205 1993 258 2026 43.
282 1993 410 2026 mar-itu
431 1994 467 2028 M
490 2011 526 2017 —
553 1993 606 2027 ⁴4.
627 1992 708 2036 filiis
730 1995 898 2027 estimaret
919 1995 953 2029 M
977 2012 1013 2017 —-
1040 1994 1093 2027 ⁴5.
1109 1994 1339 2036 maynitudine
1360 1994 1394 2028 M
1419 2011 1454 2017 —
1482 1993 1535 2027 ⁴6.
1560 1993 1610 2026 ult
1631 2001 1696 2035 pro
1718 1993 1812 2026 ultra
1833 2001 1888 2035 pr.
1906 1993 1940 2027 M
1955 2010 1992 2017 --

203 2049 245 2083 In
265 2052 440 2092 expectato
461 2050 576 2092 prima
599 2048 737 2092 syllaba
761 2059 805 2083 ex
828 2051 1050 2084 correctione
1075 2051 1129 2084 est
1151 2051 1188 2083 in
1209 2051 1243 2085 M
1268 2067 1304 2074 —
1332 2050 1386 2083 47.
1409 2050 1551 2083 hostiam
1572 2050 1618 2084 M.

205 2182 257 2215 sia
281 2181 443 2215 Caesaris
465 2181 563 2214 iussu
585 2181 621 2214 in
642 2190 749 2214 usum
774 2182 1003 2224 praesentem
1026 2181 1077 2214 di-

206 2232 256 2264 cis
286 2240 394 2264 causa
422 2230 491 2264 lata
516 2233 570 2264 est
596 2240 617 2264 a
641 2231 679 2264 C.
706 2232 846 2272 Cassio,
878 2231 968 2265 illius
991 2233 1075 2265 tunc

1125 2181 1326 2215 cassiodori
1346 2180 1446 2215 locus
1464 2182 1500 2215 in
1517 2181 1575 2215 ed.
1592 2179 1746 2214 Roncall.
1764 2189 1799 2223 p.
1818 2180 1882 2214 ⁴93
1898 2188 1998 2213 man-

1125 2241 1190 2266 cus
1214 2234 1278 2266 est.

205 2281 340 2322 amico,
365 2282 487 2323 postea
510 2281 748 2322 interfectore,
773 2282 812 2314 ut
827 2281 910 2314 olim
925 2291 944 2314 a
961 2281 1074 2315 Sullae

206 2331 342 2364 assecla
364 2331 421 2364 lex
442 2331 591 2364 Valeria.
619 2349 652 2355 —-
680 2332 749 2374 leye
771 2332 906 2374 Saenia]
931 2333 995 2365 Dio
1018 2333 1073 2373 52,

206 2381 248 2415 42
271 2382 367 2415 hunc
389 2382 617 2424 patriciorum
642 2380 810 2415 dilectum
827 2382 963 2415 confert
985 2383 1021 2415 in
1040 2391 1071 2415 a.

206 2439 242 2464 u.
267 2432 350 2464 725:
375 2429 420 2464 τό
435 2441 476 2464 τε
497 2429 572 2464 τῶν
595 2427 828 2479 εὐπατριδῶν
850 2433 961 2476 γένος
983 2442 1076 2466 συν-

207 2479 418 2524 samaeas,
449 2480 519 2525 τῆς
548 2480 695 2525 βουλῆς
724 2482 765 2515 οἱ
793 2481 910 2526 δῆθεν
932 2482 1076 2530 ἐπιτρε-

205 2530 345 2574 ψάσης
359 2530 474 2566 τοῦτο
489 2531 663 2575 ποιῆσαι,
685 2531 767 2566 ἐπεὶ
781 2530 826 2565 τό
840 2542 883 2577 γε
898 2531 1075 2566 πλεῖστον

206 2577 396 2615 ἀπολώλει
428 2580 550 2623 σφῶν.
593 2582 745 2624 Legibus
776 2584 861 2616 tunc
889 2585 1031 2617 nomina
1055 2592 1076 2616 a

207 2632 430 2673 consulibus;
457 2634 493 2666 et
515 2631 638 2666 consul
661 2633 830 2667 suffectus
851 2635 978 2676 prioris
994 2635 1075 2667 anni

205 2683 244 2716 L.
275 2684 421 2716 Saenius
449 2683 485 2716 in
519 2683 771 2716 monumentis.
797 2684 883 2716 Lirs.
919 2685 1072 2717 Menum.

206 2732 337 2773 Ancyr.
362 2733 399 2765 T.
424 2733 471 2773 II,
498 2733 536 2765 ⁴:
561 2733 784 2766 patriciorum
802 2742 978 2766 numerum
992 2735 1078 2766 auxi

205 2783 322 2815 consul
343 2783 495 2824 quintum
510 2783 554 2824 (a.
573 2791 607 2815 u.
626 2783 700 2823 725)
725 2784 816 2816 iussu
833 2784 950 2825 populi
972 2787 1004 2817 et
1024 2792 1076 2817 se-

205 2836 317 2866 natus.
345 2851 381 2857 —
405 2842 518 2867 recens
538 2834 717 2876 repertam]
741 2834 786 2867 ab
810 2836 977 2876 Augusto.
1010 2836 1075 2869 Dio

206 2883 268 2923 52,
292 2882 353 2915 42:
377 2880 538 2925 τούτους
561 2878 631 2918 οὖν
653 2880 756 2926 (τοὺς
770 2881 995 2927 βουλευτὰς)
1018 2883 1076 2918 ἐκ·

206 2936 333 2979 κρῖναι
354 2932 562 2977 βουληθεὶς
577 2931 694 2976 αὐτὸς
709 2934 780 2978 μὲν
797 2932 935 2968 οὐδένα
950 2931 1076 2968 αὐτῶν

207 2980 414 3027 ἀπήλειψε,
432 2983 748 3033 προτρεψάμενος
764 2984 805 3019 δὲ
823 2984 928 3027 σφᾶς
947 2986 991 3020 ἐκ
1006 2986 1074 3020 τοῦ

209 3032 430 3076 συνειδότος
461 3035 531 3069 τοῦ
565 3046 606 3069 τε
638 3037 774 3080 γένους
803 3038 868 3070 καὶ
894 3035 962 3070 τοῦ
985 3036 1075 3077 βίου

208 3082 394 3126 δικαστὰς
434 3084 587 3128 ἑαυτοῖς
623 3087 803 3130 γενέσθω
840 3084 1076 3130 πεντήκοντά

208 3143 283 3168 που
305 3130 457 3168 ἔπεισεν
479 3133 682 3178 ἐθελοντὰς
697 3135 879 3180 ἐκστῆναι
897 3135 966 3170 τοῦ
984 3146 1077 3170 συν-

209 3184 346 3233 εδρίου.
380 3186 478 3219 Conf.
504 3187 646 3220 Sueton.
671 3188 758 3229 Aug.
784 3187 838 3220 35.
865 3204 901 3210 —
934 3188 1078 3220 exuendi

209 3236 345 3279 ordinis]
373 3236 424 3270 Cf.
450 3237 482 3277 3,
508 3237 567 3270 ⁴7:
600 3239 706 3269 exuta
728 3237 900 3279 dignitate.
931 3237 1017 3270 nist.
1042 3238 1075 3277 2,

209 3286 270 3319 86:
302 3287 505 3320 senatorium
534 3287 684 3319 ordinem
709 3290 861 3320 exuerat.
882 3304 918 3310 —
948 3287 1075 3320 LVIIII.

209 3334 392 3370 LXXXIIII.
406 3337 531 3379 LXXII]
550 3346 592 3370 ex
604 3338 724 3370 nostra
736 3336 872 3370 ratione
882 3336 1075 3378 5,984,072;

212 3384 277 3418 sed
298 3386 534 3429 Hieronymus
557 3387 593 3420 in
617 3387 746 3420 Chron.
764 3395 800 3429 p.
818 3386 883 3420 430
906 3386 963 3419 ed.
982 3387 1078 3420 Ron-

213 3431 292 3467 call.
305 3437 470 3470 numerat
480 3435 673 3479 6,844,009,
687 3434 872 3479 syncellus
884 3434 978 3478 &94⁴
988 3434 1076 3477 ,000.

1168 2283 1221 2315 26.
1247 2291 1314 2315 non
1336 2290 1374 2314 eo
1394 2285 1545 2322 ventum,
1569 2284 1607 2314 ut
1629 2281 1712 2324 cet.]
1738 2289 1834 2314 «non
1850 2279 1941 2313 adeo
1956 2287 1996 2312 se

1125 2333 1248 2374 inopes
1282 2341 1362 2365 esse
1397 2332 1442 2365 ad
1477 2331 1711 2364 obtinendum
1748 2331 1857 2364 finem
1891 2338 1997 2364 suum

1125 2381 1256 2425 publici
1279 2382 1494 2415 matrimonii
1517 2381 1768 2422 contrahendi,
1794 2383 1833 2413 ut
1848 2388 1996 2414 necesse

1126 2432 1193 2466 sibi
1214 2433 1305 2466 foret
1320 2432 1455 2466 Claudii
1474 2434 1628 2466 mortem
1644 2433 1864 2475 exspectare,
1890 2440 1995 2474 quae,

1126 2484 1286 2525 quamvis
1302 2492 1412 2517 senex
1427 2483 1484 2516 ille
1501 2485 1615 2524 esset,
1639 2483 1744 2516 nimis
1759 2484 1880 2516 tamen
1895 2481 1996 2515 tarde

1125 2533 1288 2566 accidere
1312 2535 1468 2575 posset.»
1495 2551 1532 2556 —-
1557 2533 1739 2566 insontibus
1759 2533 1903 2566 innoxia
1917 2541 1998 2565 con-

1124 2583 1210 2626 silia]
1236 2584 1304 2617 «iis
1319 2585 1472 2624 tantum,
1502 2584 1563 2625 qui
1578 2584 1735 2617 insontes
1751 2584 1892 2623 essent,
1917 2582 1997 2614 nul-

1125 2633 1198 2667 lum
1226 2633 1423 2676 periculum
1446 2634 1650 2674 imminere,
1682 2634 1712 2667 si
1734 2632 1828 2666 lente
1852 2633 1997 2674 agerent

1126 2686 1162 2717 et
1188 2684 1423 2726 prudentibus
1452 2684 1604 2717 consiliis
1634 2693 1674 2717 se
1696 2684 1929 2716 tutarentur.»
1956 2699 1993 2706 -—

1119 2736 1224 2776 paria
1245 2735 1439 2777 metuentes]
1470 2735 1624 2776 ideoque
1647 2734 1745 2776 paria
1768 2741 1928 2766 ausuros.
1955 2749 1991 2755 —

1126 2785 1165 2818 ob
1186 2785 1452 2827 magnitudinem
1478 2785 1638 2825 infamiae
1661 2783 1743 2825 cet.]
1768 2783 1906 2816 Scilicet
1927 2782 1996 2814 ho-

1126 2835 1281 2868 minibus
1305 2835 1465 2877 perditae
1488 2833 1646 2867 luxuriae
1668 2835 1745 2876 ipsa
1768 2834 1836 2867 infa
1878 2834 1909 2865 ia
1929 2841 1996 2865 vo—

1124 2885 1240 2928 luptas
1265 2887 1329 2918 est.
1362 2885 1414 2918 Cf.
1439 2886 1572 2917 Seneca
1596 2884 1704 2927 Epist.
1733 2885 1816 2925 ⁴22,
1840 2842 1900 2917 ¹4138:
1931 2890 1995 2915 no-

1125 2937 1197 2968 lunt
1210 2936 1310 2968 solita
1322 2944 1479 2976 peccare,
1505 2935 1622 2976 quibus
1633 2935 1794 2976 peccandi
1806 2933 1996 2975 praemium

1124 2987 1268 3028 infamia
1290 2988 1347 3018 est.
1371 2984 1488 3018 Valet.
1514 2986 1603 3019 Max.
1629 2985 1661 3025 6,
1680 2985 1700 3017 9
1717 2986 1801 3025 ext.,
1821 2986 1855 3017 l:
1878 2983 1995 3025 perdi-

1126 3039 1180 3068 tae
1202 3036 1362 3068 luxuriae
1382 3035 1514 3068 Athenis
1537 3035 1726 3068 adulescens
1742 3035 1870 3067 Polemo
1891 3042 1996 3074 neque

1125 3086 1296 3119 inlecebris
1324 3086 1394 3118 eius
1422 3086 1668 3126 tantummodo,
1703 3085 1758 3117 sed
1787 3085 1888 3117 etiam
1919 3084 1996 3125 ipsa

1126 3137 1269 3178 infamia
1282 3137 1442 3178 ¹qaudens.
1463 3154 1499 3160 -
1520 3135 1690 3177 prodigos]
1711 3135 1745 3166 in
1762 3142 1866 3167 omne
1882 3142 1994 3176 genus

1127 3186 1319 3228 flagitiosae
1342 3185 1530 3229 voluptatis
1554 3186 1703 3225 effusos,
1730 3183 1841 3225 qualis
1860 3186 1937 3217 erat
1952 3185 1993 3218 C.

1128 3237 1250 3277 Curio,
1276 3245 1383 3278 quem
1406 3235 1559 3268 Velleius
1575 3236 1613 3275 2,
1639 3234 1681 3267 48
1703 3242 1783 3266 suae
1804 3233 1997 3276 alienaeque

1127 3288 1159 3318 et
1178 3286 1334 3328 fortunae
1355 3289 1386 3319 et
1409 3286 1594 3328 pudicitiae
1609 3284 1791 3325 prodiyum
1811 3285 1927 3318 vocat.
1954 3302 1991 3308 —

1126 3337 1282 3379 sacrificii
1296 3336 1422 3379 qratia]
1447 3338 1559 3369 Immo
1574 3335 1626 3366 rei
1647 3333 1896 3367 frumentariae
1913 3343 1995 3377 gra-

1127 3386 1192 3427 tia,
1217 3387 1265 3419 ait
1286 3387 1350 3420 Dio
1373 3387 1428 3427 60,
1453 3385 1512 3424 3⁴3
1545 3383 1649 3416 animi
1669 3385 1702 3416 et
1726 3383 1869 3424 pelicum
1891 3393 1996 3417 causa

1126 3434 1288 3470 Aurelius
1302 3435 1423 3469 Victor
1438 3434 1483 3468 de
1499 3433 1620 3467 Caess.
1637 3431 1671 3466 4.
1696 3432 1768 3466 Sed
1781 3433 1994 3468 sacrificium
