2254 3770
737 279 892 323 LIBER
922 279 991 322 III.
1041 279 1141 336 Cap.
1173 279 1240 322 60.
1271 278 1340 324 64.
1368 279 1436 323 62.
1891 277 1965 320 494

188 387 320 431 nitos:
360 399 459 431 esse
487 392 590 443 aput
619 400 667 430 se
698 386 968 430 Cenchreum
996 399 1185 435 amnem,
1211 385 1368 430 lucum
1398 386 1637 446 Ortygiam,
1667 386 1741 429 ubi
1772 387 1975 429 Latonam

188 468 312 520 partu
342 461 560 519 gravidam
590 468 633 505 et
661 461 800 511 oleae,
836 475 950 519 quae
978 467 1067 504 tum
1097 461 1226 504 etiam
1253 469 1442 512 maneat,
1483 461 1678 506 adnisam
1707 461 1896 505 edidisse
1925 473 1977 503 ea

188 537 383 590 numina3
414 537 684 595 deorumque
704 537 866 581 monitu
886 543 1099 581 sacratum
1117 551 1284 580 nemuS.
1329 544 1457 595 atque
1477 537 1618 595 ipsum
1637 536 1723 580 illic
1740 535 1978 594 Apollinem

186 619 285 671 post
325 612 570 657 interfectos
611 612 822 671 Cyclopas
863 612 975 656 Iovis
1015 613 1122 655 iram
1160 612 1374 656 vitavisse.
1421 626 1518 656 mox
1557 603 1760 656 Liberum
1798 617 1975 670 patrem,

186 688 301 732 bello
321 688 543 738 victorem,
575 687 842 746 supplicibus
864 689 1138 738 Amazonum,
1169 701 1282 745 quae
1306 701 1429 731 aram
1459 688 1717 738 insederant,
1748 687 2009 745 ignovisse.⁵

187 770 357 808 auctam
375 763 476 807 hinc
495 777 707 807 concessu
722 762 931 813 Herculis,
955 777 1053 807 cum
1067 762 1205 822 Lydia
1224 769 1452 820 poteretur,
1476 763 1781 807 caerimoniam
1798 761 1978 820 templo;

188 853 332 898 neque
351 841 581 891 Persarum
605 839 774 882 dicione
804 837 1071 882 deminutum
1099 839 1179 881 ius.
1225 844 1323 895 post
1349 838 1618 890 Macedonas,
1650 838 1749 882 dein
1779 852 1859 881 nos
1888 851 1981 881 ser-

187 915 370 959 vavisse.
415 915 497 972 (62)
527 914 708 972 proximi
738 914 818 957 hos
848 914 1066 971 Magnetes
1096 914 1140 956 L.
1173 913 1386 970 Scipionis
1416 920 1459 957 et
1494 915 1536 957 L.
1570 913 1714 957 Sullae
1743 913 1980 958 constitutis

188 989 449 1039 nitebantur,
489 1003 676 1048 quorum
704 988 775 1032 ille
805 987 1013 1032 Antiocho
1042 987 1112 1032 hic
1142 987 1380 1032 Mithridate
1409 988 1547 1046 pulsis
1576 988 1707 1032 fidem
1738 995 1867 1047 atque
1895 989 1982 1032 vir-

188 1071 322 1110 tutem
351 1066 591 1123 Magnetum
623 1064 906 1114 decoravere,
945 1063 1005 1106 uti
1043 1064 1207 1107 Dianae
1244 1063 1612 1123 Leucophryenae
1646 1064 1888 1122 perfugium
1917 1064 2031 1109 in-io

189 1140 388 1185 violabile
418 1140 539 1184 foret.
580 1138 938 1198 Aphrodisienses
972 1137 1151 1197 posthac
1181 1145 1224 1182 et
1253 1139 1595 1183 Stratonicenses
1625 1139 1844 1184 dictatoris
1875 1140 1982 1184 Cae-

255 1256 289 1289 4.
305 1256 499 1289 cenchrem
520 1256 569 1288 M:
594 1255 787 1289 Cenchrium
801 1253 1014 1294 Beroaldus;
1041 1255 1076 1286 at
1091 1253 1135 1287 cf.
1152 1253 1392 1288 Alexandrum
1406 1253 1570 1288 Aetolum
1593 1263 1650 1297 ap.
1668 1254 1824 1289 Macrob.
1842 1255 1982 1288 Saturn.

191 1312 224 1353 5,
248 1312 292 1346 22
315 1313 538 1355 (Meinekium
553 1322 588 1355 p.
606 1313 671 1345 225
687 1313 724 1345 et
738 1312 833 1354 229);
860 1307 886 1355 ἢ
900 1313 931 1344 ‘c’
948 1311 1010 1345 ἐπὶ
1025 1311 1236 1358 Κεγχρείῳ
1258 1312 1386 1354 τίμιον
1402 1308 1512 1344 οἷκον
1530 1307 1624 1351 ἔχει.
1644 1330 1681 1336 -
1699 1314 1811 1345 lucum
1826 1299 1981 1354 Lipsius:

191 1369 300 1402 locum
321 1370 356 1403 M
377 1388 414 1393 —
440 1371 599 1412 ortiyiam
612 1370 647 1403 M
665 1387 699 1393 —
725 1369 758 1401 2.
775 1369 954 1411 gravidam
983 1369 1012 1401 ei
1034 1369 1126 1401 oleae
1147 1367 1427 1410 Bezzenberger.
1447 1386 1484 1391 —
1510 1370 1542 1402 5.
1566 1369 1752 1401 insiderant
1766 1369 1818 1408 M;
1844 1368 1888 1401 cf.
1906 1376 1982 1400 var.

191 1423 272 1458 lect.
298 1425 344 1458 ad
363 1427 395 1467 4,
418 1426 472 1459 30.
498 1444 530 1449 -
557 1426 588 1458 6.
613 1426 688 1458 hine
709 1434 771 1458 con
795 1424 943 1467 (syllaba
966 1425 1076 1465 haec,
1102 1433 1194 1466 quae
1218 1426 1254 1457 in
1276 1423 1347 1457 folii
1370 1424 1440 1457 fine
1458 1426 1588 1467 scripta
1611 1427 1677 1465 est,
1702 1426 1843 1467 punctis
1866 1425 1983 1457 notata

193 1483 260 1526 est)
282 1491 435 1516 concessu
457 1482 491 1515 M
521 1500 557 1506 —
590 1482 805 1515 cerimoniam
827 1482 862 1515 M
885 1499 921 1504 —
947 1481 979 1513 8.
1002 1481 1159 1522 ,proximi
1184 1481 1242 1513 hos
1266 1480 1461 1523 (Ephesios)
1484 1482 1655 1523 Magnetes
1679 1482 1880 1515 Wurmius:
1898 1490 1985 1521 pro-

191 1541 285 1573 ximo
307 1542 480 1582 snaynetes
501 1539 550 1577 M;
577 1538 728 1579 proximi
749 1538 919 1580 Magnetes
940 1537 1213 1570 Freinshemius.
1239 1554 1276 1559 —
1306 1537 1358 1569 40.
1384 1537 1660 1578 Leucophryenae
1681 1537 1827 1578 Strabo,
1850 1539 1985 1571 Pausa—

192 1597 269 1630 nias
291 1596 343 1639 (3,
363 1595 416 1636 48,
434 1595 478 1637 9),
505 1595 609 1637 Corp.
634 1595 743 1627 Inscr.
770 1595 827 1627 Gr.
845 1603 881 1628 n.
899 1593 1004 1626 29⁴4:
1029 1594 1221 1638 leucophing
1239 1594 1295 1634 M3
1320 1594 1578 1635 Leucophrynae
1599 1594 1736 1637 Lipsius
1761 1595 1855 1637 (cum
1878 1603 1985 1628 num-

192 1654 260 1687 mis
283 1652 444 1695 aliquot);
468 1651 740 1693 Leucophryinae
761 1651 926 1684 Ritterus.
954 1668 991 1674 -
1014 1649 1195 1683 inuolabile
1215 1650 1261 1683 M.

193 1755 230 1787 in
251 1754 344 1787 arvis
365 1753 498 1793 Delius,
522 1753 658 1795 inqrato
680 1752 839 1793 Steropen
861 1752 949 1793 quod
969 1751 1066 1793 fude-

193 1808 252 1837 rat
273 1813 368 1837 arcu.
405 1804 547 1836 Servius
576 1802 622 1835 ad
650 1801 890 1844 Vergil.›Aen.
916 1802 954 1842 6,
979 1801 1062 1834 398:

193 1855 396 1896 Amphrysus
416 1854 540 1895 fluvius
560 1856 606 1885 est
630 1853 831 1892 Thessaliae,
856 1853 949 1884 circa
971 1861 1066 1892 quem

194 1905 310 1946 Apollo
332 1903 492 1945 spoliatus
514 1903 686 1935 divinitate
708 1912 731 1934 a
745 1903 820 1935 Iove
835 1902 924 1934 irato
940 1901 1067 1934 Admeti

194 1955 284 1997 repis
304 1954 399 1995 pavit
421 1956 575 1986 armenta
596 1953 687 1993 ideo,
713 1953 793 1993 quia
815 1953 982 1985 occiderat
1002 1952 1067 1992 Cy-

195 2005 327 2046 clopas,
350 2003 570 2046 fabricatores
591 2003 786 2044 fulminum,
812 2002 930 2044 quibus
951 2002 1068 2035 Aescu-

198 2055 308 2097 lapius
340 2054 520 2088 exstinctus
551 2056 620 2093 est,
654 2052 815 2094 Apollinis
844 2053 951 2095 filius,
987 2052 1069 2092 quia

198 2106 412 2147 Hippolytum
440 2104 482 2137 ab
509 2104 626 2145 inferis
646 2104 824 2136 herbarum
841 2103 991 2145 potentia
1012 2112 1069 2136 re-

195 2158 386 2189 vocaverat.
415 2172 451 2179 —
475 2153 694 2196 Amazonum]
725 2156 875 2187 Pausan.
900 2154 933 2194 7,
957 2154 997 2195 2,
1023 2153 1065 2186 4ε

198 2202 245 2240 οὐ
271 2205 395 2239 πάντα
408 2214 451 2249 γε
465 2201 513 2237 τὰ
529 2204 568 2246 ἐς
585 2201 655 2246 τὴν
670 2202 764 2237 θεὸν
781 2205 939 2246 (Dianam
955 2204 1070 2246 Ephe-

197 2257 304 2298 siam)
340 2254 523 2296 ἐπύθετο,
559 2253 648 2297 ἐμοὶ
682 2252 825 2295 δοκεῖν,
864 2252 1066 2301 Πίνδαρος,

198 2302 244 2348 ὃς
262 2302 468 2350 Ἀμαζόνας
489 2302 535 2338 τὸ
560 2302 663 2352 ἱερὸν
684 2300 762 2348 ἔφη
778 2303 895 2338 τοῦτο
911 2303 1069 2351 ἱδρύσα-

199 2356 296 2390 σθαι
306 2356 363 2398 (cf.
381 2356 419 2397 4,
438 2357 491 2396 34,
510 2355 541 2396 8)
562 2356 869 2402 στρατεοομένας
883 2354 946 2388 ἐπὶ
956 2352 1069 2399 Ἀθή-

200 2417 270 2448 νας
291 2416 332 2440 τε
354 2406 420 2439 καὶ
443 2405 586 2449 Θησέα.
615 2406 659 2438 αἱ
678 2404 719 2438 δὲ
740 2401 820 2438 ἀπὸ
843 2404 1070 2454 Θερμώδον-

200 2467 267 2499 τος
303 2458 481 2501 γυναΐκες
516 2451 662 2489 ῗέθυσαν
695 2455 768 2499 μὲν
804 2457 869 2490 καὶ
901 2455 989 2490 τότε
1021 2454 1067 2503 τῇ

197 2504 358 2552 Ἐφεσίᾳ
379 2505 475 2550 θεῷ,
507 2501 575 2539 ἅτε
597 2504 846 2550 ἐπιστάμεναί
867 2517 906 2540 τε
930 2507 974 2540 ἐκ
997 2517 1070 2540 πα-

201 2557 312 2592 λαιοῦ
334 2555 379 2591 τὸ
404 2554 524 2605 ἱερόν,
547 2557 614 2590 καὶ
635 2553 750 2600 ἡνίκα
767 2554 953 2605 Ἡρακλέα
972 2554 1071 2599 ἔφυ-

201 2619 291 2654 γον,
322 2609 367 2641 αἱ
391 2607 432 2641 δὲ
462 2608 527 2641 καὶ
550 2604 740 2640 Διόνυσον
761 2605 810 2640 τὰ
831 2604 889 2641 3ε’τι
910 2604 1072 2655 ἀρχαιό-

202 2668 293 2706 τερα
315 2656 471 2700 ἱκέτιδες
493 2655 662 2691 ἐνταῦθα
685 2656 882 2691 ἐλθοῦσαι.
911 2677 947 2682 -
975 2662 1072 2700 pote-

201 2709 307 2752 retur]
329 2710 381 2742 De
401 2709 468 2741 hac
487 2708 599 2741 forma
614 2707 696 2740 vide
712 2716 786 2741 var.
805 2705 886 2741 lect.
904 2708 949 2741 ad
965 2709 997 2748 2,
1015 2708 1069 2742 47.

247 2759 300 2792 62.
317 2758 497 2801 Magnetes]
522 2756 657 2790 incolae
675 2758 893 2799 Magnesiae,
918 2757 964 2790 ad
980 2759 1073 2791 Mae-

203 2808 373 2848 andrum,
406 2816 426 2839 a
450 2806 578 2849 quibus
602 2807 733 2840 diversi
756 2808 838 2840 sunt
857 2808 1027 2849 Maynetes
1050 2816 1073 2840 a

202 2858 317 2900 Sipylo
339 2859 372 2898 2,
398 2856 453 2890 47.
473 2874 509 2880 —
534 2857 573 2890 L.
591 2856 765 2899 Scipionis]
788 2858 827 2889 In
851 2857 948 2890 fastis
972 2858 1073 2899 Capi-

203 2908 319 2942 tolinis
341 2908 490 2940 vocatur
511 2907 548 2940 L.
578 2907 747 2940 Cornelius
767 2907 802 2939 P.
825 2907 850 2948 f.
874 2907 912 2940 L.
935 2917 970 2940 n.
995 2907 1072 2940 Sci-

199 2959 259 3000 pio
293 2957 351 2998 qui
379 2960 496 2997 postea
526 2956 692 2989 Asiaticus
724 2956 910 2998 appellatus
943 2960 1000 2990 est.
1033 2975 1069 2980 —

203 3007 378 3049 Antiocho]
413 3005 458 3039 ad
491 3006 707 3048 Magnesiam
745 3015 778 3038 a.
814 3015 850 3038 u.
886 3005 962 3039 564.
998 3006 1070 3039 Liv.

205 3057 260 3098 37,
285 3056 327 3089 39
351 3064 430 3097 sqq.
450 3072 486 3077 -—
510 3055 713 3098 Mithridate]
738 3064 894 3097 quocum
916 3056 954 3088 L.
980 3054 1072 3087 Sulla

205 3115 333 3150 pacem
362 3105 445 3139 fecit
473 3113 505 3137 a.
533 3114 570 3138 u.
595 3106 658 3138 670
686 3106 754 3147 ita,
787 3106 827 3137 ut
854 3104 1072 3138 Mithridates

208 3157 354 3189 cederet
390 3155 579 3198 provinciis
615 3155 697 3188 Asia
711 3180 720 3196 ‚
759 3155 939 3197 Bithynia,
981 3156 1076 3197 Cap-

209 3206 369 3248 padocia.
406 3205 496 3247 Epit.
522 3204 594 3237 Liv.
618 3203 673 3237 83.
701 3221 738 3228 —
762 3205 860 3246 fidem
886 3207 986 3244 atque
1007 3204 1076 3236 vir-

208 3259 310 3289 tutem
341 3253 551 3297 Maynetum]
590 3253 679 3295 Epit.
716 3253 790 3286 Liv.
827 3253 886 3286 8⁴:
933 3254 1075 3295 Maqne-

209 3305 278 3346 sia,
313 3313 399 3346 quae
427 3304 499 3337 sola
520 3304 556 3336 in
580 3302 662 3336 Asia
687 3303 805 3335 civitas
829 3303 865 3335 in
883 3303 949 3345 fide
973 3312 1075 3336 man-

211 3358 317 3396 serat,
351 3363 482 3387 simma
512 3354 634 3386 virtute
663 3352 820 3385 adversus
850 3352 1076 3385 Mithridatem

213 3403 345 3445 dorma
372 3406 430 3438 ost.
456 3420 494 3428 -
529 3402 663 3437 Dianae
695 3401 986 3445 Leucophrynae]
1022 3402 1073 3436 Ct'.

1115 1749 1241 1782 Strabo
1265 1749 1319 1790 44,
1345 1750 1377 1790 4,
1399 1749 1441 1783 40
1463 1759 1500 1792 p.
1518 1750 1599 1784 647:
1626 1750 1667 1784 ἑν
1689 1750 1731 1784 δὲ
1753 1750 1800 1799 τῇ
1824 1751 1893 1785 νῦν
1915 1749 1986 1786 πό-

1115 1799 1171 1833 λει
1193 1797 1239 1833 τὸ
1261 1799 1331 1843 τῆς
1345 1799 1650 1848 Λευκοφρυήνης
1671 1800 1774 1849 ἱερόν
1792 1802 1895 1836 ἐστιν
1906 1801 1986 1850 Ἀρ-

1115 1848 1268 1893 τέμιδος
1282 1876 1289 1890 ,
1316 1847 1338 1883 ὃ
1361 1849 1413 1895 τῷ
1437 1850 1509 1894 μὲν
1530 1852 1686 1896 μεγέθει
1707 1852 1776 1886 τοῦ
1799 1852 1896 1887 ναοῦ
1919 1854 1987 1887 καὶ

1115 1899 1167 1944 τῷ
1192 1899 1331 1943 πλήθει
1352 1900 1428 1934 τῶν
1451 1898 1714 1946 ἀναθημάτων
1736 1902 1903 1938 λείπεται
1916 1902 1986 1937 τοῦ

1117 1951 1157 1985 ἐν
1176 1948 1346 1995 Ἐφέσῳ,
1374 1950 1421 1999 τῇ
1445 1951 1476 1984 δ’
1501 1949 1691 2000 εὐρυθμίᾳ
1713 1955 1780 1988 καὶ
1801 1953 1848 2002 τῇ
1872 1955 1987 2002 τέχνῃ

1116 2001 1164 2049 τῇ
1188 2003 1272 2050 περὶ
1293 1999 1364 2046 τὴν
1387 2001 1631 2048 κατασκευὴν
1652 2004 1721 2038 τοῦ
1745 2004 1869 2050 σηκοῦ
1889 2004 1987 2040 πολὺ

1117 2051 1289 2100 διαφέρει
1303 2063 1311 2071 ·
1337 2055 1402 2086 καὶ
1425 2053 1476 2099 τῷ
1499 2055 1653 2099 μεγέθει
1675 2054 1870 2106 ὑπεραίρει
1892 2055 1989 2091 πάν-

1117 2115 1186 2145 τας
1201 2102 1291 2145 τοὺς
1306 2103 1346 2137 ἐν
1358 2100 1462 2150 Ἀσίᾳ
1477 2102 1576 2148 πλὴν
1591 2104 1713 2149 δυεῖν,
1737 2107 1806 2142 τοῦ
1823 2107 1864 2142 ἐν
1874 2104 1989 2150 Ἐφέ-

1118 2165 1174 2199 σῳ
1198 2155 1263 2187 καὶ
1285 2153 1355 2188 τοῦ
1378 2155 1419 2189 ἐν
1441 2154 1636 2199 Διδύμοις.
1657 2175 1693 2181 -
1718 2159 1989 2202 Stratonicenses]

1118 2204 1244 2237 Strabo
1279 2205 1339 2245 ⁴4,
1376 2206 1415 2246 2,
1449 2206 1492 2239 25
1526 2215 1562 2249 p.
1593 2208 1678 2241 660:
1718 2208 1990 2256 Στρατονίκεια

1118 2253 1255 2297 (Cariae
1280 2255 1470 2297 oppidum,
1495 2256 1531 2289 h.
1552 2257 1785 2300 Eski-hissar)
1813 2259 1893 2293 ἐστὶ
1918 2271 1989 2294 κα-

1119 2306 1246 2338 τοικία
1268 2303 1510 2339 Μακεδόνων.
1527 2325 1580 2334 --
1593 2303 1678 2341 ἔστι
1698 2307 1740 2342 δὲ
1762 2308 1803 2343 ἐν
1818 2309 1864 2354 τῆ
1881 2309 1990 2358 χώρᾳ

1119 2353 1194 2387 τῶν
1216 2354 1500 2402 Στρατονικέων
1522 2355 1592 2389 δύο
1616 2356 1718 2405 ἱερά,
1753 2358 1794 2392 ἐν
1815 2346 1888 2403 μὲν
1909 2360 1991 2394 Λα-

1119 2406 1240 2449 γίνοις
1271 2403 1317 2438 τὸ
1340 2406 1409 2448 τῆς
1427 2403 1591 2450 Ἑκάτης
1613 2408 1782 2451 (Triviae)
1807 2409 1991 2452 ἐπιφανέ-

1120 2465 1274 2495 στατον,
1292 2454 1522 2504 πανηγύρεις
1535 2455 1706 2501 μεγάλας
1724 2458 1893 2506 συνάγον
1908 2463 1990 2495 κατ’

1121 2503 1318 2538 ἐνιαυτόν·
1355 2505 1467 2551 ἐγγὺς
1499 2506 1541 2540 δὲ
1569 2506 1639 2551 τῆς
1671 2507 1818 2553 πόλεως
1847 2507 1894 2545 τὸ
1920 2507 1991 2545 τοῦ

1120 2555 1381 2604 Χρυσαορέως
1402 2554 1494 2599 Διὸς
1515 2555 1649 2591 κοινὸν
1672 2558 1825 2594 πάντων
1840 2560 1991 2610 Καρῶν,

1124 2624 1160 2630 -
1186 2607 1358 2640 dictatoris
1389 2608 1560 2651 Caesaris]
1600 2610 1770 2652 Superest
1805 2612 1993 2646 decretum
2049 2637 2059 2647 .

1121 2658 1363 2697 accessorium
1397 2657 1616 2705 (ἐπίκριμα)
1651 2662 1796 2695 senatus
1831 2664 1990 2704 Romani,

1122 2714 1192 2748 quo
1224 2716 1397 2741 concessa
1425 2709 1761 2750 Aphrodisiensibus
1788 2721 1809 2745 a
1839 2713 1992 2747 Caesare

1121 2755 1297 2789 beneficia
1314 2757 1586 2800 confirmantur,
1607 2768 1678 2792 una
1693 2770 1776 2794 cum
1791 2763 1836 2796 M.
1853 2764 1993 2796 Antonii

1122 2807 1295 2839 triumviri
1319 2807 1364 2840 de
1389 2817 1431 2840 ea
1453 2816 1493 2841 re
1510 2808 1675 2851 epistola;
1701 2811 1767 2844 sed
1780 2811 1891 2854 ipsius
1908 2813 1994 2846 cae-

1122 2857 1210 2889 saris
1233 2855 1369 2889 litterae
1386 2858 1651 2892 interciderunt.
1679 2860 1799 2894 Verba
1814 2871 1905 2904 quae
1922 2863 1993 2895 huc

1121 2905 1316 2946 pertinent,
1343 2907 1434 2939 haec
1449 2909 1550 2940 sunt:
1577 2905 1643 2950 [Τὸ
1658 2907 1710 2952 δὲ]
1728 2911 1885 2954 τέμενος
1900 2909 1995 2953 θεᾶς

1117 2949 1340 3000 Ἀφροδίτης
1354 2955 1395 2988 ἐν
1411 2953 1520 2989 πόλει
1532 2956 1769 3005 Πλαρασέων
1781 2961 1846 2993 καὶ
1857 2956 1995 3007 Ἀφρο-

1121 3002 1306 3046 δεισιέω[ν
1330 3002 1433 3052 ἱερὸν
1445 3001 1567 3048 &qam
1582 3003 1708 3053 ταύτῷ
1724 3008 1857 3053 δικαίῳ
1872 3008 1993 3058 ταῦτῇ

1122 3063 1162 3086 τε
1184 3052 1480 3100 δεισιδαιμονίᾳ,
1510 3049 1541 3101 ᾧ
1570 3056 1703 3103 δικαίῳ
1725 3060 1792 3093 καὶ
1812 3055 1840 3107 ᾖ
1863 3059 1995 3103 δεισ[ι-

1123 3102 1305 3149 δαιμονίᾳ
1326 3102 1372 3138 τὸ
1387 3105 1483 3148 θεᾶς
1499 3103 1695 3151 Ἔφε]σίας
1710 3108 1813 3142 ἐστὶν
1828 3109 1869 3143 ἐν
1879 3106 1995 3152 Ἐφέ-

1124 3164 1199 3198 σῳ,
1232 3152 1359 3200 κύκλῳ
1381 3165 1422 3189 τε
1445 3156 1592 3191 ἐκείνου
1615 3157 1685 3191 τοῦ
1710 3157 1813 3205 ἱεροῦ
1836 3157 1911 3193 εἴτε
1932 3161 1994 3195 τέ-

1122 3213 1239 3247 μενος
1272 3203 1360 3249 εἵτ[ε
1392 3202 1523 3251 ἄλλος]
1557 3205 1675 3249 τόπος
1706 3203 1851 3251 ἄσυλος
1878 3205 1991 3245 ἔστω.

1125 3254 1212 3287 Vide
1245 3255 1410 3289 Boeckhii
1445 3258 1550 3300 Corp.
1586 3259 1697 3291 Inscr.
1734 3259 1791 3291 Gr.
1827 3268 1862 3294 n.
1893 3261 1992 3296 2737.

1124 3304 1352 3346 Aphrodisias
1375 3307 1494 3340 autem
1518 3315 1667 3348 magnae
1683 3307 1855 3350 Phrygiae
1871 3310 1994 3345 civitas

1125 3353 1206 3395 fuit,
1243 3355 1278 3388 in
1313 3353 1443 3389 finibus
1478 3356 1620 3396 Cariae,
1662 3356 1769 3390 hodie
1805 3358 1991 3401 Dscheyra,

1126 3402 1256 3445 Govra,
1279 3403 1396 3439 Keira.
1426 3403 1477 3438 cf.
1503 3403 1628 3438 strabo
1651 3404 1712 3447 42,
1736 3405 1770 3448 8,
1795 3406 1838 3441 43
1858 3415 1896 3451 p.
1912 3408 1990 3443 1⁵76.
