2254 3770
790 307 835 351 P.
868 306 1123 357 CORNELII,
1140 307 1320 359 =TAC1TI
1348 307 1618 356 ANNALIUM

341 409 493 460 vinciis
520 424 600 470 per
618 419 820 471 quattuor
840 419 884 457 et
910 413 1054 471 viginti
1079 427 1219 459 annos
1250 414 1472 472 inpositus,
1503 414 1659 459 nullam
1681 414 1736 459 ob
1754 415 1956 461 eximiam
1981 422 2134 472 artem*

341 485 418 529 sed
450 486 568 544 quod
596 502 674 545 par
703 488 884 546 negotiis
915 502 1057 547 neque
1087 503 1217 548 supra
1248 496 1350 533 erat.

454 562 535 619 (40)
568 563 749 615 Quintus
769 563 957 608 Plautius
988 565 1084 614 Sex.
1106 565 1307 623 Papinius
1329 564 1527 610 consules
1546 539 1808 624 sequuntur.
1839 579 1892 610 eo
1923 567 2066 614 anno*

339 651 481 695 neque
511 637 628 696 quod
662 639 707 682 L.
737 639 945 687 Aruseius
971 647 1108 685 morte
1139 640 1291 685 adfecti
1321 640 1476 692 forent,
1516 640 1799 693 adsuetudine
1837 641 2047 692 malorum
2086 647 2138 685 ut-

306 720 457 758 batrox
487 713 909 766 advertebam-,sed
940 717 1144 774 exterruit
1172 715 1290 775 quod
1319 715 1553 761 Vibulenus
1578 716 1775 775 Agrippa,
1807 730 1946 775 eques
1978 718 2135 766 Roma-

337 803 429 839 nus,
463 802 561 833 cum
591 797 867 847 perorassent
895 797 1181 842 accusatores,
1214 792 1256 836 in
1289 791 1383 850 ipsa
1412 792 1532 836 cur-ia
1547 776 1851 850 depromptum
1882 793 1977 844 sinu
2002 805 2139 837 vener.

336 878 439 910 num
467 863 624 916 hausit,
658 864 973 925 prolapsusque
1004 881 1055 915 ac
1085 867 1365 911 moribundus
1394 867 1598 911 festinatis
1628 867 1825 911 lictorum
1857 866 2057 913 manibus
2087 867 2138 919 in.

337 953 556 984 carcerem
586 947 733 998 raptus
753 947 829 991 est,
860 941 1094 1004 faucesque
1123 944 1205 987 iam
1228 942 1609 1000 exanimisdaqueo
1626 949 1821 987 wentae.
1853 956 1907 986 ne
1929 942 2132 1000 Tigranes

336 1015 522 1073 quidem,
552 1016 754 1067 Armenia
777 1017 993 1075 quondam
1023 1018 1181 1076 potitus
1212 1031 1263 1062 ac
1291 1025 1391 1063 tunc
1420 1030 1534 1069 reus,
1564 1018 1886 1076 nomineregio
1922 1017 2142 1076 supplicia.

287 1090 494 1139 wcivium
523 1090 680 1149 effugit.
711 1099 753 1141 at
783 1092 827 1137 C.
854 1092 987 1137 Galba
1017 1093 1254 1138 consularis
1285 1094 1454 1142 etvduo
1473 1093 1611 1138 Blaesi
1642 1093 1881 1137 voluntario
1906 1093 2029 1141 exitu
2058 1107 2132 1139 oe-

337 1165 494 1218 cidere,
514 1166 647 1211 Galba
659 1167 1064 1217 tristibusCaesaris
1081 1169 1229 1217 litteris
1246 1169 1507 1227 provinciam
1525 1169 1665 1214 sortiri
1681 1168 1941 1228 prohibitus:
1968 1168 2140 1221 Blaesis}

336 1242 597 1293 sacerdotia,
634 1243 796 1301 integra
827 1257 979 1288 eorum
1009 1244 1136 1291 domo
1169 1244 1397 1295 destinata,
1433 1243 1640 1289 convulsa
1668 1243 1912 1295 distulerat,
1950 1250 2052 1288 tunc
2087 1250 2139 1288 ut

336 1332 471 1363 vacua
500 1318 686 1362 contulit·
705 1319 749 1367 in-
776 1319 896 1363 alios.
939 1320 1054 1378 quod
1087 1320 1254 1378 signum
1284 1321 1432 1364 mortis
1461 1320 1776 1366 intellexere'et
1801 1319 2141 1371 exsecutisunt..

336 1404 380 1441 et
406 1396 582 1441 Aemilia
609 1395 790 1454 Lepida,
827 1410 958 1454 quam
979 1396 1131 1440 iuveni
1161 1397 1301 1439 Druso
1341 1403 1517 1454 nuptam
1553 1395 1714 1447 rettuli,
1751 1395 2140 1446 crebriseriminie

286 1473 417 1517 ⁴2⁵bus
447 1472 898 1522 maritumeinsectata,
939 1485 1198 1530 quamquam
1235 1471 1504 1521 intestabilis,
1544 1478 1685 1515 tamen
1717 1471 1929 1529 impunita
1967 1470 2139 1530 agebat,-

337 1548 443 1592 dum
478 1548 687 1606 superfuit
720 1554 842 1605 pater
878 1547 1085 1605 Lepidus:
1128 1553 1225 1605 post
1260 1561 1286 1590 a
1315 1547 1580 1595 delatoribus
1611 1546 1841 1605 corripitur¹
1869 1547 1924 1591 ob
1961 1559 2135 1608 servum

336 1623 600 1676 adulterum;
641 1637 722 1667 nec
759 1622 1139 1668 dubitabaturvde,
1164 1622 1337 1680 flagitio.
1383 1634 1486 1680 ergo
1521 1623 1681 1670 omissa
1717 1622 2134 1674 defensione-'finem

334 1699 445 1744 vitae
475 1699 559 1743 sibi
586 1698 741 1756 posuit.
2136 1739 2138 1741 ,

448 1774 529 1832 (44)
562 1776 643 1819 Per
679 1774 794 1819 idem
832 1781 1000 1832 tempus
1032 1741 1234 1819 Clitarum
1265 1774 1378 1818 natio
1412 1741 1657 1831 Cappadoci
1685 1746 1893 1818 Archelao
1923 1773 2134 1825 subiecta.

341 298 425 353 300

380 1871 430 1904 ’.3
458 1871 599 1911 Quintus
620 1870 827 1903 Rhenanus·
862 1871 1016 1912 Quintius
1040 1870 1122 1912 (non
1146 1869 1287 1911 quinius)
1313 1870 1346 1902 Μ
1370 1887 1408 1893 -
1435 1869 1591 1910 plaucius
1613 1869 1645 1903 M
1671 1885 1706 1892 —
1736 1868 1832 1901 anno
1853 1876 1959 1910 noque
1979 1870 2055 1903 sine
2068 1868 2138 1903 lau

337 1937 435 1961 cuna
444 1927 580 1964 M—4.
599 1927 753 1962 Aruleius
775 1927 970 1960 Reinesius.
997 1928 1047 1961 Cf.
1067 1936 1098 1959 c.
1105 1928 1148 1971 7.
1175 1928 1283 1960 Inscr.
1303 1927 1339 1959 R.
1359 1927 1399 1959 N.
1420 1935 1455 1973 n.
1474 1926 1591 1964 7094.
1593 1943 1626 1949 —
1646 1926 1750 1967 Signa
1773 1924 1921 1958 lacunae
1943 1927 2026 1968 post
2044 1926 2132 1962 Aru-

335 1986 421 2018 seius
442 1984 561 2026 posuit
584 1984 814 2023 Doederlein,
839 1986 990 2025 utroque
1015 1983 1094 2017 loco
1117 1985 1281 2017 Ritterus.
1302 2001 1335 2006 —
1355 1985 1387 2016 5.
1413 1992 1570 2016 romanos
1592 1967 1645 2025 pr.
1664 1984 1697 2016 M
1724 2000 1759 2006 —
1785 1984 1818 2015 7.
1842 1983 2076 2035 mafltmanibus
2096 1984 2131 2018 M

338 2058 373 2064 —
402 2041 433 2073 9.
456 2041 583 2081 positus
607 2041 658 2077 M;
691 2041 862 2081 impositus
884 2049 1016 2081 margo.
1045 2058 1080 2064 —
1116 2041 1169 2073 40.
1194 2041 1303 2073 Blaesi
1326 2039 1506 2072 Aurelius:
1532 2039 1645 2071 blaesii
1666 2039 1717 2078 M,
1743 2039 1808 2072 sed
1831 2047 1913 2072 mox
1936 2032 2063 2072 blaesis:
2091 2048 2127 2063 -’-

337 2097 610 2132 422-sacerdocia
632 2098 664 2130 M
680 2101 726 2120 ·—·
753 2096 1024 2130 ⁴5.·intostabitos
1046 2098 1079 2130 M
1103 2112 1140 2120 --
1167 2097 1220 2129 49.
1239 2096 1404 2130 Clitarum
1426 2096 1580 2137 Lipsius:
1607 2095 1770 2128 eietarum
1791 2095 1824 2128 M
1848 2105 1884 2118 -·
1910 2096 2008 2128 nacio
2029 2096 2073 2130 M.

1255 2184 1316 2218 ἐπὶ
1335 2180 1483 2227 Ῥώμης
1500 2184 1717 2227 γενομένων
1731 2178 1848 2224 ἅπαις
1866 2181 2052 2217 ἐτελεύτα.
2077 2180 2137 2219 Exj

1255 2234 1464 2267 Tillemontii
1499 2235 1700 2266 coniectura
1740 2233 1898 2276 (Histoire
1931 2235 1986 2267 des
2018 2243 2129 2275 empe-

1253 2293 1362 2317 rours.
1389 2284 1484 2317 Paris
1509 2284 1606 2316 ⁴720.
1631 2284 1664 2323 1,
1689 2292 1724 2325 p.
1751 2283 1824 2324 602)
1856 2284 1915 2316 hic
1945 2284 2126 2326 Tigranes,

335 2173 488 2226 sabinus]
513 2183 600 2216 vide
618 2183 661 2215 ad
680 2184 710 2223 4,
729 2183 782 2216 80.
804 2202 840 2207 —
865 2192 970 2224 neque
993 2176 1099 2225 supra
1120 2183 1204 2226 erat]

336 2243 453 2276 neque
485 2235 578 2266 enim
609 2234 807 2266 eminentes
832 2234 978 2267 virtutes
1002 2233 1206 2267 sectabatur

336 2284 508 2318 Tiberius.
541 2284 591 2317 Cf.
618 2285 649 2323 4,
675 2284 728 2317 80.
755 2285 897 2317 Wanru.

380 2337 435 2368 40.
454 2336 533 2368 Sem,
551 2335 720 2375 Papinius]
738 2335 777 2373 Q.
797 2335 818 2367 s.
834 2334 1000 2374 Allenius,
1019 2337 1127 2372 Inscr.
1147 2344 1203 2376 ap.

336 2388 524 2419 Gruterum
544 2385 620 2425 447,
636 2385 667 2417 9.
686 2403 720 2409 -
739 2395 776 2417 eo
791 2386 892 2427 anno]
908 2387 1043 2418 Desunt
1059 2395 1129 2418 non
1145 2385 1208 2418 du-

336 2436 395 2469 bie
419 2436 560 2478 propria
584 2434 716 2476 aliquot
736 2436 876 2468 nomina
901 2444 1038 2475 eorum,
1065 2436 1124 2476 qui
1148 2435 1208 2467 da-

337 2487 445 2519 mnati
462 2485 652 2526 occisique.
672 2486 758 2517 Lirs.
776 2502 811 2507 —
830 2494 934 2526 neque
951 2504 966 2508 -
981 2503 999 2508 -
1015 2485 1208 2517 adverteba-

337 2541 404 2576 tur,
422 2537 477 2568 sed
493 2536 574 2578 cet.]
600 2534 714 2568 nullus
739 2536 806 2568 iam
825 2537 983 2568 animum
1000 2536 1208 2570 advertebat

337 2588 381 2620 ad
398 2586 497 2620 solita
514 2587 763 2628 damnatorum
781 2586 969 2629 supplicia
963 2597 969 2603 ·
988 2595 1113 2619 verum
1130 2595 1208 2619 om-

337 2638 436 2670 nium
459 2638 595 2671 animos
613 2635 762 2679 perculit
779 2636 906 2669 modus
923 2636 1110 2676 inauditus,
1137 2645 1207 2678 quo

338 2686 530 2721 Vibulenus
547 2689 653 2721 vitam
677 2687 798 2720 finivit.
833 2685 1149 2728 Strangulationeni
1167 2686 1208 2719 il—

338 2737 406 2784 lam
438 2731 604 2776 omittens
629 2747 754 2770 mance
783 2738 846 2773 Dio
870 2737 924 2777 58,
950 2738 1009 2770 21·
1044 2733 1208 2778 Οὐιβού-

338 2785 420 2830 λιός
454 2798 510 2829 τις
540 2782 740 2833 Ἀγρίππας
772 2786 906 2828 ἱππεὺς
935 2783 1159 2845 φάρμακον
1167 2786 1208 2820 ἐν

335 2835 438 2884 αὐτῷ
470 2836 521 2882 τῷ
550 2836 809 2885 βουλευτηρίῳ
840 2837 882 2870 ἐκ
911 2836 1115 2871 δακτυλιου
1139 2833 1207 2883 ῥο-

336 2886 469 2933 φῄσας
492 2884 673 2921 ἀπέθανε.
770 2888 888 2929 laqueo
917 2887 1074 2932 camarae]
1107 2888 1207 2929 quasi

337 2936 465 2980 elisae,
490 2939 661 2976 maxime,
688 2939 726 2971 ut
753 2937 938 2980 publicatis
961 2937 1065 2970 bonis
1089 2937 1208 2980 sepul—

337 2991 412 3024 tura
430 2988 697 3032 prohiberetur·
690 3012 697 3026 ,
717 2991 901 3030 praeterea
913 2989 1023 3020 atroci
1035 2989 1102 3021 hoc
1116 2988 1207 3020 lacto

336 3041 564 3073 accusatores
581 3038 738 3082 praemia
753 3047 816 3070 sua
833 3038 1132 3080 adipiscebantur
1154 3037 1204 3070 Cf.

337 3100 367 3123 c.
393 3090 445 3123 29.
468 3108 501 3112 ψ
531 3089 698 3131 Tiyranes]
725 3087 887 3121 diversus
904 3088 947 3121 ab
967 3098 1027 3128 eo,
1054 3089 1112 3131 qui
1130 3097 1207 3121 me-

337 3140 496 3173 moratur
525 3140 564 3179 ⁶2,
593 3138 625 3171 3.
666 3137 837 3180 Iosephus
866 3139 981 3179 Antiq
1009 3139 1068 3178 48,
1101 3139 1139 3178 5,
1165 3138 1202 3171 4:

332 3188 578 3236 Ἀλεξάνδρου
609 3187 660 3232 τῶ
681 3185 848 3235 ’ῌρώδου
873 3186 977 3220 παιδὶ
1000 3187 1068 3221 τοῦ
1091 3187 1208 3229 βασι-

337 3240 450 3282 λέως,
486 3239 536 3285 τῷ
574 3236 650 3274 ὑπὸ
684 3237 752 3276 τοῦ
789 3236 932 3285 πατρὸς
966 3235 1012 3271 ἄν
1013 3242 1205 3286 ηρημένῳ,

334 3287 573 3338 Ἀλέξανδρος
595 3290 661 3323 καὶ
678 3286 864 3335 Τιγράνης
886 3286 1126 3332 ἑγεγονεισαν
1149 3289 1207 3323 25-

337 3345 391 3382 εἲς
425 3342 467 3375 ἐκ
497 3340 565 3384 τῆς
592 3337 813 3398 Ἀρχελάου,
848 3338 916 3372 τοῦ
940 3338 1206 3373 Καππαδόκων

335 3390 545 3434 βασιλέως,
575 3387 776 3450 θυγατρός.
820 3389 894 3424 Καὶ
923 3387 1109 3436 Τιγράνης
1135 3390 1206 3433 μὲν

335 3440 551 3484 βασιλεύων
581 3438 774 3491 Ἀρμενίας
810 3437 1048 3488 κατηγοριῶν
1085 3437 1205 3474 αὐτοῦ

1256 2342 1368 2376 nepos
1396 2333 1557 2367 Archelai
1591 2333 1835 2375 Cappadociae
1867 2334 1961 2375 regis
1982 2335 2020 2368 et
2040 2342 2129 2376 apo-

1256 2386 1345 2418 stata
1370 2383 1546 2425 religionis
1569 2383 1750 2422 Iudaicae,
1776 2383 1839 2416 fuit
1860 2392 1923 2416 rex
1938 2385 2131 2425 Armeniae

1257 2435 1414 2468 minoris.
1443 2452 1479 2459 —
1517 2435 1552 2468 C.
1578 2434 1706 2475 Galba]
1743 2434 1794 2467 Cf.
1819 2434 1857 2475 3,
1888 2434 1943 2467 52.
1980 2435 2125 2482 Sueten.

1257 2484 1355 2517 Galb.
1383 2484 1422 2517 3:
1449 2485 1553 2517 Gaius
1574 2485 1697 2517 attritis
1717 2483 1932 2526 facultatibus
1953 2484 2035 2518 urbe
2056 2493 2127 2517 oes-

1255 2537 1316 2576 sit,
1345 2536 1593 2576 prohibitusque
1624 2545 1646 2567 a
1671 2535 1797 2568 Tiberio
1820 2535 1935 2568 sortiri
1957 2543 2059 2571 auno.

1254 2587 1526 2627 proconsulatum
1547 2583 1744 2618 voluntaria
1765 2587 1872 2618 morte
1886 2585 1976 2621 obiit.
1999 2603 2035 2610 ——
2056 2544 2127 2619 πε

1255 2636 1383 2678 Blaesi]
1419 2637 1458 2676 Q.
1488 2636 1576 2668 Iunii
1610 2635 1742 2674 Blaesi,
1779 2635 1839 2677 qui
1868 2635 1985 2669 Seiani
2013 2634 2128 2669 fuerat

1257 2686 1450 2719 avunculus
1475 2687 1518 2728 (3,
1537 2685 1608 2726 35),
1633 2685 1708 2726 filii,
1734 2685 1849 2718 Seiani
1873 2685 1976 2727 igitur
1999 2693 2135 2728 conso·-¹

1258 2736 1368 2778 brini,
1404 2737 1555 2777 uterque
1588 2711 1782 2769 consularis
1809 2733 1939 2773 (Vellei.
1965 2735 2005 2775 Ξ,
2030 2734 2126 2776 ⁴27).

1257 2785 1370 2827 Alter,
1404 2784 1526 2819 consul
1553 2784 1722 2829 suffectus
1749 2784 1830 2816 anni
1858 2793 1892 2816 u.
1921 2781 1996 2824 784,
2026 2792 2130 2830 cm·-

1257 2838 1476 2869 memoratur
1499 2835 1606 2875 etiam
1632 2837 1662 2875 4,
1689 2835 1741 2867 49.
1764 2852 1799 2857 -
1824 2833 1994 2877 convulsa]
2018 2828 2126 2868 domo

1259 2879 1308 2927 (ut
1331 2886 1384 2926 42,
1404 2887 1416 2917 4
1439 2886 1474 2918 et
1491 2884 1562 2926 65),
1586 2887 1668 2927 post
1691 2882 1904 2926 avunculum
1930 2885 1965 2916 et
1987 2885 2134 2928 patrem,

1257 2943 1461 2980 oppressos.
1488 2953 1524 2958 —
1556 2927 1685 2980 Druso]
1717 2935 1914 2967 Germanici
1944 2933 2035 2975 filio,
2066 2933 2126 2976 qui

1258 2988 1407 3029 periita.
1426 2995 1459 3018 u.
1479 2986 1553 3018 786.
1581 2985 1632 3018 Cf.
1651 2995 1682 3018 c.
1701 2985 1756 3018 23.
1776 3002 1811 3008 —
1830 2983 1955 3028 rettuli]
1973 2986 2007 3018 in
2023 2985 2124 3028 parte

1257 3037 1441 3070 Annalium
1472 3035 1656 3078 deperdita
1686 3034 1764 3068 libri
1788 3035 1912 3077 quinti.
1941 3053 1976 3060 —-
2002 3034 2126 3080 crebris

1257 3087 1452 3121 criminibus
1466 3096 1511 3120 m.
1529 3088 1693 3120 insectata
1707 3085 1790 3128 cet]
1814 3086 1879 3119 Dio
1894 3085 1948 3126 58,
1962 3085 1983 3119 3
1998 3075 2042 3118 ad
2058 3094 2124 3130 au-

1258 3147 1342 3171 num
1367 3147 1400 3170 u.
1422 3147 1453 3171 c.
1471 3137 1554 3172 783.
1574 3133 1614 3170 Ὁ
1635 3134 1803 3180 Σηὶανὸς
1825 3136 1891 3170 καὶ
1913 3132 1980 3170 τὸν
2002 3123 2124 3194 Δροῦ-

1257 3198 1328 3222 σον
1348 3187 1502 3229 διέβαλε
1524 3185 1587 3220 διὰ
1608 3186 1677 3230 τῆς
1694 3185 1877 3232 γυναικὸς
1891 3182 2023 3220 αὐτοῦ.
2049 3183 2124 3219 πά-

1257 3251 1329 3281 σας
1351 3238 1424 3287 γὰρ
1440 3237 1499 3281 ὠς
1522 3241 1639 3273 εἰπεῖν
1661 3236 1731 3280 τὰς
1754 3237 1827 3272 τῶν
1842 3235 2039 3279 ἐπιφανῶν
2053 3233 2123 3272 ἀν-

1256 3289 1330 3336 δρῶ
1334 3302 1355 3323 ν
1383 3300 1552 3335 γαμετας
1579 3287 1774 3353 μοιχεύων
1804 3286 1851 3327 τά
1873 3297 1914 3321 τε
1936 3284 2124 3332 λεγόμενα

1256 3353 1279 3383 η
1305 3344 1370 3374 καὶ
1393 3337 1636 3398 πραττόμενα
1658 3337 1720 3376 ὑπ’
1744 3339 1898 3372 ἐκείνων
1916 3336 2122 3381 ἐμάνθανε,

1256 3392 1320 3424 καὶ
1344 3391 1500 3437 προσέτι
1529 3391 1594 3423 καὶ
1625 3385 1832 3436 συνεργούς
1852 3398 1959 3430 σφας
1981 3383 2035 3430 ὦς
2056 3383 2123 3433 καὶ

1236 3441 1586 3488 Ἰγαμηθγησομένας
1613 3439 1654 3474 οἱ
1674 3440 1852 3491 ἐποιεῖτο.
1880 3456 1916 3463 -
1944 3443 2044 3482 pater
2063 3438 2130 3489 Lo-¹
