2254 3770
782 280 1171 328 CHRONOLOGIA
1199 277 1480 324 ANNALIUM.
1930 283 2024 315 xxxx

246 405 283 439 A.
300 404 338 439 U.
352 402 390 437 C.
417 402 456 435 P.
472 400 556 434 Can.
665 397 779 432 COSS.
1916 387 2001 420 Am«.

906 468 977 501 quo
992 458 1138 492 tandem
1154 457 1284 499 flagitio
1299 456 1499 489 commotus
1513 453 1660 488 maritus
1675 460 1756 485 eam
1769 451 1876 484 inter-

906 509 963 541 fici
994 508 1109 548 iubet,
1142 507 1270 540 frustra
1293 503 1569 548 deprecantibus
1595 502 1715 536 liberis
1737 501 1875 534 Britan-

906 559 986 590 nico
1010 559 1047 590 et
1068 557 1220 590 Octavia.
1926 549 1999 582 XII.

951 615 1025 647 Iam
1057 615 1220 656 paratum
1250 612 1314 645 fuit
1343 619 1475 644 novum
1505 609 1771 644 matrimonium
1794 615 1877 640 cum
1915 603 2024 639 5-24.

286 624 350 657 802
460 617 503 651 49
597 618 637 651 C.
652 615 852 658 Pompeius,

601 668 641 707 Q.
665 666 849 699 Veranius.
907 664 1112 706 Agrippina,
1146 662 1345 695 Germanici
1374 660 1460 701 filia,
1493 668 1711 702 quamquam
1739 657 1878 700 legibus

906 714 1073 754 vetitum,
1106 714 1140 746 et
1172 714 1316 746 senatus
1349 713 1493 744 auctore
1517 712 1554 744 L.
1578 709 1730 749 Vitellio,
1754 710 1877 742 vetere

907 763 1102 804 adulatore,
1130 764 1203 796 vim
1227 772 1266 796 se
1291 761 1530 795 adhibiturum
1553 760 1703 803 principi
1725 757 1877 797 simulat,

907 815 944 847 ni
967 812 1160 847 acceleret·
1189 814 1272 846 Eius
1294 812 1347 845 rei
1370 819 1479 845 causa
1502 811 1632 843 SCtum
1654 809 1693 842 fit
1715 808 1760 842 de
1780 807 1880 840 iustis

907 865 999 897 inter
1020 865 1166 906 patruos
1189 862 1410 904 fratrumque
1427 860 1515 894 filias
1538 860 1667 902 nuptiis
1691 857 1881 901 (sublatum

900 913 994 946 'illud
1024 913 1171 955 quidem
1202 913 1326 954 postea
1352 910 1599 944 constitutione
1625 910 1882 952 imperatorum

910 964 1129 997 Constantini
1153 964 1189 996 et
1211 961 1444 1002 constantis):
1477 960 1545 993 cito
1576 960 1613 992 L.
1638 959 1790 992 Domitio
1811 959 1883 991 Ne-

910 1014 1006 1053 roni,
1031 1013 1243 1056 Agrippinae
1268 1021 1312 1045 ex
1333 1012 1452 1054 priore
1475 1011 1602 1043 marito
1617 1008 1700 1049 filio,
1725 1008 1881 1050 despon-

911 1063 1015 1096 detur
1029 1064 1172 1096 Octavia
1183 1089 1191 1104 ,
1217 1063 1337 1105 spreto
1354 1063 1392 1094 L.
1411 1060 1540 1101 Silano,
1561 1060 1618 1093 cui
1633 1060 1737 1092 antea
1754 1066 1884 1101 sponsa

910 1113 1035 1147 fuerat.
1069 1115 1203 1147 Seneca
1228 1112 1273 1145 ab
1298 1111 1418 1145 exsilio
1441 1112 1649 1150 revocatus,
1674 1117 1757 1142 mox
1780 1116 1886 1151 prae-

911 1165 989 1196 tura
1013 1166 1169 1205 ornatus,
1194 1163 1325 1203 iuveni,
1351 1161 1545 1195 maioribus
1567 1160 1677 1194 rebus
1696 1159 1884 1198 destinato,

912 1215 1095 1256 tamquam
1111 1215 1231 1247 rector
1245 1212 1442 1247 studiorum
1458 1211 1670 1252 adiungitur;
1695 1212 1724 1243 A
1735 1209 1885 1249 Parthis,

913 1273 1087 1297 novarum
1111 1273 1232 1297 rerum
1256 1263 1412 1307 cupidis,
1445 1262 1669 1296 Meherdates
1691 1262 1802 1294 Roma
1824 1268 1888 1292 rex

914 1315 1067 1353 accitur,
1093 1314 1353 1355 deduciturque
1377 1321 1398 1345 a
1422 1313 1460 1346 C.
1480 1312 1601 1346 Cassio
1626 1310 1799 1352 Longino,
1828 1309 1889 1351 qui

913 1365 983 1397 iam
1009 1364 1131 1405 Syriae
1155 1366 1333 1407 praeerat,
1358 1363 1423 1397 sed
1447 1371 1467 1395 a
1488 1364 1612 1395 vetere
1636 1370 1720 1403 rege
1741 1362 1888 1394 Gotarze

915 1414 1065 1446 vincitur
1095 1414 1132 1446 et
1161 1414 1308 1456 capitur.
1346 1414 1384 1446 ln
1413 1412 1561 1451 Iudaea,
1593 1412 1744 1454 partium
1772 1409 1889 1444 studio

914 1463 1087 1503 lacerata,
1114 1462 1217 1504 Felix,
1247 1463 1416 1506 principis
1439 1462 1586 1495 libertus
1610 1463 1647 1494 et
1667 1462 1889 1504 procurator,

918 1513 1036 1547 servili
1054 1513 1196 1554 ingenio
1212 1522 1362 1556 regnum
1379 1514 1540 1553 exercet,
1564 1513 1672 1545 trium
1687 1511 1891 1553 reginarum

919 1564 1065 1597 maritus
1089 1564 1198 1605 (Suet.
1217 1562 1339 1597 Claud.
1358 1563 1411 1604 28)
1437 1564 1473 1596 et
1488 1562 1604 1596 fratris
1619 1561 1781 1596 Pallantis
1797 1559 1890 1604 apud

920 1613 1106 1647 Claudium
1129 1614 1239 1656 gratia
1262 1612 1488 1656 superbiens.

965 1669 1149 1710 Claudius,
1181 1668 1343 1702 Pallantis
1375 1670 1411 1702 et
1433 1668 1644 1711 Agrippinae
1667 1667 1803 1701 artibus
1826 1667 1894 1700 du-
1919 1666 2043 1701 25-40.

922 1722 1011 1761 ctus,
1037 1721 1088 1753 rei
1110 1719 1272 1763 publicae
1294 1718 1430 1752 scilicet
1449 1728 1568 1759 causa,
1593 1720 1771 1752 Neronem
1786 1718 1895 1761 privi-

922 1779 1030 1812 gnum
1054 1770 1215 1812 adoptat,
1240 1769 1442 1812 posthabito
1466 1778 1531 1802 suo
1547 1769 1657 1812 ipsius
1673 1768 1743 1802 filio
1758 1769 1896 1801 Britan—

922 1821 1020 1860 nico,
1052 1819 1100 1852 illi
1130 1820 1282 1852 triennio
1316 1819 1429 1852 ferme
1460 1820 1610 1853 minore.
1649 1821 1689 1852 In
1719 1818 1897 1852 Britannia

302 1677 366 1712 803
475 1674 518 1707 50
624 1674 663 1718 C.
688 1673 852 1713 Antistius

505 1725 507 1727 ’
591 1725 714 1763 Vetus,
739 1724 782 1757 M.
805 1721 891 1755 Suil-

602 1773 667 1807 lius
680 1772 878 1807 Nerulinus.

924 1871 1113 1904 fortissima
1136 1878 1225 1912 gens
1248 1868 1401 1902 Silurum
1424 1869 1469 1903 ab
1494 1870 1630 1903 Ostorio
1651 1870 1814 1910 vincitur,
1839 1878 1899 1902 eo-

923 1929 1074 1962 rumque
1115 1919 1187 1952 dux
1224 1920 1414 1953 Caratacus
1451 1920 1599 1963 capitur.
1641 1921 1680 1953 In
1711 1919 1898 1953 Germania

924 1970 1108 2012 superiore
1125 1970 1333 2003 Chattorum
1356 1968 1547 2003 tumultum
1570 1971 1714 2003 coercet
1735 1970 1773 2003 L.
1792 1970 1899 2002 Pom-

926 2021 1051 2061 ponius
1067 2019 1272 2061 Secundus,
1297 2019 1434 2063 legatus
1450 2021 1631 2061 Caesaris,
1656 2019 1798 2054 illustris
1822 2019 1898 2052 eius

926 2071 1050 2103 aetatis
1074 2071 1190 2112 poeta.

308 2124 372 2159 804
481 2123 518 2155 54
596 2122 762 2156 Claudius
786 2121 896 2163 impe-
971 2119 1120 2153 Orientis
1143 2129 1203 2153 res
1224 2120 1426 2163 perturbari
1450 2123 1617 2164 coeptae,
1643 2121 1746 2162 dum,
1779 2119 1898 2152 occiso
1925 2120 2048 2155 44-54.

618 2174 713 2206 rator
736 2172 776 2212 V,
802 2171 876 2203 Ser.
927 2170 962 2202 in
984 2170 1149 2202 Armenia
1171 2178 1255 2212 rege
1279 2171 1478 2204 Mithridate
1501 2181 1522 2204 a
1544 2171 1758 2211 Radamisto,
1784 2169 1899 2203 fratris

597 2221 778 2257 Cornelius
812 2221 897 2254 Orfi-
927 2219 1009 2259 filio,
1035 2227 1188 2252 vacuum
1210 2228 1360 2262 regnum
1375 2221 1509 2254 invadit
1524 2221 1727 2264 Vologeses,
1752 2219 1902 2253 Partho-

624 2275 697 2314 tus,
723 2271 803 2306 sufl'.
828 2273 866 2305 T.
927 2278 1007 2302 rum
1031 2278 1114 2309 rex,
1144 2271 1180 2302 et
1202 2270 1361 2311 Tiridati,
1395 2271 1492 2304 fratri
1523 2280 1606 2312 suo,
1638 2271 1815 2305 subiicere
1839 2279 1903 2304 co-

597 2322 734 2356 Flavius
759 2323 898 2365 Vespa·
929 2321 1043 2353 natur.

685 2373 814 2407 SiassUS·
974 2384 1105 2416 Romae
1129 2383 1338 2426 Agrippinae
1361 2392 1448 2426 opes
1474 2385 1510 2417 in
1533 2384 1610 2418 dies
1633 2385 1819 2426 augentur,
1843 2393 1904 2417 so-

875 2442 878 2443 ’
932 2432 1051 2466 cordia
1080 2433 1265 2475 principis:
1299 2434 1448 2475 Neroni,
1480 2434 1625 2467 vixdum
1656 2434 1795 2477 expleto
1814 2434 1901 2467 XIV.

931 2492 1037 2524 anno,
1061 2481 1171 2516 virilis
1193 2485 1274 2525 toga
1297 2483 1417 2524 datur,
1454 2485 1533 2517 et·a
1555 2486 1682 2518 senatu
1704 2493 1905 2528 proconsu-

931 2533 1005 2566 lare
1039 2534 1227 2576 imperium
1259 2535 1355 2567 extra
1386 2533 1534 2568 urbem:
1565 2536 1698 2569 Burrus
1727 2534 1903 2575 Afranius,

933 2584 1110 2666 gugssusm
1134 2583 1288 2623 deditus,
1314 2585 1547 2626 praetorianis
1569 2585 1776 2619 cohortibus
1798 2593 1905 2627 prae-

960 2643 990 2666 c·
1007 2643 1061 2666 ur.

979 2689 1128 2723 Dissidia
1152 2691 1187 2723 et
1210 2689 1391 2724 latrocinia
1413 2691 1627 2725 Iudaeorum
1652 2692 1745 2725 inter
1766 2701 1805 2726 se
1828 2693 1908 2727 Um·
1931 2685 2053 2721 52-57·

937 2740 1066 2773 midius
1091 2740 1303 2781 Quadratus,
1329 2741 1450 2782 Syriae
1472 2741 1684 2784 proconsul,
1709 2742 1821 2782 sedat,
1846 2743 1908 2776 Fe-

935 2789 992 2822 lici
1025 2797 1195 2831 parcens,
1229 2789 1380 2823 alterum
1410 2792 1677 2833 procuratorem
1709 2793 1907 2826 Cumanum

938 2839 1192 2873 condemnans.
1219 2840 1332 2883 (Apud
1347 2840 1499 2874 Felicem
1516 2850 1586 2874 non
1605 2841 1715 2875 multo
1738 2844 1819 2885 post
1839 2842 1908 2875 hoc

938 2891 1079 2932 tempus
1102 2889 1249 2931 Paulus,
1276 2890 1456 2932 apostolus
1479 2891 1716 2932 Christianus,
1741 2893 1909 2925 Hieroso-

939 2938 1044 2981 lymis
1068 2948 1212 2973 causam
1238 2939 1346 2981 dicit.)

984 3009 1133 3041 Maxima
1156 3010 1192 3041 et
1214 3007 1406 3041 difficillimi
1433 3008 1565 3043 laboris
1587 3018 1695 3053 opera
1717 3010 1909 3053 perficiun-

940 3059 1010 3098 tur,
1035 3058 1178 3091 emissio
1200 3057 1298 3091 lacus
1321 3058 1440 3092 Fucini
1463 3061 1499 3092 et
1522 3060 1653 3094 ductus
1672 3069 1785 3103 aquae
1810 3060 1911 3094 Clau-

942 3106 1020 3139 diae
1052 3109 1088 3140 et
1117 3108 1261 3141 Anienis
1290 3109 1388 3148 novi,
1421 3108 1504 3143 olim
1527 3119 1546 3142 a
1571 3111 1655 3143 Gaio
1679 3110 1831 3144 Caesare
1854 3110 1910 3142 in-

943 3156 1079 3188 choati:
1119 3157 1204 3189 item
1239 3156 1373 3190 Claudii
1407 3158 1505 3192 iussu
1540 3159 1646 3201 paulo
1679 3162 1760 3193 ante
1795 3159 1910 3193 Ostiae

944 3205 1065 3246 portus
1088 3206 1262 3247 munitus,
1286 3207 1420 3241 Pharus
1443 3207 1626 3242 aedificata
1650 3211 1736 3242 erat.

987 3268 1097 3308 Nero,
1132 3269 1208 3303 XVI
1241 3278 1352 3302 annos
1385 3270 1506 3308 natus,
1543 3270 1741 3312 Octaviam,
1778 3269 1912 3304 Claudii
1935 3267 2057 3303 58—63.

946 3315 1070 3357 filiam,
1110 3318 1144 3350 in
1180 3320 1444 3353 matrimonium
1477 3319 1591 3360 ducit,
1637 3322 1673 3353 et
1704 3319 1836 3363 populo
1869 3329 1912 3354 ac

946 3367 1083 3399 senatui
1112 3369 1208 3402 omni
1235 3369 1370 3403 ratione
1400 3368 1671 3403 commendatus
1693 3376 1772 3403 rem
1794 3367 1912 3412 publi-

947 3423 1027 3450 cam
1050 3424 1238 3460 capessere
1261 3418 1389 3462 coepit.

316 2689 380 2723 805
489 2687 531 2719 52
605 2690 751 2724 Faustus
774 2691 904 2724 Corne-

603 2741 670 2775 lius
698 2740 808 2780 Sulla,
842 2750 905 2782 ge-

604 2800 670 2825 ner
688 2790 823 2824 Claudii
842 2791 906 2823 im-

626 2840 800 2884 peratoris
820 2849 885 2882 per

628 2892 766 2933 nuptias
781 2892 886 2924 Anto-

606 2941 686 2974 niae
717 2939 827 2981 filiae,
868 2941 904 2972 L.

629 2989 763 3023 Salvius
786 2989 886 3024 Otho.

325 3267 389 3301 806
499 3265 540 3299 53
614 3267 656 3300 D.
686 3266 804 3300 Iunius
830 3265 913 3300 Sila-

615 3325 700 3357 nus,
737 3317 777 3356 Q.
811 3317 915 3350 Hate-

615 3367 688 3400 rius
707 3367 911 3400 Antoninus.
