2254 3770
316 311 399 356 400

794 318 838 360 Ρ.
871 317 1122 362 CORNELII
1151 320 1322 364 TACITI
1351 320 1620 367 ANNALIUM

316 437 420 468 cura
448 437 611 475 rerum,
644 423 741 481 quis
771 437 796 467 a
818 423 995 468 Claudio
1023 425 1246 483 impositus
1268 425 1383 470 velut
1403 427 1623 472 arbitrium
1643 430 1762 488 regni
1783 430 1957 489 agebat3
1989 431 2101 476 fere-

313 497 524 557 baturque
558 498 835 556 degrediente
866 514 918 544 eo
942 514 1096 558 magna
1116 503 1468 560 prosequentium
1490 503 1776 557 multitudine,
1809 520 1893 550 non
1913 506 2100 551 absurde

313 574 471 618 dixisse
506 575 569 618 ire
607 573 838 619 Pallantem
879 582 925 618 ut
961 576 1160 621 eiuraret.
1206 591 1310 621 sane
1348 578 1571 637 pepigerat
1600 579 1738 624 Pallas
1767 595 1822 626 ne
1853 582 1975 626 cuius
2006 581 2102 627 facti

310 650 351 693 in
382 650 659 708 praeteritum
690 650 1021 708 interrogaretur
1050 666 1266 711 paresque
1295 653 1482 698 rationes
1505 668 1602 698 cum
1622 669 1670 700 re
1690 671 1731 714 p.
1754 656 1944 715 haberet.
1975 671 2103 715 prae-

279 740 414 784 sceps
456 724 636 783 posthac
671 726 902 785 Agrippina
935 741 1063 771 ruere
1103 728 1158 771 ad
1198 735 1408 772 terrorem
1447 737 1489 773 et
1519 730 1675 783 minas,
1722 746 1864 791 neque
1896 733 2101 791 principis

309 802 485 846 auribus
522 802 738 846 abstinere
777 816 863 861 quo
902 803 1043 847 minus
1080 810 1308 848 testaretur
1337 804 1528 849 adultum
1558 806 1642 850 iam
1672 820 1770 852 esse
1798 808 2098 861 Britannicum,

307 892 454 922 veram
494 877 752 936 dignamque
793 878 970 936 stirpem
1000 879 1276 937 suscipiendo
1316 881 1449 938 patris
1478 881 1680 939 imperio,
1729 883 1846 941 quod
1878 883 2028 928 insitus
2058 890 2101 928 et

307 954 534 1012 adoptivus
579 967 657 1011 per
696 953 871 997 iniurias
909 955 1054 998 matris
1092 962 1326 1000 exerceret.
1372 970 1456 1000 non
1493 956 1683 1002 abnuere
1725 972 1772 1002 se
1803 959 1907 1017 quin
1947 965 2100 1004 cuncta

305 1029 484 1074 infelicis
515 1029 669 1073 domus
698 1029 810 1073 mala
840 1029 1110 1088 patefierent,
1151 1045 1256 1075 suae
1286 1030 1330 1074 in
1364 1032 1513 1090 primis
1545 1033 1740 1090 nuptiae,
1782 1048 1909 1078 suum
1940 1035 2100 1079 venefi-

255 1121 291 1150 ao
305 1106 429 1150 cium.
461 1105 504 1148 id
535 1105 673 1149 solum
704 1105 771 1149 dis
803 1112 845 1149 et
874 1105 955 1149 sibi
984 1106 1204 1164 provisum
1235 1107 1352 1165 quod
1374 1108 1536 1152 viveret
1561 1109 1793 1167 privignus.
1825 1110 1978 1154 ituram
2000 1124 2098 1155 cum

304 1181 375 1225 illo
405 1181 449 1224 in
479 1189 630 1226 castra.
675 1181 894 1225 audiretur
926 1182 1022 1225 hinc
1046 1182 1286 1226 Germanici
1316 1182 1417 1235 filia,
1452 1183 1550 1228 inde
1581 1183 1734 1228 debilis
1766 1199 1916 1229 rursus
1936 1187 2097 1230 Burrus

304 1265 346 1301 et
381 1256 479 1301 exul
515 1258 698 1309 Seneca,
738 1263 887 1301 trunca
924 1257 1087 1301 scilicet
1117 1271 1243 1301 manu
1274 1265 1316 1302 et
1353 1258 1615 1316 professoria
1644 1259 1787 1318 lingua
1818 1262 1989 1319 generis
2017 1260 2097 1304 hu-

302 1334 415 1377 mani
455 1334 648 1391 regimen
684 1332 1016 1391 expostulantes.
1063 1332 1189 1376 simul
1227 1334 1451 1378 intendere
1482 1327 1653 1388 manus,
1687 1350 1895 1394 aggerere
1924 1337 2093 1396 probra,

303 1415 600 1454 consecratum
633 1408 877 1460 Claudium,
909 1408 1097 1452 infernos
1128 1408 1367 1453 Silanorum
1398 1424 1546 1455 manes
1576 1412 1797 1463 invocare,
1830 1419 1872 1456 et
1891 1419 1951 1457 tot
1973 1413 2096 1458 inrita

250 1500 286 1530 ⁴5
300 1484 499 1530 facinora.

413 1560 495 1619 (45)
537 1560 746 1605 Turbatus
786 1561 851 1605 bis
887 1563 1000 1606 Nero
1039 1568 1080 1604 et
1118 1561 1362 1620 propinquo
1393 1561 1484 1614 die,
1531 1577 1618 1621 quo
1649 1570 1849 1621 quartum
1879 1563 2094 1609 decimum

298 1637 447 1682 aetatis
479 1651 636 1681 annum
667 1637 936 1682 Britannicus
967 1636 1183 1694 explebat,

1217 1636 1408 1681 volutare
1441 1651 1589 1682 secum
1616 1641 1744 1683 modo
1765 1641 1910 1684 matris
1931 1640 2094 1685 violen-

362 1767 393 1799 4.
418 1766 518 1798 uelud
540 1766 574 1799 M
602 1784 637 1790 -—
662 1765 842 1798 arbitrium
866 1766 917 1798 M:
943 1764 1109 1798 arbitrum
1132 1764 1199 1798 alii.
1219 1783 1256 1789 -—
1284 1765 1316 1798 3.
1341 1775 1381 1798 ne
1405 1775 1496 1798 corr.
1524 1775 1566 1798 ex
1590 1775 1652 1808 que
1675 1768 1708 1800 M
1734 1785 1770 1792 —
1795 1767 1827 1801 4.
1849 1770 2036 1809 praeterita
2057 1769 2092 1803 M

297 1840 332 1847 —
359 1833 435 1857 cum
456 1825 505 1857 .R.
523 1824 558 1855 P.
577 1823 610 1856 M
635 1840 670 1846 -
693 1832 830 1864 preceps
852 1823 886 1855 M
913 1840 949 1846 —
975 1823 1006 1855 5.
1031 1826 1144 1855 rueret
1166 1823 1200 1855 M
1226 1840 1261 1845 —
1289 1823 1321 1855 6.
1347 1822 1584 1856 brittannicum
1607 1825 1641 1857 M
1666 1841 1700 1847 —
1729 1825 1760 1857 8.
1787 1825 1942 1866 adoptivas
1963 1826 2009 1859 M.
2035 1826 2087 1860 Cf.

294 1891 367 1915 var.
385 1881 466 1915 lect.
485 1881 530 1914 ad
547 1890 580 1923 p.
599 1880 674 1920 383,
695 1880 747 1913 48.
774 1897 810 1903 -
837 1880 996 1913 abnueret
1016 1880 1108 1921 sequi
1131 1880 1163 1913 M
1192 1898 1226 1903 -
1254 1881 1285 1913 9,
1311 1879 1500 1922 beneficium
1523 1881 1557 1914 M
1584 1899 1619 1904 -
1647 1881 1702 1913 40.
1727 1882 1791 1915 diis
1812 1883 1847 1916 M
1873 1901 1907 1906 —
1935 1883 1988 1916 44.
2013 1883 2090 1916 indo

294 1939 406 1972 debilis
428 1939 582 1981 Lipsius:
615 1937 765 1970 indebilis
787 1938 839 1977 M;
870 1937 946 1970 inde
967 1937 1043 1969 vilis
1065 1936 1132 1969 alii.
1162 1955 1198 1960 —
1223 1946 1343 1970 rursus
1365 1936 1558 1970 delendum
1581 1940 1718 1971 censuit
1741 1939 1939 1979 Broterius;
1961 1934 1982 1969 ⁴«
1992 1938 2089 1982 quod

293 1996 469 2038 glossema
492 1996 575 2029 addi
598 2004 750 2038 pronum
774 1994 852 2034 fuit,
878 1995 1066 2036 postquam
1089 1995 1164 2027 inde
1187 1993 1255 2027 levi
1271 1994 1526 2037 depravatione
1551 2004 1593 2027 ex
1612 1994 1805 2028 verborum
1822 1996 1986 2029 contextu
2003 2005 2089 2029 eva-

292 2054 400 2087 nuit.»
426 2054 535 2086 Ham.
564 2071 599 2076 —
627 2053 680 2085 43.
706 2052 947 2094 expostulantis
969 2052 1002 2086 M
1029 2070 1064 2076 -
1092 2051 1144 2085 44.
1170 2053 1301 2094 inferno
1324 2053 1357 2086 M
1383 2070 1420 2076 —
1448 2053 1501 2085 46.
1521 2056 1679 2094 quartum
1694 2054 1747 2087 M:
1773 2056 1905 2086 seoetum
1920 2054 2083 2088 Ritterus.

291 2128 335 2135 —
358 2110 411 2144 47.
438 2109 658 2142 brittannicus
680 2109 725 2142 M.

290 2220 527 2253 πεπίστευτο.
555 2218 605 2251 Cf.
633 2216 691 2258 42,
717 2217 771 2250 53.
802 2235 835 2241 -
866 2216 1044 2250 arbitrium
1066 2217 1161 2259 reqni

289 2270 418 2313 agebat]
445 2269 496 2303 Cf.
521 2270 606 2302 Hist.
625 2267 662 2308 li,
680 2269 738 2301 24:
758 2268 906 2309 perfuga
927 2268 1076 2300 Batavus
1098 2277 1160 2300 ar-

288 2320 423 2353 bitrium
444 2329 559 2352 rerum
582 2321 810 2352 Romanarum
833 2327 873 2350 ne
895 2322 1020 2360 ageret.
1040 2336 1075 2341 —
1102 2319 1160 2350 de-

287 2372 453 2414 grediente
475 2372 525 2412 eo]
549 2370 593 2403 de
618 2369 761 2409 Palatio,
787 2370 825 2402 ut
848 2368 951 2411 plene
976 2370 1017 2402 H.
1039 2369 1071 2408 3,
1098 2369 1155 2401 67:

286 2423 415 2454 Palatio
432 2421 634 2464 deqreditur.
659 2418 970 2461 prosequebantur
993 2420 1112 2452 autem
1136 2418 1158 2450 ii

286 2473 371 2514 puta
394 2471 524 2513 quibus
553 2480 617 2513 pro
641 2470 768 2503 scribis
792 2479 834 2502 ac
858 2470 1025 2503 ministris
1049 2477 1156 2502 curae

287 2530 374 2555 suae
397 2530 483 2555 usus
507 2523 592 2554 erat.
612 2538 647 2544 -
667 2524 706 2553 ut
721 2520 880 2562 eiuraret]
898 2522 1058 2552 Acumen
1074 2519 1157 2551 dicti

285 2573 321 2605 in
345 2581 387 2605 eo
404 2572 511 2610 inest,
539 2571 635 2613 quod
650 2572 743 2604 Nero
760 2570 857 2603 illum
874 2571 1057 2612 comparat
1073 2578 1156 2602 cum

286 2621 451 2662 consule,
477 2622 537 2664 qui
561 2621 657 2653 finito
678 2621 901 2662 magistratu,
928 2629 1056 2662 magno
1073 2629 1154 2653 cum

285 2673 455 2707 comitatu
484 2673 679 2704 amicorum
710 2673 744 2704 et
774 2671 969 2710 clientium,
1004 2680 1085 2703 eum
1118 2672 1155 2703 in

286 2722 455 2766 Capitolio
479 2721 684 2764 deponebat
712 2722 845 2754 iuratus
869 2730 908 2753 se
933 2720 1154 2754 consulatum

285 2783 304 2807 e
328 2783 368 2806 re
392 2772 531 2815 publica
556 2773 719 2813 gessisse.
758 2771 807 2804 Cf.
836 2772 875 2803 H.
902 2771 933 2811 3,
961 2771 1021 2804 68:
1046 2772 1154 2812 impe-

281 2825 373 2856 rium
387 2824 533 2857 eiurare.
558 2822 646 2854 lbid.
662 2822 702 2855 37
720 2822 929 2854 consulatum
945 2823 980 2854 et
995 2821 1036 2853 39
1046 2830 1153 2862 prae-

282 2877 407 2907 turam.
426 2891 461 2896 —
484 2872 670 2914 pepigerat]
696 2880 778 2904 cum
804 2870 960 2904 Claudio.
981 2888 1016 2894 —
1043 2881 1083 2904 ne
1098 2882 1154 2904 cu-

280 2926 335 2958 ius
358 2922 439 2965 cet.]
469 2923 491 2955 i.
518 2931 550 2955 e.
575 2931 616 2954 ne
638 2922 780 2954 alicuius
804 2923 871 2954 cet.
903 2922 1008 2955 «Mire
1033 2920 1152 2963 lapsus

282 2977 337 3008 est
359 2973 581 3013 waltherus,
607 2973 668 3014 qui
684 2982 727 3005 ex
744 2971 956 3005 editionibus
971 2972 1151 3006 veteribus

282 3025 392 3059 edidit
413 3033 454 3058 ne
476 3024 634 3064 cuiusque
649 3023 732 3064 facti
748 3024 829 3063 cet„
855 3023 962 3064 idque
980 3022 1054 3055 vult
1070 3032 1150 3056 esse

279 3078 522 3116 cuiuscunque,
558 3075 659 3117 quasi
689 3083 781 3114 non,
818 3074 847 3106 si
879 3083 949 3106 non
972 3073 1151 3107 sufficeret

280 3126 449 3161 scribenti
464 3134 505 3158 ne
520 3126 626 3165 cuius,
641 3123 831 3156 dicendum
849 3123 952 3156 suerit
962 3133 1003 3157 ne
1014 3124 1148 3157 ullius.»

279 3179 426 3211 MAnvm.
444 3195 479 3201 -
494 3178 530 3209 in
543 3174 774 3217 praeteritum]
792 3174 994 3207 recedendo
1010 3175 1044 3207 in
1063 3176 1150 3208 tem-

278 3237 366 3270 pora
388 3227 590 3270 praeterita.
618 3243 653 3250 —
679 3225 958 3266 interrogaretur]
984 3234 1066 3258 reus
1083 3225 1148 3258 fie-

278 3281 351 3319 ret,
383 3279 412 3312 si
435 3279 591 3310 rationes
615 3285 720 3319 pares
746 3284 816 3308 non
840 3277 980 3315 essent,
1013 3275 1048 3308 id
1072 3278 1144 3317 est,

279 3330 307 3361 si
331 3328 489 3370 publicas
512 3328 681 3370 pecunias
705 3325 944 3359 intervertisse
962 3327 1148 3359 convince-

278 3381 386 3411 retur.
413 3379 468 3411 Sic
490 3379 626 3411 Seneca
641 3378 702 3419 Ep.
723 3376 763 3409 49
780 3377 816 3408 et
831 3374 876 3407 de
892 3375 1011 3407 Benef.
1031 3377 1063 3414 6,
1081 3375 1143 3409 40:

271 3437 393 3470 parem
413 3429 578 3461 rationem
597 3427 721 3469 facere.
743 3444 778 3449 —
795 3423 923 3466 insitus]
943 3425 1141 3458 Pseudose-

277 3486 368 3511 neca
383 3478 502 3511 octav.
520 3476 602 3511 249:
627 3477 716 3510 Nero
730 3475 886 3510 insitivus
898 3473 952 3517 (al.
970 3474 1037 3516 ipse
1053 3475 1145 3516 divo)

1211 2212 1358 2250 Domitio
1380 2217 1510 2259 yenitus
1525 2219 1637 2258 patre.
1667 2235 1702 2240 —
1729 2215 1852 2259 debilis]
1877 2216 1958 2259 quia
1981 2217 2086 2250 muti-

1210 2266 1318 2305 latus;
1350 2269 1530 2300 memento
1555 2268 1674 2300 autem
1697 2267 1792 2310 apud
1815 2268 1978 2310 antiquos
2001 2268 2083 2301 talia

1210 2316 1369 2358 fortuita,
1396 2320 1435 2350 ut
1457 2318 1487 2350 si
1511 2319 1589 2359 quis
1607 2316 1771 2358 claudus,
1797 2316 1936 2357 luscus,
1963 2317 2083 2351 calvus

1209 2371 1323 2408 esset,
1349 2378 1490 2402 summo
1514 2368 1621 2402 fuisse
1639 2368 1958 2401 dehonestamento
1974 2371 2081 2410 atque

1207 2419 1385 2451 interdum
1411 2418 1552 2460 probro.
1574 2436 1608 2441 —
1635 2418 1765 2461 rursus]
1790 2419 1977 2458 «vicissim,
1996 2427 2084 2451 con-

1207 2470 1292 2501 tra».
1314 2485 1348 2492 —
1368 2468 1449 2501 exul
1470 2468 1605 2510 Seneca]
1632 2467 1683 2501 Cf.
1704 2468 1756 2508 ⁴2,
1775 2469 1807 2501 8.
1830 2486 1865 2492 —
1891 2471 2013 2501 trunca
2028 2477 2074 2502 se.

1205 2517 1327 2560 manu]
1360 2519 1513 2551 Necesse
1539 2527 1610 2551 non
1634 2519 1705 2557 est,
1739 2520 1846 2551 totam
1870 2520 1909 2550 ut
1932 2527 2078 2552 manum

1205 2569 1405 2610 praecisam
1437 2568 1602 2602 habuerit
1630 2569 1782 2607 Burrus;
1819 2569 1948 2602 sufficit
1970 2569 2076 2611 digito

1206 2627 1276 2651 uno
1308 2620 1369 2650 aut
1397 2617 1507 2651 altero
1531 2621 1675 2660 captum
1699 2618 1823 2658 fuisse,
1860 2619 2010 2653 tortasse
2040 2619 2077 2652 in

1205 2669 1293 2709 acie,
1320 2669 1416 2710 quod
1432 2670 1569 2702 virtutis
1586 2669 1719 2711 insigne
1738 2671 1803 2703 est.
1830 2671 1853 2702 1.
1869 2671 1903 2703 F.
1920 2672 2023 2703 Giton.
2037 2686 2073 2694 -

1200 2720 1404 2760 professoria
1425 2720 1552 2763 linqua]
1578 2720 1622 2753 de
1639 2722 1794 2760 Seneca,
1816 2721 1917 2762 quasi
1931 2721 2075 2763 homine

1204 2769 1414 2804 scholastico
1443 2780 1485 2803 ac
1508 2780 1608 2804 mero
1633 2770 1883 2804 declamatore.
1919 2771 2076 2804 Adiecti-

1203 2829 1287 2853 vum
1305 2822 1528 2863 professorius
1551 2831 1644 2854 nunc
1670 2822 1737 2854 hoc
1760 2823 1896 2855 tantum
1919 2821 1998 2855 loco
2019 2831 2075 2855 re-

1203 2872 1348 2912 peritur.
1377 2889 1409 2894 -
1442 2871 1651 2912 Silanorum]
1686 2871 1791 2905 Marci
1823 2874 1858 2904 et
1890 2872 1985 2905 Lucii
2015 2873 2074 2905 Iu-

1203 2921 1340 2954 niorum
1365 2921 1575 2955 Silanorum.
1609 2921 1660 2954 Cf.
1687 2931 1718 2954 c.
1737 2924 1767 2955 4.
1798 2941 1833 2946 -
1859 2923 1963 2955 inrita
1984 2923 2073 2964 faci-

1200 2972 1297 3014 nora]
1325 2972 1527 3005 Admodum
1554 2972 1685 3013 tragice
1709 2972 1772 3006 has
1796 2981 1938 3015 quoque
1963 2979 2071 3007 neces

1201 3022 1301 3063 quasi
1317 3022 1403 3055 deas
1421 3021 1562 3055 ultrices
1578 3023 1728 3063 invocat,
1751 3022 1903 3065 proquo
1918 3022 2070 3064 vulgaris

1200 3073 1352 3114 scriptor
1373 3081 1460 3105 usus
1485 3073 1580 3105 esset
1598 3071 1717 3105 verbis
1740 3072 1915 3114 conqueri,
1940 3072 2069 3106 lamen-

1200 3124 1288 3164 tari,
1314 3124 1434 3157 dolere.

1243 3226 1295 3258 45.
1322 3223 1485 3267 explebat]
1510 3224 1662 3266 ideoque
1678 3225 1798 3266 togam
1814 3222 1947 3257 virilem
1964 3232 2067 3259 acce-

1198 3277 1322 3317 pturus
1345 3276 1432 3308 erat.
1468 3275 1518 3308 Cf.
1545 3276 1604 3315 42,
1630 3275 1683 3308 44.
1715 3276 1764 3308 De
1789 3276 1903 3308 aetate
1927 3275 2065 3308 Britan-

1197 3326 1265 3358 nici
1289 3325 1332 3358 cf.
1359 3326 1420 3366 4¹2,
1438 3326 1491 3358 25.
1506 3343 1549 3349 —
1571 3326 1661 3367 festis
1683 3325 1829 3358 Saturno
1852 3325 1974 3368 diebus]
1998 3326 2062 3359 Sa-

1196 3374 1391 3408 turnalibus
1421 3384 1452 3407 a.
1478 3383 1513 3407 u.
1538 3374 1613 3408 807.
1650 3393 1686 3400 —
1715 3383 1855 3416 reanum
1882 3375 1959 3408 lusu
1985 3384 2062 3408 sor-

1192 3423 1352 3466 tientium]
1378 3423 1495 3457 Pollux
1518 3424 1550 3464 9,
1576 3425 1653 3457 ilo:
1678 3422 1881 3464 βασιλίνδα
1901 3423 1974 3466 μὲν
1989 3418 2060 3458 οὖν

1191 3473 1314 3515 ἐστίν,
1346 3482 1439 3506 οταν
1461 3471 1780 3521 διακληρωθέντες
1803 3469 1826 3507 ὅ
1847 3473 1920 3517 μὲν
1941 3473 2057 3515 βασι-
