2254 3770
760 285 915 330 LIBER
944 286 1008 330 lv.
1053 285 1153 343 Cap.
1183 284 1255 329 40.
1281 284 1348 329 4⁴.
1378 285 1445 329 42.
1932 273 2015 324 235

232 389 359 435 filiam
381 403 502 435 suam
523 391 655 449 equiti
684 392 873 435 Romano
902 391 1071 435 tradere
1099 391 1326 436 meditatus
1347 399 1423 437 est.
1467 392 1622 436 mirum
1642 389 1827 440 hercule,
1860 388 1894 433 si
1917 402 2013 433 eum

234 467 274 509 in
304 466 440 509 omnis
470 479 594 509 curas
624 465 939 514 distraheretur,
972 467 1311 525 immensumque
1342 467 1471 512 attolli
1497 466 1741 525 provideret
1764 479 1893 523 quem
1914 476 2015 507 con-

234 540 446 584 iunctione
477 540 545 584 tali
577 555 709 599 super
739 540 843 585 alios
874 540 1103 590 extulisset,
1136 542 1179 586 C.
1202 542 1471 586 Proculeium
1492 549 1534 586 et
1554 541 1763 602 quosdam
1787 541 1830 583 in
1851 550 2016 583 sermo-

233 615 358 659 nibus
388 614 534 659 habuit
561 615 714 674 insigni
743 616 1040 674 tranquillitate
1070 617 1196 668 vitae,
1234 615 1358 660 nullis
1389 618 1450 661 rei
1480 617 1679 676 publicae
1708 615 1887 674 negotiis
1918 626 2017 672 per-

233 690 398 734 mixtos.
445 690 522 734 sed
553 690 587 734 si
620 691 882 735 dubitatione
911 692 1084 749 Augusti
1125 706 1362 742 movemur,
1401 699 1559 750 quanto
1597 691 1774 735 validius
1804 696 1869 734 est
1897 689 2045 748 quod⁵

232 765 372 809 Marco
394 764 616 823 Agrippae,
646 780 746 810 mox
773 766 873 810 mihi
898 766 1163 811 conlocavit?
1207 774 1334 825 atque
1365 781 1445 824 ego
1476 767 1581 811 haec
1610 780 1688 825 pro
1718 765 1901 810 amicitia
1929 777 2014 807 non

231 839 460 884 occultavi:
501 847 690 884 ceterum
718 855 860 900 neque
890 842 973 885 tuis
1004 855 1146 900 neque
1171 839 1318 886 'Liviae
1350 841 1570 885 destinatis
1600 840 1876 886 adversabor.
1920 839 2014 897 ipse

230 914 333 973 quid
357 915 466 959 intra
485 915 672 959 animum
693 916 980 967 volutaverim,
1017 916 1173 975 quibus
1202 917 1342 961 adhue
1371 916 1758 961 necessitudinibus
1789 915 2015 959 inmiscere

231 996 270 1034 te
300 989 400 1033 mihi
430 1003 596 1048 parem,
633 991 820 1034 omittam
850 991 902 1035 ad
935 1006 1138 1050 praesens
1170 992 1340 1036 referre.
1386 991 1429 1035 id
1460 998 1621 1035 tantum
1661 991 1868 1049 aperiam,
1912 989 2013 1032 nihil

229 1078 326 1108 esse
356 1070 440 1108 tam
470 1065 687 1109 excelsum
717 1066 832 1124 quod
862 1081 947 1110 non
978 1068 1155 1111 virtutes
1186 1067 1292 1111 istae
1328 1074 1512 1126 tuusque
1552 1067 1593 1109 in
1630 1080 1697 1110 me
1727 1066 1895 1110 animus
1923 1079 2011 1108 me·
2027 1073 2064 1104 ⁴0

230 1146 423 1192 reantur;
462 1139 648 1199 datoque
685 1147 876 1199 tempore
915 1141 982 1186 vel
1021 1142 1062 1186 in
1093 1149 1243 1186 senatu
1272 1142 1338 1186 vel
1367 1143 1409 1185 in
1440 1142 1636 1186 contione
1668 1155 1751 1185 non
1782 1140 2009 1185 reticebo.»

230 1215 311 1271 (4⁴)
343 1224 514 1259 rursum
543 1216 734 1267 Seianus,
766 1231 850 1260 non
881 1217 964 1261 iam
993 1217 1047 1262 de
1078 1218 1356 1267 matrimonio.
1389 1217 1466 1261 sed
1497 1217 1621 1261 altius
1651 1223 1857 1265 metuens,
1888 1216 2013 1260 tacita

230 1290 540 1348 suspicionum,
581 1291 694 1349 vulgi
735 1306 970 1343 rumorem,
1013 1292 1279 1350 ingruentem
1315 1292 1515 1337 invidiam
1555 1291 1822 1350 deprecatur.
1868 1305 1918 1334 ac
1958 1300 2013 1334 ne

230 1364 434 1409 adsiduos
463 1365 505 1408 in
535 1365 707 1410 domum
730 1374 879 1411 coetus
909 1368 1093 1412 arcendo
1123 1369 1367 1426 infringeret
1395 1368 1626 1426 potentiam
1654 1373 1727 1411 aut
1754 1365 2012 1425 receptando

228 1439 467 1484 facultatem
488 1442 806 1485 criminantibus
835 1443 1074 1501 praeberet,
1107 1443 1188 1487 huc
1218 1442 1333 1487 flexit
1362 1450 1406 1486 ut
1430 1443 1642 1487 Tiberium
1673 1442 1726 1486 ad
1755 1442 1884 1486 vitam
1914 1456 2012 1500 pro-
2025 1451 2061 1480 ⁴5

229 1515 295 1559 cul
328 1518 459 1560 Roma
489 1517 679 1560 amoenis
709 1517 814 1561 locis
837 1517 1074 1575 degendam
1104 1518 1352 1576 impelleret.
1396 1518 1528 1562 multa
1547 1518 1708 1576 quippe
1738 1516 2010 1576 providebat:

227 1604 306 1635 sua
334 1588 377 1634 in
407 1605 532 1635 manu
563 1591 713 1643 aditus,
744 1592 1063 1652 litterarumque
1096 1608 1246 1652 magna
1267 1608 1320 1638 ex
1348 1599 1468 1652 parte
1490 1608 1538 1637 se
1559 1593 1762 1637 arbitrum
1779 1593 1881 1644 sore,
1914 1604 2011 1636 cum

227 1680 304 1724 per
334 1665 486 1710 milites
508 1674 812 1720 commearent;
842 1683 940 1712 mox
963 1669 1191 1713 Caesarem
1210 1675 1411 1726 vergente
1441 1669 1525 1713 iam
1554 1674 1727 1713 senecta
1756 1674 2011 1726 secretoque

226 1740 307 1785 loci
336 1740 543 1785 mollitum
574 1742 717 1786 munia
747 1743 912 1801 imperii
942 1744 1106 1788 facilius
1135 1745 1451 1797 tramissurum3
1481 1751 1524 1788 et
1554 1744 1684 1788 minui
1709 1744 1789 1788 sibi
1809 1744 2009 1788 invidiam

226 1816 425 1874 adempta
445 1816 697 1861 salutantum
726 1819 862 1868 turba,
895 1818 1157 1878 sublatisque
1187 1819 1382 1863 inanibus
1412 1833 1558 1863 veram
1587 1819 1815 1877 potentiam
1846 1820 2058 1876 augeri.2⁰

226 1892 352 1949 igitur
380 1891 580 1950 paulatim
609 1893 778 1950 negotia
800 1893 930 1943 urbis,
962 1893 1108 1952 populi
1141 1895 1361 1946 adcursus,
1392 1894 1702 1938 multitudinem
1733 1894 2009 1938 adfluentium

226 1966 435 2025 increpat,
475 1967 680 2011 extollens
709 1967 908 2012 laudibus
937 1969 1124 2027 quietem
1155 1976 1198 2014 et
1226 1970 1516 2021 solitudinem,
1557 1971 1654 2028 quis
1683 1969 1837 2014 abesse
1866 1970 2007 2014 taedia

226 2048 269 2085 et
297 2042 556 2086 offensiones
591 2057 644 2088 ac
680 2045 912 2102 praecipua
945 2059 1090 2088 rerum
1118 2045 1299 2106 manime
1330 2045 1492 2103 agitari.
1538 2045 1618 2102 (42)
1651 2059 1702 2089 ae
1730 2046 1836 2089 sorte
1867 2045 2006 2089 habita

288 2151 320 2183 Ξ.
347 2151 590 2184 destraheretur
611 2153 643 2185 Μ
673 2170 709 2176 —-
735 2153 766 2185 8.
791 2153 1047 2185 nessitudinibus.
1062 2162 1116 2196 pr.
1139 2155 1171 2186 M
1197 2172 1232 2178 —
1259 2155 1311 2187 ⁴0.
1336 2155 1472 2187 uirtutis
1486 2163 1538 2196 pr.
1556 2155 1589 2187 M
1607 2171 1641 2177 —-
1670 2154 1723 2186 ⁴2.
1748 2155 1818 2186 iam
1832 2154 2006 2186 Faernus:

223 2208 293 2238 tam
316 2207 347 2238 M
374 2224 411 2230 ·—-
438 2207 490 2239 ⁴3.
516 2209 738 2248 suspicionum
761 2210 811 2242 M:
836 2209 1020 2250 suspicione
1042 2218 1175 2251 margo.
1195 2228 1230 2233 —
1258 2210 1418 2251 dep'catur
1433 2211 1464 2244 M
1483 2228 1520 2234 —-
1546 2211 1599 2243 ⁴5.
1620 2210 1776 2251 praberet
1797 2211 1830 2243 M
1848 2227 1882 2232 —
1909 2210 2009 2242 etexit

223 2262 256 2294 M
272 2263 379 2304 (flexit
397 2262 530 2304 margo)
548 2281 581 2285 —
601 2264 654 2296 20.
669 2265 873 2297 salutantum
890 2266 940 2297 M:
958 2266 1175 2298 salutantium
1189 2267 1380 2299 Bekkerus.
1400 2267 1449 2299 Cf.
1465 2275 1496 2299 c.
1512 2267 1564 2299 ⁴2.
1581 2266 1612 2306 6,
1628 2267 1682 2299 50.
1698 2267 1750 2306 ⁴⁴,
1765 2266 1818 2298 22.
1840 2284 1875 2290 —
1894 2266 2006 2298 mani-

223 2316 282 2349 bus
304 2318 336 2351 M
359 2317 526 2358 (inanibus
547 2319 678 2360 margo)
699 2337 735 2342 —
761 2329 876 2352 veram
896 2322 1077 2362 potentiam·
1100 2322 1218 2364 auyeri
1240 2321 1428 2355 Marcilius:
1456 2331 1539 2355 uera
1550 2324 1698 2363 potentia
1713 2331 1835 2364 auqere
1850 2322 1901 2359 M;
1926 2330 2007 2354 vera

216 2374 366 2414 potentia
380 2375 497 2416 auyeri
513 2375 718 2414 Rhenanus;
744 2386 857 2410 veram
869 2379 1051 2418 potentiam
1069 2387 1192 2420 auqere
1207 2379 1374 2412 Muretus.
1391 2396 1427 2402 —
1446 2379 1501 2411 22.
1520 2379 1608 2411 tedia
1624 2379 1655 2411 M
1672 2396 1708 2402 —-
1723 2378 1776 2411 23.
1793 2377 1943 2424 maxime
1959 2378 2000 2410 M.

223 2467 293 2498 tam
329 2465 440 2499 facile.
481 2485 516 2489 —-
549 2472 696 2509 equestre
723 2470 906 2512 fastiyiwm]
939 2481 1007 2504 non
1032 2481 1089 2504 ex·
1140 2472 1405 2505 condicionibus
1429 2471 1637 2504 deliberavit
1660 2471 1823 2513 quidem,
1848 2472 1884 2503 at
1901 2470 2004 2512 longe

223 2516 335 2548 trema
352 2516 496 2557 quidem
509 2516 674 2558 dignitate
688 2519 841 2560 (Sueton.
860 2520 922 2553 Tit.
938 2521 975 2552 6:
1001 2521 1090 2553 Titus

216 2566 465 2606 praefecturam
481 2576 609 2607 quoquc
626 2570 791 2608 praetorii
807 2571 964 2610 suscepit,
989 2580 1087 2603 num-

223 2624 323 2656 quam
352 2617 396 2648 ad
423 2617 458 2648 id
487 2619 613 2658 tempus
640 2619 705 2651 nisi
735 2618 776 2651 ab
806 2620 912 2660 equite
943 2621 1088 2653 Romano

222 2666 499 2698 administratam.
503 2666 536 2708 ),
569 2668 630 2699 sed
655 2669 830 2710 potentia,
857 2678 924 2711 qua
948 2669 1088 2703 valebat

223 2715 316 2758 apud
339 2714 528 2748 Tiberium.
557 2735 592 2739 —
618 2717 794 2760 amicitias]
822 2720 967 2758 amicos,
993 2721 1030 2752 ut
1053 2720 1084 2760 5,

222 2766 254 2798 2.
273 2766 414 2798 sueton.
434 2765 507 2799 Tib.
526 2767 579 2799 5⁴.
605 2767 766 2809 Intelligit
781 2770 969 2811 Agrippam
989 2779 1088 2811 prae·

222 2816 363 2854 sertim,
389 2817 648 2858 Maecenatem,
674 2817 871 2852 Sallustium
898 2821 1083 2853 minorem.

224 2882 261 2889 —
287 2875 354 2897 non
376 2866 494 2899 occulti
514 2867 636 2909 ferunt]
661 2870 782 2909 aperte
805 2869 1023 2910 profitentur.
1049 2889 1083 2894 -

220 2916 346 2947 mirwm
367 2915 515 2957 hercule]
547 2916 678 2950 ironice
711 2917 842 2950 dictum
866 2928 931 2960 pro
954 2921 1087 2952 niinime

220 2965 354 2996 mirum.
389 2982 425 2988 -
460 2965 494 2997 C.
521 2966 744 3008 Proculeium]
778 2967 922 3000 fratrem
953 2969 1086 3002 Teren-

221 3014 289 3046 tiae
320 3014 530 3047 Maecenatis
562 3017 598 3048 et
630 3017 664 3049 L.
692 3017 809 3048 Licinii
831 3018 1014 3057 Murenae,
1041 3018 1084 3051 de

222 3072 292 3105 quo
315 3063 395 3096 vide
419 3063 464 3095 ad
488 3065 519 3101 ⁴,
546 3065 597 3098 ⁴0.
631 3066 682 3098 De
714 3066 893 3099 Proculeio
924 3068 1085 3101 Horatius

220 3113 259 3151 2,
283 3113 320 3151 2,
346 3113 387 3145 5:
416 3113 507 3145 Vivet
528 3117 659 3146 extento
682 3116 870 3148 Proculeius
892 3125 990 3156 aevo,
1015 3118 1086 3149 No·

221 3164 274 3193 tus
294 3163 330 3194 in
350 3162 474 3203 fratres
497 3164 602 3194 animi
619 3165 764 3203 paterni.
803 3164 853 3197 Cf.
880 3165 942 3197 Dio
965 3165 1018 3205 54,
1044 3165 1081 3197 3:

221 3208 418 3253 Μαικήνας
441 3211 506 3244 καὶ
527 3211 765 3257 Προκούλιος
780 3231 799 3237 -
811 3232 830 3238 -
841 3213 879 3254 ἐς
893 3210 941 3246 τὰ
956 3213 1085 3259 πρῶτα

223 3255 297 3292 ὑπὸ
320 3256 544 3304 Αὐγούστου
567 3259 786 3304 τιμώμενοι.
808 3280 844 3285 —-
870 3262 1082 3306 dubitatione]

225 3309 282 3341 uSi
305 3319 491 3343 movemur
508 3311 724 3344 dubitatione
741 3312 814 3344 sive
831 3311 1083 3346 deliberatione

225 3359 383 3400 Augusti,
431 3359 540 3393 multo
579 3361 689 3403 magis
729 3362 862 3394 moveri
909 3362 1083 3395 debemus

226 3405 383 3442 eiusdem
416 3409 606 3444 decisione.
658 3411 746 3446 Nam
781 3411 824 3446 de
859 3411 1083 3455 equestribus

1139 2521 1232 2554 aliud
1264 2521 1427 2564 probavit
1461 2522 1690 2563 decrevitque
1727 2523 1762 2554 et
1791 2522 1867 2563 ipso
1900 2524 2004 2564 pacto

1139 2573 1327 2605 exsecutus
1344 2573 1430 2605 est.»
1458 2573 1544 2605 LIPS.
1565 2589 1600 2594 —
1629 2571 1746 2612 quibus
1768 2572 1877 2604 adhuc
1893 2580 2004 2604 neces-

1137 2622 1334 2654 situdinibus
1356 2621 1435 2663 cet]
1459 2621 1547 2654 Vide
1571 2621 1615 2654 ad
1638 2622 1670 2663 5,
1698 2621 1729 2654 6.

1181 2721 1233 2753 4⁴.
1259 2720 1371 2762 altius]
1396 2720 1440 2753 de
1464 2720 1572 2754 rebus
1596 2721 1826 2762 gravioribus.
1844 2740 1880 2745 —
1898 2724 2004 2755 tacita

1136 2771 1359 2811 suspicionum
1383 2788 1401 2794 —
1417 2788 1436 2794 -
1459 2771 1673 2812 deprecatur]
1711 2773 1922 2813 «precatur,
1958 2781 2002 2804 ne

1137 2820 1248 2852 tacitis
1277 2819 1534 2861 suspicionibus
1565 2819 1681 2853 locum
1717 2820 1798 2861 det,
1835 2831 1878 2854 ne
1910 2820 2001 2860 vulgi

1136 2870 1336 2902 rumoribus
1352 2879 1473 2903 aurem
1491 2871 1671 2913 praebeat,
1689 2881 1733 2904 ne
1751 2872 1911 2911 invidiae,
1933 2880 2000 2912 qua

1136 2921 1319 2960 urgeatur,
1363 2920 1534 2952 rationem
1569 2920 1739 2953 habeat.»
1773 2939 1808 2945 -
1839 2930 1903 2962 per
1935 2922 2001 2953 mi-

1134 2968 1222 3010 lites]
1259 2978 1301 3001 ex
1333 2969 1391 3008 iis,
1428 2970 1485 3011 qui
1514 2969 1754 3011 speculatores
1777 2970 1996 3003 dicebantur.

1137 3018 1187 3050 Cf.
1214 3018 1298 3051 Hist.
1324 3018 1364 3058 2,
1390 3018 1442 3051 73.
1480 3020 1621 3052 Sueton.
1649 3019 1754 3061 Calig.
1776 3020 1839 3053 44:
1863 3020 2000 3061 Mayni-

1133 3068 1216 3109 ficas
1237 3068 1373 3100 Romam
1395 3069 1524 3101 litteras
1545 3071 1653 3108 misit,
1688 3071 1820 3102 monitis
1849 3069 2000 3110 specula-

1135 3116 1279 3156 toribus,
1304 3120 1342 3149 ut
1362 3118 1508 3150 vehiculo
1523 3119 1568 3151 ad
1581 3119 1693 3156 fortun
1707 3128 1808 3159 usque
1822 3122 1855 3151 et
1869 3120 2000 3152 curiam

1131 3167 1371 3207 pertenderent.
1414 3168 1540 3201 Privati
1572 3168 1760 3201 utebantur
1790 3169 1862 3202 suis
1887 3169 1999 3203 tabel-

1106 3216 1111 3237 ¹
1135 3215 1246 3255 lariis,
1285 3215 1638 3264 γραμματοφόροις.
1687 3235 1716 3241 -
1757 3220 1996 3262 commearent]

1136 3265 1206 3297 Cic.
1233 3265 1277 3298 ad
1301 3268 1368 3298 Att.
1395 3267 1427 3306 8,
1445 3267 1477 3306 9,
1496 3268 1535 3299 3:
1560 3267 1674 3299 crebro
1695 3267 1787 3299 illius
1807 3268 1936 3301 litterae
1956 3270 1998 3302 ab

1134 3315 1211 3347 aliis
1233 3316 1278 3347 ad
1299 3324 1358 3347 nos
1373 3319 1564 3349 commeant.
1585 3332 1621 3338 —
1646 3316 1808 3358 veryente]
1830 3317 1851 3349 i.
1870 3326 1904 3359 q.
1916 3327 1998 3359 pro—

1133 3368 1227 3397 vecta
1256 3368 1341 3398 Ann.
1369 3366 1399 3406 ⁴,
1425 3365 1457 3399 4.
1486 3384 1522 3389 -
1557 3367 1706 3398 maoeime
1736 3367 1878 3409 ayitari]
1914 3371 1994 3400 ante

1134 3412 1199 3447 alia
1217 3415 1351 3456 omnia,
1377 3415 1516 3449 omissis
1533 3413 1640 3449 rebus
1655 3413 1794 3449 levioris
1810 3418 1991 3458 momenti,
