2254 3770
793 286 947 334 LIBER
976 291 1040 335 lv.
1085 289 1186 347 Cap.
1218 289 1286 334 42.
1317 283 1385 333 4'3.
1415 284 1503 332 44.-

1946 282 2030 328 237

248 400 293 444 C.
325 392 539 444 Caesaris¹
561 404 604 442 et
641 399 692 440 M.
722 397 888 441 Antonii
925 395 1134 440 sententia
1165 396 1390 439 redditum.
1437 389 1810 439 conti-'a'Messenii
1841 399 2031 435 veterem

247 476 354 518 inter
392 473 586 517 Herculis
625 480 822 530 posteros
852 472 1109 515 divisionem
1138 471 1420 528 Peloponnesi
1464 470 1699 528 protulere,
1740 481 1907 525 suoque
1941 467 2029 524 regi

248 548 556 592 Dentheliatem
587 562 754 605 agrum,
786 548 827 590 in
858 561 945 605 quo
976 547 1017 590 id
1043 545 1287 590 delubrum.
1322 547 1531 599 cessisse3
1562 545 1908 601 monimentaque
1938 543 2031 585 eius

246 625 307 668 rei
348 623 512 681 sculpta
550 623 662 666 saxis
703 630 745 667 et
782 636 883 666 aere
919 622 1063 680 prisco
1092 635 1279 664 manere.
1326 621 1443 678 quod
1476 622 1510 664 si
1542 627 1699 670 vatum,
1733 618 1948 663 annalium
1978 617 2030 661 ad

245 699 484 743 testimonia
515 705 732 747 vocentur,
764 697 910 756 plures
940 697 1019 740 sibi
1052 711 1102 741 ac
1131 695 1432 752 locupletiores
1463 710 1581 749 esse;
1619 705 1761 754 neque
1790 693 2064 751 Philippums

246 774 435 833 potentia
474 773 553 817 sed
592 787 645 817 ex
673 787 777 816 vero
818 775 1029 816 statuisse.
1074 772 1188 815 idem
1218 774 1332 829 regis
1361 771 1578 828 Antigoni,
1622 771 1733 814 idem
1763 769 2032 827 imperatoris

247 849 434 893 Mummii
463 849 681 892 iudicium.
727 848 789 891 sic
819 847 1006 891 Milesios
1037 847 1247 905 permisso
1278 845 1449 904 publice
1479 846 1673 897 arbitrio,
1705 853 1922 903 postremo
1949 845 2033 888 Ati·-

247 925 365 968 dium
395 924 637 974 Geminum,
668 930 912 981 praetorem
933 922 1135 970 Achaiae,

1167 922 1428 965 decrevisse.
1460 922 1515 964 ita
1537 921 1776 964 secundum
1796 920 2032 964 Messenios

247 1000 404 1044 datum.
451 1006 494 1043 et
523 999 742 1054 Segestani
773 998 927 1042 aedem
954 998 1131 1042 Veneris
1161 1005 1348 1041 montem
1379 1003 1480 1054 aput
1499 997 1708 1055 Erycum,
1740 1002 1948 1039 vetustate
1969 995 2033 1039 di-

246 1074 426 1133 lapsam,
460 1075 687 1118 restaurari
719 1073 1012 1131 postulavere.
1043 1080 1144 1116 nota
1172 1079 1458 1116 memorantes
1488 1072 1542 1115 de
1564 1073 1726 1129 origine
1748 1072 1840 1115 eius
1862 1079 1905 1115 et
1923 1071 2084 1115 laetato

247 1151 428 1194 Tiberio.
472 1149 661 1206 suscepit
696 1163 843 1192 curam
879 1148 1017 1192 libens
1052 1156 1098 1192 ut
1126 1148 1482 1206 consanguineus.
1527 1154 1628 1191 tunc
1656 1154 1858 1191 tractatae
1887 1147 2036 1190 Massi—

247 1225 444 1269 liensium
475 1238 640 1283 preces,
673 1224 986 1282 probatumque
1016 1225 1059 1267 P.
1082 1223 1220 1275 Rutilii
1253 1222 1507 1281 exemplum.
1540 1236 1724 1280 namque
1750 1237 1850 1266 eum
1869 1221 2035 1279 legibus

251 1297 423 1359 pulsum
453 1297 590 1344 civem
621 1299 699 1343 sibi
723 1296 945 1358 Zmyrnaei
967 1294 1232 1342 addiderant.
1263 1312 1350 1356 quo
1370 1298 1462 1342 iure
1483 1297 1698 1342 Vulcatius
1718 1297 1917 1341 Moschus
1939 1297 2035 1341 exul

242 1377 292 1418 *in
316 1375 603 1419 Massilienses
625 1360 824 1432 receptus
845 1374 960 1417 bona
979 1388 1057 1417 sua
1078 1374 1140 1417 rei
1161 1374 1358 1432 publicae
1374 1388 1525 1418 eorum
1544 1380 1590 1416 ut
1608 1373 1772 1430 patriae
1790 1373 2035 1431 reliquerat.

363 1451 444 1507 (44)
477 1450 637 1494 Obiere
668 1463 721 1493 eo
752 1463 862 1493 anno
892 1450 970 1492 viri
1002 1449 1169 1493 nobiles
1201 1450 1274 1494 Cn.
1294 1448 1499 1493 Lentulus
1529 1455 1572 1492 et
1602 1450 1643 1492 L.
1667 1449 1887 1492 Domitius.
1928 1450 2088 1491 Len-'15

251 1526 338 1569 tulo
369 1539 501 1583 super
531 1524 798 1569 consulatum
827 1531 870 1568 et
898 1524 1170 1583 triumphalia
1199 1524 1254 1569 de
1285 1525 1402 1569 Getis
1431 1523 1594 1582 gloriae
1623 1523 1760 1567 fuerat
1789 1524 1901 1568 bene
1931 1523 2037 1568 tole-

314 1635 345 1667 4.
370 1633 506 1666 messene
529 1634 561 1667 M
592 1652 628 1657 —
659 1634 691 1666 2.
716 1634 862 1666 hercules
891 1643 942 1676 pr.
968 1635 1001 1666 M
1033 1652 1069 1658 —
1100 1633 1173 1675 regi
1194 1633 1433 1666 Denthaliatem
1456 1632 1609 1674 Lipsius:
1642 1632 1787 1665 recident
1809 1632 1959 1664 hellalem
1981 1640 2034 1674 pr.

248 1686 297 1724 M;
323 1685 467 1718 recident
494 1684 651 1716 halialem
674 1692 764 1716 corr.
790 1685 846 1723 M;
882 1685 953 1726 regi
977 1685 1093 1716 dacum
1115 1692 1249 1724 margo.
1278 1701 1315 1707 -
1351 1682 1383 1715 4.
1407 1683 1474 1715 reis
1496 1682 1595 1722 culpa
1617 1683 1650 1715 M
1674 1682 1815 1724 (εσαὶρια
1836 1681 1970 1723 margo)
1999 1700 2032 1707 -

247 1738 363 1768 valum
385 1738 444 1767 aut
466 1735 642 1767 annalium
666 1735 842 1773 Heraeus;
867 1738 981 1767 vatum
1005 1735 1242 1774 annaliumque
1263 1734 1456 1766 Ernestius.
1483 1733 1533 1765 Cf.
1553 1743 1588 1775 p.
1607 1733 1682 1772 236,
1702 1733 1753 1765 47.
1773 1751 1808 1756 -
1834 1734 1867 1765 5.
1893 1733 2038 1773 locuple—

239 1785 344 1818 tiaris
365 1785 399 1818 M
425 1802 459 1807 —
487 1785 518 1817 7.
543 1785 699 1817 iuditium
720 1785 754 1817 M
780 1803 815 1807 —
839 1785 991 1825 publicae
1014 1786 1046 1817 M
1074 1802 1109 1807 —
1131 1787 1277 1824 postrem
1293 1784 1325 1816 M
1341 1800 1384 1807 —-
1404 1783 1435 1815 9.
1454 1783 1619 1823 dilapsam
1642 1783 1845 1816 Ernestius:
1870 1784 2039 1824 delapsam

248 1835 294 1868 M.
321 1834 371 1867 Cf.
392 1835 479 1867 Hist.
499 1835 530 1874 4,
549 1835 590 1867 68
607 1836 643 1867 et
658 1834 712 1867 86.
739 1852 776 1857 —
803 1835 855 1867 42.
880 1835 1000 1867 rueillii
1023 1835 1055 1867 M
1082 1852 1118 1857 —
1144 1834 1196 1867 43.
1221 1834 1371 1874 zmyrnei
1393 1834 1427 1866 M
1446 1851 1480 1856 -
1509 1832 1560 1865 44.
1583 1835 1728 1873 receptos
1749 1842 1802 1875 pr.
1821 1834 1855 1866 M
1872 1851 1906 1856 —
1934 1827 2039 1866 bona-

248 1886 363 1917 suarie
378 1885 532 1925 publicae
555 1885 587 1917 M
612 1884 709 1926 (bona
730 1893 794 1917 sua
815 1885 897 1926 reip.
924 1885 1055 1926 margo)
1082 1902 1119 1907 —
1146 1885 1198 1916 45.
1225 1884 1260 1917 C.
1278 1884 1321 1916 N.
1340 1884 1372 1916 M
1400 1901 1435 1906 —
1462 1884 1494 1916 4.
1519 1884 1558 1916 de
1581 1883 1671 1916 Getis
1691 1891 1812 1924 margo
1836 1884 1887 1916 M:
1914 1884 2040 1925 deqetes

250 1935 303 1974 M;
331 1935 370 1966 de
393 1935 541 1967 Gaetulis
561 1935 762 1968 Rhenanus.

250 2021 496 2065 Μεσσηνίων,
521 2021 711 2065 συστῆναί
733 2032 832 2063 φασι
853 2019 921 2054 τὸν
937 2019 1118 2064 πόλεμον.

249 2073 398 2105 Pausan.
424 2072 461 2111 4,
487 2073 541 2111 34,
559 2072 599 2104 3:
615 2069 725 2105 ’Ἐστι
747 2071 787 2105 δὲ
807 2071 848 2105 ἐν
862 2070 909 2119 τῇ
924 2073 1120 2116 μεσογαίῳ

253 2118 365 2164 κώμη
389 2119 570 2165 Καλάμαι
592 2122 658 2155 καὶ
673 2122 815 2165 Λίμναι
838 2123 1000 2168 χωρίον·
1025 2122 1065 2155 ἐν
1080 2120 1122 2154 δὲ

250 2167 354 2215 αὐτῷ
383 2170 615 2215 Λιμνάτιδος
647 2170 750 2219 ἱερόν
773 2171 877 2205 ἐστιν
894 2170 1119 2219 Ἀρτέμιδος.

251 2221 302 2254 ld.
328 2222 361 2262 7,
386 2223 441 2261 20,
466 2223 498 2256 7.
524 2214 761 2263 Artemide,
787 2223 841 2256 35.
869 2241 904 2246 -
931 2224 1124 2256 Macedonis

249 2272 400 2314 Philippi]
436 2272 684 2314 Intelligendus
716 2272 903 2306 Alexandri
938 2274 982 2306 M.
1008 2274 1120 2314 pater,

254 2330 336 2354 cum
359 2321 447 2354 infra
471 2324 551 2364 post
574 2332 657 2355 eum
679 2323 843 2355 Messenii
867 2324 1061 2365 provocent
1077 2322 1121 2355 ad

252 2371 465 2412 Antigonum
495 2373 707 2411 Dosontem,
740 2381 862 2414 regem
892 2373 977 2404 item
1005 2373 1124 2406 Mace-

254 2420 401 2460 doniae,
427 2421 487 2462 qui
509 2423 590 2454 ante
609 2422 690 2455 Chr.
708 2431 741 2454 a.
759 2423 822 2455 222
847 2424 970 2464 Sparta
993 2423 1123 2464 potitus

255 2472 321 2503 est.
346 2471 466 2503 lustin.
491 2471 552 2510 28,
577 2471 610 2504 4.
636 2489 673 2495 -
698 2473 786 2505 inter
806 2473 958 2505 Herculis
975 2476 1124 2513 posteros

255 2520 462 2562 divisionem]
487 2521 635 2554 Circiter
656 2531 688 2555 a.
713 2522 799 2555 4404
822 2532 853 2555 a.
881 2523 963 2556 Chr.
989 2524 1124 2556 Aristo-

255 2570 372 2602 machi
395 2572 468 2602 tres
492 2569 568 2610 filii,
594 2573 810 2613 pronepotes
830 2572 939 2613 Hylli,
966 2571 1123 2605 Herculis

256 2618 333 2659 filii,
369 2627 452 2651 cum
474 2619 626 2654 Doribus
649 2623 831 2663 Naupacto
856 2623 1066 2655 traiecerant
1088 2623 1123 2655 in

222 2698 224 2702 ,
256 2668 542 2710 Peloponnesum
573 2672 609 2702 et
638 2671 759 2704 eiectis
788 2672 937 2705 Achaeis
964 2673 1010 2704 ita
1034 2672 1125 2704 inter

257 2727 296 2751 se
312 2720 563 2758 convenerunt,
586 2721 626 2752 ut
642 2720 881 2762 Cresphontes
897 2722 1121 2756 Messeniam.

257 2766 412 2808 expulsis
434 2769 592 2802 Nestoris
614 2770 782 2811 posteris,
812 2771 988 2803 Temenus
1011 2773 1124 2812 Argo-

255 2815 383 2857 lidem,
418 2817 629 2850 Aristodemi
660 2818 737 2859 filii,
774 2818 914 2852 Procles
945 2822 980 2852 et
1011 2821 1123 2861 Eury-

257 2865 421 2906 sthenes,
446 2867 656 2900 Laconicam
680 2870 853 2902 tenerent.
885 2869 935 2902 Cf.
961 2870 1124 2902 Isocratis

256 2915 510 2949 Archidamum
547 2918 567 2959 g
602 2919 642 2950 47
680 2927 758 2960 sqq.
803 2937 838 2942 —
887 2920 1125 2952 Denthaliatem

258 2966 398 3006 agrum]
430 2965 526 2999 idem
561 2967 720 3008 videtur,
757 2968 802 3001 de
827 2978 897 3010 quo
928 2969 1124 3011 Stephanus

257 3015 402 3055 Byzant.
434 3024 468 3057 p.
495 3017 577 3057 400,
603 3017 643 3050 30
674 3019 886 3051 Westerm.:
923 3014 1125 3051 Δελθοίνιοι

259 3061 474 3105 (Δενθάλιοι
489 3064 688 3099 Holstenius
706 3067 752 3099 ob
772 3064 902 3100 seriem
918 3066 1123 3108 litterarum)

259 3110 369 3154 πόλις
401 3114 474 3156 μία
503 3113 578 3146 τῶν
608 3114 876 3161 περιμαχήτων
898 3116 1125 3159 Μεσσηνίων

259 3163 326 3195 καὶ
347 3162 672 3206 Λακεδαιμονίων.
693 3183 730 3188 -
754 3166 916 3208 Mummii]
940 3175 960 3198 a
984 3175 1055 3208 quo
1071 3167 1126 3199 di-

260 3214 340 3245 ruta
363 3215 418 3253 est
442 3214 629 3247 Corinthus
651 3223 682 3247 a.
708 3223 743 3247 u.
769 3216 844 3248 608.
880 3233 916 3239 -
948 3217 1126 3248 secundum

261 3262 446 3304 Messenios]
468 3264 507 3295 ut
528 3262 753 3305 postulabant
771 3265 951 3303 Messenii;
978 3265 1126 3298 formula

264 3311 475 3345 iuridicialis.
521 3313 571 3346 Cf.
610 3313 682 3346 Cic.
718 3322 783 3355 pro
811 3314 935 3346 Roscio
967 3314 1066 3347 Com.
1092 3316 1124 3347 4.

266 3359 412 3394 sueton:
422 3361 543 3394 Claud.
559 3363 618 3395 ⁴5:
635 3362 827 3395 Absenttbus
840 3364 1019 3396 secundum
1027 3373 1128 3404 prae-

266 3411 545 3452 unta-‘tactum
567 3411 679 3445 dabat.
709 3411 862 3446 lulianus
879 3413 915 3446 ln
931 3413 1004 3455 Dig.
1020 3413 1076 3455 24,
1093 3413 1143 3446 3.->
1170 3435 1172 3438 ψ

1171 2022 1225 2061 34,
1250 2021 1289 2053 2;
1326 2030 1364 2054 re
1389 2021 1568 2054 secundum
1593 2029 1670 2053 eum
1694 2021 1863 2062 iudicata,
1899 2022 1934 2054 in
1963 2022 2038 2054 eius

1170 2071 1368 2104 utilitatem.
1390 2090 1425 2094 —
1443 2071 1602 2114 Erycum]
1626 2072 1681 2104 Sic
1698 2074 1855 2105 montem
1872 2071 2037 2115 appellat,

1172 2122 1232 2163 qui
1261 2122 1403 2154 Graecis
1433 2123 1489 2154 est
1514 2122 1630 2162 Eryx,
1667 2122 1846 2154 Ciceronis
1875 2121 2038 2164 exemplo

1171 2171 1273 2203 Verr.
1290 2172 1310 2203 2
1327 2171 1346 2212 5
1362 2171 1404 2203 22
1421 2172 1457 2203 et
1473 2171 1547 2204 445.
1571 2171 1736 2203 Ceterum
1753 2172 1895 2204 Sueten.
1915 2171 2036 2204 Claud.

1170 2222 1232 2253 25:
1263 2221 1418 2262 templum
1438 2221 1475 2253 in
1498 2221 1616 2253 Sicilia
1641 2221 1773 2253 Veneris
1793 2222 1960 2262 Erycinae
1980 2231 2039 2255 ve-

1171 2274 1293 2303 tustate
1322 2271 1523 2311 collapsum,
1555 2274 1594 2302 ut
1615 2279 1660 2303 ea>
1682 2272 1818 2303 aerario
1834 2272 1950 2312 populi
1972 2272 2038 2304 Ro·-

1170 2323 1263 2354 mani
1277 2323 1485 2363 reficeretur,
1511 2325 1629 2353 auctor
1642 2322 1718 2362 full.
1736 2322 1949 2363 susceperat
1964 2323 2039 2363 qui-

1172 2372 1255 2405 dem
1271 2372 1419 2404 reficere
1437 2371 1608 2410 Tiberius,
1627 2371 1691 2404 sed
1708 2372 1868 2404 omisisse
1886 2372 2036 2413 videtur,

1171 2423 1209 2454 ut
1231 2421 1401 2464 pleraque
1425 2421 1626 2454 huiusmodi
1649 2429 1769 2463 opera.
1791 2439 1827 2444 —
1844 2424 1884 2454 ut
1896 2430 2035 2455 consan-

1171 2471 1321 2514 9uineus]
1346 2474 1382 2505 et
1405 2473 1675 2513 Segestanorum
1696 2472 1730 2503 et
1746 2471 1904 2504 Veneris.
1930 2473 2039 2514 Sege-

1172 2524 1226 2555 sta
1250 2523 1343 2555 enim
1367 2521 1412 2554 ab
1436 2524 1553 2554 Aenea
1579 2521 1719 2554 condita
1739 2520 1930 2555 ferebatur.
1955 2523 2035 2556 Dio-

1173 2581 1251 2614 nys.
1278 2571 1386 2605 Halic.
1411 2573 1451 2605 A.
1478 2573 1515 2605 R.
1542 2573 1572 2611 4,
1598 2572 1651 2604 52.
1679 2572 1749 2604 Cic.
1775 2572 1876 2604 Verr.
1895 2571 1915 2605 4
1939 2572 2035 2614 572:

1173 2623 1344 2664 Seqestani
1375 2623 1570 2663 cognatione
1598 2630 1632 2653 se
1654 2630 1730 2653 cum
1745 2621 1870 2662 populo
1891 2623 2039 2654 Romano

1173 2674 1364 2706 coniunctos
1376 2681 1444 2704 esse
1461 2672 1683 2704 arbitrantur.
1717 2673 1832 2713 Atque
1850 2673 1955 2713 Eryx,
1974 2673 2039 2704 Bu-

1174 2725 1230 2756 tae
1265 2724 1300 2755 et
1332 2723 1479 2755 Veneris
1509 2721 1615 2760 filius,
1651 2724 1791 2754 Aeneae
1821 2722 1927 2755 frater
1950 2725 2035 2755 erat.

1173 2772 1301 2814 Vergil.
1327 2773 1414 2804 Aen.
1439 2773 1471 2811 5,
1495 2771 1538 2804 24
1563 2773 1598 2804 et
1619 2770 1694 2804 442.
1731 2771 1784 2803 Ab
1808 2770 1881 2803 Iulo
1905 2773 2036 2811 autem,

1174 2823 1314 2854 Aeneae
1338 2820 1426 2859 filio,
1452 2821 1622 2861 originem
1645 2821 1747 2852 traxit
1769 2829 1855 2862 gens
1878 2819 1978 2857 Iulia,
2003 2821 2039 2853 in

1174 2879 1281 2912 quam
1310 2869 1469 2902 Tiberius
1499 2869 1688 2911 adoptione
1713 2870 1912 2902 transierat.
1940 2870 1976 2892 —'
2001 2870 2036 2902 Ρ.

1175 2919 1300 2961 Rutilii]
1323 2918 1411 2951 Vide
1434 2918 1479 2950 ad
1502 2919 1535 2959 3,
1560 2919 1602 2951 66
1626 2920 1662 2951 et
1683 2919 1947 2952 Onomasticum
1963 2917 2041 2951 Tul-

1175 2970 1305 3002 lianum
1328 2977 1362 3010 p.
1389 2969 1452 3000 547
1475 2977 1528 3010 sq.
1561 2969 1664 3002 Teste
1688 2970 1822 3001 Seneca
1845 2969 1906 3009 Ep.
1933 2967 1992 3008 24,
2018 2969 2039 3002 4

1175 3019 1317 3050 reditum
1346 3026 1444 3050 suum
1465 3017 1579 3050 Sullae
1599 3019 1751 3060 nechit,
1781 3019 1835 3050 cui
1857 3017 1941 3049 nihil
1961 3019 2040 3050 tuuc

1173 3067 1371 3109 negabatur.
1399 3084 1435 3090 -
1471 3067 1640 3099 Vulcatius
1666 3066 1831 3108 Moschus]
1858 3065 1933 3098 Noli
1956 3075 2039 3100 cum

1175 3117 1243 3150 hoc
1271 3116 1489 3150 confundere
1518 3117 1649 3150 Horatii
1672 3117 1856 3150 Moschum
1881 3116 1978 3157 (Epp.
2005 3118 2036 3157 4,

1174 3167 1207 3206 5,
1233 3166 1271 3199 9:
1307 3167 1352 3199 Et
1379 3166 1504 3199 Moschi
1534 3166 1704 3208 causam),
1740 3165 1800 3207 qui
1830 3164 1902 3197 fuit
1919 3164 2040 3198 rhetor

1175 3218 1425 3257 Pergamenus.

1219 3265 1273 3299 44.
1300 3267 1357 3299 Cn.
1382 3266 1549 3308 Lentulus}
1574 3264 1695 3298 consul
1718 3273 1750 3297 a.
1775 3273 1810 3296 u.
1833 3263 1908 3297 736.
1933 3263 1985 3297 Cf.
2005 3266 2036 3305 4,

1175 3315 1217 3347 27
1242 3315 1318 3355 (ubi
1343 3315 1547 3358 corrigenda
1573 3316 1626 3347 est
1648 3313 1841 3354 adnotatio)
1867 3315 1903 3346 et
1923 3312 1957 3352 4,
1982 3314 2036 3346 29.

1179 3381 1215 3388 -
1240 3366 1278 3398 L.
1301 3365 1478 3407 Domitius]
1512 3365 1574 3397 Cn.
1600 3363 1623 3396 f.
1648 3363 1685 3395 L.
1710 3371 1744 3395 n.
1767 3361 2036 3402 Ahenobarbus,

1177 3413 1298 3448 consul
1321 3423 1353 3449 a.
1371 3423 1408 3448 u.
1425 3414 1506 3455 738,
1531 3411 1856 3446 Neronisavuss—
1874 3412 2038 3454 {devotis}
