2254 3770
769 247 925 293 LmEn
953 247 984 291 1.
1030 246 1132 306 Cap.
1162 246 1229 291 ιο.
1259 246 1327 291 Μ.
1359 246 1427 292 42.

1931 241 1988 287 37

211 364 340 410 stunt,
377 356 538 402 rediret
573 360 782 405 maneret,
819 367 920 412 pars
958 352 1214 412 Agrippinae
1250 358 1544 404 occursantes,
1583 351 1752 410 plurimi
1791 348 1846 393 ad
1883 348 1988 393 Ger-

211 434 422 479 manicum
451 431 651 490 regressi.
682 430 807 489 isque
836 435 884 472 ut
911 433 1002 473 erat
1031 441 1184 472 recens
1214 426 1363 471 dolore
1393 433 1436 471 et
1463 427 1546 475 ira.
1583 432 1686 485 aput
1711 423 1989 470 circumfusos

210 510 266 554 ita
295 507 461 566 coepit:
507 506 588 564 (42)
623 519 732 549 «non
770 503 873 547 mihi
910 517 1020 547 uxor
1058 509 1131 546 aut
1163 501 1275 546 filius
1305 508 1425 560 patre
1454 509 1497 546 et
1525 515 1573 546 re
1600 500 1773 560 publica
1802 499 1992 544 cariores

209 589 327 636 sunt;
367 588 433 626 set
468 580 586 624 illum
615 579 789 640 quidem
820 593 900 643 sua
928 578 1148 628 maiestas,
1189 577 1415 635 imperium
1442 579 1679 621 Romanum
1707 575 1838 634 ceteri
1868 587 1992 618 exer-

209 658 318 703 citus
348 655 589 701 defendent.
626 655 852 712 coniugem
882 659 925 697 et
952 652 1112 696 liberos
1141 666 1282 704 meos,
1314 666 1424 710 quos
1444 666 1523 710 pro
1543 651 1678 710 gloria
1696 649 2023 695 vestralibenss

209 733 264 777 ad
293 732 468 777 exitium
496 730 716 780 offerrem,
747 742 862 773 nunc
890 727 1040 787 procul
1071 741 1096 771 a
1126 726 1362 771 furentibus
1393 740 1664 778 summoveo,
1706 732 1752 770 ut
1781 724 1993 784 quidquid

209 809 310 852 istut
339 806 515 851 sceleris
535 805 745 855 imminet,
776 817 875 847 meo
899 809 1061 847 tantum
1082 803 1289 859 sanguine
1308 803 1466 861 pietur,
1498 816 1608 846 neve
1628 802 1796 846 occisus
1816 800 1991 858 Augusti

208 895 446 943 pronepos,
478 881 698 925 interfecta
717 879 873 923 Tiberii
902 892 1036 922 nurus
1066 878 1336 922 nocentiores
1365 892 1442 922 vos
1471 878 1608 922 faciat.
1649 876 1751 936 quid
1782 876 1895 920 enim
1914 889 1994 934 per

210 958 288 1002 hos
318 957 411 1001 dies
440 957 638 1000 inausum
666 955 1019 999 intemeratumve
1048 953 1200 997 vobis?
1229 953 1347 1012 quod
1377 967 1534 996 nomen
1562 952 1663 997 huic
1691 951 1830 997 coetui
1852 950 1993 995 dabo?

210 1032 420 1077 militesne
450 1030 684 1089 appellem,
717 1030 792 1088 qui
821 1029 954 1072 filium
984 1028 1252 1087 imperatoris
1281 1028 1411 1072 vestri
1440 1027 1551 1072 vallo
1582 1034 1624 1072 et
1653 1027 1782 1071 armis
1811 1026 2043 1071 circum-io

210 1108 399 1159 sedistis,
430 1121 484 1151 an
513 1107 648 1157 cives,
679 1104 837 1164 quibus
865 1111 949 1148 tam
979 1104 1171 1162 proiecta
1189 1110 1363 1148 senatus
1385 1103 1645 1148 auctoritas?
1679 1102 1866 1146 hostium
1885 1115 1994 1160 quo-

210 1197 296 1242 que
326 1183 394 1227 ius
425 1188 467 1226 et
485 1195 608 1226 sacra
626 1180 849 1239 legationis
870 1186 913 1224 et
931 1179 994 1223 fas
1014 1179 1202 1237 gentium
1221 1179 1406 1236 rupistis.
1448 1178 1571 1222 divus
1589 1177 1721 1221 Iulius
1741 1177 1994 1221 seditionem

210 1259 422 1304 exercitus
451 1257 583 1302 verbo
612 1270 698 1300 uno
729 1254 1012 1313 compescuit,
1044 1254 1232 1307 Quirites
1251 1254 1446 1298 vocando
1474 1253 1547 1311 qui
1568 1258 1880 1297 sacramentum
1900 1252 1994 1296 eius

209 1333 514 1379 detractabant.
556 1331 681 1375 divus
701 1333 915 1388 Augustus
935 1329 1051 1374 vultu
1081 1336 1123 1374 et
1151 1335 1329 1388 aspectu
1347 1329 1540 1373 Actiacas
1568 1328 1758 1387 legiones
1779 1326 1992 1371 exterruit.

210 1423 290 1454 nos
329 1414 375 1452 ut
412 1407 603 1452 nondum
642 1405 836 1456 eosdem,
879 1405 936 1448 ita
967 1419 1020 1449 ex
1053 1404 1134 1448 illis
1164 1411 1281 1449 ortos
1311 1404 1347 1448 si
1375 1405 1606 1462 Hispaniae
1636 1403 1842 1463 Syriaeve
1871 1401 1993 1447 miles
2007 1415 2044 1445 ⁴5

213 1489 534 1544 aspernaretur,
575 1489 717 1526 tamen
753 1481 908 1524 mirum
937 1486 980 1525 et
1007 1480 1228 1538 indignum
1257 1486 1359 1524 erat.
1408 1479 1602 1537 primane
1632 1485 1674 1523 et
1701 1478 1905 1523 vicesima
1931 1477 1994 1522 le-

211 1561 378 1618 giones,
410 1558 482 1602 illa
501 1558 633 1615 signis
654 1571 679 1601 a
698 1556 867 1601 Tiberio
888 1556 1097 1614 acceptis,

1129 1562 1173 1599 tu
1192 1562 1253 1599 tot
1272 1555 1533 1614 proeliorum
1553 1554 1689 1608 socia,
1713 1559 1774 1598 tot
1791 1553 1993 1612 praemiis

212 1642 353 1687 aucta,
395 1633 613 1692 egregiam
643 1632 742 1677 duci
770 1638 912 1676 vestro
948 1631 1127 1689 gratiam
1159 1631 1356 1675 refertis?
1397 1630 1511 1674 hunc
1540 1644 1620 1688 ego
1650 1629 1841 1673 nuntium
1871 1628 1992 1687 patri,

211 1711 322 1756 laeta
353 1710 496 1755 omnia
525 1709 618 1753 aliis
648 1722 673 1753 e
702 1706 933 1766 provinciis
963 1707 1170 1759 audienti,
1200 1707 1362 1751 feram?
1391 1706 1527 1764 ipsius
1555 1706 1732 1757 tirones,
1763 1705 1899 1763 ipsius
1919 1718 1994 1749 ve-

258 1846 291 1878 7.
315 1846 396 1878 istut
416 1844 469 1877 M:
498 1845 583 1876 istuc
603 1841 719 1884 vulgo.
748 1859 784 1865 —-
815 1841 847 1874 8.
869 1849 1037 1883 pronepus
1057 1850 1112 1884 pr.
1136 1841 1170 1875 M
1194 1858 1230 1864 —
1258 1848 1357 1882 peros
1378 1847 1556 1882 superscr.
1580 1839 1601 1871 h
1622 1840 1656 1872 Μ
1681 1857 1717 1863 -
1749 1838 1803 1872 ⁴4.
1828 1839 1997 1871 detracta-

213 1902 294 1935 bant
314 1902 366 1941 M,
391 1900 456 1934 sed
479 1908 511 1933 c.
537 1899 578 1933 45
602 1899 797 1932 detrectetur
828 1916 865 1922 —
898 1899 952 1931 ⁴5.
976 1907 1054 1939 nos,
1083 1901 1122 1930 ut
1141 1897 1288 1930 nondum
1309 1897 1452 1937 eosdem,
1482 1898 1534 1929 ita
1556 1905 1601 1929 ea:
1620 1896 1687 1928 illis
1708 1899 1798 1928 ortos
1821 1913 1857 1918 —
1882 1897 1911 1928 si
1931 1895 1995 1928 Ht-

210 1966 334 2000 wanus
355 1957 514 1997 Syriaeve
535 1955 628 1988 miles
649 1957 903 1996 aspernaretur,
928 1957 1039 1987 tamen
1059 1955 1184 1986 mirum
1205 1957 1236 1986 et
1255 1954 1431 1995 indiqnum
1452 1956 1529 1985 erat
1552 1970 1588 1976 —
1611 1953 1768 1993 primane
1788 1956 1819 1985 et
1838 1953 1996 1985 vicesima

210 2016 370 2057 legiones,
404 2013 467 2046 illa
488 2012 592 2054 signis
613 2020 636 2043 a
660 2010 786 2043 Tiberio
809 2012 967 2051 acceptis,
1003 2013 1040 2043 tu
1062 2013 1108 2043 tot
1132 2010 1339 2051 proeliorum
1361 2011 1472 2049 socia,
1507 2012 1555 2041 tot
1579 2010 1742 2049 praemiis
1764 2012 1866 2041 aucta
1880 2026 1899 2032 -
1913 2025 1932 2032 -
1947 2007 1995 2040 -P

210 2071 391 2114 Eqreqiam
412 2069 488 2101 duci
508 2070 616 2100 vestro
636 2067 788 2109 qratiam
808 2066 962 2108 refertis!
986 2066 1207 2100 Strodtbeck.
1235 2082 1272 2090 —
1298 2066 1352 2099 46.
1376 2066 1550 2098 uicessima
1571 2065 1617 2098 M.

212 2184 303 2225 apud
330 2182 483 2215 hibernas
510 2180 651 2222 leyiones
674 2182 891 2220 procreatum
911 2179 1082 2212 indicant:

212 2235 252 2266 ln
281 2233 406 2265 castris
437 2231 541 2263 natus
570 2229 690 2271 patriis
718 2229 868 2261 nutritus
898 2229 934 2261 in
962 2230 1081 2270 armis,

214 2284 287 2316 Iam
311 2281 482 2322 designati
510 2279 679 2322 principis
703 2287 809 2311 omen
832 2279 919 2311 erat.
954 2279 1026 2320 qu
1048 2279 1084 2311 in

214 2333 303 2366 Actis
322 2331 413 2365 Antii
434 2331 565 2363 invenio
587 2329 721 2362 editum.
740 2328 948 2361 Gaetulicum
968 2329 1087 2370 refellit

214 2383 338 2416 Plinius
368 2381 464 2423 quasi
490 2380 662 2426 mentitum
686 2387 750 2420 per
774 2379 1017 2420 adulationem,
1048 2383 1086 2411 ut

216 2434 263 2466 ad
284 2433 398 2466 laudes
418 2431 544 2463 iuvenis
562 2430 762 2472 9loriosique
777 2430 939 2471 principis
958 2430 1086 2471 aliquid

217 2485 318 2518 etiam
340 2491 384 2516 σω
405 2481 487 2514 urbe
508 2480 642 2513 Herculi
663 2489 764 2512 sacra
786 2484 938 2514 sterneret.
955 2498 1004 2505 --
1018 2481 1086 2513 Pli-

215 2536 309 2567 nium
333 2532 447 2574 arguit
467 2531 557 2563 ratio
580 2533 774 2570 temporum.
798 2529 946 2563 Plinium
966 2532 1086 2563 tamen

216 2583 413 2626 sequuntur
447 2581 555 2615 etiam
586 2580 789 2613 Athenaeus
822 2581 880 2614 IV.
914 2589 949 2623 p.
976 2581 1039 2614 448
1063 2581 1086 2613 d

217 2635 254 2667 et
281 2631 441 2666 Aurelius
471 2631 591 2663 Victor
618 2630 655 2662 in
679 2630 751 2662 vita
774 2629 958 2672 Caligulae.
988 2648 1023 2655 —
1050 2639 1087 2663 eo

216 2683 357 2726 teymine
379 2680 518 2722 pedum]
550 2680 692 2712 sueton.
718 2679 823 2721 Calig.
848 2681 887 2712 9:
917 2680 1087 2722 Caligulae

217 2740 397 2774 cognomen
411 2730 569 2763 castrensi
584 2730 655 2761 ioco
672 2729 799 2769 traxit,
824 2730 906 2770 quia
926 2729 1087 2771 manipu-

218 2783 306 2814 lario
328 2780 442 2813 habitu
463 2780 551 2812 inter
571 2779 691 2811 milites
712 2778 930 2813 educabatur.
955 2779 1005 2813 Cf.
1022 2780 1086 2812 Dio

263 2880 317 2917 42.
343 2879 503 2920 quidquid
522 2879 602 2912 istut
623 2879 751 2911 sceleris
771 2878 929 2922 imminet]
954 2878 1005 2912 Cf.
1031 2879 1084 2920 ⁴4,

220 2931 282 2965 43:
307 2929 470 2972 quidquid
490 2929 550 2961 hoc
571 2929 608 2961 in
628 2928 722 2961 nobis
743 2929 952 2961 auctoritatis
974 2932 1031 2961 est.
1049 2947 1084 2953 -

221 2980 309 3022 quod
330 2987 448 3011 nomen
469 2978 502 3010 h.
526 2987 556 3010 c.
581 2978 703 3019 dabo?]
734 2979 949 3020 comparant
970 2978 1087 3011 locum

221 3038 308 3064 sane
337 3026 489 3061 similem
517 3028 602 3059 Liw‘i
631 3028 693 3068 28,
717 3027 776 3067 27',
808 3027 870 3060 ubi
898 3028 1013 3070 Scipio
1042 3029 1088 3060 ita

223 3076 481 3112 commilitones
503 3076 680 3118 increpat:
707 3078 794 3117 Quos
815 3086 856 3109 ne
874 3086 938 3117 quo
958 3077 1090 3110 nomine

222 3128 355 3169 quidem
377 3125 548 3167 appellare
569 3126 702 3158 debeam
716 3127 794 3159 scio.
829 3126 896 3159 Giv
905 3126 967 3158 es?
995 3126 1053 3169 qui
1067 3136 1091 3159 a

219 3178 339 3220 patria
357 3180 470 3210 vestra
492 3176 653 3208 descistis:
678 3186 724 3208 an
745 3176 925 3209 milites?
947 3177 1005 3217 qui
1025 3177 1091 3208 im-

220 3229 357 3270 perium.
384 3227 632 3268 auspiciumque
671 3226 846 3266 abnuistis,
891 3227 1092 3259 sacramenti

222 3278 415 3319 religionem
435 3276 597 3317 rupistis?
628 3274 704 3308 Noli
725 3277 845 3308 tamen
868 3276 1021 3317 cogitare
1045 3276 1090 3309 de

225 3328 384 3368 quaesita
405 3327 608 3360 imitatione.
633 3343 669 3348 —
694 3325 794 3368 vallo]
823 3327 960 3368 spectat
987 3325 1033 3358 ad
1056 3335 1087 3359 c.

225 3377 284 3418 39,
316 3385 492 3411 concursu
520 3376 566 3409 ad
588 3376 786 3409 Germanici
807 3375 954 3411 domum
983 3376 1088 3418 racto,

1132 2187 1223 2220 quae
1258 2179 1294 2211 in
1315 2178 1485 2211 ·hibernis
1518 2178 1594 2210 erat
1626 2177 1852 2210 circumdatis
1885 2175 1995 2216 vallo,

1133 2228 1228 2270 quod
1250 2230 1334 2261 tunc
1350 2229 1385 2260 in
1401 2228 1649 2261 seditiosorum
1664 2228 1838 2269 potestate
1854 2228 1941 2259 erat.
1958 2243 1995 2249 -

1131 2287 1232 2311 sacra
1253 2278 1439 2320 legationis]
1471 2277 1522 2310 Cf.
1539 2278 1572 2317 2,
1598 2277 1659 2309 65:
1690 2285 1790 2309 saera
1810 2277 1917 2318 regni.
1943 2276 1997 2316 43,

1134 2329 1195 2360 47ε
1227 2337 1327 2360 sacra
1354 2336 1496 2360 mensae.
1525 2345 1561 2350 ——
1587 2326 1730 2367 Quirites
1750 2327 1915 2366 vocando]
1940 2334 2000 2358 an-

1132 2378 1277 2419 tequam
1292 2378 1328 2410 in
1342 2377 1494 2410 Africam
1509 2377 1697 2409 traiiceret.
1722 2377 1850 2410 Lucan.
1868 2377 1901 2415 5,
1915 2375 1997 2408 357:

1133 2429 1284 2461 discedite
1312 2429 1448 2468 castris,
1483 2428 1615 2460 Tradite
1641 2430 1758 2459 nostra
1783 2427 1866 2459 viris
1886 2425 2002 2468 iynavi

1133 2480 1230 2521 signa
1253 2479 1406 2520 Quirites.
1438 2479 1583 2511 sueton.
1608 2479 1710 2511 Caes.
1727 2477 1789 2509 70:
1818 2486 1888 2509 una
1908 2485 1998 2517 voce,

1135 2539 1202 2571 qua
1218 2530 1368 2569 Quirites
1384 2538 1437 2561 eos
1449 2538 1512 2570 pro
1527 2527 1694 2561 militibus
1710 2527 1913 2568 appellarat,
1931 2530 2001 2559 tam

1133 2580 1233 2621 facile
1261 2579 1453 2620 circumegit
1484 2581 1514 2611 et
1533 2578 1646 2621 flea-it,
1676 2580 1714 2609 ut
1735 2577 1764 2609 ei
1787 2576 1914 2609 milites
1937 2585 2002 2609 esse

1135 2631 1302 2672 confestim
1316 2629 1554 2670 responderint.
1574 2628 1624 2661 Cf.
1642 2627 1817 2661 Plutarch.
1832 2628 1932 2660 Caes.
1945 2627 1981 2659 5⁴
1991 2652 1999 2659 .

1135 2681 1200 2713 Dio
1223 2679 1278 2719 42,
1303 2679 1356 2712 53.
1393 2680 1466 2711 Hoc
1498 2677 1698 2720 exemplum
1729 2679 1872 2710 secutus
1896 2678 2001 2709 etiam

1135 2730 1335 2764 Alexander
1367 2730 1519 2762 Severus
1552 2737 1650 2769 saepe
1681 2728 1821 2769 legiones
1855 2728 2003 2768 integras

1135 2781 1385 2820 exauctoravit,
1413 2789 1457 2813 ex
1477 2779 1634 2812 militibus
1650 2779 1799 2818 Quirites
1818 2778 1999 2819 appellans.

1137 2831 1315 2873 Lamprid.
1340 2831 1393 2863 52.
1410 2847 1454 2854 --
1475 2830 1628 2862 Actiacas
1649 2829 1799 2871 leyiones]
1817 2837 1907 2870 quae
1923 2829 2003 2870 post

1136 2882 1315 2914 Actiacam
1351 2879 1534 2912 victoriam
1578 2878 1752 2911 Brundisii
1792 2877 2001 2917 turbabant,

1138 2931 1295 2974 praemia
1303 2931 1338 2963 et
1349 2931 1555 2963 missionem
1565 2930 1765 2972 poscentes.
1775 2930 1916 2961 Sueton.
1925 2927 1999 2960 Oct.

1139 2982 1193 3015 47.
1218 2981 1282 3013 Dio
1305 2981 1360 3020 5⁴,
1386 2979 1417 3012 3.
1446 2997 1482 3003 -
1514 2979 1694 3020 Hispaniae
1722 2979 1880 3019 Syriaeve
1900 2977 2002 3020 miles]

1140 3029 1269 3072 quibus
1284 3029 1422 3071 ignotus
1438 3030 1514 3062 erat
1530 3029 1769 3062 Germanicus.
1789 3045 1824 3051 —
1838 3027 2003 3069 primane]

1139 3080 1286 3122 Egregie
1310 3081 1523 3113 concitatum
1547 3079 1743 3112 Germanici
1766 3078 1922 3110 animum
1942 3086 2005 3110 ex-

1140 3130 1260 3173 primit
1281 3128 1436 3162 clausula
1463 3130 1555 3162 inter
1579 3128 1869 3162 exclamationem
1893 3127 1928 3159 et
1949 3127 2006 3160 in-

1140 3179 1413 3221 terrogationem
1435 3178 1542 3212 veluti
1569 3179 1742 3211 fluctuans
1765 3179 1871 3218 atque
1893 3177 2006 3209 inter-

1140 3229 1269 3262 media.
1289 3245 1325 3252 -
1344 3229 1447 3271 signis
1461 3247 1481 3253 -
1492 3246 1512 3253 -
1526 3228 1677 3270 acceptis]
1698 3228 1778 3269 post
1792 3235 1923 3259 novum
1938 3225 2005 3259 de-

1140 3276 1271 3311 lectum
1295 3277 1361 3311 sub
1384 3279 1559 3320 Augusto,
1591 3279 1630 3309 ut
1651 3276 1807 3315 videtur,
1831 3277 1912 3318 post
1933 3275 2006 3309 cla-

1141 3327 1223 3362 dem
1245 3328 1444 3360 Varianam.
1478 3328 1530 3361 ct.
1554 3325 1676 3359 Vellei.
1698 3326 1738 3367 2,
1763 3326 1838 3359 ⁴20.
1863 3326 1926 3359 Dio
1948 3326 2003 3367 56,

1139 3377 1193 3412 23.
1214 3395 1251 3403 —
1268 3378 1344 3411 duci
1364 3377 1482 3418 vestro]
1500 3375 1650 3410 Tiberio.
1668 3392 1705 3400 —
1718 3375 1913 3418 precariam
1927 3375 2006 3410 ani-
