2254 3770
289 279 373 327 ⁴82

768 287 813 330 Ρ.
846 285 1098 331 CORNELII
1126 287 1297 333 TACITI
1326 287 1594 332 ANNALIUM

289 402 474 441 carmen,
507 405 595 450 quo
627 391 868 436 Germanici
899 405 1103 451 suprema
1132 392 1377 443 defleverat,
1408 394 1593 452 pecunia
1616 394 1820 440 donatum
1849 410 1874 440 a
1895 397 2080 442 Caesare
2108 420 2113 457 y

290 465 495 524 corripuit
523 466 700 518 delator,
733 466 955 512 obiectans
985 482 1114 526 aegro
1145 469 1286 511 Druso
1317 468 1614 527 composuisse
1644 470 1773 529 quod,
1806 472 1842 515 si
1872 472 2081 517 extinctus

287 539 408 591 foret,
439 541 601 586 maiore
630 541 824 599 praemio
853 541 1112 600 vulgaretur.
1143 543 1187 586 id
1216 543 1415 588 Lutorius
1444 544 1489 587 in
1509 543 1638 589 domo
1657 546 1703 589 P.
1723 546 1922 598 Petronii,
1954 560 2082 592 socru

290 615 384 660 eius
418 615 582 661 Vitellia
620 630 767 660 coram
806 616 1038 676 multisque
1079 618 1329 662 inlustribus
1372 618 1557 669 feminis,
1605 634 1685 679 per
1722 621 2084 681 vaniloquentiam

257 689 463 749 blegerat.
507 698 556 734 ut
591 691 757 735 delator
796 691 947 743 extitit,
991 693 1146 737 ceteris
1187 693 1242 737 ad
1278 693 1509 738 dicendum
1547 681 1832 740 testimonium
1871 698 2084 743 exterritis

291 765 383 810 sola
403 765 566 810 Vitellia
587 766 689 810 nihil
710 780 758 811 se
782 766 1001 812 audivisse
1032 768 1315 812 adseveravit.
1347 769 1425 813 sed
1454 771 1731 828 arguentibus
1762 772 1815 815 ad
1847 773 2084 830 perniciem

290 840 386 899 plus
415 841 517 886 fidei
538 842 624 894 suit,
657 842 956 902 sententiaque
977 844 1137 887 Haterii
1159 844 1382 902 Agrippae,
1416 845 1603 889 consulis
1624 846 1845 905 designati,
1879 847 2083 892 indictum

290 929 366 960 reo
396 916 588 961 ultimum
614 917 885 976 supplicium.
918 919 998 976 (50)
1021 925 1168 963 contra
1189 919 1249 962 Μ’.
1272 920 1459 978 Lepidus
1490 921 1532 963 in
1562 920 1675 966 hunc
1704 922 1880 966 modum
1900 937 2084 968 exorsus

290 998 375 1036 est:
411 993 485 1045 «si,
515 998 659 1051 patres
681 994 922 1051 conscripti,
955 1009 1089 1038 unum
1112 994 1155 1038 id
1186 1001 1442 1053 spectamus,
1474 1010 1604 1054 quam
1634 997 1794 1041 nefaria
1822 1011 1929 1042 voce
1954 1000 2084 1043 Luto-

241 1067 380 1111 ⁴0rius
410 1068 583 1113 Priscus
619 1074 807 1112 mentem
844 1083 968 1112 suam
998 1076 1040 1113 et
1078 1084 1206 1113 aures
1246 1070 1465 1114 hominum
1503 1071 1722 1129 polluerit,
1763 1087 1905 1131 neque
1935 1087 2085 1118 carcer

290 1156 434 1202 neque
471 1143 673 1202 laqueus,
715 1158 770 1188 ne
809 1144 990 1188 serviles
1030 1144 1207 1203 quidem
1245 1146 1459 1189 cruciatus
1495 1147 1536 1189 in
1576 1161 1675 1190 eum
1715 1148 1973 1193 suffecerint.
2018 1149 2083 1193 sin

291 1218 449 1277 flagitia
479 1224 522 1263 et
550 1219 738 1263 facinora
768 1219 861 1264 sine
891 1219 1021 1264 modo
1053 1227 1161 1268 sunt,
1194 1220 1415 1279 suppliciis
1446 1235 1496 1265 ac
1527 1222 1728 1266 remediis
1758 1223 1963 1282 principis
1994 1239 2085 1268 mo-

291 1292 456 1338 deratio
493 1295 794 1353 maiorumque
825 1301 869 1339 et
902 1302 1046 1339 vestra
1077 1296 1272 1354 exempla
1308 1302 1565 1354 temperant,
1606 1304 1648 1341 et
1685 1312 1792 1342 vana
1822 1313 1846 1342 a
1877 1299 2082 1351 scelestis,

291 1369 405 1414 dicta
443 1383 468 1413 a
505 1369 726 1414 male-ficiis
764 1369 980 1421 differunt,
1023 1379 1088 1415 est
1126 1371 1247 1416 locus
1282 1372 1518 1416 sententiae
1548 1386 1627 1430 per
1655 1387 1786 1431 quam
1814 1388 1957 1433 neque
1987 1375 2086 1420 huic

241 1453 278 1483 ⁴⁵
292 1444 495 1490 delictum
515 1445 690 1503 impune
712 1446 765 1489 sit
785 1452 827 1489 et
848 1460 926 1490 nos
948 1445 1200 1491 clementiae
1232 1447 1357 1490 simul
1389 1461 1440 1491 ac
1470 1450 1710 1492 severitatis
1742 1463 1828 1493 non
1856 1450 2083 1508 paeniteat.

291 1534 423 1579 saepe
462 1520 606 1564 audivi
643 1521 883 1580 principem
920 1528 1113 1565 nostrum
1151 1529 1508 1581 conquerentem,
1550 1524 1585 1568 si
1616 1524 1714 1582 quis
1744 1532 1913 1583 sumpta
1950 1532 2085 1571 morte

291 1596 632 1641 misericordiam
663 1597 756 1641 eius
789 1598 1098 1655 praevenisset.
1140 1598 1223 1641 vita
1255 1599 1412 1641 Lutorii
1444 1599 1485 1642 in
1518 1599 1681 1657 integro
1712 1607 1798 1653 est;
1838 1601 1911 1659 qui
1943 1615 2084 1660 neque

293 1678 488 1717 servatus
519 1673 562 1715 in
590 1671 831 1731 periculum
861 1673 923 1716 rei
959 1672 1159 1731 publicae
1195 1687 1337 1731 neque
1374 1674 1620 1718 interfectus
1652 1675 1692 1718 in
1723 1675 1967 1734 exemplum
1998 1677 2083 1721 ibit.

292 1748 433 1793 studia
461 1747 536 1800 illi,
568 1754 615 1792 ut
642 1747 771 1806 plena
801 1748 1073 1799 vaecordiae‚
1111 1749 1168 1792 ita
1199 1749 1340 1793 inania
1369 1756 1411 1793 et
1441 1749 1555 1793 fluxa
1585 1758 1701 1803 sunt;
1742 1765 1824 1795 nec
1853 1752 2085 1811 quicquam

356 1908 388 1942 3.
413 1908 570 1941 Lutarius
591 1908 762 1940 Ritterus:
799 1907 960 1939 clutorius
981 1907 1032 1946 M·,
1070 1907 1104 1940 C.
1132 1908 1289 1940 Lutorius
1311 1908 1459 1950 Lipsius.
1487 1926 1523 1932 —
1553 1909 1697 1949 petronii
1721 1910 1801 1951 (non
1819 1910 1963 1952 patroni)
1987 1911 2022 1943 M
2046 1928 2082 1936 —

292 1966 323 1998 6.
350 1964 524 1998 adseuarit
545 1965 579 1997 M
603 1964 827 2005 (adseuerauit
845 1962 979 2005 margo)
1001 1980 1037 1987 —
1058 1964 1243 2003 permiliem
1267 1972 1320 2005 pr.
1339 1965 1388 2000 Μ;
1410 1965 1588 2005 pernitiem
1611 1974 1704 1998 corr.
1722 1966 1755 1998 M
1782 1983 1817 1989 -
1843 1966 1874 1999 7.
1901 1967 2086 2009 desiqnanti

290 2030 344 2064 pr.
363 2022 396 2054 M
420 2037 456 2044 -
483 2020 515 2054 8.
532 2020 592 2053 Μ’.
610 2020 765 2062 Lipsius:
790 2021 837 2054 M.
857 2021 890 2054 M
908 2038 943 2043 —
971 2020 1002 2053 9.
1020 2021 1054 2053 Ρ.
1076 2020 1111 2053 C.
1130 2021 1162 2053 M
1180 2038 1215 2043 —
1242 2021 1399 2053 Lutarius
1422 2022 1573 2064 Lipsius:
1599 2022 1761 2055 clutorius
1783 2024 1816 2056 M
1842 2041 1878 2047 —
1907 2024 1960 2056 40.
1977 2024 2085 2056 homi-

290 2087 353 2111 nus
375 2087 429 2122 pr.
456 2078 489 2112 M
515 2095 552 2103 —
578 2078 631 2111 45.
652 2078 800 2119 peniteat
821 2078 856 2112 M
879 2095 915 2101 —
943 2077 996 2110 47.
1022 2078 1152 2110 Lulorii
1174 2078 1326 2120 Lipsius:
1357 2078 1490 2111 clutorii
1512 2080 1546 2112 M
1570 2096 1605 2102 —
1631 2079 1667 2111 in
1689 2079 1819 2121 integro
1841 2082 1907 2112 esto
1934 2080 2082 2123 Lipsius.

291 2224 376 2257 τίαν
396 2217 512 2262 ἴσχεν
534 2218 588 2263 ὦς
607 2222 672 2255 καὶ
691 2221 752 2255 ἐπὶ
767 2219 819 2267 τῷ
835 2217 997 2268 Δρούσῳ
1014 2222 1163 2265 ποίημα

292 2270 395 2320 παρὰ
418 2270 488 2316 τὴν
517 2270 637 2306 νόσον
660 2268 780 2306 αὐτοῦ
805 2270 1072 2314 συντεθεικώς,
1097 2273 1162 2305 καὶ

291 2323 425 2369 ἐκρίθη
449 2333 490 2356 τε
511 2321 574 2356 διὰ
596 2321 714 2356 τοῦτο
738 2322 779 2356 ἑν
801 2321 847 2370 τῇ
868 2322 992 2370 βουλῇ
1010 2324 1076 2355 καὶ
1091 2334 1163 2356 κα-

291 2371 501 2416 τεδικάσθη
525 2373 590 2406 καὶ
612 2369 815 2406 ἀπέθανεν.
843 2374 897 2406 «Si
920 2374 1073 2406 nominis
1097 2374 1165 2407 for-

293 2433 390 2459 mam
429 2433 521 2466 quae
557 2425 612 2457 est
642 2424 676 2457 in
707 2425 740 2457 M
763 2423 967 2466 (Clutorium)
997 2433 1068 2457 non
1099 2433 1163 2466 pro

293 2475 518 2509 aberratione
542 2473 674 2506 librarii
698 2474 837 2507 mediae
862 2475 985 2507 aetatis
1010 2474 1163 2516 accipia-

293 2534 393 2565 mus,
426 2524 491 2558 sed
514 2534 532 2556 c
553 2533 618 2567 pro
642 2526 724 2557 nota
748 2525 989 2566 praenominis
1014 2525 1095 2563 Gai,
1127 2526 1165 2557 ut

293 2576 431 2618 Lipsius
454 2574 536 2607 fecit
558 2576 594 2607 et
616 2573 718 2615 vulgo
743 2575 798 2614 fit,
823 2574 1037 2614 habeamus,
1063 2575 1164 2607 Taci-

294 2626 351 2659 tus
374 2623 548 2658 insolitam
571 2623 638 2656 sibi
661 2623 717 2656 vel
742 2625 777 2656 in
801 2624 1003 2657 hominibus
1023 2624 1165 2657 nobilis-

295 2676 394 2709 simis
417 2674 632 2715 diligentiam
655 2682 746 2706 vano
770 2674 853 2706 huic
876 2676 911 2707 et
937 2683 1063 2716 parum
1086 2673 1165 2707 illu-

296 2725 359 2759 stri
393 2725 482 2758 mire
518 2723 708 2766 impendit,
744 2726 783 2756 ut
818 2724 931 2758 tribus
962 2724 1164 2757 nominibus

296 2775 484 2809 denotaret
506 2774 563 2807 hic
583 2775 618 2806 et
638 2783 718 2807 mox
735 2783 766 2807 c.
785 2775 838 2807 50.
864 2774 964 2807 Idem
982 2783 1063 2807 cum
1080 2774 1164 2808 alias

295 2826 478 2859 hominem
509 2823 664 2865 aliquem
688 2824 828 2857 duobus
851 2825 1053 2858 nominibus
1078 2834 1166 2858 con-

297 2877 473 2918 signatum
498 2873 650 2907 deditae
666 2883 749 2907 mox
764 2875 891 2908 iterum
909 2874 1164 2908 nominandum

296 2926 426 2965 habet,
462 2932 533 2956 uno
564 2925 725 2964 nomine,
761 2926 801 2957 ut
822 2925 943 2964 decet,
980 2926 1165 2957 contentus

298 2977 364 3010 est.
390 2975 440 3008 cf.
467 2975 586 3007 annot.
613 2974 658 3006 ad
682 2974 735 3013 43,
761 2974 836 3007 30.»
862 2976 995 3008 Rmnn.
1020 2993 1064 2999 -—
1088 2984 1165 3007 ma-

295 3027 366 3058 iora
385 3023 548 3066 praemio]
572 3024 654 3066 quia
677 3024 812 3057 Drusus
835 3024 964 3057 Tiberii
988 3023 1077 3057 filius
1101 3034 1166 3057 na-

298 3074 419 3108 turalis
443 3075 529 3108 erat.
556 3091 591 3097 —
624 3074 811 3116 exterritis]
843 3075 889 3107 ita
916 3075 1045 3107 territis
1069 3076 1166 3108 metu

297 3125 457 3169 periculi,
482 3126 522 3157 ut
543 3124 704 3158 dicerent
726 3125 965 3158 testimonium
986 3127 1108 3158 contra
1125 3126 1163 3158 C.

299 3177 493 3209 Lutorium.
536 3175 653 3208 Livius
683 3175 723 3214 7,
753 3173 813 3207 42:
851 3176 1093 3208 multitudinem
1122 3177 1167 3208 ad

300 3235 399 3258 arma
414 3227 671 3258 consternatam.
689 3225 770 3258 Eun.
790 3242 825 3247 —
843 3225 973 3257 Haterii
985 3226 1164 3267 Agrippae]

300 3276 387 3308 Vide
412 3276 456 3308 ad
480 3277 518 3315 2,
544 3276 598 3308 54.

344 3326 397 3358 50.
425 3326 484 3359 Μ’.
503 3324 653 3367 Lepidus]
679 3324 730 3358 Cf.
748 3333 779 3357 c.
797 3324 851 3357 35.
872 3342 908 3347 —-
932 3333 1036 3364 neque
1051 3334 1167 3358 carcer

300 3385 403 3417 nequa
426 3376 573 3419 laqueus]
598 3376 658 3409 Est
680 3370 720 3408 ἓν
742 3370 805 3408 διὰ
819 3372 944 3407 δυοῖν·
969 3375 1003 3407 in
1021 3383 1165 3408 carcere

302 3426 397 3460 enim
418 3425 545 3468 laqueo
574 3424 826 3468 frangebantur
848 3423 1166 3458 condemnatorum

1215 2221 1383 2254 cerv10es.
1403 2239 1438 2245 -
1464 2222 1811 2265 serviles-cruciatus]
1835 2222 1990 2265 patibula
2007 2233 2086 2257 cru-

1214 2280 1358 2312 cesque.
1389 2290 1423 2295 —
1459 2272 1644 2315 suppliciis]
1685 2273 1901 2314 cogitatione
1936 2272 2081 2316 supple:

1215 2323 1396 2360 «tamenn,
1423 2324 1600 2355 «contra».
1637 2323 1694 2356 Sic
1718 2323 1834 2356 omnia
1860 2322 1965 2363 clara,
1991 2333 2083 2366 quae

1215 2371 1451 2404 turbabantur
1473 2372 1517 2405 ab
1543 2372 1708 2405 Oberlino
1732 2373 1878 2415 aliisque
1903 2372 2006 2415 plena
2029 2373 2084 2406 di-

1214 2422 1400 2454 stinctione
1432 2423 1512 2464 post
1541 2432 1573 2455 v.
1600 2423 1756 2464 differunt
1784 2424 1910 2465 posita.
1947 2422 2085 2456 Scilicet

1215 2472 1380 2514 apodosis
1397 2472 1485 2504 haec
1502 2474 1575 2505 est:
1594 2477 1640 2506 est
1656 2473 1746 2505 locus
1758 2474 1826 2506 cet.
1853 2474 1959 2506 Recte
1976 2474 2083 2506 etiam

1215 2521 1400 2554 Duebner:
1435 2522 1519 2554 «Sin
1548 2523 1783 2564 repetendum
1812 2523 1857 2556 ad
1880 2533 1936 2556 vv.
1962 2526 2085 2564 tempo-

1213 2576 1293 2604 rant
1315 2575 1345 2604 el
1368 2573 1559 2614 differunt.»
1586 2592 1622 2597 —
1654 2582 1750 2614 saepe
1779 2574 1893 2606 audivi
1916 2574 1998 2614 cet.]
2030 2573 2082 2606 Cf.

1215 2623 1252 2661 2,
1279 2622 1332 2654 34.
1358 2622 1390 2660 3,
1417 2623 1467 2655 46.
1496 2641 1531 2646 —-
1557 2623 1592 2654 in
1614 2623 1744 2664 integro
1766 2623 1823 2665 est]
1847 2623 1983 2664 Lipsius
2006 2631 2084 2655 ma-

1214 2671 1311 2704 lebat
1336 2676 1420 2713 esto,
1458 2672 1631 2714 probante
1660 2672 1916 2705 Doederleinio.
1958 2672 2084 2706 Effica-

1216 2722 1350 2754 ciorem
1381 2723 1465 2764 puto
1496 2723 1628 2755 codicis
1652 2722 1852 2755 lectionem.
1889 2722 1963 2755 Hoc
1988 2723 2084 2755 enim

1217 2772 1317 2812 dicit,
1352 2775 1390 2805 ut
1418 2773 1504 2805 vidit
1533 2773 1733 2806 Ernestius:
1772 2773 1898 2813 «Atqui
1925 2773 2085 2806 Lutorius

1218 2823 1335 2855 adhuc
1359 2824 1510 2855 mortem
1534 2822 1600 2856 sibi
1625 2832 1695 2855 non
1720 2823 1906 2861 conscivit;
1933 2831 2018 2864 ergo
2041 2823 2087 2856 si-

1218 2882 1344 2906 namus
1367 2872 1484 2906 locum
1509 2873 1584 2906 fieri
1607 2874 1773 2915 principis
1797 2873 2082 2911 misericordiam

1216 2924 1425 2966 praesertim
1450 2933 1531 2956 cum
1555 2933 1622 2956 nec
1642 2925 1804 2956 servatus
1820 2923 2017 2965 periculum
2033 2924 2085 2957 rei

1216 2973 1379 3016 publicae
1403 2972 1570 3007 allaturus
1599 2975 1643 3006 sit
1673 2976 1764 3006 cet.»
1791 2991 1828 2997 —
1854 2975 2084 3005 animis-mu-

1216 3025 1432 3057 liercularum
1454 3024 1600 3066 adr-epit]
1626 3032 1748 3056 earum
1771 3024 1914 3056 inanem
1936 3022 2084 3066 applau-

1216 3083 1295 3108 sum
1320 3075 1447 3116 captat.

1260 3125 1313 3157 54.
1338 3123 1503 3157 Rubellius
1523 3122 1684 3165 Blandus]
1716 3122 1804 3155 Vide
1837 3122 1882 3155 ad
1905 3131 1936 3155 c.
1961 3122 2015 3156 23.
2044 3140 2079 3146 —

1216 3178 1293 3207 ante
1324 3174 1484 3207 decimum
1512 3172 1612 3215 diem]
1647 3173 1788 3205 sueton.
1814 3171 1889 3205 Tib.
1914 3173 1974 3205 75:
2008 3181 2084 3205 cum

1216 3228 1350 3257 senatus
1384 3224 1530 3257 consulta
1564 3226 1700 3255 cautum
1727 3225 1807 3255 osset
1832 3226 1869 3254 ut
1888 3231 1997 3263 poena
2019 3223 2083 3255 da-

1215 3278 1406 3307 mnatorum
1436 3275 1471 3307 in
1494 3274 1655 3306 decimum
1676 3282 1803 3313 semper
1823 3273 1908 3305 diem
1931 3273 2083 3314 differre—

1217 3328 1284 3357 tur.
1309 3326 1373 3358 Dio
1397 3326 1451 3363 57.
1469 3325 1529 3357 ‘202
1556 3320 1578 3356 ὁ
1603 3321 1775 3369 Τιβέριος
1797 3318 2081 3366 ἀγανακτήσας,

1217 3371 1291 3415 οὐχ
1327 3370 1387 3408 ὅτι
1420 3371 1639 3420 Λουτώριος
1669 3370 1882 3416 ἐκολάσθη,
1918 3369 1999 3406 ἀλλ’
2023 3369 2085 3406 ὅτι

1215 3435 1271 3466 τις
1295 3420 1370 3459 ὑπὸ
1401 3423 1477 3458 τῶν
1498 3421 1716 3465 βουλευτῶν
1736 3418 1829 3457 ἄνευ
1852 3421 1921 3466 τῆς
1943 3421 2082 3458 ἑαυτοῦ
