2254 3770
733 315 888 360 LIBER
914 314 1023 359 XIII.
1068 314 1171 374 Cap.
1201 315 1268 359 55.
1298 315 1368 359 56.
1397 314 1465 359 57.
1905 313 1987 358 433

200 422 294 468 calo
329 422 385 467 ob
419 422 670 468 memoriam
705 422 918 467 amicitiae
953 420 1151 466 daturum
1185 434 1324 479 agros.
1376 420 1494 480 quod
1531 420 1602 465 ille
1641 426 1688 464 ut
1732 418 1986 478 proditionis

198 497 382 556 pretium
421 504 690 556 aspernatus,
735 497 899 542 addidit
938 496 1123 541 «deesse
1151 496 1276 541 nobis
1306 503 1436 549 terra,
1467 496 1537 541 ubi
1565 497 1781 549 vivamus;
1827 495 1871 539 in
1900 508 1987 553 qua

197 573 448 624 moriamur,
489 586 576 617 non
618 580 797 631 potest.»
847 579 976 631 atque
1014 573 1070 616 ita
1099 572 1276 617 infensis
1305 573 1520 631 utrimque
1550 572 1700 617 animis
1732 571 1986 615 discessum.

197 647 255 691 illi
284 648 529 700 Bructeros,
563 649 812 700 Tencteros,
843 648 1071 692 ulteriores
1101 648 1230 692 etiam
1251 649 1446 692 nationes
1467 648 1609 693 socias
1629 646 1742 692 bello
1763 646 1985 691 vocabant.

196 723 342 766 Avitus
378 723 538 782 scripto
578 723 632 767 ad
671 723 891 768 Curtilium
927 723 1151 774 Manciam,
1195 723 1432 782 superioris
1463 723 1676 767 exercitus
1706 722 1910 780 legatum,
1940 727 2018 765 uta

196 797 389 843 Rhenum
426 805 720 857 transgressus
757 812 875 842 arma
903 813 930 843 a
957 805 1079 857 tergo
1108 798 1375 851 ostenderet,
1415 799 1509 857 ipse
1544 798 1735 858 legiones
1764 797 1807 840 in
1837 810 1985 854 agrum

196 874 448 918 Tencterum
487 873 671 926 induxit,
715 873 954 918 exscidium
996 874 1215 926 minitans,
1259 874 1301 917 ni
1333 888 1508 918 causam
1538 888 1661 918 suam
1690 872 1985 917 dissociarent.

195 948 323 1006 igitur
362 949 666 993 absistentibus
706 949 772 993 his
810 949 903 1008 pari
937 955 1054 994 metu
1085 950 1272 994 exterriti
1302 950 1508 994 Bructeri.
1553 956 1596 993 et
1625 949 1779 993 ceteris
1810 960 1986 1006 quoque

194 1022 334 1068 aliena
363 1023 556 1082 pericula
585 1023 913 1069 defendentibus
953 1024 1045 1069 sola
1075 1025 1437 1083 Ampsivariorum
1466 1038 1572 1083 gens
1602 1030 1717 1068 retro
1746 1023 1801 1068 ad
1831 1022 1985 1080 Usipos

195 1106 238 1143 et
266 1098 479 1143 Tubantes
510 1099 734 1144 concessit.
765 1113 952 1158 quorum
977 1100 1103 1144 terris
1123 1101 1260 1144 exacti
1282 1115 1381 1145 cum
1401 1099 1589 1151 Chattos,
1621 1099 1721 1143 dein
1743 1099 2035 1143 Cheruscosw

193 1174 417 1233 petissent,
450 1188 597 1219 errore
627 1174 772 1233 longo,
802 1174 1013 1233 hospiteS‚
1048 1176 1191 1233 egeni,
1230 1176 1395 1227 hosteS,
1426 1175 1470 1218 in
1499 1174 1657 1226 alieno,
1689 1174 1806 1233 quod
1835 1174 1986 1218 iuven-

178 1243 296 1307 ‘tutis
325 1257 437 1302 erat,
469 1250 729 1303 caeduntur3
759 1249 928 1294 inbellis
958 1256 1076 1294 aetas
1104 1250 1147 1292 in
1175 1249 1383 1308 praedam
1412 1249 1548 1294 divisa
1578 1257 1656 1295 est.
1729 1262 1740 1279 f

308 1325 390 1382 (57)
423 1325 581 1370 Eadem
611 1331 772 1370 aestate
810 1325 921 1370 inter
949 1325 1274 1369 Hermunduros
1304 1325 1566 1384 Chattosque
1595 1332 1801 1370 certatum
1830 1338 1984 1383 magno

193 1399 375 1458 proelio,
408 1400 511 1444 dum
540 1399 700 1445 flumen
729 1401 942 1459 gignendo
973 1400 1062 1445 sale
1092 1400 1323 1445 fecundum
1342 1408 1385 1445 et
1408 1401 1721 1445 conterminum
1740 1401 1781 1444 vi
1802 1399 1982 1451 trahunt,

194 1488 327 1533 super
356 1474 576 1520 libidinem
605 1483 757 1520 cuncta
787 1476 917 1519 armis
947 1476 1101 1534 agendi
1131 1476 1338 1535 religione
1366 1476 1509 1528 insita,
1547 1490 1624 1520 eos
1652 1476 1836 1520 maxime
1864 1475 1984 1520 locos
1997 1492 2034 1522 ⁴5

193 1550 485 1609 propinquare
513 1551 633 1596 caelo
662 1565 904 1610 precesque
933 1551 1174 1596 mortalium
1204 1566 1230 1596 a
1258 1551 1353 1596 deis
1382 1565 1595 1610 nusquam
1623 1551 1803 1609 propius
1831 1550 1984 1595 audiri.

194 1625 294 1670 inde
331 1625 593 1684 indulgentia
635 1627 856 1670 numinum
897 1626 969 1671 illo
1008 1629 1051 1671 in
1081 1641 1206 1672 amne
1235 1626 1405 1686 illisque
1435 1627 1552 1671 silvis
1579 1626 1714 1671 salem
1742 1626 1983 1685 provenire,

194 1715 279 1745 non
309 1707 357 1745 ut
385 1701 489 1746 alias
518 1701 634 1760 apud
663 1709 812 1760 gentes
843 1701 984 1746 eluvie
1014 1703 1143 1746 maris
1164 1710 1388 1747 arescente
1411 1702 1547 1755 unda,
1580 1702 1658 1747 sed
1679 1716 1811 1760 super
1829 1701 1984 1746 arden-

192 1783 279 1821 tem
306 1776 511 1821 arborum
539 1783 700 1822 struem
729 1777 843 1830 fusa,
883 1791 938 1822 ex
967 1778 1190 1823 contrariis
1220 1778 1331 1822 inter
1361 1792 1409 1823 se
1440 1778 1685 1831 elementis,
1725 1777 1824 1836 igne
1854 1783 1984 1835 atque

256 1903 291 1937 2.
312 1901 422 1945 fitium
443 1904 477 1937 M
490 1922 535 1929 --
556 1907 668 1945 terra,
691 1904 749 1938 ubi
769 1905 922 1938 vivamus
936 1905 1105 1948 Silligius:
1131 1903 1222 1939 terra
1242 1906 1362 1939 uiuam
1382 1907 1434 1946 M;
1462 1909 1573 1948 terra,
1597 1906 1633 1939 in
1650 1914 1718 1948 qua
1731 1905 1886 1938 vivamus
1907 1903 1981 1944 alii;

192 1962 286 1993 terra
312 1959 351 1992 in
370 1960 476 1993 vitam
498 1962 566 1993 Iac.
592 1962 800 1995 Gronovius.
827 1979 865 1986 —
892 1971 961 2003 qua
980 1963 1069 1996 mori
1090 1971 1188 1996 amor
1210 1963 1243 1997 M
1268 1981 1304 1986 —
1331 1963 1364 1996 3.
1389 1963 1549 1997 dise-esum
1571 1963 1605 1996 M
1630 1978 1667 1986 —
1703 1964 1736 1996 5.
1762 1962 1860 1995 auitu
1886 1961 1919 1995 M
1942 1977 1980 1985 —

192 2016 225 2048 ’1.
251 2016 442 2049 Tencterum
463 2016 679 2051 Beroaldus:
704 2020 853 2051 tenerum
875 2019 909 2052 M
933 2036 969 2042 —
995 2019 1027 2052 8.
1046 2018 1275 2053 absistentibus
1288 2019 1496 2053 Rhenanus:
1523 2018 1730 2052 asistentibus
1750 2027 1805 2061 pr.
1822 2019 1872 2058 M;
1898 2017 1986 2050 assi-

191 2073 348 2106 stentibus
370 2082 464 2106 corr.
489 2074 523 2108 M
549 2091 583 2097 -
609 2074 642 2106 9.
668 2074 887 2108 deserentibus
908 2075 1110 2109 Rhenanus.
1138 2093 1174 2101 --
1198 2077 1325 2117 usipsos
1346 2077 1399 2114 M;
1427 2076 1554 2117 Usipios
1575 2075 1643 2108 alii.
1670 2092 1706 2099 —
1733 2075 1786 2107 10.
1810 2074 1936 2107 calthas
1950 2074 1985 2108 M

194 2146 230 2152 —
258 2129 311 2162 11.
335 2132 444 2163 etrore
465 2130 500 2164 Μ
524 2147 560 2153 -
585 2131 695 2167 alieno
718 2132 765 2164 G:
790 2132 858 2164 alio
880 2132 966 2166 M—
994 2133 1047 2165 12.
1065 2135 1164 2165 erant
1185 2133 1346 2166 ceduntur
1366 2133 1401 2166 Μ
1422 2151 1467 2157 -
1490 2133 1543 2166 13.
1560 2135 1661 2165 estate
1682 2131 1716 2166 M
1734 2147 1770 2155 -
1796 2131 1986 2172 catthosque

192 2186 227 2219 Μ
251 2201 287 2209 -
314 2185 368 2219 ⁴4.
387 2186 519 2227 praelio
541 2187 575 2220 M
600 2205 636 2212 -
663 2188 715 2220 15.
740 2187 907 2221 libidinem
928 2188 1138 2222 Rhenanus:
1163 2189 1297 2222 libidine
1320 2189 1354 2222 M
1379 2207 1416 2213 —
1441 2189 1495 2223 16.
1516 2187 1659 2231 sices-que
1681 2188 1716 2222 M
1740 2204 1776 2211 —
1803 2188 1858 2221 17.
1882 2187 1985 2221 salem

192 2241 422 2276 Puteolanus:
446 2243 525 2276 item
545 2244 580 2277 M
606 2261 640 2268 —
669 2243 722 2277 18.
747 2244 919 2278 ardentem
940 2245 1152 2279 Rhenanus:
1177 2248 1325 2279 arentem
1345 2246 1380 2280 M
1400 2263 1438 2270 --
1463 2246 1518 2278 19.
1542 2245 1708 2279 alimentis
1728 2245 1774 2278 M.

192 2345 330 2382 τιῶτου
356 2343 503 2390 ἔτεκεν,
537 2343 726 2396 ἄρχοντος
754 2345 959 2394 Ἀθήνησιν
981 2347 1062 2383 Κό-

192 2409 334 2441 νωνος,
369 2396 635 2433 ὑπατευόντων
668 2399 708 2434 ἐν
733 2396 858 2448 Ῥώμῃ
890 2398 1061 2435 Οὐολου-

1112 2352 1229 2393 Singa,
1259 2351 1323 2384 ubi
1346 2352 1454 2385 etiam
1480 2360 1575 2385 nunc
1599 2350 1651 2385 sal
1675 2350 1902 2392 excoquitur,
1927 2348 1984 2382 alii

1111 2402 1244 2434 rectius
1267 2401 1312 2434 de
1328 2402 1456 2435 Werra
1478 2401 1638 2442 flumine,
1662 2400 1725 2434 ubi
1748 2401 1855 2433 etiam
1878 2399 1983 2432 hodie

194 2450 282 2483 σίου
306 2450 538 2496 Σατορνίνου
560 2451 627 2483 καὶ
648 2450 823 2485 Ποπλίου
845 2450 1060 2499 Κορνηλίου

193 2499 419 2542 Σκιπίωνος.
437 2500 628 2535 Consulem
643 2501 831 2535 suffectum
848 2503 952 2545 (anno
967 2504 1064 2544 igno-

192 2551 242 2593 to)
254 2552 362 2586 ruisse
373 2551 531 2585 declarat
542 2552 676 2586 MarInii
686 2553 740 2586 Fr.
751 2552 866 2586 Arval.
880 2553 952 2586 tab.
965 2554 1041 2586 XIII
1053 2562 1061 2585 :

193 2601 253 2635 On.
277 2602 413 2635 Lentulo
437 2602 608 2635 Gaetulico
630 2603 665 2635 T.
683 2602 824 2635 Curtilio
840 2604 983 2650 *Mancia
996 2611 1061 2636 cos.

196 2668 233 2675 -
260 2652 466 2694 Tencterum]
493 2653 587 2685 inter
607 2653 770 2686 Rhenum
793 2653 830 2685 et
850 2654 1002 2695 Siegiam
1024 2653 1061 2686 ss.

128 2720 132 2725 ι
192 2709 304 2744 prope
327 2703 514 2736 Bructeros
539 2702 595 2744 (de
619 2702 749 2744 quibus
773 2703 805 2743 1,
829 2704 897 2744 51),
922 2704 1065 2736 circiter

194 2760 215 2784 0
230 2752 374 2793 regione
391 2751 557 2785 Coloniae
572 2753 850 2795 Agrippinensis.
872 2752 923 2785 Cf.
943 2754 1061 2786 Germ.

194 2801 248 2834 32.
274 2802 515 2835 Memorantur
536 2803 607 2835 iam
629 2811 650 2835 a
674 2803 828 2835 Caesare
849 2802 888 2835 B.
914 2804 953 2835 G.
978 2802 1011 2843 4,
1030 2803 1063 2836 1.

124 2847 129 2856 “
194 2851 299 2885 Ukert
330 2852 530 2885 Germanien
559 2861 594 2894 p.
619 2852 696 2886 249.
721 2852 798 2885 355.
826 2870 861 2876 —
897 2852 1063 2894 emtam-iti]

195 2899 353 2934 deterriti
375 2910 396 2934 a
426 2902 596 2935 societate
618 2902 937 2944 Ampsivariorum,
969 2903 1008 2934 ut
1030 2911 1062 2934 c.

194 2949 250 2983 37.
271 2968 306 2974 -
324 2951 577 2992 defendentibus]
601 2960 621 2983 a
645 2960 685 2984 30
704 2951 922 2992 arcentibus,
948 2951 1065 2984 detre-

195 2999 391 3040 ctantibus,
423 3009 465 3033 ea
491 3001 613 3034 subire
634 3001 896 3034 recusantibus.
930 3000 982 3034 Cf.
1008 3001 1062 3042 15,

195 3049 256 3082 38:
282 3058 342 3083 nee
364 3051 544 3092 quisquam
565 3050 737 3092 defendere
762 3050 905 3083 audebat
927 3051 1064 3092 (incen-

195 3099 320 3142 dium).
347 3100 450 3142 Verg.
475 3101 563 3133 Aen.
591 3101 645 3141 10,
672 3102 753 3133 105;
779 3101 883 3141 hunc,
908 3109 980 3140 oro,
1004 3100 1064 3132 de-

194 3149 290 3191 fende
309 3150 475 3192 furorem,
504 3158 526 3182 a
548 3158 606 3182 me
629 3149 794 3192 prohibe.
830 3151 903 3184 Cic.
927 3151 1061 3184 Muren.

196 3199 216 3240 S
232 3199 271 3231 5:
297 3200 337 3233 de
355 3201 480 3233 civitem
497 3199 656 3240 periculis
670 3199 886 3240 defendendis.
906 3217 943 3222 —
962 3199 1065 3232 chat-

196 3248 257 3290 tos]
281 3249 332 3282 Cf.
358 3251 475 3282 Germ.
493 3249 547 3282 30.
567 3265 603 3272 -
620 3249 658 3281 in
673 3249 792 3290 011000]
809 3248 898 3289 solo,
915 3248 952 3281 id
968 3248 1064 3290 quod

195 3298 452 3339 miserabilius,
478 3306 586 3341 quam
608 3298 638 3330 si
660 3297 695 3330 in
710 3298 822 3340 patria
838 3297 1061 3331 cecidissent.

239 3348 294 3381 57.
317 3347 576 3389 Hermunduros]
600 3346 689 3380 Vide
713 3349 832 3380 Germ.
856 3347 913 3380 4⁴.
942 3364 976 3372 -
1002 3349 1065 3390 tlu-

196 3405 272 3430 men
284 3399 447 3440 aiunendo
461 3399 529 3432 sale
543 3397 582 3439 f.]
599 3397 761 3439 Cogitant
774 3396 831 3430 alii
847 3397 892 3430 de
909 3396 988 3430 Sala
1006 3395 1064 3429 vel

197 3446 366 3481 saxonica
386 3447 444 3482 vel
466 3447 699 3488 Franconica,
732 3447 790 3481 001
818 3446 958 3481 adiacet
983 3447 1064 3481 Kis—

267 3520 408 3556 Tacitus
428 3522 457 3556 1.

1111 2450 1244 2485 salinae
1257 2453 1408 2492 exstant,
1424 2452 1627 2494 Salzunqen.
1642 2452 1981 2493 comparantamm.

1111 2502 1219 2535 Marc.
1233 2501 1289 2541 28,
1303 2502 1344 2534 5:
1359 2501 1536 2544 Buryundi
1550 2502 1791 2534 salinarum
1802 2502 1985 2543 finimnque

1110 2560 1216 2584 causa
1242 2551 1439 2584 Alamannis
1467 2559 1566 2592 saepe
1593 2551 1789 2593 iurgabant.
1815 2567 1853 2574 —
1886 2558 1986 2591 super

1111 2600 1278 2633 libidinem
1301 2601 1384 2643 cet.]
1408 2600 1500 2634 adeo
1524 2602 1562 2633 ut
1584 2600 1629 2634 de
1648 2600 1768 2634 salinis
1783 2599 1850 2633 illis
1866 2600 1984 2634 statim

1113 2650 1376 2693 depugnarent,
1401 2659 1470 2683 nee
1492 2659 1558 2693 per
1579 2649 1714 2692 legatos
1737 2650 1784 2683 de
1806 2651 1848 2683 iis
1871 2648 1986 2692 quali-

1113 2710 1254 2744 cunque
1267 2701 1375 2734 modo
1388 2701 1694 2734 communicandis
1705 2702 1869 2743 agerent;
1884 2708 1986 2742 prae-

1112 2753 1211 2784 terea
1227 2751 1303 2784 illos
1319 2751 1540 2784 accendebat
1554 2750 1734 2793 religiosa,
1759 2751 1870 2783 immo
1890 2750 1987 2782 fana-

1112 2802 1181 2834 tica
1205 2801 1334 2843 cupido
1356 2800 1426 2834 loci
1448 2802 1539 2834 sacri
1559 2801 1769 2844 occupandi.
1790 2818 1826 2825 —
1846 2800 1987 2841 propin-

1113 2860 1219 2892 quare
1240 2850 1343 2892 caelo]
1375 2851 1440 2890 Qui
1471 2850 1517 2884 ad
1546 2849 1663 2884 Salam
1691 2851 1901 2883 saxonicam
1922 2858 1985 2882 re-

1113 2901 1229 2934 ferunt
1245 2901 1403 2942 (Lepsius
1418 2901 1471 2933 die
1486 2901 1613 2934 Ruinen
1628 2901 1687 2933 der
1697 2900 1901 2942 Rudelsbury
1915 2900 1986 2932 und

1113 2952 1169 2983 des
1189 2950 1351 2983 Schlosses
1373 2950 1525 2983 Saaleck.
1549 2950 1750 2992 Naumbury
1772 2950 1869 2983 1824.
1902 2949 1986 2982 Rei-

1113 2999 1224 3032 chard
1257 2999 1458 3032 Germanien
1486 3009 1521 3042 p.
1539 2999 1749 3040 353—358.)
1779 2999 1834 3031 his
1864 2997 1984 3031 verbis

1113 3051 1272 3082 montem
1293 3047 1399 3090 Solis,
1424 3049 1531 3082 hodie
1546 3049 1771 3091 Sonnenberq,
1795 3048 1985 3089 significari

1113 3099 1273 3132 credunt.
1314 3099 1350 3131 Si
1383 3098 1429 3132 de
1463 3098 1550 3133 locis
1578 3099 1681 3132 editis
1714 3107 1786 3131 non
1820 3098 1985 3139 cogitavit

1112 3149 1280 3190 scriptor,
1314 3148 1504 3190 significat:
1542 3147 1665 3182 «locos
1687 3147 1755 3181 sub
1786 3147 1984 3189 propinqua

1112 3197 1368 3241 (unmittelbare)
1390 3198 1551 3231 custodia
1567 3198 1719 3231 deorum
1741 3197 1984 3239 praesentium

1112 3248 1279 3290 positos.»
1299 3265 1335 3271 —
1360 3247 1466 3281 elme
1486 3248 1595 3280 maris
1609 3249 1777 3279 arescente
1790 3246 1895 3287 unda]
1918 3245 1985 3280 Pli-

1112 3297 1190 3330 nius
1212 3299 1253 3330 N.
1277 3297 1319 3330 H.
1344 3296 1380 3330 31
1410 3297 1430 3339 5
1453 3296 1514 3330 74:
1549 3296 1648 3329 Aliud
1676 3303 1780 3337 ⁴qenus
1811 3294 1916 3337 (salis)
1939 3305 1984 3330 σω

1112 3347 1209 3387 aquis
1229 3346 1334 3379 maris
1354 3349 1467 3388 sponte
1487 3346 1651 3387 yiqnuur,
1675 3353 1796 3385 spuma
1815 3345 1853 3377 in
1874 3349 1984 3379 eoetre-

1111 3394 1760 3435 misutoribusacscopulisrelictm
1795 3394 1985 3428 hicomnis

1111 3446 1178 3480 sole
1209 3446 1378 3479 densatur.
1412 3461 1449 3469 —
1485 3452 1586 3485 nuper
1618 3444 1790 3478 ardentem
1821 3443 1983 3478 arborum
