2254 3770
708 297 862 342 LIBER
890 297 997 341 xm.
1057 297 1158 355 cap.
1188 297 1254 341 49.
1286 297 1353 342 20.
1859 295 1940 338 405

162 403 369 450 Calvisius
397 403 595 456 Atimeto,
626 403 835 449 Domitiae
864 403 1044 448 Neronis
1074 403 1228 447 amitae
1257 403 1429 455 liberto,
1461 403 1670 462 aperiunt.
1699 403 1773 461 qui
1802 401 1940 445 laetus

159 478 310 524 oblatis
341 479 516 538 (quippe
545 479 655 524 inter
683 479 958 538 Agrippinam
987 485 1030 523 et
1057 478 1284 523 Domitiam
1313 478 1478 523 infensa
1506 477 1735 523 aemulatio
1766 489 1941 521 exerce-

158 554 296 611 batur)
327 553 524 598 Paridem
553 554 819 607 histrionem,
849 554 1046 598 libertum
1077 560 1120 598 et
1149 553 1288 611 ipsum
1309 554 1538 605 Domitiae,
1570 552 1736 612 impulit
1755 552 1817 596 ire
1841 565 1941 610 pro-

158 643 263 688 pere
292 629 541 687 crimenque
571 630 770 674 atrociter
797 629 976 674 deferre.
1033 629 1115 686 (20)
1144 635 1347 686 provecta
1373 643 1459 672 nox
1488 635 1579 673 erat
1607 635 1650 673 et
1676 627 1832 673 Neroni
1862 640 1942 684 per

158 703 431 748 vinulentiam
460 704 724 756 trahebatur,
757 719 854 749 cum
873 704 1106 762 ingreditur
1125 704 1261 755 Paris,
1294 703 1443 747 solitus
1464 703 1653 762 alioquin
1673 702 1717 747 id
1736 702 1972 760 temporiss

157 779 282 823 luxus
310 779 514 838 principis
543 780 782 832 intendere,
815 780 893 824 sed
922 786 1022 823 tunc
1051 778 1312 837 compositus
1342 778 1396 822 ad
1420 779 1692 830 maestitiam,
1725 777 1942 836 exposito-

157 868 243 913 que
272 854 417 899 indicii
447 854 598 899 ordine
627 855 683 898 ita
713 854 957 899 audientem
987 860 1191 906 exterret,
1228 860 1275 897 ut
1303 867 1389 898 non
1417 860 1580 898 tantum
1608 860 1788 898 matrem
1816 852 1941 896 Plau-

158 937 333 988 tumque
373 929 635 981 interficere,
676 930 754 974 sed
784 931 964 974 Burrum
995 930 1123 973 etiam
1151 928 1383 973 demovere
1411 929 1681 987 praefectura
1710 927 1942 972 destinaret

158 999 659 1063 tamquam'Agrippinae
689 1005 821 1063 gratia
849 1011 1100 1063 provectum
1130 1011 1172 1048 et
1200 1004 1338 1048 vicem
1366 1003 1631 1048 reddentem.
1671 1003 1827 1048 Fabius
1855 1005 1941 1047 Ru·-

157 1080 289 1124 sticus
318 1086 466 1125 auctor
495 1086 560 1124 est
588 1080 770 1138 scriptos
800 1094 898 1124 esse
928 1080 982 1124 ad
1014 1080 1240 1124 Caecinam
1269 1080 1452 1123 Tuscum
1473 1079 1712 1131 codicillos,
1744 1078 1993 1123 mandatam

158 1156 197 1199 ei
232 1156 542 1213 praetoriarum
583 1155 818 1200 cohortium
860 1169 982 1206 cura,
1028 1155 1105 1199 sed
1145 1168 1228 1213 ope
1268 1155 1460 1199 Senecae
1490 1154 1776 1212 dignationem
1806 1155 1941 1197 Burro

159 1236 377 1275 retentam.
421 1230 580 1274 Plinius
617 1238 659 1275 et
699 1231 872 1276 Cluvius
905 1230 1007 1274 nihil
1036 1230 1274 1274 dubitatum
1304 1229 1359 1273 de
1389 1229 1474 1273 fide
1504 1229 1708 1288 praefecti
1738 1228 1938 1272 referunt.

159 1319 262 1350 sane
292 1305 448 1350 Fabius
477 1306 651 1351 inclinat
678 1307 731 1350 ad
762 1306 911 1364 laudes
941 1307 1152 1357 Senecae,
1186 1305 1308 1350 cuius
1338 1304 1521 1363 amicitia
1541 1303 1695 1353 floruit.
1733 1317 1813 1347 nos
1838 1317 1939 1348 con-

159 1395 333 1425 sensum
373 1387 595 1425 auctorum
629 1381 835 1433 secuturi,
883 1395 996 1439 quae
1037 1380 1208 1425 diversa
1245 1378 1532 1438 prodiderint,
1581 1380 1662 1423 sub
1697 1378 1941 1423 nominibus

158 1457 349 1514 ipsorum
389 1457 619 1500 trademus.
663 1458 775 1500 Nero
820 1456 1012 1514 trepidus
1057 1463 1099 1500 et
1138 1455 1457 1500 interficiendae
1492 1455 1639 1499 matris
1675 1454 1826 1499 avidus
1855 1462 1991 1498 non⁴⁵

157 1531 277 1589 prius
320 1531 481 1575 differri
521 1532 658 1589 potuit
700 1545 830 1590 quam
865 1533 1025 1575 Burrus
1055 1544 1208 1575 necem
1235 1531 1329 1575 eius
1359 1531 1640 1588 promitteret,
1676 1530 1712 1574 si
1741 1530 1942 1575 facinoris

159 1606 591 1665 coarguereturz-sed
622 1607 896 1665 cuicumque,
931 1606 1089 1650 nedum
1116 1607 1300 1663 parenti,
1333 1606 1627 1651 defensionem
1648 1592 1940 1658 tribuendam;

157 1695 238 1726 nec
281 1688 553 1726 accusatores
597 1682 775 1733 adesse,
823 1681 901 1726 sed
944 1695 1096 1726 vocem
1139 1681 1266 1725 unius
1309 1695 1363 1725 ex
1404 1681 1576 1726 inimica
1613 1681 1743 1725 domo
1787 1679 1940 1725 afferri.

0 1830 14 1874 f
223 1829 255 1861 ⁴.
280 1828 412 1861 domitie
434 1828 466 1861 Μ
492 1846 527 1852 -
553 1828 636 1860 letus
657 1828 691 1861 M
717 1846 751 1852 -
777 1828 809 1861 2.
834 1827 989 1861 emulatio
1011 1828 1046 1862 M
1071 1846 1106 1852 —
1131 1829 1165 1862 ὅ.
1189 1828 1409 1862 uinulentiam
1431 1827 1483 1860 M:
1508 1825 1724 1859 vinolentiam
1744 1824 1861 1868 vulgo.
1886 1825 1939 1860 sz

0 1887 28 1898 '·
159 1888 214 1927 44,
241 1886 294 1919 46.
326 1885 397 1918 Cic.
423 1883 570 1926 Philipp.
595 1885 615 1916 2
640 1884 659 1926 5
684 1885 758 1917 404.
789 1884 834 1917 ad
857 1884 975 1918 Famil.
1002 1885 1060 1924 42,
1085 1885 1139 1926 25,
1165 1884 1199 1919 4.
1225 1903 1260 1908 -
1297 1884 1328 1918 6.
1353 1884 1455 1916 luxus
1477 1884 1527 1917 M:
1561 1883 1653 1915 lusus
1673 1882 1938 1916 Rhenanus..—

158 1943 334 1977 meslitiam
354 1942 388 1976 M
415 1959 450 1964 —
475 1940 506 1973 9.
533 1944 695 1981 tanquam
718 1941 750 1973 M
776 1958 811 1964 —
839 1941 892 1973 40.
916 1942 1064 1974 cecinam
1085 1942 1119 1975 M
1136 1958 1174 1966 —
1201 1942 1236 1974 44
1258 1942 1294 1974 et
1309 1941 1362 1974 43.
1386 1948 1498 1973 senece
1519 1939 1554 1973 M
1577 1956 1613 1962 —
1640 1939 1694 1971 42.
1719 1939 1822 1972 nichil
1842 1939 1876 1972 M
1898 1956 1942 1963 —

159 1999 212 2033 44.
235 1998 381 2032 secuturi
402 1998 453 2030 M:
479 1997 580 2029 secuti
603 1995 672 2029 alii.
701 2014 736 2021 —
765 1997 822 2038 qui
845 1997 921 2039 (per
943 1997 1205 2040 compendium)
1229 1997 1263 2031 M
1287 2014 1322 2020 —
1351 1997 1404 2029 45.
1428 1995 1649 2038 interficiendo
1670 1996 1704 2030 M
1728 2013 1764 2019 —
1790 1995 1845 2028 47.
1869 1995 1944 2029 cui-

156 2064 285 2097 cunque
306 2055 350 2088 M.

162 2182 352 2214 Neronem.
382 2179 500 2211 Luaeus
521 2179 641 2211 autem
664 2178 777 2218 idem,
808 2179 905 2220 quod
928 2188 959 2212 c.
984 2179 1026 2212 22

158 2230 308 2263 libidines
324 2229 499 2270 principis.
533 2228 584 2261 Cf.
609 2227 642 2268 4,
667 2228 724 2260 67;
752 2229 895 2262 occultos
914 2231 951 2263 in
973 2230 1027 2262 lu-

159 2289 226 2313 xus
247 2284 279 2312 el
299 2279 428 2312 malum
450 2279 553 2311 olium
573 2278 745 2311 resolutus.
766 2297 801 2302 —
825 2279 1028 2322 Agrippinae

160 2330 276 2372 qratia
295 2327 498 2369 provectum]
525 2327 575 2361 Cf.
603 2328 661 2368 42,
683 2328 736 2361 42.
758 2346 794 2352 --
818 2330 941 2362 Fabius
963 2331 1028 2362 Ru-

159 2378 272 2421 sticus]
296 2378 341 2411 de
364 2387 435 2420 quo
457 2377 509 2418 44,
527 2378 559 2410 2.
578 2379 631 2418 45,
651 2378 706 2411 64.
730 2380 810 2420 Agr.
829 2380 890 2412 4οε
915 2380 1028 2412 Livius

160 2433 324 2469 vetermn,
354 2428 478 2461 Fabius
500 2429 648 2461 Rusticus
668 2431 849 2462 recentium
871 2431 1027 2471 eloquen-

161 2481 279 2514 tissimi
300 2480 488 2520 scriptores.
508 2495 544 2501 -
571 2479 747 2512 Caecinam
771 2480 918 2522 Tuscum]
944 2489 1028 2513 eun-

163 2530 266 2569 dem,
291 2530 351 2570 qui
373 2529 497 2570 postea
520 2528 720 2570 praefectus
742 2530 890 2571 Aegypti
914 2538 933 2562 a
957 2531 1028 2562 Ne-

163 2588 250 2613 rone
266 2578 443 2619 relegatus
459 2579 525 2611 est.
550 2578 693 2611 sueton.
712 2578 772 2611 35:
799 2579 950 2619 Tuscum,
967 2588 1029 2611 nu-

163 2630 257 2662 tricis
274 2629 399 2670 fllium,
428 2628 604 2670 releqavit,
629 2628 718 2667 quod
738 2628 775 2660 in
793 2629 1030 2669 procuratione

163 2679 300 2722 Aegypti·
328 2678 452 2711 balneis
479 2678 516 2710 in
538 2678 716 2711 adventum
735 2687 831 2712 suum
853 2680 1030 2712 eoestructis

164 2731 307 2763 lavisset.
333 2728 383 2762 Cf.
409 2729 472 2762 Dio
493 2728 546 2768 63,
566 2728 618 2761 48.
643 2730 782 2762 Nerone
806 2731 946 2762 mortuo
969 2739 1028 2762 re—

163 2780 307 2813 vocatus
323 2777 472 2811 videtur.
500 2777 550 2810 Cf.
570 2778 654 2811 Hist.
673 2778 706 2819 3,
723 2778 776 2812 38.
798 2795 834 2802 -
853 2779 1028 2821 codicillos]

164 2829 257 2863 bene
281 2829 318 2861 et
339 2828 384 2860 ad
406 2828 514 2860 ritum
537 2827 612 2860 eius
635 2829 712 2860 aevi
734 2829 910 2862 codicillos.
939 2830 1028 2862 Nam

164 2879 276 2912 officia
315 2878 432 2912 omnia
469 2877 860 2919 administrationesque
898 2878 974 2910 dari
1008 2887 1027 2910 a

164 2928 323 2970 principe
352 2927 462 2959 moris
491 2928 528 2959 in
550 2926 727 2960 codicillis.
764 2929 844 2968 Agr.
869 2927 930 2960 4οι
955 2936 1029 2960 cre-

165 2978 276 3011 didere
297 2977 451 3018 plerique
473 2975 626 3008 liberlum
651 2985 696 3009 ex
716 2977 943 3010 secretioribus
964 2977 1030 3009 mi-

164 3027 310 3061 nisteriis
331 3027 468 3059 missum
489 3027 534 3058 ad
546 3026 738 3068 Agricolam
751 3028 930 3067 codicillos,
954 3029 1030 3068 qui-

166 3079 226 3111 bus
247 3079 277 3111 ei
299 3077 403 3118 Syria
425 3076 588 3117 dabatur,
613 3078 736 3110 tulisse.
762 3079 847 3111 ans.
876 3079 1031 3119 Compa-

166 3129 245 3161 rant
260 3127 370 3160 nostri
386 3126 556 3168 temporis
570 3127 845 3167 Handschreiben,
862 3127 1032 3159 Kabinets-

167 3178 276 3211 ordre.
293 3195 336 3201 —
351 3175 486 3218 Plinius]
511 3176 544 3208 in
561 3174 659 3209 libris
675 3177 915 3216 Historiarum.
941 3185 1031 3217 quos

169 3236 188 3260 a
217 3227 287 3260 fine
317 3226 445 3259 Aufidii
475 3226 572 3258 Bassi
604 3226 801 3267 composuit
828 3226 967 3267 triginta
998 3227 1033 3258 et

170 3285 291 3310 unum.
323 3277 403 3318 Ipse
434 3276 470 3309 in
493 3275 708 3317 praefatione
732 3275 778 3307 ad
801 3275 933 3307 Titum:
966 3275 1034 3307 Nos

171 3327 302 3367 quidem
324 3334 435 3359 omnes
448 3329 596 3367 patrem,
621 3328 651 3358 te
668 3325 873 3366 fratremque
886 3325 1035 3358 diximus

171 3383 268 3415 opere
297 3376 403 3416 iusto,
435 3378 619 3416 temporum
651 3378 841 3408 nostrorum
861 3375 1034 3408 historiam

173 3424 240 3457 orsi
262 3432 286 3457 a
303 3426 368 3467 fine
387 3425 512 3468 Aufidii
532 3425 638 3458 Bassi.
672 3424 826 3458 Eosdem
848 3424 956 3459 libros
979 3425 1033 3458 in-

1074 2177 1195 2220 telligit
1216 2179 1236 2211 2
1266 2178 1286 2220 5
1311 2177 1374 2211 499
1403 2178 1440 2211 et
1461 2177 1537 2211 232.
1571 2176 1687 2210 Credo
1711 2176 1830 2209 autem
1853 2177 1945 2210 scri-

1076 2230 1188 2272 psisse
1221 2228 1400 2262 Aufidium
1429 2229 1577 2261 Bassum
1609 2236 1629 2260 a
1658 2225 1761 2260 bellis
1785 2227 1945 2261 civilibus

1076 2281 1120 2314 ad
1143 2291 1202 2315 res
1218 2279 1352 2315 Claudii
1376 2278 1430 2312 vel
1453 2277 1598 2321 paulum
1614 2277 1716 2311 infra.
1741 2277 1846 2310 Certe
1860 2278 1946 2311 vixit

1076 2341 1116 2365 ea
1141 2332 1274 2372 aetate,
1300 2332 1335 2363 et
1357 2330 1422 2362 viri
1445 2329 1568 2371 optimi
1592 2328 1648 2371 (ita
1669 2327 1832 2370 appellat)
1856 2337 1944 2360 con-

1075 2383 1238 2416 stantiam
1272 2382 1307 2414 in
1341 2379 1435 2413 lenta
1470 2380 1585 2412 morte
1615 2379 1751 2411 Seneca
1774 2378 1945 2412 describit

1076 2433 1137 2474 Ep.
1167 2431 1220 2465 30.
1260 2430 1418 2464 Citantur
1450 2428 1533 2462 hina
1568 2428 1645 2461 eius
1678 2428 1874 2470 fragmenta
1908 2429 1943 2461 in

1075 2483 1231 2514 Senecae
1255 2480 1419 2512 Suasoria
1442 2479 1462 2511 7
1482 2487 1549 2521 pro
1566 2478 1751 2511 Cicerone.
1776 2479 1864 2511 Llrs.
1890 2478 1942 2511 Cf.

1077 2532 1131 2571 ⁴5,
1155 2531 1210 2563 53.
1235 2530 1322 2563 Hist.
1349 2528 1381 2567 3,
1399 2528 1454 2561 28.
1478 2526 1651 2560 Avunculi
1673 2528 1727 2560 sui
1749 2526 1859 2561 libros
1881 2537 1944 2561 ac-

1077 2583 1198 2615 curate
1234 2579 1454 2613 enumeravit
1487 2577 1617 2611 Plinius
1646 2578 1755 2620 Epist.
1780 2578 1818 2618 3,
1843 2579 1876 2611 5.
1905 2596 1941 2602 —

1077 2631 1226 2672 Cluvius]
1262 2629 1313 2663 Cf.
1340 2629 1401 2670 44,
1426 2629 1458 2661 2.
1494 2627 1624 2662 Plinius
1654 2629 1741 2670 Epp.
1767 2628 1799 2669 9,
1825 2628 1878 2669 49,
1903 2629 1940 2661 5:

1076 2683 1125 2715 ita
1158 2691 1268 2714 secum
1296 2679 1478 2721 aliquando
1501 2679 1653 2712 Cluvium
1677 2679 1825 2712 locutum
1848 2679 1942 2718 «scis,

1082 2733 1225 2774 Verqini,
1243 2740 1330 2772 quae
1344 2730 1502 2763 historiae
1513 2730 1594 2771 fides
1608 2729 1783 2762 debeatur:
1799 2729 1944 2770 proinde

1076 2783 1105 2815 si
1127 2782 1207 2822 quid
1233 2782 1269 2813 in
1298 2779 1444 2813 historiis
1464 2780 1545 2812 meis
1566 2779 1648 2821 leyis
1669 2779 1768 2812 aliter
1789 2788 1830 2811 ac
1850 2778 1942 2818 velis,

1076 2841 1158 2874 roqo
1179 2832 1364 2873 iynoscas».
1399 2828 1560 2862 Eundem
1582 2828 1691 2861 fuisse
1714 2836 1798 2861 cum
1821 2827 1942 2861 Cluvio

1077 2881 1181 2921 Rufo,
1206 2880 1282 2912 viro
1307 2877 1498 2918 consulari,
1530 2878 1629 2920 pacis
1652 2877 1787 2911 artibus
1811 2878 1845 2910 et
1868 2875 1944 2909 elo-

1078 2931 1221 2973 quentia
1244 2927 1339 2961 claro
1362 2928 1460 2967 (Hist.
1486 2928 1518 2967 4,
1539 2927 1572 2960 8.
1596 2926 1630 2968 4,
1647 2926 1702 2960 39,
1719 2926 1774 2960 43.
1798 2927 1941 2959 sueton.

1078 2981 1159 3013 Ner.
1184 2980 1239 3012 24.
1263 2979 1328 3010 Dio
1351 2977 1406 3016 63,
1433 2976 1505 3018 44),
1530 2976 1683 3010 affirmat
1703 2977 1853 3018 Lipsius,
1877 2983 1943 3008 ne-

1079 3032 1137 3071 gat
1152 3030 1314 3061 Ritterus.
1332 3046 1367 3052 —
1385 3028 1530 3060 secuturi
1543 3044 1563 3052 -
1574 3045 1594 3052 —
1605 3027 1782 3069 trademus]
1799 3027 1944 3059 Certum

1079 3078 1258 3120 scriptoris
1282 3076 1484 3117 consilium,
1510 3086 1580 3119 quo
1598 3078 1770 3111 hactenus
1785 3076 1830 3108 sit
1845 3083 1957 3115 usus,.

1081 3130 1116 3161 et
1146 3136 1217 3168 quo
1239 3135 1346 3170 porro
1370 3127 1474 3160 etiam
1500 3129 1546 3161 sit
1566 3135 1714 3167 usurus,
1745 3125 1946 3167 exprimunt

1080 3179 1170 3210 haec
1192 3176 1305 3210 futura
1317 3201 1326 3217 ,
1351 3176 1480 3218 quibus
1498 3177 1626 3210 frustra
1642 3174 1796 3208 nonnulli
1811 3173 1945 3207 substi-

1082 3227 1226 3260 tuerunt
1238 3227 1341 3260 secuti
1355 3245 1374 3251 -
1385 3243 1405 3251 ·—
1420 3227 1631 3260 tradidimus.
1658 3224 1708 3258 Cf.
1727 3225 1781 3264 44,
1794 3224 1836 3256 27
1849 3232 1856 3255 :
1879 3223 1946 3257 Au-

1081 3277 1151 3309 dita
1165 3277 1353 3318 scriptaque
1366 3275 1549 3310 senioribus
1563 3275 1708 3308 tradam.
1734 3274 1819 3306 Hist.
1837 3273 1870 3314 3,
1887 3273 1941 3313 51:

1081 3326 1169 3358 Haec
1191 3326 1326 3366 aliaque
1340 3344 1359 3350 -
1371 3344 1390 3350 —
1404 3326 1495 3358 haud
1515 3324 1658 3358 absurde
1678 3322 1943 3356 memorabimus.

1085 3394 1122 3401 -
1146 3376 1291 3418 differri]
1320 3376 1466 3417 adduci,
1498 3376 1537 3408 ut
1562 3375 1683 3408 matris
1707 3373 1854 3408 caedem
1877 3373 1945 3407 dif-

1082 3426 1201 3461 ferret.
