2254 3770
313 281 395 324 560
757 326 763 334 ‚
788 282 833 325 P.
865 281 1116 326 CORNELII
1145 282 1316 327 TACITI
1344 283 1613 329 ANNALIUM

313 387 412 431 olim
445 393 488 432 et
515 387 796 439 indefessum,
829 387 903 445 qui
933 387 1176 446 volgaribus
1207 402 1382 448 quoque
1412 396 1579 447 patrum
1611 390 1814 436 consultis
1844 398 1981 436 semet
2007 391 2099 436 fau·
2139 372 2144 375 ἱ

313 469 450 508 torem
478 469 551 508 aut
579 462 873 507 adversarium
898 463 1163 517 ostenderet,
1195 465 1379 509 triennio
1409 479 1494 509 non
1524 466 1721 510 introisse
1751 467 1912 512 curiam
1939 480 2099 525 nuper-

312 538 528 597 rimeque,
562 552 660 582 cum
688 538 742 582 ad
773 538 1039 583 coercendos
1061 540 1249 584 Silanum
1270 547 1312 584 et
1332 542 1527 586 Veterem
1547 542 1736 585 certatim
1759 548 2097 595 concurreretur,

311 615 486 672 privatis
518 615 658 672 potius
688 613 903 658 clientium
934 615 1115 673 negotiis
1135 616 1371 659 vacavisse.
1404 617 1696 660 secessionem
1726 617 1808 661 iam
1829 617 1870 661 id
1893 624 1935 662 et
1955 624 2099 676 partes

278 696 372 742 aet,
407 691 440 734 si
473 690 587 733 idem
618 689 735 733 multi
766 690 971 741 audeant,
1004 689 1162 734 bellum
1194 703 1305 734 esse.
1350 697 1420 734 «ut
1449 691 1667 749 quondam
1690 693 1734 736 C.
1757 693 2009 746 Caesarem»
2038 694 2100 736 in·-

312 766 404 824 quit
436 782 454 806 «
468 771 510 809 et
538 766 589 808 M.
613 753 828 817 Catonem,
859 765 917 809 ita
937 779 1050 810 nunc
1076 772 1137 816 te,
1169 767 1294 816 Nero,
1329 773 1372 810 et
1391 766 1619 811 Thraseam
1642 767 1765 811 avida
1787 767 2101 812 discordiarum

310 842 457 885 civitas
497 840 696 898 loquitur.
739 847 781 885 et
819 840 947 885 habet
984 847 1219 886 sectatores
1258 840 1324 885 vel
1362 842 1503 898 potius
1540 841 1761 895 satellites,
1807 843 1881 901 qui
1912 843 2100 887 nondum

311 916 622 961 contumaciam
652 917 977 967 sententiarum,
1011 916 1089 960 sed
1119 916 1309 960 habitum
1329 917 1578 976 voltumque
1599 918 1693 962 eius
1719 925 1945 970 sectantur,
1977 918 2100 977 rigidi

310 998 352 1037 et
380 992 545 1042 tristes,
587 1006 675 1050 quo
705 991 780 1035 tibi
811 991 1028 1036 lasciviam
1058 991 1331 1050 exprobrent.
1375 991 1476 1036 huic
1506 994 1578 1036 uni
1610 993 1877 1038 incolumitas
1907 1001 1977 1038 tua
2008 994 2101 1038 sine

260 1080 297 1111 ιο
310 1082 430 1122 cura,
461 1073 575 1112 artes
606 1067 699 1111 sine
731 1067 906 1111 honore.
952 1081 1184 1125 prosperas
1215 1067 1421 1125 principis
1452 1081 1521 1112 res
1551 1069 1734 1126 spernit:
1767 1070 1949 1114 etiamne
1978 1069 2102 1114 lucti-

311 1144 391 1187 bus
422 1149 464 1187 et
493 1142 715 1186 doloribus
745 1156 830 1186 non
861 1141 1074 1185 satiatur?
1104 1142 1299 1186 eiusdem
1330 1143 1458 1186 animi
1491 1150 1556 1187 est
1585 1145 1830 1202 Poppaeam
1850 1145 1992 1189 divam
2015 1158 2100 1190 non

310 1218 511 1270 credere,
543 1218 665 1262 cuius
695 1218 737 1260 in
769 1223 863 1261 acta
892 1217 978 1261 divi
1010 1218 1186 1275 Augusti
1216 1224 1258 1262 et
1287 1217 1372 1261 divi
1404 1218 1479 1261 Iuli
1510 1232 1593 1262 non
1626 1219 1779 1264 iurare.
1812 1220 1975 1278 spernit
2002 1220 2102 1266 reli-

310 1295 479 1352 giones,
521 1294 699 1351 abrogat
737 1293 868 1350 leges.
925 1293 1078 1336 diurna
1107 1293 1254 1351 populi
1284 1295 1329 1338 R.
1361 1307 1440 1351 per
1468 1294 1731 1352 provincias,
1773 1309 1851 1353 per
1887 1296 2100 1340 exercitus

310 1370 499 1414 curatius
529 1368 745 1427 leguntur,
777 1375 824 1412 ut
854 1375 1067 1420 noscatur,
1100 1368 1204 1426 quid
1225 1367 1412 1413 Thrasea
1441 1382 1526 1413 non
1553 1370 1712 1414 fecerit.
1743 1377 1816 1414 aut
1834 1378 2101 1415 transeamus

261 1445 364 1501 asad
395 1445 466 1489 illa
497 1445 702 1497 instituta,
735 1444 771 1488 si
803 1444 971 1501 potiora
1001 1450 1124 1487 sunt:
1162 1451 1235 1488 aut
1263 1458 1370 1488 nova
1400 1445 1671 1503 cupientibus
1701 1446 1916 1490 auferatur
1944 1446 2031 1490 dux
2059 1452 2102 1491 et

311 1528 471 1565 auctor.
515 1521 597 1564 ista
633 1526 749 1564 secta
780 1518 1029 1563 Tuberones
1063 1525 1106 1563 et
1135 1519 1363 1571 Favonios,
1403 1521 1536 1564 veteri
1569 1535 1744 1579 quoque
1776 1521 1837 1566 rei
1866 1536 1908 1580 p.
1939 1522 2101 1580 ingrata

311 1597 501 1648 nomina,
534 1596 691 1654 genuit.
723 1602 769 1638 ut
798 1594 1026 1652 imperium
1053 1600 1264 1645 evertant,
1295 1594 1533 1639 libertatem
1564 1597 1829 1654 praeferunt:
1860 1596 1896 1640 si
1926 1611 2102 1655 perver-

309 1673 453 1724 terint,
498 1671 738 1715 libertatem
767 1670 903 1728 ipsam
934 1669 1252 1728 adgrediemur.
1297 1670 1451 1715 frustra
1483 1672 1679 1716 Cassium
1707 1672 1918 1724 amovisti,
1958 1673 1994 1716 si
2023 1672 2102 1730 gli-

312 1761 435 1792 scere
474 1753 516 1791 et
555 1747 703 1805 vigere
740 1747 967 1790 Brutorum
1002 1745 1194 1790 aemulos
1233 1760 1441 1804 passurus
1471 1760 1532 1791 es.
1576 1746 1764 1806 denique
1793 1747 1893 1791 nihil
1923 1748 2018 1806 ipse
2045 1748 2102 1792 de

259 1835 297 1866 20
312 1823 500 1868 Thrasea
529 1822 779 1881 scripseris,
821 1821 1154 1879 disceptatorem
1193 1827 1388 1864 senatum
1417 1821 1541 1867 nobis
1571 1821 1803 1880 relinque.»
1851 1822 2011 1867 extollit
2039 1823 2102 1868 ira

311 1905 555 1959 promptum
593 1897 834 1943 Cossutiani
873 1897 1061 1940 animum
1096 1900 1208 1940 Nero
1245 1896 1461 1955 adicitque
1497 1896 1740 1942 Marcellum
1781 1898 1972 1956 Eprium,
2012 1898 2100 1944 acri

374 2034 407 2068 2.
431 2034 598 2067 introisset
619 2033 653 2067 M
678 2050 715 2056 —
747 2030 779 2065 4.
803 2032 976 2064 uocauisse
998 2031 1032 2065 M
1058 2048 1093 2054 -—
1125 2031 1157 2063 5.
1184 2029 1225 2064 G.
1249 2038 1395 2064 cesarem
1417 2031 1451 2065 M
1484 2043 1520 2055 —
1553 2031 1584 2064 6.
1610 2034 1658 2072 te,
1682 2031 1789 2073 Nero,
1814 2035 1845 2065 et
1866 2031 2098 2066 Puteolanus:

309 2090 419 2125 tenebo
441 2091 475 2124 M
499 2107 534 2113 —
569 2089 602 2123 9.
627 2098 693 2131 quo
715 2088 773 2122 tibi
795 2088 1007 2122 Rhenanus:
1044 2088 1132 2129 quod
1153 2087 1199 2120 ibi
1223 2089 1255 2122 M
1277 2105 1321 2111 —
1348 2089 1401 2121 40.
1426 2097 1512 2121 cura
1534 2089 1690 2131 Lipsius:
1727 2097 1798 2122 om.
1823 2089 1857 2123 M
1881 2105 1917 2112 —
1938 2089 2103 2131 principis

307 2148 469 2190 resperuit
490 2148 524 2182 M
549 2165 585 2171 —
613 2147 665 2180 44.
688 2155 852 2188 poppeam
874 2146 908 2180 M
932 2163 968 2168 —
996 2146 1050 2179 42.
1075 2142 1157 2187 aila.
1180 2145 1215 2179 Μ
1238 2161 1273 2168 -
1300 2145 1475 2188 reliyiones
1498 2146 1542 2178 G:
1568 2145 1710 2188 legiones
1731 2146 1764 2180 M
1790 2164 1826 2170 -
1853 2145 1907 2179 43.
1929 2131 1985 2179 Ῐῗῇ
2003 2146 2037 2180 M
2060 2163 2098 2170 —

310 2206 363 2238 45.
387 2204 557 2238 institutas
577 2204 605 2236 si
628 2203 661 2237 M
687 2220 723 2225 -—
750 2202 803 2235 46.
827 2202 978 2244 fabonios
999 2202 1033 2236 M
1057 2219 1094 2225 —
1120 2202 1173 2234 47.
1198 2204 1387 2235 euerteraut
1409 2203 1442 2236 M
1468 2221 1504 2227 -
1531 2202 1584 2236 48.
1608 2203 1788 2236 admouisti
1809 2203 1843 2237 M
1869 2220 1905 2226 —
1931 2202 1985 2235 49.
2002 2202 2103 2236 nichil

310 2262 344 2295 M
370 2280 406 2287 —-
430 2261 486 2295 20.
510 2261 569 2294 ira
591 2259 737 2294 seclusit
759 2260 922 2294 Ritterus.

308 2380 452 2426 ἐγέλας,
477 2376 550 2414 οῦκ
573 2378 798 2426 ἐκράτησας,
824 2374 896 2412 οὔκ
916 2373 1063 2419 ἔθυσας
1083 2374 1178 2425 ὑπὲρ

308 2431 378 2476 τῆς
400 2429 552 2475 φωνῆς,
586 2429 648 2463 ἵνα
670 2427 832 2463 Πυθῶδε
855 2425 932 2472 (ἀπ’
951 2425 1177 2472 Ὀλυμπίων)

308 2482 552 2531 λαμπροτέρα
565 2476 685 2514 ῗὲλθοι.
707 2498 741 2504 -
763 2479 956 2523 volyaribus
971 2488 1099 2521 quoque
1115 2487 1179 2520 pa-

307 2538 398 2567 trum
418 2531 584 2574 consultis]
609 2531 660 2565 Cf.
678 2530 732 2571 43,
751 2530 805 2564 49.
826 2548 861 2553 -
888 2530 1042 2562 Silanum
1065 2532 1096 2562 et
1117 2530 1178 2562 Ve-

307 2584 421 2626 terem]
446 2583 497 2617 Cf.
523 2591 555 2615 c.
580 2582 599 2614 7
624 2582 660 2615 et
683 2582 735 2614 40.
763 2599 799 2604 -
826 2580 1094 2623 te--loquitur1
1120 2580 1180 2612 Ci-

309 2644 392 2668 cero
415 2643 450 2677 p.
475 2631 601 2667 Milone
626 2631 645 2673 S
670 2631 734 2664 63:
761 2631 857 2663 multi
878 2630 978 2663 etiam
1000 2630 1179 2663 Catilinam

309 2690 409 2727 atque
422 2684 482 2717 illa
490 2685 650 2725 portenta
664 2681 894 2722 loquebantur.
917 2679 1040 2713 Parad.
1056 2680 1075 2712 6
1089 2679 1108 2721 S
1121 2680 1176 2712 ὅθι

309 2746 350 2770 ne
380 2743 506 2776 semiper
528 2733 647 2767 Curios
668 2735 698 2764 et
722 2732 877 2764 Luscinos
899 2731 1089 2771 loquamur.
1125 2729 1176 2763 Cf.

311 2787 397 2820 Hist.
423 2787 456 2827 4,
480 2785 534 2818 50.
567 2783 604 2823 4,
636 2783 689 2815 ⁴2.
718 2801 765 2814 -,
789 2782 841 2814 vel
869 2783 981 2823 potius
1012 2780 1177 2823 satellites]

309 2836 459 2870 Nomine
481 2835 550 2867 boc
573 2832 745 2866 invidioso
768 2840 854 2865 usus
880 2833 951 2872 est,
980 2832 1020 2864 ut
1042 2832 1178 2864 metum

311 2889 348 2921 et
378 2886 545 2920 invidiam
573 2883 721 2916 Neronis
753 2882 934 2915 excitaret.
964 2899 995 2906 —
1031 2881 1179 2914 habitum

308 2938 496 2978 voltumque
509 2953 562 2961 --
575 2934 678 2976 rigidi
699 2936 730 2966 et
752 2932 868 2975 tristes]
899 2933 1066 2965 Suetonio
1088 2940 1180 2974 quo-

310 2996 380 3030 que
411 2987 501 3020 teste
535 2985 577 3027 (c.
602 2984 655 3025 37)
683 2983 860 3016 Thraseae
887 2983 995 3015 Paeto
1019 2981 1179 3015 obiectus

310 3039 366 3071 est
387 3036 514 3070 tristior
535 3038 567 3068 et
584 3034 773 3075 paedaqoqi
794 3033 917 3065 vultus.
938 3050 973 3056 —-
1000 3031 1100 3073 artes]
1126 3031 1177 3064 Cf.

311 3087 366 3127 44,
391 3086 432 3120 ⁴4
455 3093 535 3128 sqq.
552 3084 606 3117 52.
628 3100 664 3107 —
690 3083 725 3115 iu
748 3085 826 3115 acta
848 3083 915 3115 divi
936 3082 1077 3124 Auyusti
1096 3081 1179 3121 cet.]

309 3138 398 3171 Nam
420 3137 456 3169 in
479 3134 641 3169 sollemni
663 3131 720 3166 illo
743 3132 819 3164 iure
843 3131 990 3164 iurando
1012 3131 1085 3164 Kal.
1103 3132 1177 3164 Ian.

310 3196 380 3221 non
403 3185 518 3220 solum
533 3185 569 3218 in
588 3184 666 3217 acta
684 3181 864 3225 principis,
890 3182 951 3223 qui
966 3183 1049 3214 tunc
1063 3182 1179 3223 ipsum

310 3236 468 3277 vivebat,
503 3242 631 3268 verum
665 3233 772 3266 etiam
805 3232 840 3263 in
873 3231 1177 3273 praecedentium,

311 3294 463 3328 quorum
494 3285 570 3317 acta
599 3292 671 3316 non
695 3280 823 3315 abolita
847 3282 967 3320 erant,
1003 3280 1177 3313 iurabant.

315 3354 350 3361 —-
376 3336 500 3369 diurna
517 3334 635 3375 populi
657 3331 707 3375 R.]
731 3330 819 3364 Vide
842 3330 887 3378 ad
911 3330 942 3370 3,
961 3329 991 3362 3.
1014 3347 1049 3352 —
1074 3338 1179 3362 cura-

310 3384 387 3427 tius]
411 3384 499 3418 Vide
523 3383 569 3417 ad
593 3384 624 3424 4,
651 3382 702 3415 43.
724 3397 761 3406 -
785 3381 852 3414 ista
873 3380 970 3419 secta]
995 3378 1178 3421 disciplina

311 3435 437 3469 Stoica.
459 3451 494 3459 -
515 3433 695 3467 Tuberones
714 3435 745 3465 et
765 3428 941 3472 Fauonios]
960 3427 1120 3471 Intelligit
1135 3429 1175 3469 Q.

1226 2377 1363 2412 Aelium
1394 2378 1639 2420 Tuberonem,
1672 2379 1733 2421 qui
1760 2379 1798 2412 in
1820 2377 1926 2421 epulo
1957 2376 2100 2421 publico

1227 2429 1387 2463 haedinis
1409 2429 1560 2472 pellibus
1584 2430 1707 2462 stravit
1724 2428 1835 2463 lectos
1850 2429 2046 2463 Punicanos
2062 2429 2100 2462 et

1225 2488 1308 2513 vasa
1322 2481 1437 2513 Samia
1453 2480 1625 2522 exposuit.
1645 2480 1769 2513 Cicero
1786 2480 1822 2513 in
1837 2480 1933 2513 Brut.
1951 2478 2007 2513 34.
2025 2478 2100 2521 (pro

1227 2531 1372 2563 Murena
1396 2529 1465 2570 36.)
1494 2529 1656 2563 Valerius
1677 2530 1766 2563 Max.
1796 2530 1829 2569 7,
1854 2530 1919 2569 ὅ,4
1954 2528 2095 2572 allique.

1226 2581 1266 2613 A.
1292 2579 1420 2613 Gellius
1444 2581 1476 2620 4,
1500 2580 1554 2619 22,
1580 2580 1619 2612 7:
1652 2580 1720 2612 Nee
1749 2588 1827 2613 vero
1853 2580 1993 2612 seientia
2013 2579 2100 2612 iuris

1225 2630 1409 2662 maioribus
1435 2630 1502 2662 suis
1533 2631 1571 2670 Q.
1595 2629 1706 2662 Aelius
1731 2628 1854 2662 Tubero
1884 2629 2007 2671 deficit,
2038 2629 2101 2662 do-

1226 2681 1338 2712 ctrina
1370 2680 1470 2712 etiam
1503 2679 1675 2721 superfuit.
1700 2697 1719 2704 -
1736 2697 1754 2703 —
1777 2679 1980 2722 Discipliuas
2012 2678 2101 2712 suun

1229 2729 1351 2763 Tubero
1397 2730 1517 2762 stoicas
1562 2732 1593 2763 et
1635 2729 1825 2763 dialecticas
1860 2728 2099 2771 percalluerat.

1227 2779 1327 2812 Idem
1349 2778 1406 2812 ille
1430 2781 1502 2819 est,
1528 2780 1588 2821 qui
1611 2777 1794 2812 Lucullum
1816 2779 1967 2812 Xerxem
1998 2779 2101 2821 toga-

1228 2830 1304 2862 tum
1329 2828 1573 2871 appellitabat,
1606 2827 1792 2863 Plutarcho
1819 2829 2041 2863 memorante
2063 2828 2100 2862 in

1228 2878 1371 2912 Lucullo
1396 2879 1450 2912 39.
1474 2880 1521 2913 Μ.
1546 2879 1715 2912 Favonius
1738 2879 1793 2912 est
1810 2879 1859 2912 M.
1878 2879 2020 2912 Catonis
2041 2877 2099 2912 ille

1229 2929 1349 2969 simia,
1374 2929 1419 2962 de
1444 2938 1514 2971 quo
1538 2929 1625 2971 (Cic.
1650 2937 1715 2971 pro
1738 2927 1807 2962 Mil.
1832 2929 1865 2968 9,
1889 2929 1942 2962 46.
1967 2927 2013 2961 ad
2027 2929 2097 2962 Ait.

1230 2981 1262 3020 4,
1290 2979 1340 3013 44.
1365 2981 1399 3021 2,
1425 2980 1456 3013 4.
1481 2979 1526 3012 ad
1550 2980 1645 3012 Fam.
1670 2979 1703 3019 8,
1732 2979 1752 3012 9
1775 2981 1811 3012 et
1834 2979 1887 3021 44)
1912 2979 2099 3012 Suetonius

1229 3031 1316 3071 Aug.
1340 3029 1392 3062 43.
1417 3028 1577 3063 Valerius
1600 3030 1690 3062 Max.
1708 3029 1741 3068 2,
1761 3029 1815 3069 40,
1832 3029 1864 3062 8.
1891 3027 2098 3062 Plutarchus

1229 3081 1335 3113 Bruto
1351 3078 1404 3112 34.
1424 3080 1509 3113 ers.
1528 3096 1563 3103 —
1580 3078 1786 3121 praeferunt]
1808 3087 1893 3121 prae
1911 3087 1951 3112 se
1966 3078 2095 3119 ferunt,

1229 3130 1426 3169 ostentant,
1453 3129 1530 3162 eius
1554 3128 1710 3162 studium
1733 3128 1875 3161 iactant.
1906 3127 1958 3161 Cf.
1981 3128 2015 3167 2,
2039 3126 2095 3161 53.

1229 3180 1283 3220 43,
1309 3179 1361 3213 45.
1383 3196 1418 3202 -
1445 3179 1594 3212 Cassium
1616 3178 1778 3222 amovisti]
1804 3177 1854 3212 Cf.
1874 3186 1904 3211 c.
1923 3177 1943 3210 7
1958 3185 2038 3219 sqq.
2055 3194 2093 3201 —

1226 3229 1408 3271 scripseris]
1420 3227 1580 3270 Intelligit
1588 3227 1770 3271 epistolam
1782 3227 1948 3271 principis
1957 3235 1976 3260 a
1988 3235 2096 3270 quae-

1228 3281 1324 3313 store
1341 3280 1416 3312 eius
1432 3278 1616 3312 ferendam
1629 3280 1665 3311 et
1679 3277 1908 3311 recitandam.
1927 3276 1978 3310 Cf.
1992 3285 2024 3310 c.
2037 3277 2092 3310 27.

1231 3346 1267 3354 —
1285 3327 1425 3370 eoetollit]
1448 3327 1688 3372 praedicando
1711 3327 1822 3369 magis
1844 3326 1949 3359 etiam
1973 3325 2018 3359 ad
2036 3334 2093 3360 ae-

1227 3378 1424 3412 cusandum
1447 3378 1638 3411 Thraseam
1661 3377 1792 3410 incitat.
1819 3375 1919 3409 Idem
1940 3375 2092 3410 verbum

1226 3427 1351 3470 legitur
1373 3429 1410 3469 2,
1436 3427 1490 3461 88.
1517 3426 1571 3468 44,
1590 3426 1643 3461 43.
1664 3443 1699 3450 -—
1724 3426 1781 3459 ira
1797 3428 1989 3468 promptum
2009 3425 2091 3460 coo-
