2254 3770
775 285 933 331 LIBER
959 285 1011 330 H.
1070 285 1171 343 Cap.
1201 285 1268 330 29.
1298 285 1367 330 30.
1386 285 1455 330 34.

1949 289 2003 332 93

227 399 472 439 senatorum
499 392 666 437 additas
696 397 864 436 atroces
883 391 950 436 vel
970 391 1159 437 occultas
1178 398 1300 436 notas
1321 399 1546 436 accusator
1564 393 1784 450 arguebat.
1822 402 2003 452 negante

225 483 301 515 reo
336 468 647 526 adgnoscentes
676 481 825 512 servos
855 481 934 526 per
960 473 1169 511 tormenta
1196 467 1446 525 interrogari
1466 467 1636 526 placuit.
1675 475 1717 513 et
1736 469 1837 527 quia
1857 477 2003 514 vetere

225 552 397 590 senatus
425 542 619 588 consulto
648 544 844 602 quaestio
873 543 915 586 in
945 549 1073 600 caput
1100 542 1259 586 domini
1289 542 1615 600 prohibebatur,
1648 544 1826 589 callidus
1846 552 1888 589 et
1906 546 2004 589 novi

223 620 328 664 iuris
356 626 553 678 repertor
581 619 775 663 Tiberius
806 618 1035 676 mancipari
1066 617 1255 675 singulos
1285 619 1418 662 actori
1456 618 1630 676 publico
1667 619 1802 671 iubet,
1843 620 2006 665 scilicet

222 701 270 739 ut
296 696 339 738 in
368 694 574 739 Libonem
613 708 666 738 ex
701 694 837 738 servis
871 693 990 737 salvo
1031 700 1206 737 senatus
1237 693 1432 737 consulto
1461 701 1755 752 quaereretur.
1806 694 1862 738 ob
1892 710 2004 753 quae
2036 711 2056 741 5

222 777 443 828 posterum
478 769 592 814 diem
631 783 731 814 reus
774 768 921 827 petivit
967 768 1230 826 domumque
1268 768 1490 826 digressus
1526 776 1738 814 extremas
1775 784 1929 828 preces
1960 773 2004 815 P.

223 845 416 899 Quirinio
446 845 690 903 propinquo
720 857 799 888 suo
829 843 883 887 ad
914 843 1151 901 principem
1180 844 1408 888 mandavit.

1470 844 1551 902 (3⁴)
1584 859 1841 903 responsum
1871 854 1936 891 est
1959 853 2007 890 ut

221 927 416 965 senatum
444 926 626 978 rogaret.
666 919 915 978 cingebatur
942 919 1112 962 interim
1139 918 1272 963 milite
1302 919 1477 971 domus,
1509 921 1757 978 strepebant
1785 928 1828 966 et
1856 922 2004 966 iamin

221 995 449 1048 vestibulo,
489 1001 534 1040 ut
562 995 721 1047 audiri,
759 1001 807 1039 ut
834 994 968 1053 aspici
997 1000 1194 1052 possent,
1233 1008 1332 1039 cum
1360 995 1466 1039 Libo
1496 995 1619 1053 ipsis,
1652 1011 1761 1054 quas
1790 997 1833 1041 in
1862 998 2006 1042 novis-

285 1134 318 1168 2.
341 1133 623 1177 Adqnonoscentes
644 1132 727 1176 (sic)
743 1134 776 1167 M

795 1151 832 1157 -—
849 1133 1054 1176 interroqari
1076 1133 1231 1176 Lipsius:
1253 1134 1465 1177 interrogare
1486 1135 1520 1169 Μ
1545 1152 1582 1159 -
1606 1135 1639 1169 3.
1665 1137 1790 1177 questio
1811 1138 1845 1171 M
1870 1154 1906 1161 —
1927 1147 2008 1180 pro-

221 1190 414 1224 hibebantur
434 1199 488 1233 pr.
513 1191 548 1224 M
574 1208 608 1214 —
634 1191 666 1223 ὅ.
692 1189 795 1231 obque
812 1198 848 1231 p.
873 1198 926 1232 pr.
951 1190 986 1224 M
1010 1206 1046 1213 —
1072 1190 1104 1223 7.
1130 1190 1275 1231 quirinio
1298 1191 1349 1224 M:
1375 1191 1516 1232 Quirino
1538 1191 1741 1227 Beroaldus.
1770 1210 1803 1217 —
1831 1193 1863 1227 8.
1888 1198 1918 1227 et
1937 1195 2006 1227 iam

222 1246 396 1281 Halmius:
430 1248 532 1280 etiam
553 1247 587 1281 M
612 1263 648 1271 -·
675 1246 708 1279 9.
728 1247 856 1288 possint
876 1247 923 1280 M.

224 1372 270 1406 de
294 1373 489 1415 quaestion.
513 1371 536 1405 l.
553 1371 586 1413 9,
611 1371 665 1406 4⁴.
691 1372 778 1405 Lirs.
815 1371 916 1411 Quod
931 1371 976 1405 de
1000 1372 1091 1405 tem-

224 1432 311 1465 pore
346 1423 449 1456 huius
483 1424 627 1456 senatus
658 1421 807 1455 consulti
835 1421 974 1455 aliunde
1005 1421 1088 1455 nihil

223 1474 364 1507 constat
392 1483 460 1507 nec
489 1482 559 1516 quo
590 1475 735 1506 auctore
758 1467 890 1506 factum
913 1473 974 1513 sit,
1006 1473 1088 1506 inde

225 1523 490 1566 explicandum,
521 1523 616 1565 quod
643 1524 723 1556 ante
748 1523 920 1556 Caesares
947 1525 1090 1556 senatus

225 1573 382 1607 consulta
411 1582 482 1607 non
513 1573 716 1606 habuerunt
743 1574 897 1606 nomina.
936 1573 990 1606 Ad
1011 1581 1089 1606 rem

224 1623 268 1657 cf.
295 1624 368 1657 Cic.
401 1624 493 1657 Orat.
526 1624 633 1656 Partt.
670 1622 796 1664 5⁴⁴8:
835 1623 874 1655 de
900 1626 1091 1656 nostrorum

222 1674 323 1707 etiam
354 1674 687 1714 prudentissimorum
722 1673 891 1708 hominum
922 1673 1090 1714 institutis,

223 1725 281 1766 qui
303 1733 379 1757 eum
401 1725 441 1757 de
462 1724 566 1757 servis
594 1724 629 1756 in
651 1723 800 1756 dominos
821 1723 938 1764 quaeri
964 1723 1092 1756 noluis—

225 1778 313 1815 sent,
337 1775 376 1807 de
397 1775 523 1808 incestu
544 1777 655 1807 tamen
677 1778 707 1807 et
729 1773 973 1814 coniuratione,
1006 1782 1092 1815 quae

222 1825 316 1866 facta
328 1833 382 1857 me
396 1825 527 1857 consule
542 1828 606 1865 est,
631 1825 856 1866 quaerendum
876 1827 1089 1864 putaverunt.

222 1874 324 1908 Adde
355 1883 421 1917 pro
449 1876 528 1908 Sex.
553 1875 680 1908 Roscio
702 1875 781 1907 Am.
813 1883 844 1907 c.
869 1873 924 1908 44.
950 1892 986 1898 -
1011 1875 1090 1908 novi

222 1924 308 1957 iuris
329 1928 480 1966 repertor
503 1924 658 1967 Tiberius]
685 1925 799 1958 Immo
822 1924 963 1957 infamia
986 1926 1090 1959 huius

222 1975 355 2008 inventi
377 1983 489 2017 penes
511 1976 728 2017 Augustum;
765 1976 930 2016 erratque
955 1977 1088 2016 noster,

223 2025 346 2058 sinon
375 2026 472 2057 errat
493 2025 558 2058 Dio
581 2025 642 2065 55,
666 2025 705 2058 5:
742 2018 803 2057 ὅτι
830 2023 871 2058 δὲ
901 2020 972 2058 οὐκ
1003 2022 1091 2068 ἐξὸν

223 2069 271 2107 ὂν
298 2072 438 2108 δοῦλον
466 2071 566 2107 κατὰ
587 2072 778 2108 δεσπότου
801 2073 1092 2119 βασανισθῆναι

222 2123 431 2166 ἐκέλευσεν,
449 2121 588 2167 ὁσάκις
602 2121 652 2158 ἂν
667 2126 780 2184 χρεία
791 2123 971 2160 τοιούτου
987 2124 1092 2169 τινὸς

222 2175 400 2219 γένηται,
424 2173 476 2219 τῷ
500 2174 675 2219 δημοσίῳ
689 2171 809 2208 αὐτὸν
831 2172 860 2219 ἢ
881 2177 947 2210 καὶ
968 2175 1090 2222 ἑαυτῷ

223 2223 525 2285 πιπράσκεσθαι,
561 2221 666 2266 ὅπως
695 2221 897 2273 ἀλλότριος
918 2224 987 2260 τοῦ
1010 2238 1092 2274 κρι-

222 2276 388 2318 νομένου
417 2286 472 2308 ων
500 2272 738 2319 ἐξετάζηται,
770 2275 811 2308 οἱ
829 2275 902 2319 μὲν
928 2272 1091 2323 ᾐτιῶντο

224 2320 285 2359 ὅτι
308 2321 330 2358 ὃ
353 2323 476 2369 νόμος
496 2324 544 2371 τῇ
568 2323 638 2359 τοῦ
662 2323 854 2360 δεσπότου
873 2312 1090 2374 μεταλλαγῇ

223 2374 485 2409 καταλύεσθαι
519 2362 687 2419 ἔμελλεν.
726 2377 813 2409 Lirs.
866 2377 930 2409 Hic
963 2377 1091 2410 modus

223 2426 456 2467 inveniendae
471 2427 627 2460 veritatis
651 2435 750 2460 more
771 2426 947 2460 maiorum
961 2427 1091 2460 vetitus

223 2477 295 2509 iam
324 2475 369 2509 ab
398 2477 553 2518 Augusto
583 2485 616 2509 a.
647 2485 684 2509 u.
709 2475 773 2510 746
800 2476 979 2510 institutus
1007 2486 1092 2510 nar-

223 2527 323 2559 ratur
344 2534 364 2558 a
387 2526 518 2566 Dione,
548 2525 612 2559 sed
641 2525 781 2559 videtur
808 2534 875 2568 per
902 2526 1090 2569 imperium

223 2576 389 2618 pacatum
401 2574 490 2608 illius
502 2575 668 2618 principis
679 2575 715 2608 in
730 2574 943 2609 oblivionem
959 2575 1088 2609 abisse.

223 2626 350 2658 Dunnn.
386 2625 486 2658 Adde
515 2626 665 2659 Dionem
694 2625 753 2666 57,
786 2626 827 2658 49
856 2625 902 2658 de
930 2625 1087 2659 Tiberio:

224 2673 498 2716 ἐβασανίζοντο
520 2673 562 2708 δὲ
585 2671 676 2715 οὐχὶ
693 2675 838 2708 οἰκέται
852 2672 976 2719 μόνον
991 2671 1090 2708 κατὰ

223 2721 299 2757 τῶν
324 2722 427 2758 ἰδίων
449 2723 661 2766 δεσποτῶν,
689 2721 787 2757 ἀλλὰ
809 2726 875 2758 καὶ
897 2723 1091 2772 ἐλεύθεροι

224 2774 290 2807 καὶ
313 2772 476 2808 πολῖται.
504 2793 541 2800 —-
566 2775 673 2808 actori
692 2774 834 2818 publico]
857 2774 1019 2817 publicus
1036 2776 1091 2808 est

225 2825 301 2858 sive
329 2833 454 2870 seryus
483 2826 557 2858 sive
591 2824 756 2865 libertus;
792 2825 935 2868 proprio
969 2827 1090 2858 tamen

225 2882 391 2915 munere,
422 2875 483 2916 qui
513 2883 572 2908 res
601 2875 826 2916 rationesque
853 2875 905 2908 rei
926 2873 1089 2917 publicae

227 2923 507 2958 administrabat.
533 2924 586 2958 Cf.
611 2924 644 2965 3,
668 2924 727 2958 67:
752 2933 864 2958 servos
885 2933 1013 2966 quoque
1033 2925 1091 2958 Si-

227 2973 314 3015 lani,
337 2978 375 3007 ut
396 2975 564 3008 tormentis
584 2975 890 3017 interrogarentur,
916 2978 1011 3008 actor
1029 2983 1092 3016 pu-

227 3023 330 3056 blicus
354 3024 522 3065 mancipio
544 3027 729 3065 acceperat.
759 3026 846 3058 ers.
891 3023 977 3058 Plin.
1001 3024 1089 3066 Epp.

227 3073 261 3114 7,
286 3073 346 3106 48:
371 3082 493 3115 aarum
513 3074 832 3107 emmeis--actori
847 3073 980 3116 publico
993 3082 1094 3106 man-

227 3123 354 3164 cipavi,
383 3122 419 3155 id
447 3124 502 3156 est
528 3123 709 3166 publicum
738 3123 816 3157 ieci.
864 3123 915 3156 Cf.
941 3123 1094 3164 savigny

228 3172 356 3213 Sustem
370 3173 425 3205 cles
441 3173 595 3215 heutiqen
608 3174 700 3206 Ro'm.
718 3174 831 3206 Rechts
852 3173 890 3205 T.
906 3173 947 3205 11.
964 3181 1000 3214 p.
1014 3172 1090 3205 285.

229 3237 267 3245 —
291 3222 412 3255 scilieet
443 3225 481 3255 ut
501 3240 520 3247 -
535 3239 555 3246 -
575 3222 802 3264 quaereretur]
837 3222 933 3254 Haec
967 3221 1090 3261 verba,

229 3279 320 3313 quae
332 3271 523 3305 Mendozae
537 3271 768 3315 expungenda
778 3270 1002 3311 videbantur,
1011 3279 1092 3303 eum

229 3320 359 3354 acerba
382 3321 490 3355 ironia
515 3321 662 3364 (seilicet)
685 3322 804 3355 addita
827 3322 926 3364 putat
943 3321 1093 3363 Nipper-

232 3368 303 3410 dey
328 3379 372 3404 ne
395 3372 474 3414 quis
497 3371 675 3405 dubitaret
697 3372 783 3414 quin
804 3371 942 3405 Tacitus
965 3370 1093 3403 Tiberii

231 3417 452 3455 calliditatem
481 3420 734 3464 indignaretur.
761 3437 799 3447 —·
823 3422 1019 3463 domumque
1040 3419 1094 3454 di·

1139 1381 1270 1415 gressus
1283 1372 1366 1415 cet.]
1381 1374 1517 1407 Seneca
1533 1375 1635 1416 epist.
1653 1374 1707 1416 70,
1726 1375 1784 1408 4οῐ
1811 1375 1893 1409 Cum
1907 1385 2008 1419 aeqer

1140 1432 1163 1455 a
1184 1427 1301 1456 senatu
1322 1424 1358 1456 in
1381 1423 1495 1456 lectica
1509 1425 1634 1458 relatus
1648 1428 1746 1466 esset,
1770 1425 1889 1459 habere
1903 1428 2007 1468 coepit

1139 1474 1328 1514 consilium,
1352 1477 1467 1507 utrum
1487 1475 1700 1509 conscisceret
1719 1479 1859 1509 mortem
1881 1486 1926 1510 an
1947 1486 2007 1510 ex-

1139 1527 1311 1565 spectaret.
1359 1524 1421 1557 Cui
1453 1525 1629 1558 Scribonia
1659 1527 1786 1567 (amita)
1822 1528 1924 1569 «quid
1955 1531 2006 1560 te»

1140 1574 1249 1614 inquit
1285 1574 1443 1607 «delectat
1478 1575 1622 1608 alienum
1657 1577 1825 1617 neqotium
1858 1576 2005 1619 aqereP»

1140 1633 1198 1657 nec
1219 1633 1286 1656 non
1304 1625 1472 1665 persuasit
1493 1625 1563 1658 illi:
1592 1634 1712 1658 manus
1733 1626 1794 1658 sibi
1816 1627 1929 1659 attulit
1949 1635 2008 1660 nee

1139 1675 1208 1707 sine
1218 1683 1341 1707 causa:
1357 1683 1437 1707 nam
1449 1678 1523 1715 post
1532 1675 1617 1707 diem
1633 1676 1767 1708 tertium
1777 1680 1837 1709 aut
1849 1681 2008 1717 quartum

1139 1724 1266 1756 inimici
1293 1725 1479 1757 moriturus
1508 1725 1649 1758 arbitrio
1676 1726 1704 1758 si
1733 1726 1832 1767 vivit,
1862 1727 2009 1760 alienum

1139 1775 1306 1815 neqotium
1322 1775 1404 1816 aqit.
1431 1791 1467 1798 —
1496 1775 1659 1817 Quirinio]
1683 1776 1739 1808 Sic
1762 1778 1860 1809 recte
1884 1777 2004 1818 scribi,

1140 1833 1210 1856 non
1228 1824 1387 1866 Quirino,
1413 1826 1561 1867 apparet
1583 1824 1662 1858 coll.
1688 1825 1720 1866 3,
1745 1826 1787 1859 22
1812 1825 2005 1870 (Quirinio).

1139 1874 1182 1907 23
1215 1874 1383 1916 (Quirinio
1421 1876 1457 1907 et
1491 1870 1662 1918 Quirinii).
1709 1875 1751 1909 48
1785 1876 2006 1919 (Quirinius);

1140 1933 1258 1966 neque
1282 1923 1400 1957 obstat
1415 1924 1510 1966 quod
1534 1925 1569 1958 in
1586 1925 1715 1958 eodem
1735 1927 1847 1968 capite
1870 1926 1913 1960 48
1930 1927 2006 1967 (bis)

1141 1975 1178 2007 et
1198 1973 1294 2015 apud
1316 1975 1520 2007 Suetonium
1543 1975 1618 2008 Tib.
1643 1975 1685 2008 49
1707 1974 1833 2018 legitur
1855 1977 2006 2018 Quirini;

1141 2025 1231 2057 haec
1253 2024 1348 2057 enim
1370 2025 1521 2066 genetivi
1543 2024 1656 2058 forma
1679 2025 1725 2058 ad
1748 2027 1920 2060 utrumvis
1939 2036 2007 2060 no-

1141 2075 1367 2114 minativum,
1399 2076 1436 2107 et
1458 2075 1617 2116 Quirinus
1638 2077 1674 2108 et
1697 2077 1887 2118 Quirinius,
1923 2086 2008 2119 per-

1142 2126 1254 2158 tinere
1269 2126 1396 2167 potest.
1415 2126 1540 2158 Graeci
1552 2134 1696 2167 quoque
1709 2127 1913 2169 scriptores,
1927 2128 2004 2168 Dio,

1143 2174 1288 2215 Strabo,
1311 2176 1482 2217 Iosephus
1514 2176 1674 2209 scribunt
1702 2176 1890 2224 Κυρίνιος.
1934 2179 2008 2210 Fir-

1142 2226 1240 2257 mant
1261 2233 1391 2258 nomen
1408 2226 1579 2266 Quirinius
1601 2227 1707 2260 etiam
1724 2228 1832 2261 Inscr.
1852 2237 1886 2260 n.
1901 2227 2003 2261 3693:

1140 2276 1176 2308 P.
1194 2275 1340 2316 Sulpicio
1364 2276 1515 2317 Quirinio
1539 2276 1574 2309 Ο.
1596 2277 1710 2319 Valqio
1731 2286 1796 2310 cos.
1833 2277 2008 2310 Kalenda-

1141 2326 1233 2358 rium
1258 2326 1526 2359 Praenestinum
1554 2327 1625 2359 1111.
1651 2326 1723 2360 Kal.
1755 2328 1833 2361 Mai.
1867 2329 2004 2369 (Inscrr.

1140 2374 1218 2408 Vol.
1242 2376 1292 2416 11,
1322 2384 1358 2418 p.
1383 2376 1476 2418 388):
1511 2377 1662 2417 Quirinio
1685 2380 1717 2411 et
1741 2378 1866 2421 Valqio.
1897 2378 2007 2419 (Idem

1141 2434 1195 2468 pr.
1220 2427 1310 2459 Non.
1335 2426 1436 2459 Mart.
1469 2435 1506 2468 p.
1531 2427 1614 2460 386:
1642 2451 1650 2460 .
1671 2452 1679 2460 .
1699 2453 1707 2460 .
1728 2428 1808 2461 ‚nio
1837 2430 1869 2461 et
1894 2429 2008 2471 Valqio

1140 2476 1220 2517 cos.)
1245 2476 1414 2517 «Insignis
1436 2475 1575 2510 titulus»
1602 2477 1739 2518 (Inscrr.
1765 2487 1800 2511 n.
1823 2478 1910 2519 623),
1935 2486 2006 2520 quo

1141 2525 1260 2558 nititur
1296 2526 1417 2559 Ritteri
1454 2525 1643 2568 disputatio
1679 2535 1812 2560 nomen
1851 2528 2008 2569 Quirinus

1140 2574 1382 2616 defendentis,
1406 2584 1521 2617 aeque
1543 2576 1684 2618 spurius
1708 2578 1762 2610 est
1784 2576 1840 2619 (cf.
1864 2577 2007 2611 Henzen

1140 2623 1216 2658 Vol.
1241 2626 1305 2665 Ill,
1336 2634 1371 2667 p.
1397 2625 1450 2666 58)
1481 2626 1588 2668 atque
1617 2635 1784 2661 nummus
1807 2626 2006 2661 Goltzianus

1140 2674 1236 2717 apud
1268 2673 1491 2708 Vaillantium
1524 2676 1665 2709 Numm.
1698 2675 1803 2709 famil.
1833 2678 1932 2711 Rom.
1963 2678 2004 2710 11.

1140 2724 1212 2757 tab.
1231 2724 1306 2757 435.
1327 2742 1362 2748 -
1384 2725 1572 2766 propinquo
1586 2725 1657 2768 suo]
1679 2726 1702 2759 i.
1721 2736 1753 2759 e.
1771 2726 1889 2760 adfini.
1915 2728 2003 2760 Nam

1140 2773 1312 2816 Sulpicius
1340 2774 1399 2807 hic
1428 2775 1504 2817 ipse
1531 2775 1692 2817 ignobilis
1719 2776 1762 2817 (3,
1788 2776 1840 2817 48)
1865 2777 1900 2810 in
1927 2785 2005 2809 ma-

1140 2824 1304 2857 trimonio
1340 2823 1466 2856 habuit
1505 2825 1688 2858 Aemiliam
1725 2826 1910 2868 Lepidam,
1950 2826 2007 2859 cui

1139 2872 1236 2906 idem
1267 2874 1327 2915 qui
1349 2873 1473 2907 Liboni
1495 2882 1648 2916 proavus
1671 2876 1747 2908 erat
1770 2876 1834 2909 Cn.
1859 2878 2007 2918 Pompe-

1140 2924 1195 2957 ius
1219 2923 1262 2965 (3,
1286 2924 1352 2965 22).

1184 2973 1238 3005 34.
1274 2974 1564 3015 eum--vocareJ
1597 2974 1693 3008 Bene
1727 2974 1811 3008 fecit
1842 2974 2006 3016 Bachius,

1143 3021 1239 3064 quod
1272 3022 1430 3055 infinitivi
1467 3022 1623 3057 historici
1653 3024 1888 3057 coniunctioni
1914 3025 2007 3057 tem-

1142 3070 1252 3114 porali
1282 3071 1447 3113 subnexi,
1478 3073 1539 3115 qui
1569 3072 1752 3116 aliquoties
1776 3075 1882 3106 etiam
1912 3073 2007 3116 apud

1143 3121 1275 3154 Livium
1305 3123 1481 3164 reperitur
1513 3123 1562 3163 (2,
1586 3123 1641 3155 27.
1677 3122 1717 3163 4,
1746 3123 1813 3163 5⁴),
1845 3123 2006 3166 exempla

1143 3170 1237 3213 apud
1259 3172 1417 3205 Tacitum
1446 3171 1549 3205 obvia
1580 3171 1728 3213 collegit.
1774 3173 1887 3214 Supra
1910 3182 1941 3206 c.
1966 3173 2004 3207 4:

1142 3220 1198 3253 ubi
1218 3221 1371 3254 minitari
1384 3221 1585 3254 Artabanus.
1610 3221 1700 3254 Infra
1725 3230 1756 3254 c.
1781 3220 1843 3254 40:
1868 3231 2007 3255 cum--

1143 3271 1334 3304 distrahere.
1365 3271 1398 3311 3,
1422 3271 1483 3304 26:
1504 3274 1684 3312 postquam
1705 3270 1786 3303 exui
1805 3273 2004 3312 aequalitas.

1143 3319 1181 3361 4,
1206 3321 1264 3354 50:
1296 3329 1372 3354 eum
1393 3320 1536 3354 Sabinus
1557 3319 1742 3352 circumire.
1779 3320 1818 3361 6,
1843 3319 1902 3355 44:
1931 3331 2007 3355 cum

1145 3370 1520 3404 Tiridaten-distrahi.
1547 3369 1600 3409 ⁴2,
1618 3370 1677 3402 54:
1703 3368 1759 3402 ubi
1773 3371 2006 3412 quatiutems.

1143 3420 1230 3455 Hist.
1269 3420 1306 3462 3,
1331 3421 1392 3454 lo:
1423 3419 1480 3453 ubi
1500 3418 1690 3453 crudescere
1709 3419 1834 3454 seditio.
1873 3420 1913 3463 3,
1943 3422 2001 3455 34;
