2254 3770
301 278 384 320 588
717 276 1090 322 MONUMENTUM
1120 277 1440 324 ANCYRANUM
1469 279 1669 324 LATINE.

252 403 290 433 50
301 383 364 428 Ad
395 398 463 428 me
494 398 547 428 ex
577 383 697 427 India
724 397 868 441 requm
898 383 1117 441 leqationes
1144 398 1266 442 saepe
1293 385 1443 429 missae
1470 393 1567 430 sunt
1595 399 1809 444 nunquam
1837 394 1959 432 antea
1977 388 2088 433 visae

358 459 471 518 apud
507 474 762 518 quemquam
793 460 1074 503 Romanorum
1104 460 1342 518 principem.
1401 462 1595 505 Nostram
1628 463 1850 507 amicitiam
1885 464 2090 522 petierunt

358 549 437 593 per
476 535 635 592 legatos
672 537 896 580 Bastarnae
938 542 976 578 et
1013 535 1193 593 Scythae
1234 542 1275 579 et
1311 536 1605 580 Sarmatarum
1633 539 1690 582 cis
1722 539 1891 582 Tanaim
1917 539 2091 596 fluvium

358 611 618 670 Tanaimque
638 611 747 655 ultra
765 625 885 669 reges
903 610 1236 670 Albanorumque
1255 625 1331 656 rex
1346 617 1389 655 et
1408 612 1661 657 Hiberorum
1679 621 1717 657 et
1732 614 1949 659 Medorum
1962 629 2091 673 reyes.

302 915 366 960 Ad
395 929 464 959 me
494 915 712 973 supplices
742 914 1023 973 confugerunt
1051 927 1176 972 reges
1200 913 1452 959 Parthorum
1472 915 1673 960 Tiridates
1692 923 1730 960 et
1750 922 1892 974 postea
1911 917 2093 971 Phrates,

1074 1088 1205 1149 TAB.
1241 1089 1320 1150 VI.

358 1205 472 1262 regis
502 1204 665 1248 Phratis
693 1203 823 1261 silius,
856 1204 1077 1248 Medorum
1107 1204 1372 1258 Artavasdes,
1402 1205 1510 1262 reqis
1540 1204 1835 1248 Ariobarzanis
1862 1205 1991 1262 filius,

357 1370 479 1413 reqes
509 1356 805 1399 Britannorum
834 1357 1002 1399 Dumno
1034 1354 1336 1413 Bellaunusque
1367 1362 1409 1399 et
1439 1355 1528 1398 Tim
1557 1380 1578 1387 -
1596 1381 1617 1387 -
1636 1380 1656 1387 -
1687 1354 1945 1399 Cimbrorum

359 1506 514 1558 Maelo,
548 1507 913 1550 Marcomanorum
944 1507 1088 1551 Suebo
1119 1507 1137 1549 f
1221 1532 1242 1539 -
1297 1531 1318 1538 -
1374 1531 1393 1537 -
1451 1505 1516 1548 Ad
1543 1520 1607 1548 me
1637 1520 1715 1549 rece
1744 1505 1996 1550 Parthorum

357 1583 546 1634 Phrates,
579 1582 737 1626 Orodis
768 1582 890 1634 filius,
922 1582 1032 1626 filios
1064 1596 1165 1626 suos
1196 1589 1446 1640 nepotesque
1471 1582 1602 1624 omnis
1622 1582 1732 1624 misit
1750 1582 1791 1623 in
1813 1580 1986 1633 Italiam,
2009 1595 2095 1626 non

271 1672 290 1701 5
359 1658 472 1702 bello
502 1665 742 1716 superatus,
775 1658 852 1701 sed
883 1658 1112 1702 amicitiam
1137 1663 1327 1702 nostram
1356 1671 1434 1715 per
1464 1657 1684 1700 liberorum
1711 1671 1889 1701 suorum
1919 1658 2097 1715 pignora

359 1741 531 1792 petens;
552 1734 850 1792 plurimaeque
878 1733 986 1778 aliae
1008 1740 1156 1792 gentes
1177 1740 1378 1791 expertae
1396 1740 1492 1776 sunt
1505 1732 1652 1790 populi
1670 1734 1718 1776 R.
1741 1732 1870 1776 fidem
1890 1747 1958 1776 me
1980 1733 2096 1791 prin-

359 1811 473 1868 cipe,
505 1809 662 1868 quibus
693 1816 816 1853 antea
847 1824 943 1853 cum
975 1809 1134 1867 populo
1166 1811 1355 1854 Romano
1384 1809 1544 1852 nullum
1571 1808 1710 1866 fuerat
1739 1808 2000 1866 legationum

360 1894 403 1930 et
431 1886 642 1930 amicitiae
673 1886 990 1930 commercium.

304 2191 336 2233 A
355 2203 422 2233 me
438 2195 586 2247 gentes
602 2188 853 2232 Parthorum
871 2195 913 2232 et
930 2188 1152 2232 Medorum
1167 2202 1280 2246 reqes
1294 2188 1498 2245 petierunt
1506 2202 1582 2245 per
1596 2186 1810 2248 principes
1827 2200 1974 2230 earum
1993 2201 2098 2244 gen-

254 2284 291 2314 io
359 2266 464 2309 tium
484 2278 696 2323 regesque
713 2278 793 2322 per
815 2278 891 2308 eos
913 2270 1189 2322 acceperunt,
1223 2263 1365 2307 Parthi
1391 2264 1607 2316 Vononem,
1640 2263 1747 2320 reqis
1766 2262 1929 2306 Phratis
1949 2261 2095 2313 filium,

359 2341 474 2398 regis
505 2340 662 2385 Orodis
693 2347 910 2398 nepotem,
944 2339 1053 2382 Medi
1085 2339 1431 2393 Ariobarzanem,
1462 2339 1575 2396 regis
1605 2337 1847 2382 Artavasdis
1878 2336 1928 2380 fi-

359 2417 482 2468 lium,
514 2416 628 2474 regis
657 2415 956 2460 Ariobarzanis
986 2421 1190 2473 nepotem.

304 2570 351 2612 In
381 2567 601 2613 consulatu
634 2573 753 2611 sexto
785 2574 826 2626 et
855 2566 1054 2624 septimo,
1081 2573 1305 2624 postquam
1334 2565 1439 2608 bella
1469 2565 1599 2608 civilia
1630 2564 1933 2615 exstinxeram,

361 2658 440 2702 per
469 2657 730 2688 consensum
758 2643 1056 2686 universorum
1087 2642 1233 2685 civium
1261 2642 1361 2685 mihi
1395 2641 1594 2684 traditam
1624 2638 1931 2697 rempublicam

257 2738 293 2767 ⁴5
363 2733 416 2763 ex
444 2733 542 2763 mea
570 2726 779 2776 potestate
811 2718 853 2761 in
884 2724 1057 2761 senatus
1078 2717 1303 2776 populique
1331 2717 1509 2760 Romani
1537 2716 1761 2759 arbitrium
1792 2713 2002 2765 transtuli,

363 2809 450 2853 quo
478 2808 557 2852 pro
587 2794 737 2838 merito
759 2808 856 2838 meo
877 2800 1050 2837 senatus
1069 2793 1251 2836 consulto
1271 2794 1482 2850 Auqustus
1501 2791 1733 2850 appellatus
1751 2805 1859 2841 sum,
1881 2796 1924 2833 et
1942 2788 2100 2833 laureis

362 2876 508 2929 postes
539 2870 712 2914 aedium
743 2884 936 2913 mearum
963 2870 1122 2912 vinctae
1151 2876 1247 2912 sunt
1269 2868 1438 2926 publice
1467 2880 1670 2926 superque
1699 2880 1769 2910 eas
1799 2865 1856 2909 ad

362 2947 532 2990 ianuam
562 2959 703 2989 meam
734 2959 792 2988 ecc
821 2959 983 3003 querna
1011 2944 1158 3002 fronde
1188 2959 1339 2988 corona
1368 2944 1493 2987 civica
1523 2943 1665 3001 posita
1694 2942 1743 2985 ob
1771 2948 1955 2985 servatos

363 3022 478 3072 civis,
511 3022 662 3079 quique
692 3027 802 3064 esset
835 3035 910 3078 per
936 3021 1237 3079 inscriptionem
1268 3020 1384 3063 testis
1412 3033 1527 3062 meae
1556 3018 1742 3068 virtutis,
1775 3016 1862 3061 cle-

257 3114 294 3144 20
362 3098 556 3150 mentiae,
591 3097 788 3149 iustitiae,
821 3097 986 3154 pietatis
1024 3103 1089 3140 est
1117 3096 1276 3154 positus
1307 3095 1483 3153 clupeus
1512 3107 1664 3137 aureus
1691 3094 1734 3135 in
1762 3092 1879 3135 curia
1906 3106 1934 3135 a

394 3269 448 3302 50.
473 3268 523 3301 Aa
544 3276 596 3300 me
618 3276 663 3300 ex
684 3267 781 3299 India
804 3265 884 3308 cet]
910 3267 1095 3299 Suetonius
1118 3267 1205 3308 Aug.
1223 3266 1260 3298 2⁴
1278 3275 1285 3297 :
1308 3264 1443 3298 virtutis
1463 3263 1763 3304 moderationisque
1781 3262 1876 3303 fama
1889 3259 2101 3294 Inanimum

307 3335 348 3358 ac
371 3325 526 3366 Scythas,
551 3325 669 3357 auditu
691 3325 788 3357 modo
809 3324 973 3366 cognitos,
992 3324 1132 3364 pellexit
1153 3323 1198 3356 ad
1221 3323 1406 3356 amicitiam
1427 3330 1524 3354 suam
1542 3321 1722 3362 populique
1744 3320 1782 3353 R.
1799 3319 1888 3352 ultro
1899 3326 1962 3359 per
1975 3316 2102 3359 leam

303 3382 490 3424 petendam.
517 3380 567 3414 Cf.
593 3380 657 3414 Dio
680 3379 734 3420 54,
760 3380 792 3413 9.
822 3398 858 3404 —
889 3378 944 3412 54.
971 3380 1132 3412 Tiridates
1154 3382 1185 3412 et
1201 3382 1319 3420 postea
1339 3377 1484 3419 Phr-ates]
1510 3376 1561 3410 Cf.
1587 3377 1652 3410 Dio
1674 3376 1730 3417 5⁴,
1755 3374 1809 3408 ⁴8.
1833 3373 1887 3413 53,
1912 3373 1966 3406 33.
1991 3372 2100 3406 Taciti

308 3439 398 3472 Anu.
424 3438 456 3477 6,
483 3437 519 3470 34
548 3445 602 3479 sq.
