2254 3770
234 259 316 305 456

681 262 727 306 Ρ.
759 258 1010 306 CORNELII
1039 257 1211 303 TACITI
1239 255 1508 302 ANNALIUM

232 368 392 412 litteras
422 368 576 413 Tiberii
608 374 649 413 et
676 366 875 411 mandata
899 366 947 410 ‘in
979 364 1277 410 Germanicum
1307 362 1534 415 contineri,
1567 375 1619 408 ac
1639 362 1894 408 destinatum
1916 375 2016 421 pro-

231 458 351 489 mere
389 451 490 503 aput
525 450 667 503 patres
705 442 1030 501 principemque
1070 453 1271 498 arguere,
1314 439 1357 483 ni
1387 438 1534 484 elusus
1564 452 1588 482 a
1618 438 1772 483 Seiano
1801 452 1879 497 per
1907 452 2016 483 vana

231 521 444 578 promissa
474 520 602 573 foret3
642 533 723 563 nec
752 517 871 561 illum
900 523 1050 576 sponte
1082 517 1328 566 extinctum,
1359 528 1512 559 verum
1541 514 1717 560 inmisso
1746 527 2017 574 percussore.

232 610 417 654 quorum
447 601 644 639 neutrum
672 593 1038 638 adseveraverim:
1069 605 1212 650 neque
1243 597 1385 635 tamen
1415 589 1614 637 occulere
1644 590 1773 635 debui
1804 596 2019 650 narratum

201 671 285 716 aab
315 672 368 715 iis
398 671 471 729 qui
502 677 689 715 nostram
719 669 773 713 ad
805 669 1017 714 iuventam
1049 668 1322 712 duraverunt.

345 747 503 791 Caesar
531 745 643 790 flexo
674 745 717 789 in
746 745 1003 790 maestitiam
1033 757 1125 796 ore,
1159 757 1282 787 suam
1307 741 1510 786 invidiam
1530 741 1602 786 tali
1622 748 1759 787 morte
1780 742 2020 801 quaesitam

231 829 332 881 aput
361 828 555 866 senatum
586 821 610 847 *
628 821 653 847 *
685 821 935 879 crebrisque
967 818 1368 876 interrogationibus
1390 818 1574 876 exquirit
1593 817 1762 877 qualem
1783 819 1882 863 Piso
1904 818 2019 863 diem

231 912 478 955 supremum
507 902 763 955 noctemque
795 897 1020 954 exegisset.
1070 901 1197 953 atque
1218 893 1289 938 illo
1309 893 1516 952 pleraque
1538 894 1772 952 sapienter,
1805 894 2020 953 quaedam

229 972 507 1018 inconsultius
538 972 826 1031 respondente
856 971 1006 1016 recitat
1034 970 1254 1015 codicillos
1274 984 1300 1014 a
1318 970 1474 1014 Pisone
1496 969 1537 1013 in
1558 969 1670 1014 hunc
1690 970 1824 1014 ferme
1844 970 2019 1014 modum

181 1049 510 1107 incompositos:
547 1048 884 1107 «conspiratione
914 1047 1184 1091 inimicorum
1206 1052 1249 1090 et
1269 1045 1428 1090 invidia
1446 1044 1538 1090 falsi
1560 1045 1747 1090 criminis
1769 1059 2017 1104 oppressus,

230 1131 442 1183 quatenus
473 1125 636 1169 veritati
668 1131 710 1168 et
740 1123 1008 1167 innocentiae
1040 1135 1160 1166 meae
1191 1135 1402 1180 nusquam
1432 1120 1554 1166 locus
1584 1128 1670 1174 est,
1709 1121 1817 1166 deos
1846 1121 2020 1166 immor-

230 1200 337 1244 tales
378 1206 512 1244 testor
549 1200 707 1244 vixisse
743 1213 832 1251 me,
873 1200 1054 1252 Caesar,
1096 1211 1191 1242 cum
1230 1196 1316 1241 fide
1356 1196 1586 1241 adversum
1622 1203 1664 1241 te
1693 1210 1837 1255 neque
1866 1196 1950 1241 alia
1977 1199 2020 1242 in

229 1282 409 1320 matrem
437 1282 554 1320 tuam
581 1276 762 1334 pietate;
792 1288 958 1333 vosque
985 1288 1079 1324 oro,
1113 1273 1258 1317 liberis
1283 1273 1391 1317 meis
1412 1271 1657 1324 consulatis,
1692 1286 1746 1316 ex
1764 1272 1922 1331 quibus
1944 1273 2019 1317 Cn.

229 1353 327 1397 Piso
366 1351 670 1410 qualicumque
714 1351 908 1395 fortunae
944 1363 1067 1394 meae
1113 1363 1200 1393 non
1246 1355 1312 1393 est
1351 1348 1592 1400 adiunctus,
1639 1362 1737 1392 cum
1772 1362 1900 1392 omne
1941 1348 2022 1393 hoc

180 1438 217 1469 is
230 1435 399 1486 tempus
436 1428 478 1471 in
516 1427 624 1471 urbe
655 1427 807 1485 egerit,
847 1427 899 1469 M.
932 1426 1031 1470 Piso
1061 1430 1260 1483 repetere
1292 1424 1462 1484 Syriam
1493 1424 1739 1468 dehortatus
1769 1429 1847 1468 est.
1894 1430 2022 1483 atque

230 1504 391 1548 utinam
419 1517 499 1561 ego
529 1504 670 1562 potius
700 1502 786 1547 filio
817 1502 959 1546 iuveni
991 1515 1119 1560 quam
1159 1499 1230 1544 ille
1263 1500 1372 1558 patri
1402 1500 1494 1544 seni
1526 1500 1740 1544 cessisset.
1787 1514 1840 1544 eo
1871 1500 2022 1559 inpen-

231 1580 320 1624 sius
365 1593 518 1637 precor
562 1594 615 1623 ne
656 1592 779 1624 meae
820 1577 1038 1637 pravitatis
1077 1589 1240 1635 poenas
1271 1576 1469 1620 innoxius
1501 1574 1600 1620 luat.
1646 1589 1726 1634 per
1755 1575 1950 1635 quinque
1980 1582 2022 1620 et

230 1655 511 1714 quadraginta
546 1669 753 1699 annorum
792 1655 1066 1713 obsequium,
1114 1667 1193 1711 per
1228 1651 1454 1710 collegium
1493 1650 1756 1702 consulatus,
1804 1651 2021 1710 quondam

231 1731 330 1775 divo
360 1733 572 1789 Augusto,
614 1731 779 1789 parenti
811 1737 905 1781 tuo,
946 1728 1150 1788 probatus
1181 1734 1223 1773 et
1253 1728 1328 1772 tibi
1359 1727 1522 1772 amicus
1551 1740 1632 1771 nec
1662 1727 1893 1786 quicquam
1925 1734 2023 1786 post

180 1817 218 1849 20
231 1807 337 1852 haec
376 1814 601 1864 rogaturus
639 1805 820 1850 salutem
856 1805 1033 1849 infelicis
1072 1804 1145 1847 filii
1183 1817 1326 1861 rogo.»
1380 1802 1435 1847 de
1469 1802 1668 1847 Plancina
1706 1803 1807 1847 nibil
1845 1803 2022 1848 addidit.

233 1883 314 1940 (47)
345 1889 443 1941 post
472 1897 584 1941 quae
610 1882 803 1926 Tiberius
834 1880 1155 1925 adulescentem
1185 1879 1360 1924 crimine
1382 1878 1517 1923 civilis
1539 1877 1637 1923 belli
1658 1879 1855 1937 purgavit
1877 1880 2023 1938 (patris

297 2019 328 2050 6.
359 2017 526 2049 maestitia
552 2025 644 2049 more
672 2017 705 2050 M
737 2032 772 2039 —
805 2016 837 2048 7.
862 2018 1012 2048 senatum
1027 2012 1277 2054 *sscrebrisquo
1305 2013 1543 2046 Boxhornius:
1579 2016 1729 2046 senatum
1754 2013 1943 2057 crebrisque
1966 2016 2020 2053 Μ;

230 2077 397 2114 senatum,
427 2075 546 2107 Marco
575 2074 688 2106 Pisone
710 2082 843 2112 coram,
869 2072 1039 2114 queritur,
1072 2071 1259 2111 crebrisque
1286 2071 1462 2109 Ritterus;
1494 2073 1645 2103 senatum
1670 2074 1864 2111 conquestus
1884 2072 1933 2104 M.
1955 2072 2015 2104 Pi—

230 2140 342 2163 sonem
362 2131 479 2163 vocari
500 2130 587 2162 iubet
609 2130 645 2162 in
666 2133 818 2162 senatum
838 2128 1024 2170 crebrisque
1038 2127 1308 2162 Weissenborn.
1328 2145 1364 2150 —
1390 2127 1423 2160 8.
1447 2127 1514 2169 illo]
1537 2127 1607 2169 filio
1630 2127 1794 2168 Ryckius.
1815 2145 1850 2151 -
1872 2127 1926 2161 43.
1946 2128 2022 2170 Cn]

232 2188 267 2221 C.
291 2188 335 2220 N.
360 2188 394 2221 M
420 2205 454 2210 ——
481 2186 533 2219 ⁴9.
560 2187 638 2219 diuo
661 2195 753 2219 corr.
778 2187 829 2219 M:
855 2186 919 2218 duo
942 2194 996 2227 pr.
1022 2186 1056 2219 M
1084 2204 1114 2209 -
1143 2185 1267 2218 amicos
1288 2193 1343 2227 pr.
1368 2184 1412 2218 M.

232 2303 299 2339 τὸν
327 2302 605 2352 κατεχρήσατο.
647 2304 754 2338 Addit
784 2305 921 2345 tamen,
959 2313 1050 2346 quae
1080 2313 1100 2336 a

232 2358 348 2390 Tacito
373 2366 444 2389 non
467 2358 728 2389 memorantur:
752 2356 816 2388 καὶ
840 2351 1024 2402 ἀφορμάς
1046 2365 1100 2388 τι-

232 2418 300 2448 νας
323 2405 455 2448 φόνων
479 2403 501 2439 ὁ
526 2405 699 2453 Τιβέριος
720 2399 833 2446 ἔσχε·
857 2404 920 2438 διὰ
942 2402 1015 2451 γὰρ
1033 2402 1101 2438 τὸν

233 2456 300 2491 τοῦ
336 2456 571 2502 Γερμανικοῦ
602 2455 772 2489 θάνατον
804 2455 937 2489 πολλοὶ
961 2452 1012 2497 ὥς
1034 2456 1100 2488 καὶ

233 2508 466 2551 ἑφησθέντες
488 2502 590 2551 αὐτῷ
615 2503 827 2541 ἀπώλοντο.

278 2559 330 2591 46.
354 2559 518 2590 mandata
539 2558 574 2589 in
598 2557 841 2599 Germanicum]
879 2556 929 2589 Cf.
955 2558 1099 2590 Sueton.

233 2608 306 2641 Tib.
332 2609 392 2647 52,
420 2609 479 2649 qui
502 2607 600 2640 locus
624 2610 742 2639 tamen
766 2609 819 2640 est
842 2608 1040 2648 corruptus.
1063 2623 1098 2629 —

233 2661 315 2700 aput
335 2661 485 2690 senatum
507 2657 560 2679 *³¹⁶
584 2656 780 2699 crebrisque]
815 2657 862 2689 Ex
893 2658 1010 2689 nostra
1034 2655 1102 2689 loci

232 2709 452 2741 restitutione
477 2709 640 2750 apparet,
668 2708 745 2748 quis
769 2706 824 2739 ille
845 2707 908 2746 sit,
933 2707 1027 2739 unde
1044 2716 1103 2739 ex-

234 2759 340 2801 quirit
371 2757 547 2797 Tiberius,
586 2756 727 2799 qualem
751 2749 828 2790 Piso
857 2756 951 2789 diem
975 2765 1102 2798 supre-

233 2818 333 2842 mum
361 2810 573 2849 noctemque
606 2808 798 2849 exegisset,
831 2808 995 2849 apparet,
1030 2816 1100 2848 quo

232 2860 405 2892 reseratur
426 2867 623 2901 pronomen
646 2859 721 2898 illo,
747 2858 878 2899 quique
896 2858 1028 2890 Pisonis
1044 2857 1101 2889 lit-

233 2911 327 2942 teras
356 2909 504 2951 principi
535 2907 696 2941 attulerit.
741 2908 841 2947 Quod
864 2908 998 2940 iuvenis
1022 2908 1099 2940 Piso

232 2959 402 3003 pleraque
431 2959 625 3000 sapienter,
663 2958 841 2999 quaedam
871 2956 1100 2990 inconsultius

233 3009 461 3051 interroganti
476 3009 614 3042 Tiberio
632 3008 857 3050 respondisse
875 3008 1012 3048 dicitur,
1033 3007 1102 3050 pri-

234 3068 295 3092 ora
319 3060 496 3102 pertinent
510 3058 555 3091 ad
573 3067 626 3097 ea,
654 3066 745 3099 quae
763 3058 853 3091 filius
877 3067 895 3090 a
915 3059 1014 3100 patre
1033 3057 1101 3090 ho-

234 3120 319 3143 nora
337 3111 380 3143 de
399 3110 536 3143 Tiberio
551 3108 698 3152 prolata,
721 3107 828 3141 altera
846 3109 891 3141 ad
908 3108 963 3141 illa
976 3135 983 3149 ,
1009 3117 1100 3150 quae

235 3161 279 3194 ab
304 3161 432 3193 eodem
457 3169 539 3193 cum
556 3159 671 3202 aliqua
688 3159 849 3192 eiusdem
873 3159 1100 3192 insectatione

235 3214 270 3244 et
302 3212 431 3244 invidia
465 3211 686 3254 pronuntiata
720 3210 839 3242 refert.
877 3211 918 3243 Et
946 3211 1102 3243 Marcum

236 3261 379 3303 quidem
418 3263 579 3295 Pisonem
619 3263 702 3293 tunc
739 3260 774 3292 in
812 3261 938 3292 senatu
974 3259 1099 3300 fuisse,

235 3311 345 3352 liquet
368 3321 409 3344 ex
434 3320 463 3344 c.
491 3312 543 3344 47.
569 3312 703 3344 Rirrmi.
735 3327 766 3333 —
794 3309 904 3341 liberis
924 3310 1006 3341 meis
1028 3318 1103 3341 con-

235 3361 362 3403 sulatis]
393 3362 478 3394 Eam
506 3370 615 3394 unam
639 3368 783 3393 causam
808 3359 914 3392 fuisse
939 3360 1022 3401 puto
1047 3359 1103 3391 Pi-

237 3411 332 3451 soni,
358 3419 421 3444 cur
444 3420 487 3444 ne
512 3411 667 3445 moriens
684 3409 827 3453 quidem
843 3407 959 3442 scelus
976 3408 1104 3442 Tiberii

1152 2304 1335 2345 detexerit,
1354 2303 1450 2346 quod
1463 2304 1638 2336 metueret
1653 2302 1773 2337 liberis
1786 2304 1870 2336 suis.
1889 2304 2019 2337 Mum-3⁹1¹.

1156 2374 1190 2379 —-
1209 2363 1274 2395 per
1295 2355 1468 2396 collegium
1482 2354 1684 2396 consulatus]
1710 2352 1840 2387 Consul
1861 2353 1924 2386 fuit
1939 2363 2022 2387 cum

1151 2405 1290 2438 Tiberio
1314 2414 1345 2438 a.
1371 2404 1445 2438 747.
1473 2422 1508 2427 —
1536 2405 1574 2437 de
1595 2405 1757 2440 Plancina
1779 2405 1862 2438 nihil
1883 2405 2023 2447 addidit]

1152 2465 1268 2497 neque
1293 2464 1364 2497 quo
1389 2464 1469 2487 eam
1485 2454 1706 2495 sublevaret,
1733 2464 1838 2497 quam
1854 2455 1925 2488 iam
1941 2455 2025 2488 ode-

1151 2509 1206 2538 rat
1235 2507 1274 2538 ut
1303 2503 1495 2548 perfidam,
1527 2514 1617 2547 quae
1650 2504 1892 2538 in‘communi
1916 2514 2022 2538 causa

1153 2556 1398 2589 defensionem
1423 2555 1619 2595 divisisset;
1646 2564 1762 2597 neque
1777 2557 1815 2588 ut
1830 2557 2022 2598 premeret,

1153 2615 1233 2639 cum
1257 2606 1362 2639 sciret
1386 2605 1514 2638 frustra
1539 2605 1633 2646 fore,
1661 2605 1831 2647 quidquid
1854 2605 2025 2638 adversus

1153 2665 1232 2689 eam
1267 2656 1461 2696 diceretur,
1497 2656 1532 2688 in
1567 2656 1661 2688 tauta
1691 2656 1801 2697 gratia
1832 2656 2021 2697 Augustae.

1151 2708 1280 2740 Meam.

1196 2758 1247 2790 47.
1274 2755 1522 2798 adulescentem]
1539 2757 1696 2790 Marcum
1712 2755 1888 2789 Pisonem.
1911 2773 1947 2779 —
1966 2764 2024 2788 nec

1146 2806 1299 2848 potuisse]
1318 2815 1362 2838 ne
1379 2808 1534 2848 potuisse
1548 2806 1708 2847 quidem.
1728 2804 1778 2838 Cf.
1796 2805 1935 2845 282.—
1949 2814 2026 2838 cum

1144 2859 1273 2899 pudore
1295 2860 1325 2889 et
1346 2857 1487 2899 flagitio]
1516 2857 1663 2897 pudore,
1694 2864 1801 2897 quem
1824 2856 1901 2897 ipse
1928 2856 2024 2889 vocis

1151 2909 1244 2941 flexu
1260 2907 1453 2949 prodebat,
1477 2908 1608 2949 slaqitio
1625 2906 1718 2949 apud
1743 2907 1938 2946 senatores,
1964 2907 2024 2948 qui

1150 2960 1241 2992 hanc
1257 2957 1442 2991 Plancinae
1456 2957 1697 2990 defensionem
1711 2958 1749 2989 ut
1764 2957 1923 2999 principe
1937 2957 2024 2989 indi-

1151 3019 1257 3052 gnam
1273 3008 1549 3042 detestabantur.
1577 3008 1662 3041 Hist.
1678 3007 1710 3048 4,
1726 3008 1785 3041 62:
1811 3017 1887 3040 cum
1903 3007 2024 3041 rubore

1151 3064 1181 3093 et
1203 3060 1358 3101 infamia.
1374 3077 1410 3082 -
1428 3059 1514 3100 leges
1529 3058 1706 3099 obtineant]
1730 3059 1769 3090 ut
1781 3057 2023 3091 interfectores

1152 3118 1320 3152 supremo
1344 3108 1516 3152 supplicio
1533 3108 1740 3141 afficiantur.
1764 3126 1797 3132 —
1818 3108 2023 3150 proinde--

1152 3161 1306 3203 verteret]
1331 3159 1434 3203 Apud
1449 3160 1608 3192 Tacitum
1632 3159 1723 3192 iuter
1739 3158 1869 3192 formas
1884 3159 2024 3199 proinde
2080 3194 2092 3199 ,

1154 3212 1188 3244 et
1206 3211 1344 3252 perinde
1360 3210 1428 3243 hoc
1444 3209 1579 3242 obtinet
1597 3209 1804 3248 discrimen,
1828 3209 1867 3240 ut
1882 3209 2023 3249 perinde

1154 3260 1361 3303 simpliciter
1389 3261 1542 3302 ponatur
1563 3259 1597 3292 in
1620 3267 1742 3292 rerum
1765 3256 1963 3300 aequalium
1987 3260 2022 3292 et

1153 3309 1319 3343 similium
1349 3309 1632 3352 comparatione,
1660 3307 1801 3349 proinde
1826 3315 1908 3339 cum
1932 3315 2021 3349 qua-

1153 3360 1237 3392 dam
1260 3359 1518 3392 consecutionis
1540 3359 1712 3401 potestat-e
1738 3357 1798 3396 ita,
1829 3357 1868 3389 ut
1890 3365 2018 3390 causae

1152 3409 1208 3444 vel
1231 3409 1374 3443 rationis
1397 3417 1508 3443 nexus
1531 3407 1654 3451 aliquis
1677 3408 1857 3451 appareat.
1897 3408 2019 3450 Itaque
