2254 3770
703 275 857 321 LIBER
885 276 955 321 III.
1001 275 1101 334 Cap.
1132 276 1199 320 67.
1230 277 1299 323 68.
1327 278 1395 321 69.
1425 277 1494 322 70.
1926 277 2009 324 497

222 381 375 426 delicta
402 381 562 440 puniri:
598 387 758 440 quanto
786 381 877 425 fore
906 381 1049 426 mitius
1079 381 1121 425 in
1151 382 1287 440 ipsos,
1327 383 1480 428 melius
1510 383 1553 427 in
1583 384 1746 436 socios,
1788 384 2008 443 provideri

221 471 276 502 ne
303 456 585 516 peccaretur?
614 456 842 501 adversum
870 471 982 515 quae
1004 456 1206 501 disseruit
1227 457 1405 502 Caesar:
1436 473 1521 503 non
1542 459 1718 518 quidem
1748 459 1830 503 sibi
1860 460 2007 518 ignara

221 545 333 590 quae
362 531 417 575 de
448 531 590 576 Silano
620 531 912 590 vulgabantur,
945 532 1022 576 sed
1053 546 1139 576 non
1168 546 1222 576 ex
1250 548 1423 578 rumore
1454 534 1738 579 statuendum.
1777 534 1933 579 multos
1963 535 2006 579 in

219 607 448 665 provinciis
487 614 633 651 contra
670 621 800 666 quam
837 621 938 665 spes
973 613 1046 651 aut
1081 613 1221 651 metus
1258 607 1312 651 de
1352 608 1432 652 illis
1467 609 1594 653 fuerit
1630 610 1784 668 egisse.
1830 609 2005 655 excitari

219 682 431 740 quosdam
460 681 512 726 ad
542 682 721 725 meliora
748 682 1038 739 magnitudine
1068 696 1230 734 rerum,
1269 682 1506 728 hebescere
1538 684 1657 729 alios.
1701 698 1845 743 neque
1874 696 2037 743 posses

218 757 453 816 principem
492 771 569 801 sua
604 758 782 802 scientia
810 763 961 801 cuncta
991 757 1232 816 complecti,
1274 772 1416 817 neque
1448 759 1651 817 expedire
1690 765 1737 803 ut
1774 759 2004 805 ambitione

219 833 355 877 aliena
384 832 585 877 trahatur.
621 833 719 877 ideo
750 834 868 891 leges
899 833 940 875 in
971 833 1079 877 faeta
1100 833 1309 886 constitui,
1342 834 1443 892 quia
1472 834 1612 878 futura
1645 835 1687 878 in
1718 836 1881 879 incerto
1907 836 2003 879 sint.

218 911 281 953 sic
309 923 334 952 a
364 908 598 952 maioribus
630 909 863 952 institutum
894 915 955 959 ut,
995 908 1031 952 si
1066 908 1271 952 antissent
1300 908 1472 961 delicta,
1509 924 1676 967 poenae
1707 916 2003 969 sequerentur.

218 998 271 1029 ne
309 990 522 1028 verterent
562 985 777 1042 sapienter
814 990 985 1042 reperta
1014 972 1057 1028 et
1086 997 1259 1042 semper
1287 983 1453 1042 placita.
1499 985 1601 1028 satis
1631 999 1811 1030 onerum
1846 985 2005 1044 princi-

217 1060 364 1118 pibus,
404 1060 506 1103 satis
536 1060 662 1103 etiam
691 1060 919 1118 potentiae.
967 1059 1099 1102 minui
1130 1060 1234 1110 iura,
1267 1059 1466 1117 quotiens
1496 1059 1645 1117 gliscat
1673 1067 1883 1119 potestas,
1924 1073 2056 1106 necto

214 1135 422 1179 utendum
451 1135 648 1193 imperio,
683 1135 757 1178 ubi
787 1135 954 1192 legibus
984 1134 1051 1192 agi
1081 1134 1228 1192 possit.
1274 1141 1433 1193 quanto
1471 1135 1609 1179 rarior
1648 1142 1750 1193 aput
1788 1135 2004 1181 Tiberium

215 1210 495 1269 popularitas,
538 1217 654 1254 tanto
683 1210 932 1254 laetioribus
962 1210 1113 1254 animis
1143 1217 1332 1268 accepta.
1377 1217 1506 1268 atque
1536 1209 1606 1254 ille
1634 1210 1825 1269 prudens
1854 1211 2004 1257 mode-

216 1286 348 1336 randi,
381 1286 416 1330 si
446 1286 621 1344 propria
649 1286 713 1330 ira
742 1300 827 1329 non
856 1285 1158 1343 impelleretur,
1191 1285 1354 1329 addidit
1377 1285 1560 1330 insulam
1581 1286 1769 1346 Gyarum
1799 1287 2003 1332 immitem

215 1370 258 1408 et
295 1363 388 1406 sine
426 1361 540 1406 cultu
578 1361 797 1405 hominum
834 1375 950 1405 esse:
993 1361 1144 1405 darent
1180 1361 1326 1405 Iuniae
1366 1361 1548 1406 familiae
1585 1369 1627 1406 et
1662 1363 1755 1406 viro
1785 1363 2003 1421 quondam

217 1438 377 1483 ordinis
407 1436 602 1482 eiusdem
632 1445 678 1480 ut
706 1438 919 1496 Cythnum
948 1437 1090 1495 potius
1121 1437 1390 1481 concederet.
1434 1438 1477 1482 id
1507 1452 1704 1482 sororem
1731 1452 1906 1497 quoque
1936 1439 2053 1484 Si-us

213 1514 297 1558 lani
327 1515 598 1573 Torquatam,
637 1513 806 1571 priscae
837 1512 1141 1557 sanctimoniae
1170 1513 1399 1570 virginem,
1432 1520 1647 1572 expetere.
1692 1514 1735 1557 in
1764 1514 1874 1559 hanc
1903 1528 2003 1559 sen-

213 1589 387 1633 tentiam
407 1589 515 1633 facta
536 1588 757 1633 discessio.
802 1588 883 1645 (70)
905 1594 1003 1646 post
1022 1588 1153 1632 auditi
1175 1588 1458 1647 Cyrenenses,
1483 1595 1525 1633 et
1543 1596 1772 1634 accusante
1791 1589 2001 1635 Anchario

214 1666 360 1711 Prisco
401 1663 578 1709 Caesius
620 1664 787 1709 Cordus
831 1663 1167 1721 repetundarum
1205 1663 1441 1709 damnatur.
1489 1666 1533 1708 L.
1572 1666 1770 1716 Ennium,
1813 1666 2002 1725 equitem

212 1743 466 1791 Romanum,
506 1739 738 1784 maiestatis
773 1739 1032 1797 postulatum
1062 1739 1179 1797 quod
1209 1739 1392 1798 effigiem
1420 1740 1626 1799 principis
1654 1741 1916 1799 promiscum
1945 1742 2001 1786 ad

215 1830 341 1865 usum
371 1815 532 1873 argenti
562 1815 771 1865 vertisset,
803 1815 936 1873 recipi
958 1815 1116 1859 Caesar
1145 1815 1254 1859 inter
1282 1829 1381 1860 reos
1403 1816 1544 1867 vetuit,
1576 1816 1717 1875 palam
1745 1823 2050 1875 aspernantem

213 1891 332 1935 Ateio
365 1891 569 1949 Capitone
599 1890 723 1948 quasi
753 1904 832 1947 per
859 1889 1112 1934 libertatem.
1147 1904 1232 1934 non
1252 1891 1365 1935 enim
1387 1890 1548 1935 debere
1569 1892 1676 1950 eripi
1702 1892 1894 1950 patribus
1914 1893 2000 1937 vim

214 1966 443 2017 statuendi,
485 1979 627 2025 neque
665 1972 827 2009 tantum
864 1964 1121 2010 maleficium
1150 1966 1323 2024 impune
1352 1965 1610 2010 habendum.
1657 1981 1761 2012 sane
1789 1967 1927 2012 lentus
1955 1969 2000 2012 in

276 2095 308 2127 5.
333 2092 504 2126 habescere
526 2093 559 2126 M
582 2110 622 2124 ,-
648 2092 680 2125 6.
706 2094 809 2125 cunta
830 2093 864 2126 M
890 2110 925 2116 --
953 2093 1005 2126 40.
1030 2093 1138 2126 minui
1159 2094 1240 2126 iura
1262 2092 1417 2135 Lipsius:
1441 2093 1616 2126 minutura
1637 2093 1671 2127 M
1696 2111 1733 2118 —
1767 2093 1820 2128 43.
1849 2095 1999 2136 impelle-

211 2154 329 2184 rentur
351 2151 384 2184 M
408 2168 445 2174 -
487 2151 539 2183 45.
564 2149 726 2190 Cythnum
748 2150 884 2192 Lipsius
906 2150 943 2183 in
966 2149 1209 2183 adnotatione:
1244 2150 1417 2190 cytherium
1438 2150 1489 2189 M;
1521 2150 1697 2190 Cytherum
1718 2159 1856 2192 margo3
1882 2151 2000 2192 Cythe-

211 2217 290 2240 ram
311 2205 517 2239 Beroaldus.
545 2225 582 2230 —
608 2206 660 2238 46.
680 2207 792 2246 prisce
814 2207 848 2239 M
869 2224 914 2230 —-
937 2206 990 2239 48.
1009 2206 1143 2248 prischo
1166 2207 1200 2240 M
1222 2223 1265 2231 ——
1292 2206 1564 2248 repedundarum
1586 2207 1620 2241 M
1645 2224 1680 2231 —
1711 2207 1871 2240 Lennium
1891 2208 1926 2242 M
1949 2208 1997 2250 (L.

212 2265 359 2298 Ennium
381 2263 514 2306 margo)
543 2281 578 2287 —
603 2263 658 2296 20.
682 2264 813 2297 caesari
835 2272 888 2305 pr.
913 2264 957 2297 M.

214 2364 325 2396 moria
358 2372 430 2396 non
460 2363 505 2396 sit
533 2362 656 2404 digna,
687 2363 728 2395 ut
757 2363 987 2404 ignominiose
1010 2365 1084 2396 tra-

215 2415 342 2446 ctetur.
377 2412 584 2446 Adulatione
615 2413 704 2446 haec
726 2412 959 2446 iactabantur.
995 2413 1083 2446 Vide

213 2465 351 2502 initium
387 2464 509 2506 capitis
543 2472 619 2505 seq.
666 2462 828 2496 Nonnulli
857 2473 876 2496 e
901 2473 989 2497 voce
1012 2465 1084 2496 alia

214 2514 310 2547 haud
329 2514 484 2547 absurde
501 2515 724 2556 suspicantur
740 2514 828 2547 duas
844 2513 959 2547 Silano
976 2514 1083 2547 fuisse

214 2567 366 2605 matres,
391 2573 514 2597 veram
539 2566 574 2596 et
597 2573 799 2597 novercam.
837 2565 1003 2597 Ceterum
1023 2573 1083 2597 so-

213 2614 274 2648 lita
299 2614 473 2647 eiusmodi
497 2613 674 2646 bonorum
697 2615 883 2656 separatio.
918 2613 970 2646 Cf.
995 2614 1083 2646 infra

215 2666 269 2705 43,
294 2664 372 2698 43.»
400 2682 434 2687 -
458 2664 538 2706 filio]
563 2665 695 2706 Appio,
729 2663 863 2697 consuli
887 2673 919 2696 a.
944 2673 979 2697 u.
1005 2664 1081 2705 784,

214 2716 254 2747 ut
275 2714 416 2746 videtur
437 2714 609 2746 Reinesio.

258 2764 311 2797 69.
338 2764 508 2797 Cornelius
523 2764 708 2804 Dolabella]
734 2763 784 2796 Cf.
804 2772 911 2806 supra
927 2772 958 2796 c.
977 2763 1030 2797 47.
1044 2782 1081 2788 -

214 2815 293 2846 dum
315 2814 538 2846 adulationem
561 2814 691 2855 lonyius
712 2813 871 2855 sequitur]
903 2814 1015 2855 Supra
1038 2813 1082 2846 de

215 2863 362 2896 eodem:
388 2863 570 2895 absurdam
585 2864 622 2895 in
638 2863 863 2895 adulationem
876 2872 1082 2905 proyressus.

218 2931 254 2938 -—
275 2914 311 2946 in
332 2914 431 2956 ipsos]
455 2913 590 2946 scilicet
608 2913 791 2955 praesides
806 2914 1080 2955 provinciarum.

219 2982 254 2988 —
270 2965 416 3004 prudens
437 2963 643 3005 moderandi]
669 2965 703 2996 in
721 2964 919 3005 mitigandis
943 2965 1083 3005 patrum

215 3013 387 3053 decretis,
425 3012 486 3045 ubi
509 3012 672 3045 adulandi
695 3022 801 3046 causa
825 3014 928 3046 nimis
952 3014 1083 3046 atrocia

216 3064 438 3096 censuerant.
462 3081 499 3086 —
518 3063 587 3094 sine
601 3063 693 3094 cultu
706 3061 884 3103 hominum]
904 3063 951 3094 Ex
969 3064 1084 3103 Gyaro

215 3112 347 3146 incolas
371 3112 453 3145 olim
477 3121 497 3144 a
521 3112 681 3145 muribus
705 3113 840 3154 fugatos
860 3121 939 3145 esse
955 3112 1084 3145 Plinius

215 3164 256 3196 N.
276 3163 316 3195 H.
342 3162 363 3195 8
387 3162 427 3203 §S
453 3161 515 3195 404
538 3164 574 3194 et
595 3163 659 3194 222
684 3171 727 3194 ex
745 3163 899 3194 Varrone
925 3163 960 3194 et
975 3163 1086 3194 Theo-

217 3213 362 3254 phrasto
396 3211 512 3244 tradit.
550 3229 585 3235 --
623 3211 802 3252 Cythnum]
837 3210 986 3244 insulam
1018 3211 1084 3244 sub

218 3261 361 3295 Euboea
387 3265 422 3295 et
446 3263 529 3295 Cea.
551 3279 586 3284 —
615 3262 836 3302 Torquatam,
858 3263 990 3301 priscae
1010 3270 1087 3294 san-

218 3313 392 3345 ctimoniae
413 3312 588 3354 virginem]
614 3311 664 3344 Cf.
691 3312 723 3351 2,
741 3311 794 3343 86.
820 3311 999 3352 Virginem
1016 3311 1086 3344 Ve—

220 3361 345 3395 stalem
376 3362 484 3396 fuisse
507 3363 719 3404 Torquatam
744 3363 885 3403 praeter
907 3362 996 3394 haec
1019 3362 1086 3394 Ta-

221 3411 279 3444 citi
293 3413 403 3447 verba
421 3413 552 3447 docent
567 3413 673 3446 etiam
693 3412 939 3455 inscriptiones
954 3411 1087 3454 aliquot

1133 2362 1229 2396 velut
1251 2363 1346 2406 apud
1370 2363 1557 2396 Gruterum
1579 2371 1614 2405 p.
1640 2363 1701 2404 25,
1726 2364 1786 2397 4οε
1822 2364 1939 2398 Iuniae
1961 2364 1998 2398 Ο.

1134 2414 1242 2446 Silani
1273 2414 1298 2455 f.
1337 2414 1524 2456 Torquatae
1554 2414 1718 2446 sacerdoti
1754 2414 1872 2446 Vestali
1904 2415 2003 2448 annis

1134 2464 1261 2497 LXIIII.
1297 2473 1333 2506 p.
1359 2464 1433 2504 340,
1460 2464 1498 2496 3:
1532 2464 1648 2496 Iuniae
1678 2463 1713 2497 C.
1738 2463 1847 2496 Silani
1867 2464 1892 2505 f.
1919 2464 2002 2496 Tor-

1134 2517 1255 2555 quatae
1277 2514 1424 2556 vir(gini)
1451 2514 1532 2546 Vest.
1559 2514 1741 2547 maximae.
1769 2532 1806 2538 -
1838 2514 2001 2557 discessio]

1134 2565 1221 2597 dicis
1245 2573 1351 2597 causa
1375 2564 1465 2597 facta
1488 2564 1581 2597 inter
1602 2564 1796 2598 sententias
1812 2565 1849 2597 L.
1867 2565 2002 2599 Pisonis

1134 2615 1170 2647 et
1203 2614 1341 2647 Tiberii.
1383 2614 1434 2647 Cf.
1472 2614 1511 2654 6,
1547 2614 1601 2646 ⁴2.
1638 2613 1698 2654 44,
1730 2613 1790 2647 49;
1826 2617 2003 2655 postquam

1136 2665 1362 2698 discessionem
1396 2664 1510 2696 consul
1539 2664 1756 2705 permiserat,
1796 2665 1935 2706 pedibus
1966 2666 2003 2699 in

1133 2715 1327 2747 sententiam
1349 2714 1419 2747 eius
1440 2714 1518 2746 iere.

1178 2765 1231 2796 70.
1258 2763 1471 2805 Cyrenenses]
1502 2764 1612 2805 Supra
1636 2772 1667 2796 c.
1692 2763 1734 2797 38
1758 2764 1894 2797 Cordus
1917 2773 2002 2806 pro-

1136 2813 1256 2847 consul
1290 2814 1415 2846 Cretae
1445 2813 1582 2846 dicitur.
1620 2813 1689 2846 Sed
1715 2815 1805 2847 teste
1830 2813 2001 2847 Strabone

1134 2865 1187 2904 47,
1215 2864 1247 2902 3,
1263 2864 1300 2895 24
1329 2872 1362 2905 p.
1381 2863 1443 2895 837
1468 2863 1607 2904 Cyrene
1630 2861 1700 2896 νῦν
1721 2863 1825 2897 ἐστὶν
1840 2863 2003 2910 ἐπαρχία

1134 2912 1180 2960 τῇ
1205 2911 1336 2960 Κρήτῃ
1361 2913 1648 2957 συνεζευγμένη.
1684 2914 1827 2947 Sueton.
1852 2915 2000 2956 vespas.

1134 2965 1174 2996 2:
1214 2965 1376 3004 Quaestor
1410 2963 1541 2995 Cretam
1568 2967 1599 2996 et
1621 2963 1767 3004 Cyrenas
1791 2964 2003 3005 provinciam

1133 3018 1219 3047 sorte
1241 3014 1335 3054 cepit.
1356 3030 1391 3037 -
1416 3015 1678 3054 repetundarum
1694 3014 1887 3056 damnatur]
1912 3015 2003 3049 Cum

1136 3072 1266 3096 nomen
1297 3063 1373 3096 eius
1404 3063 1474 3096 iam
1509 3065 1692 3106 superiore
1723 3073 1815 3097 anno
1846 3063 2003 3098 delatum

1137 3115 1254 3151 esset,
1286 3114 1432 3155 apparet
1466 3115 1710 3147 accusatorem
1741 3113 2004 3154 inquisitionem

1137 3165 1187 3205 (in
1215 3164 1415 3206 provincia)
1440 3173 1593 3197 annuam
1617 3165 1837 3207 impetrasse.
1871 3164 1921 3197 Cf.
1948 3164 2001 3207 43,

1137 3213 1191 3246 43.
1220 3231 1254 3237 -
1277 3215 1483 3255 promiscum
1505 3216 1549 3247 ad
1570 3223 1667 3247 usum
1690 3213 1832 3255 argenti]
1857 3213 2005 3248 Videtur

1137 3273 1180 3297 ex
1214 3273 1256 3297 ea
1292 3264 1406 3306 effigie
1440 3273 1524 3298 vasa
1547 3263 1603 3297 vel
1633 3263 1759 3306 pocula
1784 3264 2003 3298 conficienda

1137 3323 1295 3348 curasse.
1324 3333 1359 3338 —-
1397 3316 1494 3357 quasi
1512 3324 1575 3356 per
1597 3314 1788 3357 libertatem]
1813 3314 1864 3348 Cf.
1889 3324 1922 3349 c.
1947 3315 2001 3349 75.

1140 3382 1175 3390 —
1201 3365 1318 3408 lentus]
1349 3366 1503 3408 patiens,
1530 3363 1722 3397 ulciscendi
1745 3373 1814 3398 non
1838 3365 2000 3409 cupidus.

1135 3414 1258 3448 Tibull.
1283 3415 1321 3457 4,
1356 3416 1409 3455 44,
1434 3416 1473 3448 5:
1510 3414 1538 3447 si
1571 3417 1608 3447 tu
1639 3415 1764 3449 Nostra
1790 3419 1885 3458 potes
1916 3416 2001 3451 lento
