2254 3770
254 275 337 319 348
732 279 777 322 P.
811 277 1059 322 CORNELII
1089 277 1259 321 TACITI
1288 277 1556 324 ANNALIUM

256 384 322 428 cui
363 398 519 443 parvos
558 385 716 428 liberos
748 383 905 434 tradat,
949 398 1033 427 non
1062 383 1179 427 luxui
1211 390 1282 426 aut
1313 382 1599 442 voluptatibus
1630 384 1920 437 adsuefactus,
1961 385 2038 430 sed

255 460 328 518 qui
361 461 497 518 prima
527 460 579 504 ab
611 460 781 503 iuventa
813 459 978 516 legibus
1008 458 1403 516 obtemperavisset.
1449 460 1501 516 (6)
1532 466 1760 518 postquam
1790 460 1897 504 haec
1924 460 2041 506 favo-

255 535 376 578 rabili
409 536 600 579 oratione
639 535 859 593 praemisit
887 534 1105 594 multaque
1135 541 1306 592 patrum
1334 534 1565 579 assentatio
1595 535 1872 594 sequebatur,
1917 542 2040 594 capto

256 625 406 654 rursus
445 611 581 662 initio,
622 611 795 669 quando
833 611 1115 655 maritandum
1159 610 1397 668 principem
1436 610 1576 654 cuncti
1619 611 1868 661 suaderent,
1913 610 2042 668 deligi

224 691 455 744 5oportere
495 687 693 730 feminam
734 686 950 730 nobilitate
991 686 1232 744 puerperiis
1270 686 1547 730 sanctimonia
1586 686 1822 744 insignem„
1853 700 1934 731 nec
1968 686 2043 731 diu

257 761 570 820 anquirendum
608 762 711 820 quin
747 762 974 820 Agrippina
1011 761 1261 806 claritudine
1292 761 1461 817 generis
1492 762 1690 806 anteiret:
1734 762 1876 806 datum
1907 761 1961 806 ab
1991 775 2043 806 ea

257 836 523 881 fecunditatis
559 837 916 895 experimentum,
954 843 997 881 et
1033 851 1272 894 congruere
1312 843 1424 880 artes
1455 836 1669 881 honestas.
1713 837 1757 881 id
1786 851 1889 881 vero
1919 851 2045 894 egre-

257 913 392 970 gium,
433 912 550 971 quod
587 913 759 970 provisu
792 912 921 956 deum
949 912 1078 956 vidua
1115 913 1363 970 iungeretur
1393 912 1572 970 principi
1603 927 1681 956 sua
1710 919 1872 956 tantum
1900 912 2045 956 matri-.

256 989 398 1031 monia
436 995 625 1047 experto.

685 988 900 1032 audivisse
939 1002 964 1032 a
999 988 1264 1046 parentibus,
1308 987 1468 1031 vidisse
1506 988 1624 1045 ipsos
1663 988 1799 1046 abripi
1839 988 2044 1045 coniuges

207 1076 244 1106 4ο
258 1063 312 1107 ad
342 1063 459 1107 libita
491 1065 742 1108 Caesarum:
781 1063 931 1122 procul
968 1063 1011 1107 id
1041 1077 1066 1107 a
1095 1062 1311 1121 praesenti
1343 1062 1561 1107 modestia.
1618 1069 1874 1107 statueretur
1913 1063 2043 1107 immo

258 1139 579 1191 documentum,
625 1154 711 1198 quo
749 1153 929 1183 uxorem
965 1139 1197 1197 imperator
1233 1153 1260 1182 a
1294 1153 1339 1181 re
1369 1153 1414 1197 p.
1445 1138 1672 1196 acciperet.
1719 1145 1762 1182 at
1790 1138 1902 1183 enim
1933 1152 2043 1183 nova

258 1214 382 1259 nobis
413 1215 453 1257 in
485 1216 658 1259 fratrum
686 1215 794 1259 filias
825 1215 1034 1272 coniugia.
1073 1214 1149 1259 sed
1180 1213 1274 1258 aliis
1304 1213 1500 1271 gentibus
1525 1213 1759 1265 sollemnia,
1787 1228 1929 1272 neque
1950 1213 2044 1271 lege

259 1290 345 1334 ulla
374 1291 597 1349 prohibita.
643 1298 685 1335 et
714 1291 984 1335 sobrinarum
1014 1290 1086 1334 diu
1117 1291 1308 1348 ignorata
1337 1296 1530 1347 tempore
1553 1289 1696 1333 addito
1727 1289 2042 1348 percrebuisse.

261 1380 425 1410 morem
455 1366 769 1414 accommodari
798 1373 926 1424 prout
947 1366 1175 1417 conducat,
1209 1372 1251 1409 et
1273 1365 1362 1409 fore
1383 1365 1464 1409 hoc
1485 1379 1660 1423 quoque
1681 1365 1722 1407 in
1744 1365 1795 1408 iis
1815 1378 1928 1422 quae
1948 1378 2047 1408 mox

209 1454 245 1484 ⁴5
261 1448 532 1500 usurpentur.

593 1443 645 1499 (7)
683 1442 796 1485 haud
834 1441 1009 1485 defuere
1048 1443 1120 1500 qui
1158 1441 1367 1492 certatim,
1413 1441 1448 1484 si
1487 1446 1758 1484 cunctaretur
1787 1440 1962 1491 Caesar,
2005 1440 2046 1483 vi

261 1525 431 1562 acturos
468 1516 742 1561 testificantes
780 1524 1054 1575 erumperent
1092 1517 1222 1561 curia.
1267 1515 1544 1575 conglobatur
1580 1515 1794 1573 promisca
1823 1514 2047 1561 multitudo

259 1592 558 1651 populumque
593 1595 826 1637 Romanum
863 1592 1016 1637 eadem
1045 1607 1169 1636 orare
1199 1592 1393 1636 clamitat.
1438 1606 1519 1636 nec
1549 1589 1752 1636 Claudius
1781 1591 1890 1634 ultra
1918 1605 2048 1649 expe-

261 1676 371 1713 ctato
412 1669 565 1713 obvius
595 1669 707 1726 apud
740 1669 875 1712 forum
912 1668 1091 1727 praebet
1118 1682 1167 1712 se
1197 1667 1475 1725 gratantibus,
1517 1674 1799 1725 senatumque
1828 1669 2047 1724 ingressus

327 1791 358 1823 9.
383 1790 493 1831 abripi
522 1790 693 1823 Ritterus:
731 1790 841 1830 arripi
870 1790 903 1823 M
935 1807 969 1812 —
1010 1790 1062 1822 44.
1088 1797 1153 1832 quo
1174 1789 1271 1821 modo
1293 1773 1435 1820 umorem
1458 1787 1606 1829 Lipsius.
1640 1805 1675 1810 —
1713 1796 1736 1820 a
1757 1795 1796 1820 re
1816 1796 1851 1828 p.
1879 1785 2046 1819 Orellius:

263 1856 334 1880 om.
353 1848 385 1880 Μ
409 1848 442 1879 in
467 1846 593 1879 lacuna
618 1847 773 1888 quinque
797 1847 871 1879 fere
894 1845 1110 1884 litterarum;
1135 1855 1158 1877 a
1180 1848 1297 1878 senatu
1305 1845 1494 1885 populoque
1508 1845 1655 1877 Romano
1670 1844 1834 1877 Ritterus.
1857 1862 1891 1867 —-
1912 1844 1966 1876 ⁴2.
1981 1829 2050 1885 fr7r‘i

262 1904 296 1937 Μ
320 1921 355 1926 -
381 1904 574 1944 sollempnia
596 1904 629 1936 M
655 1922 690 1927 —-
716 1912 819 1943 neque
842 1904 891 1936 M:
916 1912 974 1935 nec
996 1902 1109 1944 vulgo.
1130 1920 1167 1926 —
1193 1902 1246 1935 43.
1267 1901 1491 1942 percrebuisse
1505 1901 1555 1934 M:
1576 1900 1820 1941 percrebruisse
1841 1899 2047 1934 Beroaldus.

263 1960 351 1993 Vide
375 1960 420 1992 ad
443 1961 480 2000 2,
505 1960 559 1993 82.
588 1978 622 1983 —-
650 1960 702 1993 44.
727 1961 762 1992 in
784 1961 825 1994 iis
848 1962 890 1992 G:
917 1960 952 1992 in
974 1960 1023 1993 his
1045 1960 1077 1992 Μ
1105 1978 1138 1982 -
1171 1959 1223 1991 46.
1245 1959 1414 2000 promisca
1443 1966 1496 1999 pr.
1521 1958 1572 1991 M:
1600 1957 1794 1998 promiscua
1817 1965 1908 1989 corr.
1933 1956 1977 1990 M.

263 2068 351 2109 Epp.
376 2067 414 2106 3,
446 2067 508 2106 20,
534 2067 571 2099 6:
609 2066 769 2098 Audiebat
802 2069 934 2099 senatus
966 2065 1134 2108 gravilate

263 2118 425 2150 censoria.

309 2168 340 2199 6.
378 2167 637 2207 anquirendum,
675 2165 772 2207 quin]
809 2165 934 2198 eadem
971 2166 1134 2198 constru—

265 2219 400 2258 ctione,
435 2227 503 2259 qua
528 2218 654 2249 dicitur
677 2217 848 2257 dubitare,
874 2219 965 2258 quin.
1002 2217 1133 2249 Sensus

266 2270 320 2301 est
355 2269 466 2300 enim:
511 2276 618 2300 «cum
654 2267 805 2300 dubitari
840 2268 1012 2308 nequeat,
1050 2267 1135 2308 quin-

265 2320 452 2360 Agrippina
470 2337 518 2342 -—
535 2319 701 2357 anteiret,
728 2319 807 2350 ideo
832 2327 902 2350 non
927 2317 985 2350 diu
1009 2318 1133 2358 anqui-

265 2369 417 2412 rendum
442 2377 556 2401 esse»
585 2387 620 2392 —
653 2369 768 2410 vidua]
797 2369 907 2400 Vidua
931 2370 1131 2410 Agrippina,

267 2421 406 2452 mortuo
430 2419 497 2452 sub
522 2421 614 2452 initia
641 2420 778 2461 imperii
802 2418 982 2452 Claudiani
1011 2420 1133 2460 Crispo

266 2471 444 2504 Passieno.
471 2471 526 2502 cui
545 2472 623 2512 post
640 2471 828 2503 Domitium
846 2472 1026 2512 nupserat.
1047 2471 1131 2502 Lirs.

268 2522 319 2554 De
343 2521 410 2553 hoc
436 2521 558 2562 Crispo
583 2521 626 2553 cf.
647 2522 677 2559 6,
697 2522 738 2553 20
763 2523 798 2553 et
821 2519 935 2553 Schol.
961 2522 1079 2553 luven.
1100 2519 1132 2560 4,

268 2571 321 2604 84.
343 2589 377 2595 -
398 2572 561 2603 audivisse
578 2589 595 2594 —
608 2589 625 2594 -
642 2571 769 2612 vidisse]
787 2571 951 2603 audivisse
965 2570 1009 2603 de
1027 2571 1132 2609 Livia,

269 2629 375 2662 quam
393 2622 567 2662 Augustus
579 2621 627 2652 Ti.
643 2621 772 2653 Neroni
790 2620 994 2653 abduxisset
1011 2621 1054 2659 (4,
1068 2620 1132 2659 4Ο);

267 2672 387 2703 vidisse
416 2671 572 2712 principe
598 2672 700 2709 Gaio,
733 2672 790 2711 qui
818 2671 1034 2703 matrimonia
1056 2679 1136 2702 con-

268 2721 415 2754 traxerit
441 2721 570 2761 turpius
592 2729 636 2752 απ
659 2721 819 2752 dimiserit
841 2730 887 2752 an
909 2721 1049 2753 tenuerit
1071 2729 1137 2751 non

269 2774 315 2804 est
346 2771 444 2812 facile
473 2771 655 2803 discernere
687 2771 843 2810 (Sueton.
871 2770 977 2811 Calig.
1003 2770 1068 2809 25).
1098 2788 1132 2792 —

270 2832 291 2854 a
313 2831 351 2854 re
371 2831 404 2863 p.
430 2822 603 2862 acciperet]
630 2821 681 2854 Cf.
708 2822 792 2854 Plin.
818 2822 904 2863 Epp.
931 2821 969 2860 4,
997 2822 1048 2859 45,
1077 2820 1134 2853 4οε

271 2872 395 2905 Debent
410 2874 520 2904 autem
539 2873 699 2911 sapientes
713 2872 795 2910 viri,
819 2875 855 2903 ut
871 2875 919 2911 tu,
946 2871 1026 2903 tales
1042 2870 1139 2911 quasi

270 2922 388 2954 liberos
410 2931 432 2954 a
447 2931 484 2954 re
506 2922 640 2962 publica
656 2923 820 2962 accipere,
846 2922 962 2963 quales
976 2931 998 2954 a
1012 2924 1138 2953 natura

270 2974 410 3005 solemus
432 2975 558 3013 optare.
588 2988 623 2994 —
650 2972 873 3014 sobrinarum]
899 2971 1036 3004 sobrini
1061 2979 1140 3013 pro-

271 3024 346 3066 prie
364 3025 535 3056 vocantur
554 3023 611 3063 qui
626 3031 670 3054 ex
684 3022 845 3062 fratribus
859 3022 1064 3063 patruelibus
1080 3024 1140 3053 aut

271 3074 474 3106 consobrinis
501 3076 561 3105 aut
591 3073 736 3105 amitinis
769 3076 1022 3114 propayanlur,
1055 3073 1138 3104 Gaio

272 3126 362 3157 teste
386 3125 517 3166 Digest.
535 3123 592 3163 38,
615 3123 666 3155 40.
694 3122 733 3154 fr.
752 3122 783 3154 3.
810 3123 972 3161 Similiter
995 3123 1137 3155 Festus:

272 3175 432 3206 Sobrinus
454 3177 518 3214 est,
541 3176 578 3206 ut
601 3173 649 3205 ait
671 3173 786 3205 Gallus
800 3173 926 3213 Aelius,
950 3174 1060 3212 patris
1077 3171 1140 3203 mei

273 3224 459 3257 consobrini
489 3225 578 3265 filius
610 3226 640 3255 et
667 3223 787 3255 matris
815 3231 907 3254 meae
927 3223 1141 3255 consobrinae

271 3276 370 3317 filius.
404 3274 473 3307 Sed
499 3275 532 3306 h.
554 3273 574 3307 l.
595 3273 810 3306 consobrinae
828 3271 1071 3313 intelligendae
1088 3272 1141 3303 vi-

276 3324 419 3364 dentur,
448 3325 470 3357 i.
497 3334 528 3357 e.
556 3333 647 3365 quae
672 3333 715 3356 ex
738 3322 901 3356 fratribus
926 3325 986 3355 aut
1007 3324 1140 3355 sorori-

275 3374 343 3407 bus
374 3376 664 3416 progenerantur.
692 3390 726 3396 —
757 3376 900 3413 tempore
921 3373 1033 3404 addito
1061 3382 1141 3412 per-

276 3424 445 3467 crebuisse]
475 3424 649 3458 Plutarch.
676 3424 818 3464 Quaest.
843 3423 943 3455 Rom.
969 3423 1007 3455 6:
1033 3418 1141 3469 Ἀνὴρ

1183 2062 1391 2112 χρημάτων
1424 2061 1570 2107 ἐνδεής,
1605 2061 1652 2096 τὰ
1686 2062 1727 2097 δὲ
1757 2060 1854 2096 ἄλλα
1881 2059 2051 2111 χρηστὸς

1184 2117 1249 2149 καὶ
1279 2117 1364 2163 παρ’
1397 2113 1608 2148 ὁντιναοῦν
1627 2112 1679 2158 τῷ
1711 2111 1821 2159 δήμῳ
1844 2112 1919 2147 τῶν
1942 2113 2051 2147 πολι-

1183 2168 1398 2211 τευομένων
1427 2163 1617 2213 ἀρέσκων,
1649 2165 1853 2213 ἐπίκληρον
1882 2161 2051 2208 ἀνεψιὰν

1182 2215 1284 2258 ἔχειν
1307 2214 1414 2260 ἔδοξε
1437 2219 1501 2250 καὶ
1533 2216 1708 2250 πλουτεῖν
1731 2213 1794 2249 ἀπ’
1819 2212 1957 2260 αὐτῆς·
1989 2215 2052 2250 ἐπὶ

1184 2267 1304 2313 τούτῳ
1335 2268 1376 2301 δὲ
1398 2269 1606 2314 γενομένης
1629 2263 1748 2300 αὐτοῦ
1772 2268 2006 2314 κατηγορίας
2028 2263 2051 2299 ὁ

1184 2318 1308 2362 δῆμος
1331 2315 1445 2360 ἀφεὶς
1468 2316 1538 2361 τὴν
1555 2319 1680 2351 αἰτίαν
1695 2316 1863 2361 ἐλέγχειν
1877 2314 1997 2350 tavae.
2006 2313 2051 2350 τὸ

1183 2366 1356 2414 ἔγκλημα
1379 2367 1659 2413 ψηφισάμενος
1683 2367 1798 2401 πᾶσιν
1821 2366 1962 2410 ἐξεῖναι
1980 2377 2053 2412 γα-

1183 2423 1270 2463 μεῖν
1292 2415 1406 2465 ἅχρις
1428 2416 1622 2461 ἀνεψιῶν,
1654 2415 1702 2451 τὰ
1724 2417 1765 2451 δὲ
1790 2414 1966 2465 ἀνωτέρω
1987 2427 2052 2450 xe·-

1184 2467 1394 2503 κωλῦσθαι.
1420 2471 1509 2502 Satis
1532 2471 1691 2502 veterem
1714 2469 1822 2502 fuisse
1837 2476 1976 2501 morem
1992 2467 2054 2500 do-

1186 2522 1243 2554 cet
1271 2521 1403 2559 Livius,
1434 2519 1528 2562 apud
1559 2528 1666 2561 quem
1697 2518 1757 2559 42,
1783 2517 1824 2551 34
1848 2520 1890 2558 (a.
1916 2527 1952 2551 u.
1977 2518 2052 2559 583)

1186 2572 1232 2603 ita
1257 2570 1409 2612 loquitur
1429 2572 1487 2613 Sp.
1508 2570 1723 2611 Ligustinus:
1749 2569 1831 2602 Cum
1848 2569 1998 2610 primum
2018 2569 2054 2600 in

1186 2625 1326 2654 aetatem
1355 2621 1447 2661 veni,
1480 2624 1580 2662 paler
1600 2620 1680 2652 mihi
1701 2627 1842 2652 umorem
1861 2618 1982 2660 fratris
2001 2619 2055 2651 sui

1184 2671 1290 2714 filiam
1313 2671 1410 2703 dedit.

1230 2722 1262 2753 7.
1295 2722 1460 2753 decretum
1478 2720 1644 2761 postulat,
1674 2728 1739 2760 quo
1755 2737 1802 2743 --
1818 2717 2052 2761 statuerentur]

1189 2772 1292 2804 Gaius
1316 2772 1348 2811 Ι,
1374 2771 1392 2812 S
1411 2771 1471 2803 62:
1496 2771 1628 2803 Fratris
1647 2770 1753 2812 filiam
1774 2777 1916 2802 uxorem
1937 2769 2057 2802 ducere

1186 2822 1270 2854 licet.
1295 2822 1392 2861 idque
1412 2822 1560 2861 primum
1579 2821 1614 2852 in
1630 2829 1726 2852 usum
1739 2820 1846 2859 venit,
1871 2827 1947 2851 cum
1961 2819 2057 2851 divus
2099 2836 2107 2843 ·

1189 2872 1345 2905 Claudius
1359 2871 1595 2913 Agrippinam,
1619 2869 1739 2912 fratris
1761 2869 1944 2911 mitiliani,
1969 2877 2056 2901 uxo·-

1186 2931 1257 2954 rem
1273 2922 1429 2953 duaeisset.
1456 2921 1590 2953 Sororis
1604 2929 1682 2952 vero
1703 2919 1810 2961 tiliam
1827 2927 1970 2951 umorem
1991 2919 2055 2951 du-

1188 2981 1262 3004 cere
1290 2980 1356 3003 non
1386 2971 1470 3003 licet.
1508 2971 1660 3003 Zonaras
1683 2970 1736 3008 44,
1763 2970 1823 3002 4οε
1864 2966 2056 3012 Ψήφισμα

1188 3019 1423 3064 ἐποιήσαντο
1457 3018 1595 3062 ἐξεῖναι
1621 3017 1822 3062 Ῥωμαίοις
1851 3015 2056 3060 ἀδελφιδᾶς

1188 3068 1363 3116 ἄγεσθαι.
1385 3089 1419 3094 -
1438 3080 1496 3103 nec
1519 3074 1627 3103 tamen
1642 3073 1792 3110 repertus
1806 3073 1852 3102 est
1866 3069 1948 3111 cet]
1972 3069 2057 3101 Sue-

1190 3125 1261 3154 ton.
1289 3121 1410 3154 Claud.
1429 3121 1488 3153 26:
1520 3121 1583 3152 Vix
1604 3129 1670 3152 uno
1694 3119 1885 3160 interposito
1907 3119 1960 3151 die
1980 3127 2057 3150 con-

1188 3172 1263 3214 fecit
1296 3172 1448 3212 nuptias,
1483 3179 1550 3202 non
1581 3171 1721 3210 repertis
1754 3170 1811 3210 qui
1844 3172 2057 3210 sequerentur

1189 3222 1391 3262 eoeemplum,
1416 3223 1551 3261 excepto
1573 3219 1724 3252 libertino
1740 3219 1883 3261 quodam
1904 3220 1937 3250 et
1951 3218 2056 3252 altero

1188 3272 1412 3313 primipilari,
1437 3272 1532 3302 cuius
1552 3270 1697 3311 officium
1719 3269 1914 3309 nuptiarum
1937 3271 1967 3300 et
1988 3268 2057 3309 ipse

1190 3331 1265 3354 cum
1287 3321 1472 3363 Aqrippina
1499 3319 1684 3352 celebravit.
1714 3334 1748 3353 -,·
1775 3318 1967 3359 adductum]
1995 3327 2056 3352 se-

1190 3380 1335 3411 verum,
1361 3373 1399 3403 ut
1423 3370 1474 3411 ⁴4,
1501 3370 1537 3403 4:
1564 3373 1594 3402 et
1614 3377 1732 3402 rursus
1753 3368 1933 3408 adductus,
1957 3369 2056 3411 quasi

1191 3423 1278 3455 seria
1300 3421 1513 3454 consociaret.
1539 3420 1623 3454 Hist.
1645 3419 1678 3458 3,
1696 3419 1732 3451 7:
1758 3418 1934 3452 adductius
1954 3426 2056 3460 quam
