2254 3770
767 324 920 368 LIBER
948 323 1056 367 XIII.
1093 322 1195 381 Cap.
1224 323 1292 367 52.
1322 323 1391 367 53.
1419 323 1488 366 54.
1941 322 2015 366 434

234 432 558 479 formidolosum
586 431 628 475 id
648 431 894 489 imperatori
914 429 1128 481 dictitans,
1161 443 1248 487 quo
1268 430 1524 489 plerumque
1545 430 1825 489 prohibentur
1845 437 2022 474 conatus

234 508 413 553 honesti.
446 507 527 565 (54)
559 513 750 551 ceterum
780 505 980 550 continuo
1011 504 1278 549 exercituum
1298 507 1384 550 otio
1414 507 1524 550 fama
1543 506 1719 550 incessit
1739 512 1935 563 ereptum
1955 506 2022 548 ius

233 584 383 642 legatis
423 582 609 627 ducendi
640 582 683 624 in
712 581 892 625 hostem.
935 594 1076 638 eoque
1106 580 1227 623 Frisii
1259 581 1521 626 iuventutem
1549 582 1726 625 saltibus
1756 588 1830 625 aut
1857 580 2024 638 paludi-

232 659 333 711 bus,
378 657 580 702 inbellem
617 663 800 700 aetatem
837 669 917 713 per
951 654 1069 699 lacus
1098 654 1331 699 admovere
1360 657 1501 715 ripae,
1548 670 1762 715 agrosque
1791 669 1952 700 vacuos
1982 663 2025 699 et

233 733 411 778 militum
440 732 538 777 usui
569 732 782 790 sepositos
812 730 1031 782 insedere,
1063 736 1239 774 auctore
1269 732 1432 775 Verrito
1462 739 1505 775 et
1530 731 1752 790 Malorige,
1784 731 1857 790 qui
1888 732 2055 775 natio-s

233 822 332 853 nem
371 822 468 853 eam
506 807 729 866 regebant,
776 807 818 849 in
854 813 1060 864 quantum
1098 805 1297 850 Germani
1336 813 1578 864 regnantur.
1635 807 1808 865 iamque
1845 806 2026 850 fixerant

234 883 408 935 domos,
449 883 612 927 semina
652 883 765 926 arvis
795 881 1023 925 intulerant
1060 887 1194 939 utque
1224 882 1408 939 patrium
1438 882 1575 926 solum
1607 882 1886 933 exercebant,
1927 883 2026 926 cum

236 959 401 1003 Dubius
434 958 602 1009 Avitus,
640 963 819 1015 accepta
856 970 882 1000 a
916 956 1093 999 Paulino
1129 957 1367 1014 provincia,
1402 958 1637 1001 minitando
1667 958 1752 1002 vim
1781 959 2025 1010 Romanam,

235 1034 318 1078 nisi
347 1033 633 1078 abscederent
661 1032 784 1075 Frisii
805 1038 975 1075 veteres
1005 1031 1047 1074 in
1076 1031 1196 1076 locos
1218 1038 1291 1076 aut
1311 1045 1465 1076 novam
1486 1034 1637 1077 sedem
1657 1047 1681 1077 a
1702 1034 1886 1078 Caesare
1907 1034 2027 1092 inpe-

236 1116 416 1161 trarent,
460 1107 645 1166 perpulit
679 1107 889 1151 Verritum
928 1112 971 1150 et
1008 1106 1256 1164 Malorigem
1293 1121 1448 1165 preces
1482 1108 1717 1166 suscipere.
1762 1109 2078 1168 profectiqueio

237 1187 431 1236 Romam,
479 1183 582 1227 dum
615 1182 708 1226 aliis
738 1182 853 1226 curis
891 1181 1096 1225 intentum
1123 1183 1338 1226 Neronem
1368 1184 1664 1241 opperiuntur,
1695 1184 1805 1228 inter
1833 1199 1886 1229 ea
1915 1199 2029 1243 quae

238 1259 433 1304 barbaris
465 1264 729 1303 ostentantur
758 1258 970 1301 intravere
999 1258 1175 1315 Pompei
1207 1257 1437 1310 theatrum,
1472 1273 1559 1317 quo
1589 1259 1921 1318 magnitudinem
1952 1274 2028 1318 po-

238 1334 327 1393 puli
356 1335 556 1378 viserent.
601 1333 687 1378 illic
716 1347 794 1391 per
823 1333 956 1377 otium
988 1333 1144 1391 (neque
1175 1333 1290 1376 enim
1318 1333 1494 1378 ludicris
1528 1335 1663 1392 ignari
1693 1335 2028 1393 oblectabantur)

238 1409 342 1454 dum
371 1423 623 1454 consessum
653 1422 830 1460 caveae,
874 1408 1119 1452 discrimina
1159 1409 1375 1460 ordinum,
1418 1410 1516 1468 quis
1547 1424 1703 1468 equeS,
1751 1411 1824 1455 ubi
1855 1418 2029 1456 senatus

239 1492 585 1543 percunctantur,
628 1484 854 1528 advertere
884 1484 1097 1541 quosdam
1126 1483 1239 1528 cultu
1272 1490 1450 1528 externo
1479 1485 1521 1527 in
1551 1485 1728 1530 sedibus
1759 1494 2079 1540 senatorum345

241 1568 285 1605 et
314 1561 489 1619 quinam
517 1560 655 1603 forent
684 1559 932 1617 rogitantes,
964 1565 1193 1617 postquam
1222 1559 1476 1603 audiverant
1497 1574 1645 1604 earum
1665 1562 1853 1619 gentium
1880 1561 2031 1620 legatis

240 1635 285 1680 id
316 1635 489 1679 honoris
519 1636 682 1687 datum,
715 1649 828 1693 quae
859 1635 1011 1678 virtute
1042 1641 1084 1678 et
1112 1634 1302 1678 amicitia
1317 1636 1505 1680 Romana
1533 1636 1861 1693 praecellerent,
1894 1637 2031 1682 nullos

241 1711 483 1755 mortalium
507 1711 636 1755 armis
657 1717 730 1754 aut
747 1709 833 1754 fide
853 1717 950 1754 ante
972 1710 1208 1754 Germanos
1229 1723 1327 1754 esse
1349 1710 1604 1763 exclamant,
1638 1712 2033 1771 degrediunturque

242 1793 285 1831 et
320 1787 430 1830 inter
467 1793 611 1844 patres
653 1785 890 1830 considunt.
940 1785 1057 1843 quod
1092 1786 1271 1829 comiter
1300 1799 1324 1829 a
1353 1786 1590 1830 visentibus
1621 1795 1865 1845 exceptum,
1909 1789 2033 1847 quasi

242 1861 426 1920 impetus
465 1861 627 1919 antiqui
657 1868 700 1905 et
729 1861 844 1905 bona
873 1860 1170 1905 aemulatione.
1216 1862 1328 1904 Nero
1359 1861 1527 1905 civitate
1556 1863 1746 1907 Romana
1776 1863 1926 1908 ambos
1955 1864 2034 1908 do-
2046 1876 2083 1907 20

242 1937 374 1989 navit,
414 1937 573 1980 Frisios
613 1936 827 1980 decedere
865 1937 978 1992 agris
1009 1936 1143 1979 iussit.
1188 1942 1318 1994 atque
1348 1935 1430 1980 illis
1460 1938 1787 1995 aspernantibus
1816 1938 2033 1983 auxiliaris

242 2026 379 2071 eques
408 2019 585 2070 repente
614 2011 830 2055 immissus
859 2012 1162 2056 necessitatem
1190 2010 1344 2063 attulit,
1387 2012 1523 2069 captis
1562 2013 1756 2058 caesisve
1786 2014 1860 2074 qui
1889 2016 2033 2073 pervi-

242 2088 387 2132 cacius
417 2087 671 2132 restiterant.

307 2197 341 2229 5.
364 2195 507 2229 materie
528 2196 610 2237 quia
631 2196 665 2229 M
690 2213 726 2218 —-
751 2195 783 2229 9.
808 2195 909 2228 Frisii
931 2194 1060 2228 delevit
1083 2194 1270 2229 Acidalius.
1292 2212 1337 2220 —
1353 2196 1407 2229 40.
1431 2196 1641 2239 maumiqem
1659 2194 1736 2239 iices
1757 2198 1791 2231 M
1816 2216 1853 2222 —
1874 2199 2034 2241 profecit-

243 2261 306 2294 que
327 2252 361 2286 M
384 2269 421 2275 —
456 2252 510 2285 44.
534 2252 725 2292 intereaque
755 2252 910 2285 barbaris
932 2253 965 2286 M
989 2270 1025 2275 —
1052 2252 1106 2285 46.
1130 2252 1204 2294 fore
1225 2252 1259 2286 M
1284 2269 1321 2275 —
1352 2252 1480 2295 leyatis]
1510 2253 1619 2295 leyum
1640 2254 1695 2295 M,
1730 2253 1796 2287 sed
1818 2252 1954 2288 litterae
1976 2263 2035 2289 um

243 2309 280 2342 in
300 2317 436 2342 rasura.
466 2326 500 2332 -
526 2308 580 2342 49.
600 2312 716 2350 partes
737 2309 772 2342 M
795 2326 831 2332 —
858 2309 912 2341 20.
938 2308 1136 2342 circulatione
1158 2309 1210 2348 M;
1237 2308 1418 2342 aemulatio
1441 2308 1644 2343 Rhenanus.
1672 2327 1709 2334 —
1734 2310 1790 2343 22.
1814 2311 1937 2345 cesisue
1958 2312 2003 2347 M.

244 2407 363 2442 halem
378 2407 509 2451 (Waal)
532 2409 674 2441 servato
698 2408 841 2441 nomine
859 2408 1113 2451 procurrentis.

245 2458 356 2491 Sedes
390 2459 511 2491 autem
550 2458 739 2491 Frisiorum
775 2458 981 2499 designatae
1015 2458 1117 2490 erant

245 2507 414 2541 undecim
430 2509 511 2540 ante
528 2508 628 2540 annis
644 2516 665 2540 a
682 2507 882 2540 Corbulone
898 2516 906 2540 ε
932 2508 986 2547 44,
1004 2507 1059 2540 49.
1075 2524 1111 2529 -

244 2557 387 2590 militum
409 2558 485 2589 usui
506 2556 670 2599 sepositos]
703 2556 957 2599 Explicandum
980 2557 1048 2588 hoc
1073 2564 1116 2588 ex

246 2615 278 2640 c.
303 2608 365 2640 55:
398 2616 463 2648 quo
485 2610 615 2640 tantam
636 2610 769 2648 partem
790 2607 902 2648 campi
923 2607 1051 2647 iacere,
1081 2607 1116 2638 in

246 2665 350 2697 quam
380 2666 504 2698 pecora
533 2660 564 2690 et
593 2660 748 2690 armenta
768 2657 912 2689 militum
934 2656 1117 2697 aliquando

247 2708 577 2740 transmitterentur?
603 2724 639 2730 -
663 2707 700 2739 in
723 2710 884 2747 quantum
907 2706 948 2739 G.
967 2715 1117 2748 regnan-

246 2758 316 2798 tur]
349 2759 523 2799 quatenus
553 2757 717 2790 Germani
746 2765 786 2789 re
816 2765 902 2789 vera
931 2755 1033 2789 liberi
1055 2756 1118 2788 ho-

247 2807 364 2840 mines
394 2807 491 2848 regio
520 2807 670 2848 imperio
700 2807 751 2838 uti
773 2807 924 2848 possunt
946 2806 1026 2838 dici.
1064 2805 1115 2838 Cf.

249 2857 367 2889 Germ.
393 2857 434 2889 7:
458 2865 519 2889 nec
539 2856 671 2898 regibus
692 2856 825 2898 infinita
848 2860 910 2888 aut
930 2855 1036 2889 libera
1055 2864 1118 2896 po-

249 2909 360 2939 testas.
388 2922 424 2929 —
448 2907 598 2948 fixerant
620 2906 742 2946 domos]
767 2905 865 2938 ovid.
885 2906 966 2938 Her.
985 2906 1017 2944 7,
1036 2905 1115 2937 4⁴9:

249 2956 379 2996 lateque
401 2956 553 2997 patentia
579 2956 644 2998 βτί
669 2957 814 2990 Moenia.
859 2956 981 2988 Iuven.
1007 2954 1045 2995 3,
1076 2955 1116 2986 2:

249 3005 366 3038 Laudo
388 3007 518 3045 tamen,
542 3006 656 3038 vacuis
671 3006 759 3046 quod
771 3006 878 3038 sedem
892 3006 994 3047 figere
1009 3003 1120 3037 Cumis

249 3055 408 3088 Destinet.
429 3071 466 3078 —
491 3055 620 3087 Dubius
640 3055 766 3096 Avitus]
790 3054 920 3088 Plinius
942 3055 983 3087 N.
1002 3054 1043 3086 H.
1062 3053 1117 3094 34,

251 3104 272 3146 ἓ
294 3103 354 3137 47:
380 3105 536 3137 Statuam
555 3105 783 3137 Arvernorum
803 3113 879 3136 cum
900 3104 1024 3145 faceret
1045 3104 1121 3144 (Ze-

251 3153 433 3195 nodorus),
444 3154 639 3194 provinciae
647 3153 900 3195 (Aquitanicae)
909 3152 1018 3185 Dubio
1024 3152 1120 3185 Avito

248 3204 473 3244 praesidente,
499 3203 564 3235 duo
581 3203 706 3244 pocula
721 3203 900 3236 Calamidis
920 3210 1025 3234 manu
1046 3210 1120 3234 cae—

252 3253 345 3293 lata,
376 3261 462 3294 quae
491 3252 602 3286 Cassio
631 3252 757 3285 Salano
789 3251 905 3293 (Ovid.
937 3260 981 3284 ex
1010 3252 1119 3284 Ponto

252 3303 287 3343 2,
310 3302 342 3344 ὅ)
355 3327 364 3343 ,
387 3303 553 3335 avunculo
574 3302 645 3334 eius
667 3301 797 3344 (Aviti),
818 3301 1030 3342 praeceptori
1046 3309 1118 3341 suo,

254 3351 472 3385 Germanicus
493 3352 618 3386 Caesar
640 3351 804 3383 adamata
826 3351 1028 3390 donaverat,
1061 3358 1120 3383 ae-

252 3401 400 3434 mulatus
420 3405 478 3435 est.
506 3419 542 3426 -
566 3401 698 3442 Pompei
719 3399 895 3442 theatrum]
918 3399 1004 3432 Vide
1023 3399 1069 3432 ad
1084 3399 1118 3440 3,

253 3449 298 3485 23
312 3452 350 3484 et
362 3451 417 3485 72.
437 3468 474 3477 -·
498 3459 683 3485 consessum
696 3449 829 3492 caveae]
852 3448 1017 3484 Similiter
1030 3449 1120 3483 Ver-

1165 2407 1265 2449 gilius
1287 2410 1373 2441 Aen.
1394 2409 1427 2449 5,
1445 2407 1527 2442 340:
1551 2409 1614 2442 Hic
1636 2413 1741 2443 totum
1762 2419 1884 2444 caveae
1905 2421 2035 2445 conses—

1163 2467 1238 2491 sum
1269 2459 1411 2500 inqentis
1443 2461 1474 2491 et
1503 2468 1568 2491 ora
1597 2460 1711 2493 Prima
1733 2464 1876 2502 patrum
1903 2463 2036 2504 maynis

1164 2509 1276 2541 Salius
1308 2509 1508 2542 clamoribus
1540 2509 1652 2550 inplet.
1680 2527 1716 2534 —
1753 2511 1827 2552 quis
1857 2512 1964 2554 eques]
1998 2513 2033 2546 in

1166 2558 1448 2600 quattuordecim
1489 2559 1672 2594 ordinibus
1713 2570 1758 2594 ex
1798 2561 1876 2603 lege
1910 2562 2034 2596 Roscia

1164 2608 1337 2641 theatrali.
1364 2627 1400 2632 —
1432 2609 1489 2641 ubi
1511 2610 1654 2653 senatus]
1687 2611 1832 2644 Sueton.
1856 2613 1943 2654 Aug.
1969 2612 2030 2647 44:

1166 2658 1325 2698 decrevit,
1349 2662 1387 2691 ut
1403 2659 1535 2699 primus
1555 2659 1782 2693 subselliorum
1803 2662 1885 2694 erdo
1898 2666 2037 2695 vacaret

1165 2707 1383 2740 senatoribus.
1411 2725 1448 2732 —
1485 2710 1646 2750 quosdam
1674 2711 1766 2743 cultu
1787 2713 1936 2752 externo]
1968 2713 2036 2745 Ar-

1167 2758 1304 2790 menios
1328 2759 1364 2790 et
1385 2758 1548 2798 Parthos,
1581 2760 1725 2792 sedentes
1751 2761 1788 2793 in
1815 2765 1949 2802 senatu,
1984 2762 2035 2794 uti

1167 2806 1346 2848 eleganter
1379 2808 1566 2840 Suetonius
1608 2808 1749 2850 (Claud.
1773 2810 1833 2852 25)
1868 2810 2033 2852 loquitur.

1167 2856 1303 2889 Morem
1325 2858 1444 2889 autem
1468 2865 1552 2889 eum
1571 2857 1679 2891 fuisse
1703 2858 1809 2892 didici
1839 2869 1882 2893 ex
1903 2860 2035 2893 Iustino

1168 2905 1222 2946 43,
1248 2907 1285 2938 5:
1323 2906 1370 2938 Ob
1402 2907 1491 2947 quod
1519 2908 1674 2941 meritum
1703 2913 1735 2942 et
1759 2910 1951 2942 immunitas
1971 2910 2037 2942 illis

1170 2954 1468 2997 (Massiliensibus)
1481 2957 1613 2989 decreta
1627 2961 1657 2990 et
1672 2958 1763 2991 locus
1775 2960 2037 2999 spectaculorum

1166 3005 1203 3037 in
1224 3009 1343 3038 senatu
1365 3006 1411 3047 (in
1434 3006 1629 3048 orchestra)
1650 3008 1758 3041 datus.
1783 3009 1870 3042 item
1884 3010 2036 3052 Iosepho

1169 3054 1223 3093 44,
1249 3056 1302 3095 40,
1327 3056 1359 3088 6.
1395 3055 1466 3089 Sed
1488 3056 1584 3098 quod
1607 3057 1653 3090 de
1676 3057 1798 3100 legatis
1820 3059 1875 3092 his
1898 3059 1943 3092 ad
1966 3060 2037 3093 Ne-

1168 3105 1266 3137 ronis
1287 3106 1450 3148 tempora
1473 3106 1611 3140 Tacitus
1633 3106 1780 3146 rettulit,
1810 3108 1978 3141 eximium
2001 3111 2038 3142 et

1169 3155 1334 3196 antiquae
1358 3157 1499 3189 nostrae
1515 3155 1746 3198 simplicitatis
1762 3156 1906 3197 factum,
1931 3158 2036 3192 Tran-

1169 3202 1276 3245 quillo
1305 3205 1421 3238 visum
1444 3204 1590 3238 Claudio
1612 3205 1817 3239 attribuere.
1853 3207 1954 3240 Errat
1975 3216 2035 3241 me

1168 3252 1283 3286 iudice
1306 3253 1538 3296 Tranquillus.
1564 3255 1649 3287 Lus.
1670 3273 1706 3278 —
1729 3256 1872 3296 impetus
1891 3257 2034 3300 antiqui]

1170 3302 1366 3336 -altbiedere
1386 3303 1619 3346 Aufwallunqn
1646 3303 1861 3345 Nipperdey.
1885 3306 2030 3339 sueton.

1168 3349 1191 3384 Ι.
1208 3349 1252 3384 l.:
1278 3351 1522 3385 Germanorum
1544 3352 1662 3394 leqatis
1681 3353 1718 3384 in
1734 3353 1903 3387 orchestra
1923 3356 2034 3388 sedere

1165 3401 1315 3441 permisit
1345 3401 1627 3443 simplicitate
1659 3410 1776 3436 eorum
1806 3405 1838 3437 et
1868 3403 2033 3446 fiducia

1166 3452 1285 3484 moues.
