2254 3770
769 305 923 350 LIBER
950 304 1033 349 XV.

1087 305 1187 364 Cap.
1217 306 1285 351 42.
1316 306 1384 351 43.
1868 306 1950 351 547

166 412 438 471 cohibitaque
469 412 760 458 aedificiorum
795 411 1014 457 altitudine
1044 426 1094 457 ac
1123 413 1343 471 patefactis
1373 414 1485 459 areis
1506 413 1748 473 additisque
1777 413 1951 472 portici-

163 488 265 540 bus,
297 501 410 547 quae
439 490 622 532 frontem
653 488 887 533 insularum
912 494 1197 547 protegerent.
1230 503 1305 533 eas
1325 491 1516 549 porticus
1536 491 1648 551 §gro
1670 504 1749 534 sua
1768 489 1952 549 pecunia

164 569 454 608 extructurum
485 570 774 623 purgatasque
805 577 929 608 areas
959 564 1143 608 dominis
1173 548 1660 632 traditurumssp-ollicitus
1681 571 1758 610 est.
1789 563 1953 608 addidit

162 638 355 697 praemia
394 653 474 696 pro
512 640 722 698 cuiusque
763 639 913 684 ordine
943 646 986 684 et
1014 640 1077 684 rei
1106 639 1324 684 familiaris
1354 641 1490 699 copiis
1519 641 1739 700 finivitque
1767 646 1948 697 tempus,

162 714 271 758 intra
309 714 423 771 quod
466 714 627 759 effectis
658 715 856 759 domibus
886 722 959 759 aut
996 714 1143 759 insulis
1173 716 1478 774 apiscerentur.
1523 716 1668 761 ruderi
1699 715 1981 774 accipiendos

163 789 386 834 Ostienses
417 789 597 847 paludes
629 790 885 842 destinabat,
917 790 1065 849 utique
1091 804 1242 842 naves,
1276 805 1388 850 quae
1412 792 1668 836 frumentum
1688 791 1827 836 Tiberi
1849 790 1951 835 sub-

161 870 419 917 vectassent,
452 872 631 910 onustae
663 866 819 910 rudere
849 865 1150 919 decurrerent3
1182 866 1464 926 aedificiaque
1492 867 1586 925 ipsa
1606 873 1724 912 certa
1743 866 1808 910 sui
1828 872 1950 924 parte

163 940 255 984 sine
284 940 476 984 trabibus
506 954 608 985 saxo
640 941 804 985 Gabino
834 941 1050 986 Albanove
1079 941 1383 994 solidarentur,
1427 941 1545 1006 fflgod
1579 943 1615 986 is
1645 942 1752 1009 lapis
1781 942 1792 984 i
1824 941 1950 986 nibus

163 1016 396 1084 impervius
427 1016 627 1081 eQam
650 1030 761 1075 aqua
785 1017 1047 1074 privatorum
1066 1016 1236 1061 licentia
1256 1017 1491 1075 intercepta
1511 1032 1598 1077 quo
1618 1018 1775 1076 largior
1795 1023 1838 1062 et
1856 998 1986 1075 plum-'W

163 1091 282 1135 ribus
310 1090 416 1135 locis
446 1091 489 1134 in
518 1090 736 1149 publicum
760 1091 923 1144 flueret,
955 1091 1168 1144 custodes,
1200 1099 1242 1137 et
1262 1093 1456 1137 subsidia
1476 1093 1761 1151 reprimendis
1780 1092 1999 1151 ignibusao

162 1167 204 1210 in
234 1166 458 1225 propatulo
488 1168 673 1225 quisque
702 1166 902 1220 haberet3
941 1181 1021 1211 nec
1050 1168 1348 1213 communione
1377 1169 1606 1227 parietum,
1649 1168 1726 1213 sed
1766 1168 1949 1227 propriis

162 1256 364 1300 quaeque
394 1241 528 1285 muris
549 1241 823 1286 ambirentur.
854 1256 906 1286 ea
927 1256 981 1286 ex
1000 1242 1176 1287 utilitate
1197 1250 1372 1309 accepta
1392 1244 1703 1302 decoreQQo

1737 1257 1791 1287 ue
1811 1257 1973 1308 ῘΙΟΥΞΞἢ

161 1316 258 1361 urbi
287 1316 479 1379 fllffllssse·
511 1319 632 1361 e'rant
660 1324 801 1362 tamen
831 1318 904 1376 qui
926 1307 1151 1362 credffient
1171 1326 1359 1363 veterem
1380 1319 1493 1363 illam
1514 1319 1691 1363 formam
1714 1318 1948 1363 salubritati

145 1388 296 1449 ”magis
326 1392 605 1443 conduxisse,
638 1393 841 1451 quoniam
870 1393 1089 1450 angustiae
1122 1394 1316 1438 itinerum
1348 1401 1390 1438 et
1419 1394 1595 1439 altitudo
1624 1400 1835 1439 tectorum
1864 1407 1948 1438 non

160 1466 340 1526 perinde
374 1467 477 1511 solis
514 1481 674 1526 vapore
711 1475 1109 1526 perrumperentur:
1150 1477 1192 1513 at
1229 1483 1343 1514 nunc
1381 1469 1568 1528 patulam
1604 1469 1868 1514 latitudinem
1907 1475 1949 1513 et
1961 1481 1998 1512 ⁴5

227 1601 258 1633 4.
283 1600 487 1643 edificiorum
510 1601 543 1634 M
569 1618 604 1624 —
636 1602 668 1634 6.
692 1601 798 1642 tyberi
821 1602 854 1636 M
886 1619 922 1625 —
954 1602 1196 1636 subvectassent
1218 1604 1264 1636 G:
1293 1602 1450 1636 subuecta
1470 1606 1573 1637 essent
1594 1604 1645 1642 M3
1675 1602 1951 1636 subvectavissent

162 1656 331 1691 Halmius.
361 1675 394 1680 -
431 1657 463 1689 7.
489 1660 581 1704 certa
603 1657 636 1691 Μ
666 1675 701 1680 ——
738 1658 770 1691 9.
794 1659 865 1691 iwm
894 1666 1051 1698 aqua-—
1067 1660 1203 1700 quisque
1231 1659 1363 1693 haberet
1391 1660 1471 1701 post
1500 1659 1707 1693 ambirentur
1733 1658 1950 1701 transposuit

161 1713 377 1756 Nipperdey.
398 1731 434 1737 —
459 1713 615 1755 larqitior
637 1715 669 1747 M
685 1733 728 1738 —
747 1715 808 1755 plu
824 1715 868 1755 (in
892 1714 961 1747 fine
982 1715 1178 1756 columnae)
1201 1716 1281 1748 locis
1302 1717 1336 1750 M
1363 1734 1398 1739 -
1423 1716 1478 1749 40.
1500 1717 1641 1759 fluerent
1662 1723 1839 1758 superscr.
1857 1718 1871 1747 t
1892 1714 1949 1748 lit-

159 1770 246 1803 teris
268 1773 306 1802 nt
327 1770 361 1803 M
387 1787 423 1793 —
448 1771 613 1810 custodes;
637 1774 667 1803 et
683 1771 732 1813 (ut
746 1771 967 1805 accusativus
983 1773 1131 1805 custodes
1147 1772 1304 1814 pendeat
1318 1781 1338 1806 a
1354 1772 1465 1806 verbo
1481 1772 1665 1806 destinabat
1682 1771 1726 1814 [v.
1744 1771 1791 1815 6])
1813 1772 1947 1810 Haase;

161 1829 198 1859 ut
218 1826 365 1859 custodes
386 1829 417 1859 et
439 1826 605 1859 Faernus.
633 1844 670 1851 —
696 1828 748 1859 44.
774 1829 968 1861 comunione
991 1829 1034 1861 M.

160 1949 269 1979 erecta
298 1954 363 1988 pro
392 1945 526 1988 vulgari
558 1946 730 1987 completa.
755 1965 798 1971 ——
823 1946 1029 1988 cohibitaque

159 1996 386 2039 aedificiorum
407 1996 595 2037 altitudine]
628 1996 728 2036 Quod
757 1997 827 2029 iam
851 1999 932 2030 ante
956 1998 1028 2030 Au-

159 2047 282 2088 gustus
306 2045 457 2086 fecerat,
490 2045 617 2079 eodem
648 2046 737 2087 fine,
770 2047 805 2079 id
829 2049 884 2080 est
906 2047 950 2079 ad
974 2047 1028 2079 in-

160 2095 284 2128 cendia
314 2095 468 2128 arcenda
500 2097 536 2128 et
557 2096 709 2129 maxime
734 2097 864 2130 ruinas.
901 2096 1027 2130 Strabo

158 2147 191 2186 5,
209 2146 242 2186 3,
259 2146 279 2178 7
303 2155 337 2188 p.
355 2146 437 2178 235:
464 2144 561 2192 πρὸς
582 2144 623 2179 δὲ
637 2143 706 2188 τὰς
723 2145 965 2190 συμπτώσεις
981 2143 1028 2179 τὰ

159 2190 246 2239 ὕψη
270 2193 345 2228 τῶν
360 2194 501 2229 καινῶν
518 2194 839 2240 οἰκοδομημάτων
854 2194 1028 2230 καθελών

157 2247 224 2280 καὶ
244 2243 423 2287 κωλύσας
438 2243 599 2292 ἐξαίρειν
615 2245 741 2279 ποδῶν
759 2247 1028 2292 ἑβδομήκοντα

157 2293 204 2329 τὸ
234 2294 329 2343 πρὸς
356 2298 440 2337 ταῖς
470 2291 577 2337 ὁδοῖς
599 2299 683 2338 ταῖς
704 2295 921 2341 δημοσίαις.
958 2298 1027 2330 Sed

160 2348 196 2380 et
218 2347 299 2379 ante
323 2348 518 2388 Augustum
541 2346 685 2380 Rutilius
709 2349 904 2381 orationem
927 2348 1028 2381 dixe-

158 2398 214 2430 rat
235 2396 280 2429 de
297 2396 404 2428 modo
419 2396 674 2430 aedificiorum.
705 2398 746 2430 Et
763 2399 938 2440 Augustus
954 2399 1028 2440 qui-

160 2448 244 2481 dem
284 2446 396 2489 pedes
438 2447 657 2489 septuaginta
697 2447 818 2481 tollere
854 2449 1025 2490 permisit,

159 2498 326 2532 Traianus
350 2496 530 2530 dumtaxat
552 2499 749 2539 sexaginta,
775 2501 813 2530 ut
834 2499 931 2531 notat
946 2499 1025 2532 Sex.

158 2547 320 2582 Aurelius
336 2547 424 2589 Epit.
444 2547 497 2586 43,
522 2548 581 2589 qui
604 2547 731 2580 modus
748 2548 895 2582 fortasse
913 2550 948 2581 et
963 2549 1028 2581 Ne-

157 2599 325 2632 ronianus
355 2597 428 2630 fuit.
454 2598 540 2630 Lirs.
567 2614 602 2620 —
630 2598 816 2638 additisque
835 2599 1026 2641 porticibus]

157 2648 344 2681 Suetonius
367 2648 448 2680 Ner.
474 2655 504 2679 c.
524 2647 584 2679 46:
615 2647 772 2680 Formam
799 2649 1026 2690 aedificiorum

156 2698 248 2730 urbis
275 2706 399 2730 novam
428 2698 646 2739 excogitat-it,
678 2701 708 2730 et
734 2701 771 2730 ut
802 2702 880 2730 ante
901 2699 1027 2730 insulas

157 2757 198 2781 ac
221 2748 333 2780 domos
351 2747 500 2788 porticus
522 2750 642 2787 essent,
668 2748 706 2779 de
729 2757 874 2788 quar-um
895 2748 1027 2780 solariis

157 2797 309 2830 incendia
338 2800 532 2829 arcerentur
540 2807 552 2835 ,·
585 2806 704 2838 easque
725 2801 857 2838 sumptu
879 2807 939 2830 suo
961 2807 1025 2831 ex-

157 2847 275 2880 truxit.
302 2845 352 2879 Cf.
378 2846 513 2879 Becker
528 2847 645 2879 Gallus
660 2847 727 2888 (ed.
747 2846 817 2888 alt.)
835 2848 882 2887 ll,
906 2856 940 2890 p.
960 2848 1024 2881 200

157 2906 212 2939 sq.
233 2913 268 2920 —
293 2905 379 2928 saxo
402 2897 540 2937 Gabino]
565 2897 690 2930 Strabo
713 2899 745 2935 5.
771 2898 802 2938 3,
823 2898 862 2930 40
885 2907 920 2940 p.
939 2898 1022 2930 238:

157 2945 295 2987 Γάβιοι
321 2945 394 2988 μὲν
422 2945 463 2979 ἐν
491 2946 537 2991 τῇ
562 2947 815 2995 Πραινεστίνῃ
844 2943 918 2992 ὁδῷ
946 2958 1025 2981 κει-

157 2998 273 3040 μένη,
298 2994 482 3039 λατέμιον
504 2995 653 3036 οἔχουσα
668 2995 860 3045 ὑπουργὸν
876 2996 921 3045 τῇ
934 2994 1025 3030 Ῥώ-

158 3059 213 3095 μῃ
234 3044 405 3090 μάλιστα
426 3045 502 3079 τῶν
524 3043 660 3080 ἄλλων.
690 3067 725 3072 -
756 3049 939 3090 Albanove]
970 3049 1026 3081 Vi-

159 3097 293 3130 truvius
316 3097 348 3134 2,
368 3097 405 3128 7:
432 3097 516 3129 Sunt
538 3098 625 3130 aliae
649 3097 879 3139 (lapicidinae)
901 3098 1024 3138 molles,

158 3147 209 3179 uti
221 3150 297 3179 sunt
310 3148 403 3179 circa
417 3147 531 3179 urbem
546 3164 564 3171 —
575 3165 594 3172 —
606 3148 788 3187 Fidenates,
805 3148 962 3181 Albanae.
979 3164 1024 3171 ——

162 3197 332 3230 Tiburtina
360 3207 438 3230 vero
470 3198 575 3238 (saxa)
610 3201 640 3230 et
671 3206 756 3237 quae
776 3199 888 3230 eodem
909 3207 1026 3239 yenere

159 3250 235 3278 sunt
262 3247 374 3280 omnia
389 3264 438 3271 ·--
454 3246 497 3279 ab
523 3247 594 3288 iani
623 3256 689 3279 non
708 3251 844 3288 possunt
865 3256 931 3280 esse
953 3250 1026 3280 tuta

159 3296 320 3336 simulque
341 3300 378 3329 ut
398 3299 475 3329 sunt
493 3296 535 3329 ab
549 3305 587 3328 eo
602 3299 710 3335 tacta,
735 3296 899 3330 dissiliunt
912 3300 943 3329 et
957 3297 1026 3329 dis-

159 3345 324 3386 sipantur.
359 3364 395 3369 -
430 3346 628 3388 intercepta]
670 3346 760 3378 clam
794 3346 946 3380 deducta
982 3356 1025 3379 ex

161 3394 440 3436 aquaeductibus
469 3395 630 3438 publicis.
666 3414 700 3419 —
736 3396 900 3438 custodes]
935 3405 1024 3438 quos

159 3445 365 3479 castellarius
396 3455 417 3479 a
451 3446 601 3481 castellis
642 3455 814 3489 aquarum
849 3446 1026 3482 vocabant

1080 1948 1198 1988 (Inscr.
1226 1949 1299 1981 Lat.
1318 1957 1352 1981 n.
1371 1947 1469 1988 2899,
1495 1946 1556 1980 ubi
1570 1947 1610 1980 ut
1624 1947 1717 1981 servi
1733 1955 1863 1980 munus
1878 1946 1948 1980 hoc

1079 1998 1306 2039 memoratur)
1332 1998 1438 2040 atque
1462 1997 1610 2031 eosdem
1633 1998 1797 2039 aquarios
1820 1998 1946 2039 (Inscr.

1078 2049 1150 2080 Lat.
1179 2058 1213 2081 n.
1238 2048 1349 2090 3203),
1375 2048 1536 2081 diversos
1560 2048 1681 2090 utique
1705 2057 1724 2080 a
1747 2046 1859 2081 multo
1882 2048 1949 2080 ho-

1078 2097 1310 2138 nestioribus,
1337 2106 1427 2140 quos
1450 2098 1662 2140 interpretes
1685 2098 1720 2130 b.
1740 2096 1763 2130 1.
1788 2105 1872 2131 cum
1887 2105 1948 2130 ca-

1078 2147 1239 2181 stellariis
1271 2147 1509 2189 confundunt,
1541 2147 1751 2180 curatoribus
1780 2156 1950 2188 aquarum

1078 2199 1200 2240 (lusor.
1235 2199 1306 2231 Lat.
1341 2207 1399 2231 nn.
1434 2198 1488 2230 60.
1514 2198 1589 2231 753.
1618 2198 1713 2231 4495.
1739 2197 1855 2238 3042),
1888 2198 1948 2240 qui

1078 2248 1364 2290 aquaeductuum
1388 2247 1702 2281 sustentandorum
1725 2256 1767 2281 ac
1789 2248 1949 2281 reficien-

1078 2298 1225 2339 dorum,
1257 2297 1318 2330 ubi
1342 2306 1431 2340 opus
1456 2299 1549 2338 erat,
1583 2306 1668 2331 cura
1699 2297 1946 2339 fungebantur,

1076 2349 1126 2381 uti
1149 2350 1297 2391 apparet
1319 2357 1361 2380 ex
1385 2350 1494 2381 Inscr.
1522 2349 1594 2381 Lat.
1613 2357 1647 2381 n.
1667 2347 1764 2388 3887,
1788 2347 1850 2380 ubi
1865 2347 1948 2380 Alli-

1078 2398 1178 2431 fanus
1202 2397 1326 2440 aliquis
1349 2399 1586 2438 memoratur,
1619 2398 1679 2440 qui
1703 2399 1738 2430 et
1761 2396 1846 2431 alios
1869 2406 1948 2430 ma-

1077 2448 1243 2489 gistratus
1266 2447 1497 2490 municipales
1521 2448 1630 2489 gessit
1645 2449 1682 2480 et
1697 2447 1758 2480 fuit
1777 2448 1945 2481 CVRator.

1076 2499 1230 2540 AQVAE.
1255 2498 1504 2532 DVCENDAE.
1528 2498 1702 2531 ALLIF'IS.
1727 2497 1947 2531 Vocabulum

1076 2550 1222 2581 custodes
1246 2558 1313 2591 per
1341 2557 1489 2590 zeugma
1513 2549 1623 2581 iunxit
1646 2557 1728 2581 cum
1750 2548 1861 2582 verbo
1883 2549 1948 2581 ha-

1076 2599 1165 2631 beret
1191 2599 1303 2632 vitans
1330 2598 1517 2632 verbosius
1546 2598 1630 2631 illud
1657 2599 1803 2632 custodes
1825 2598 1947 2631 consti-

1076 2651 1257 2681 tuerentur.
1287 2666 1320 2671 —-
1352 2647 1515 2690 subsidia]
1551 2649 1718 2691 siphones
1753 2649 1788 2681 et
1821 2648 1946 2681 hamas

1077 2698 1171 2739 (Plin.
1190 2699 1277 2740 Epp.
1297 2698 1350 2738 40,
1366 2698 1418 2739 42)
1429 2723 1436 2736 ‚
1463 2707 1555 2739 quae
1571 2697 1757 2731 humiliora
1773 2695 1946 2731 vocabula

1075 2747 1227 2782 declinat
1249 2746 1506 2795 παραφράσει.
1528 2767 1564 2771 -
1581 2749 1616 2781 in
1635 2748 1828 2790 propatulo]
1845 2749 1884 2780 ut
1899 2747 1944 2780 ab

1075 2800 1127 2839 iis,
1155 2799 1215 2840 qui
1231 2797 1396 2831 auxilium
1413 2798 1557 2838 ferrent,
1576 2797 1675 2831 facile
1690 2799 1943 2840 reperirentur.

1077 2866 1113 2872 —
1142 2858 1202 2881 nec
1231 2849 1457 2881 communione
1480 2849 1651 2889 parietum
1674 2848 1756 2890 cet]
1781 2849 1946 2881 Commu-

1077 2900 1133 2931 nio
1157 2899 1328 2940 parietum
1358 2899 1428 2931 iam
1453 2897 1536 2931 olim
1559 2899 1684 2939 vetita,
1714 2898 1863 2940 legeque
1884 2898 1946 2931 XII

1075 2947 1277 2981 tabularum
1305 2949 1498 2989 sancitum,
1526 2949 1566 2981 ut
1594 2949 1747 2990 spatium
1770 2948 1862 2980 inter
1884 2947 1946 2980 do-

1075 3007 1155 3031 mus
1176 2997 1352 3031 insulasve
1375 2999 1411 3031 in
1433 2997 1652 3031 latitudinem
1668 2998 1758 3031 duos
1780 2997 1893 3040 pedes
1910 2998 1946 3030 et

1075 3049 1263 3081 semissem
1277 3050 1414 3090 pateret
1427 3048 1472 3081 ad
1486 3048 1688 3082 liberiorem
1701 3048 1944 3082 circumeundi

1076 3097 1297 3131 facultatem:
1334 3099 1476 3132 ambitus
1505 3099 1674 3140 parietum
1700 3099 1865 3131 sestertius
1885 3107 1945 3140 pes

1075 3151 1151 3180 esto.
1176 3149 1278 3181 Bnor.
1305 3148 1354 3182 Cf.
1374 3149 1522 3182 Dirksen
1544 3149 1607 3181 XII
1620 3148 1733 3188 Tafeln
1755 3157 1789 3189 p.
1809 3146 1883 3180 465.
1905 3165 1940 3171 —

1076 3197 1238 3240 quaeque]
1274 3197 1347 3231 scil.
1384 3198 1555 3232 aedificia.
1591 3215 1627 3221 —
1660 3196 1810 3239 accepta]
1845 3197 1941 3238 grata

1075 3247 1190 3289 vulgo,
1215 3249 1254 3281 ut
1275 3249 1307 3289 6,
1325 3248 1386 3282 43:
1411 3249 1577 3290 acceptius
1597 3248 1633 3280 in
1653 3248 1800 3289 vulqum.
1822 3264 1857 3270 —
1883 3255 1944 3279 an-

1073 3298 1202 3339 qustiac
1222 3299 1379 3332 itinerum
1394 3298 1476 3340 cet]
1500 3299 1539 3331 ut
1560 3298 1595 3330 in
1612 3296 1776 3329 omnibus
1791 3297 1942 3339 antiquis

1075 3347 1211 3389 oppidis
1231 3347 1375 3389 Italicis,
1401 3349 1507 3381 etiam
1524 3347 1718 3388 Pompeiis;
1745 3347 1780 3378 et
1794 3346 1941 3388 quidem

1073 3398 1220 3439 propter
1249 3406 1374 3431 causas
1401 3399 1458 3431 hic
1482 3396 1621 3437 allatas,
1651 3405 1722 3438 quo
1745 3395 1828 3430 solis
1850 3397 1939 3430 radii

1073 3449 1291 3490 arcerentur,
1316 3448 1395 3497 plus
1416 3447 1625 3481 umbrarum
1648 3446 1892 3491 praeberetur.
