2254 3770
645 307 802 352 LIBER
828 305 931 351 XIV.
975 305 1076 364 Cap.
1106 305 1173 349 34.
1203 303 1271 348 35.
1301 303 1367 348 36.
1398 303 1465 348 37.
1859 301 1940 346 465

167 415 292 460 tantis
320 414 552 459 maioribus
582 420 716 459 ortam
746 427 925 471 regnum
954 418 997 457 et
1025 426 1152 470 opes,
1193 427 1343 457 verum
1372 419 1419 457 ut
1447 425 1576 456 unam
1603 425 1628 456 e
1657 410 1784 469 vulgo
1813 409 1943 456 liber-

165 497 295 534 tatem
322 490 540 542 amissam,
573 490 811 535 confectum
839 488 1091 533 verberibus
1120 501 1298 546 corpus,
1331 493 1631 533 contrectatam
1653 486 1834 531 filiarum
1862 501 1943 545 pu—

165 565 350 610 dicitiam
378 565 541 610 ulcisci.
573 579 626 609 eo
655 571 882 624 provectas
901 566 1187 608 Romanorum
1217 563 1460 622 cupidines,
1492 569 1641 607 utnon
1663 575 1856 620 corpora,
1887 575 1942 606 ne

163 647 380 685 senectam
416 641 590 699 quidem
630 647 703 684 aut
729 640 1009 698 virginitatem
1043 638 1292 697 inpollutam
1323 639 1572 697 relinquant.
1619 638 1773 683 adesse
1801 644 1943 682 tamen

165 715 271 760 deos
301 717 437 760 iustae
465 716 699 760 vindictae:
732 715 941 760 cecidisse
971 714 1183 772 legionem
1206 728 1319 772 quae
1347 714 1558 772 proelium
1588 728 1691 758 ausa
1721 714 1798 767 sit;
1829 719 1973 757 cete-⁵

163 805 235 835 ros
272 791 423 836 castris
460 791 662 835 occultari
700 797 772 835 aut
806 790 946 849 fugam
976 790 1320 848 circumspicere.
1361 804 1416 834 ne
1446 790 1670 848 strepitum
1698 788 1874 848 quidem
1903 794 1946 832 et

163 865 392 910 clamorem
428 873 489 911 tot
526 866 709 919 milium,
751 865 910 910 nedum
946 866 1129 924 impetus
1167 871 1211 909 et
1244 878 1394 909 manus
1429 865 1682 923 perlaturos.
1726 865 1761 908 si
1800 863 1945 922 copias

164 949 441 994 armatorum,
479 942 514 986 si
546 956 698 986 causas
729 941 827 986 belli
857 955 1005 986 secum
1034 940 1342 998 expenderent,
1374 940 1628 985 vincendum
1658 940 1727 984 illa
1756 940 1848 984 acie
1877 938 1945 983 vel

165 1017 404 1062 cadendum
435 1031 544 1062 esse.
578 1017 620 1061 id
650 1016 816 1061 mulieri
846 1017 1123 1060 destinatum:
1154 1017 1347 1063 viverent
1364 1016 1444 1060 viri
1464 1023 1507 1060 et
1526 1017 1743 1060 servirent.
1789 1016 1870 1072 (36)
1892 1028 1945 1059 ne

165 1093 393 1137 Suetonius
423 1093 599 1151 quidem
627 1093 670 1135 in
701 1099 816 1137 tanto
847 1092 1092 1136 discrimine
1122 1092 1286 1136 silebat.
1318 1106 1578 1150 quamquam
1599 1091 1833 1136 confideret
1860 1091 1996 1133 vir-⁴0

164 1169 258 1221 tuti,
290 1175 431 1213 tamen
463 1167 779 1213 exhortationes
809 1174 851 1212 et
879 1181 1033 1226 preces
1053 1166 1279 1219 miscebat,
1310 1174 1357 1211 ut
1376 1173 1630 1226 spernerent
1649 1180 1827 1211 sonores
1847 1166 1946 1210 bar-

164 1244 367 1289 barorum
405 1251 447 1289 et
483 1245 632 1288 inanes
670 1244 820 1288 minas.
863 1243 960 1301 plus
990 1243 1076 1288 illic
1103 1243 1354 1287 feminarum
1383 1257 1513 1302 quam
1541 1243 1770 1287 iuventutis
1799 1242 1946 1300 aspici.

164 1320 344 1365 inbelles
385 1320 570 1364 inermes
617 1333 817 1364 cessuros
856 1320 1013 1370 statim,
1059 1318 1133 1362 ubi
1177 1318 1336 1362 ferrum
1369 1319 1654 1377 virtutemque
1689 1318 1947 1363 vincentium

163 1395 318 1439 totiens
357 1395 438 1439 fusi
475 1395 759 1454 agnovissent.
789 1395 917 1439 etiam
946 1395 989 1437 in
1018 1393 1160 1438 multis
1189 1393 1428 1451 legionibus
1457 1407 1640 1452 paucos,
1682 1395 1755 1452 qui
1785 1392 1948 1451 proelia

164 1470 458 1529 profligarent,
488 1470 735 1529 gloriaeque
762 1484 912 1514 eorum
935 1483 1230 1521 accessurum,
1262 1469 1378 1528 quod
1399 1469 1568 1514 modica
1586 1483 1739 1513 manus
1759 1468 1998 1513 universim

166 1547 379 1591 exercitus
420 1546 575 1590 famam
618 1546 969 1604 adipiscerentur.
1015 1545 1191 1589 conferti
1229 1550 1391 1588 tantum
1420 1551 1462 1589 et
1497 1545 1593 1603 pilis
1623 1544 1811 1597 emissis,
1851 1550 1949 1603 post

166 1621 424 1666 umbonibus
456 1628 498 1666 et
526 1621 678 1680 gladiis
707 1627 891 1679 stragem
912 1620 1177 1678 caedemque
1198 1621 1507 1672 continuarent,
1535 1612 1723 1678 piaedae
1744 1620 1949 1664 inmemo-

166 1711 260 1742 res:
290 1703 412 1756 parta
439 1697 616 1741 victoria
646 1704 797 1753 cuncta
823 1697 928 1755 ipsis
950 1709 1137 1741 cessura.
1173 1696 1209 1739 is
1229 1696 1359 1739 ardor
1376 1695 1510 1740 verba
1530 1696 1652 1740 ducis
1673 1695 1946 1754 sequebatur,

166 1773 237 1823 ita?
262 1786 310 1816 se
345 1772 399 1816 ad
438 1772 722 1831 intorquenda
759 1772 844 1830 pila
879 1771 1127 1830 expedierat
1155 1777 1277 1816 vetus
1306 1771 1430 1815 miles
1459 1777 1501 1815 et
1528 1770 1660 1815 multa
1687 1771 1949 1829 proeliorum

169 1848 451 1906 experientia,
495 1854 541 1891 ut
569 1855 711 1892 certus
741 1854 919 1892 eventus
950 1848 1178 1892 Suetonius
1208 1846 1329 1891 daret
1356 1861 1527 1904 pugnae
1558 1847 1737 1906 signum.
1785 1847 1866 1904 (37)
1898 1853 2000 1891 ac2⁰

166 1923 350 1981 primum
392 1923 504 1981 legio
539 1922 675 1982 gradu
713 1924 870 1967 inmota
906 1929 949 1967 et
984 1922 1199 1981 angustias
1235 1922 1318 1966 loci
1348 1937 1427 1981 pro
1456 1922 1718 1966 munimento
1747 1922 1948 1975 retinens,

230 2085 263 2120 2.
287 2090 525 2120 contrectatam
547 2088 592 2120 G:
617 2090 818 2120 concreatum
839 2087 875 2121 M
892 2104 928 2110 —
954 2087 986 2120 3.
1010 2096 1052 2120 ne
1072 2087 1274 2121 Ernestius:
1299 2095 1359 2121 nec
1380 2087 1414 2121 M
1437 2105 1472 2112 —
1499 2088 1531 2121 ὅ.
1553 2072 1602 2120 ’(ἷέ
1615 2087 1650 2122 Μ
1675 2105 1711 2110 -
1734 2087 1900 2129 praelium
1914 2087 1949 2122 M

166 2161 210 2168 —
237 2143 270 2176 7.
298 2144 428 2177 milium
457 2145 615 2187 Lipsius:
650 2145 794 2178 militum
822 2145 856 2178 M
889 2162 925 2168 --
956 2145 988 2177 9.
1013 2145 1099 2177 uiris
1127 2145 1161 2178 M
1187 2163 1223 2168 —
1254 2145 1306 2178 40.
1333 2153 1437 2187 quoem
1462 2145 1512 2184 M;
1544 2145 1602 2186 qui
1629 2153 1834 2186 quamquam
1857 2145 1884 2177 G
1909 2162 1946 2168 —

167 2200 221 2232 44.
243 2197 317 2240 ᾖσσε
339 2201 372 2234 M
397 2216 432 2224 —
460 2199 514 2233 44.
535 2209 662 2242 paucos
684 2201 742 2242 qui
763 2201 815 2234 M:
834 2209 964 2242 paucos
985 2209 1052 2234 esse
1074 2202 1131 2242 qui
1154 2199 1222 2233 alii.
1249 2218 1285 2224 —
1306 2201 1442 2242 praelia
1463 2202 1497 2236 M
1520 2218 1556 2225 —
1584 2202 1637 2234 45.
1661 2201 1830 2244 yloriequo
1850 2201 1884 2235 M
1910 2218 1946 2224 —

166 2264 368 2289 accesseram
384 2257 461 2299 (sic)
477 2258 511 2291 M
527 2275 563 2281 -
590 2258 643 2291 46.
667 2258 763 2300 fama
782 2258 816 2292 M
841 2276 877 2295 —,
903 2258 957 2291 48.
980 2258 1056 2299 ipsa
1077 2258 1119 2290 iis
1133 2257 1356 2291 Doederlein.
1377 2277 1413 2282 —
1438 2258 1543 2291 ardor
1565 2267 1608 2291 ex
1623 2266 1715 2291 corr.
1733 2258 1786 2298 M3
1810 2257 1950 2291 videtur

166 2311 274 2346 fuisse
297 2313 390 2347 ordo.
416 2331 453 2337 -
478 2313 533 2347 49.
553 2314 762 2355 praeliorum
783 2314 818 2348 M
843 2332 879 2339 -
904 2314 959 2347 20.
982 2317 1115 2348 eventus
1134 2314 1342 2348 Rhenanus:
1368 2318 1487 2348 euerttu
1507 2315 1542 2349 M
1565 2332 1601 2338 —
1627 2310 1709 2348 dare
1730 2315 1776 2349 M.

211 2449 265 2484 34.
291 2454 415 2492 quarta
446 2452 585 2485 decima
610 2452 710 2495 leqio]
735 2453 944 2495 cognomine
968 2453 1034 2486 Ge-

166 2501 271 2534 mina.
287 2518 323 2524 —
341 2510 417 2534 cum
430 2502 617 2535 vexillariis
629 2503 847 2547 vicesimanis]
863 2505 886 2536 i.
901 2513 932 2537 e.
950 2513 1033 2538 cum

169 2550 307 2585 delecto
331 2561 479 2586 numero
502 2552 646 2595 legionis
668 2554 858 2588 vicesimae
874 2554 1033 2588 Valeriae

168 2600 339 2635 victricis.
365 2602 452 2635 Vide
475 2602 521 2636 ad
545 2603 576 2643 4,
601 2603 653 2636 38.
682 2621 719 2627 —
744 2605 856 2637 anirno
880 2606 962 2638 adeo
982 2606 1034 2645 fc·-

167 2650 249 2693 roci]
274 2652 336 2684 «Et
355 2653 553 2695 proprietas
568 2653 759 2687 verborum
784 2656 819 2687 et
835 2655 1032 2697 euphoniae

168 2701 256 2734 ratio
280 2701 407 2735 suadet
428 2703 510 2736 adeo
530 2703 651 2745 feroci:
676 2704 747 2737 vid.
765 2705 895 2746 Synon.
914 2705 987 2737 Lat.
1005 2706 1031 2746 Ι,

168 2759 205 2793 p.
230 2749 284 2784 43.
309 2752 372 2792 111,
397 2761 431 2794 p.
457 2753 555 2786 307.»
580 2754 688 2786 Dossn.
724 2755 814 2787 Sane
838 2755 943 2788 totius
965 2754 1033 2787 loci

169 2801 257 2833 ratio
289 2803 325 2834 et
354 2804 527 2836 sententia
551 2812 622 2836 non
645 2805 717 2837 tam
740 2804 884 2838 feritatis
908 2799 953 2838 ef
965 2805 1033 2838 im—

169 2851 346 2884 manitatis
380 2854 755 2887 commemorationem
783 2855 896 2898 poscit
926 2865 1033 2898 quam

171 2900 322 2934 ferociae
346 2903 382 2934 et
403 2902 603 2945 superbiae.
631 2922 667 2928 —
691 2905 916 2947 plaustrisque
939 2907 1033 2948 inpo-

170 2951 300 2993 nerent]
336 2951 500 2985 Similiter
528 2953 622 2996 apud
649 2954 832 2996 Cimbros,
866 2957 1032 2989 narrante

171 2999 357 3033 Plutarcho
391 3002 427 3034 in
459 3003 566 3035 Mario
599 3004 658 3044 27,
695 3004 739 3036 αἱ
768 3007 945 3048 γυναῖκες
971 3005 1033 3039 ἐπὶ

171 3049 247 3084 τῶν
257 3047 416 3095 ἁμαξῶν
430 3051 732 3096 μελανείμονες
713 3052 931 3095 εφεστῶσαι
944 3054 1035 3098 τους

172 3098 387 3184 φεύγονλτας
421 3102 663 3145 (Cimbrorum
703 3105 876 3147 ipsorum)
914 3101 1034 3139 ἐκτει-

172 3159 240 3183 νον
261 3161 307 3185 κτ
334 3177 341 3185 .

217 3200 271 3234 35.
295 3201 495 3244 feminarum
517 3202 617 3234 ductu
643 3202 780 3244 bellare]
812 3203 862 3237 Cf.
886 3204 968 3246 Agr.
993 3205 1034 3238 46

175 3251 212 3283 et
226 3250 279 3284 34.
299 3267 335 3275 ·-
361 3252 416 3285 sed
436 3255 514 3285 tunc
533 3260 600 3284 non
615 3252 698 3294 cet]
722 3253 858 3286 Dictum
875 3255 930 3287 est
944 3257 1034 3296 tunc,

175 3300 296 3341 utpote
319 3301 355 3334 in
377 3302 533 3334 oratione
552 3300 711 3343 obliqua.
738 3310 780 3335 ex
802 3303 922 3336 mente
945 3304 1035 3336 scri-

176 3349 304 3391 ptoris,
319 3358 384 3393 pro
399 3359 470 3393 quo
485 3360 574 3384 nunc
587 3350 778 3384 dicendum
793 3353 870 3385 erat
884 3361 927 3385 ex
942 3353 1035 3386 Bou-

177 3398 303 3433 diccae'
330 3403 463 3435 mente.
499 3401 549 3435 Cf.
575 3401 608 3442 3,
632 3401 686 3434 64.
717 3402 750 3442 6,
773 3402 827 3435 24.
858 3402 912 3443 46,
937 3402 969 3436 3.
996 3420 1032 3427 -

174 3449 419 3492 contractam]
433 3449 598 3485 violatam
612 3460 621 3492 ς
639 3459 684 3485 ex
699 3459 766 3485 usu
779 3452 848 3486 iam
864 3450 1034 3491 Plautino.

244 3510 386 3546 uenus
406 3512 434 3546 1.

1083 2453 1132 2485 lta
1157 2454 1192 2486 et
1214 2452 1401 2486 Suetonius
1423 2453 1552 2486 Domit.
1574 2453 1614 2485 4ε
1640 2453 1847 2486 contrectatis
1860 2454 1950 2486 mul-

1082 2506 1192 2536 torum
1213 2502 1376 2536 umoribus
1390 2503 1576 2536 Domitiam
1588 2503 1775 2546 Longinam
1785 2521 1804 2528 -
1815 2521 1834 2528 -
1848 2504 1950 2537 etiam

1082 2553 1118 2585 in
1132 2553 1383 2586 matrimonium
1398 2552 1552 2586 abduxit.
1573 2570 1609 2577 —
1627 2555 1676 2586 tot
1691 2553 1831 2596 milium]
1853 2554 1950 2587 Bou-

1083 2602 1205 2636 diccae
1230 2604 1424 2635 exercitum
1447 2602 1553 2636 fnisse
1577 2604 1721 2636 centum
1739 2604 1858 2645 viginti
1880 2603 1949 2636 mi-

1082 2653 1167 2687 lium
1201 2654 1286 2686 dicit
1318 2655 1382 2687 Dio
1414 2654 1474 2695 62,
1498 2655 1531 2687 2.
1567 2654 1667 2688 Idem
1694 2663 1725 2688 c.
1750 2655 1789 2688 8:
1824 2654 1948 2688 Βουν-

1082 2703 1218 2738 δουὶκα
1242 2705 1361 2747 (sociis
1385 2703 1518 2739 scilicet
1541 2705 1664 2746 aucta)
1693 2704 1734 2747 ἐς
1760 2707 1860 2763 τρεῖς
1882 2706 1949 2738 καὶ

1082 2753 1205 2787 εἴκοσι
1214 2752 1415 2813 μυριάδας
1437 2750 1584 2812 ἀνδρῶν
1601 2753 1819 2802 στράτευμα
1835 2765 1948 2795 εχου-

1083 2814 1151 2845 σα,
1177 2800 1275 2848 αὐτὴ
1298 2804 1370 2848 μὲν
1392 2803 1454 2846 ἐφ
1478 2799 1652 2851 ἅρματος
1674 2804 1829 2847 ὠχεῖτο,
1857 2802 1948 2846 τοὺς

1081 2852 1112 2887 δ
1116 2849 1256 2896 ἄλλους
1277 2850 1330 2896 ὥς
1351 2851 1540 2896 ἑκάστους
1561 2853 1741 2898 διέταξεν.

1127 2956 1179 2989 36.
1204 2954 1348 2997 sonores]
1365 2954 1418 2991 Cf.
1437 2955 1468 2996 4,
1488 2955 1546 2988 65:
1572 2956 1660 2988 truci
1680 2964 1808 2989 sonore.
1832 2955 1865 2996 4,
1884 2954 1945 2989 48:

1081 3014 1233 3038 sonorem
1254 3005 1392 3038 alter-ius
1409 3006 1541 3046 proelii.
1569 3007 1621 3039 De
1637 3006 1692 3040 his
1707 3005 1894 3040 sonoribus
1911 3006 1947 3038 et

1083 3056 1187 3088 minis
1210 3055 1273 3087 Dio
1297 3055 1350 3095 62,
1374 3055 1433 3088 ⁴2:
1463 3053 1670 3099 συνῆλθον,
1696 3055 1736 3088 οἱ
1754 3055 1826 3099 μὲν
1848 3052 1947 3112 βάρ-

1082 3103 1198 3151 βαροι
1226 3101 1372 3151 κραυγῇ
1400 3113 1441 3138 τε
1470 3103 1590 3151 πολλῇ
1613 3105 1679 3138 καὶ
1701 3101 1816 3148 ᾠδαῖς
1837 3100 1946 3137 ἀπει-

1083 3153 1253 3198 λητικαϊς
1284 3152 1492 3201 χρώμενοι,
1529 3155 1570 3188 οἱ
1588 3153 1629 3188 δὲ
1652 3151 1832 3198 Ῥωμαῖοι
1855 3152 1946 3203 σιγῇ

1083 3205 1148 3237 καὶ
1170 3202 1325 3248 κόσμῳ,
1348 3205 1484 3252 μέχρις
1507 3197 1554 3238 οὗ
1572 3204 1611 3245 ἐς
1626 3200 1807 3238 ἀκοντίου
1821 3190 1947 3248 βολὴν

1074 3242 1283 3295 ἀφίκοντο.
1311 3272 1347 3278 -
1374 3254 1611 3298 profligarent]
1643 3255 1679 3286 h.
1703 3253 1726 3286 l.
1751 3253 1847 3287 idem
1870 3254 1945 3288 fere

1084 3305 1189 3346 atque
1216 3304 1428 3346 conticerent,
1460 3304 1525 3336 etsi
1555 3304 1601 3336 ita
1625 3303 1804 3344 distinguit
1824 3303 1946 3338 Florus

1083 3353 1124 3394 2,
1163 3353 1224 3387 425:
1260 3355 1370 3394 primo
1407 3357 1550 3394 tempore
1586 3353 1792 3386 commissum
1827 3353 1946 3388 bouum

1084 3403 1297 3446 (Punicum),
1322 3404 1541 3446 profligatum
1565 3403 1723 3444 secundo,
1748 3404 1844 3437 tortio
1867 3413 1946 3437 vero

1083 3452 1276 3495 confectam.
1310 3452 1363 3486 Cf.
1388 3451 1472 3485 Gell.
1497 3452 1538 3486 N.
1561 3452 1602 3485 A.
1627 3452 1686 3495 46,
1711 3453 1744 3486 δ.
1771 3470 1809 3478 -
1839 3457 1948 3487 cortus

1566 3512 1622 3556 30
