2254 3770
233 266 235 268 ’
281 290 363 334 534

759 292 804 334 P.
836 290 1086 335 CORNELII
1117 291 1287 335 TACITI
1318 292 1584 336 ANNALIUM

284 403 556 455 praesentem
589 396 879 441 fortitudinem
909 396 1092 440 mollitus
1122 404 1242 454 rogat
1271 403 1468 455 oratque,
1502 405 1760 455 temperaret
1789 397 1982 442 dolorem
2005 388 2077 442 aess

286 479 453 517 ternum
484 472 724 530 suscipere,
770 471 848 515 sed
878 472 919 514 in
951 472 1308 529 contemplatione
1338 473 1450 516 vitae
1479 487 1558 530 per
1587 474 1783 517 virtutem
1814 481 1933 517 actae
1964 473 2078 517 desi-

286 547 454 591 derium
486 548 620 590 mariti
653 547 825 591 solaciis
853 546 1045 590 honestis
1074 547 1286 591 toleraret.
1318 547 1387 591 illa
1418 555 1565 592 contra
1594 547 1675 591 sibi
1697 563 1872 607 quoque
1893 548 2079 592 destina-

286 630 371 666 tam
403 629 582 666 mortem
613 621 841 666 adseverat
872 636 1129 680 manumque
1160 623 1429 680 percussoris
1451 623 1656 680 exposcit.
1687 629 1775 667 tum
1797 625 1963 668 Seneca
1990 623 2080 682 glo-

256 699 376 741 5riae
407 698 501 740 eius
533 711 616 740 non
648 697 875 748 adversus,
909 697 1033 741 simul
1064 712 1232 749 amore,
1264 712 1318 741 ne
1351 698 1431 741 sibi
1462 699 1588 742 unice
1609 698 1807 743 dilectam
1827 699 1880 742 ad
1903 699 2080 743 iniurias

286 772 565 830 relinqueret,
615 772 789 816 «vitae»
834 772 968 830 inquit
1011 772 1327 817 «delenimenta
1356 780 1689 818 monstraveram
1720 774 1814 826 tibi,
1860 781 1904 817 tu
1934 774 2082 818 mortis

288 848 422 892 decus
452 848 600 891 mavis.
633 861 718 890 non
749 847 950 891 invidebo
982 848 1191 906 exemplo.
1224 849 1278 891 sit
1300 848 1424 892 huius
1446 857 1531 891 tam
1552 849 1668 892 fortis
1690 849 1828 893 exitus
1849 849 2083 893 constantia

288 937 424 981 penes
455 930 662 980 utrosque
694 937 781 980 par,
814 922 1076 966 claritudinis
1107 923 1202 981 plus
1235 924 1276 966 in
1307 930 1380 967 tuo
1410 924 1534 967 fine.»
1569 931 1666 982 post
1686 938 1798 982 quae
1821 924 1976 968 eodem
1999 925 2083 968 ictu

289 998 464 1042 brachia
495 998 608 1041 ferro
639 998 876 1042 exsolvunt.
922 999 1108 1048 Seneca,
1150 999 1354 1057 quoniam
1387 999 1519 1043 senile
1551 1013 1709 1057 corpus
1740 1006 1782 1044 et·
1810 992 2083 1058 parco'victu

240 1088 276 1117 ιο
290 1081 507 1118 tenuatum
545 1073 656 1117 lenta
694 1073 850 1132 effugia
880 1074 1075 1131 sanguini
1106 1074 1356 1132 praebebat,
1400 1089 1570 1118 crurum
1602 1089 1777 1133 quoque
1807 1081 1850 1119 et
1879 1074 2083 1133 poplitum

290 1164 422 1194 venas
452 1149 679 1207 abrumpit.
719 1149 948 1207 saevisque
980 1149 1239 1193 cruciatibus
1269 1150 1482 1201 defessus,
1522 1164 1575 1194 ne
1608 1149 1757 1194 dolore
1788 1163 1868 1193 suo
1897 1150 2084 1194 animum

290 1225 436 1269 uxoris
467 1224 715 1281 infringeret
743 1230 872 1282 atque
903 1225 995 1282 ipse
1026 1225 1207 1268 visendo
1239 1225 1333 1268 eius
1362 1231 1573 1268 tormenta
1603 1225 1655 1269 ad
1688 1225 1978 1283 inpatientiam
2008 1225 2086 1269 de-

292 1300 524 1351 laberetur,
568 1300 720 1343 suadet
758 1300 801 1342 in
841 1299 958 1343 aliud
988 1299 1232 1344 cubiculum
1263 1299 1512 1344 abscedere.
1560 1307 1602 1343 et
1641 1300 1873 1344 novissimo
1911 1310 2086 1359 quoque

291 1383 507 1419 momento
538 1375 838 1433 suppeditante
870 1374 1133 1432 eloquentia,
1166 1375 1385 1419 advocatis
1416 1375 1696 1432 scriptoribus
1727 1375 1932 1434 pleraque
1956 1374 2086 1419 tradi-

244 1463 279 1493 ia
293 1452 370 1503 dit,
403 1465 516 1510 quae
548 1451 589 1493 in
618 1451 772 1508 vulgus
803 1450 918 1494 edita
949 1445 1042 1494 eius
1074 1450 1216 1494 verbis
1248 1452 1458 1494 invertere
1483 1450 1764 1508 supersedeo.
1811 1451 1892 1507 (64)
1914 1457 1958 1494 at
1975 1451 2088 1495 Nero

359 1561 390 1594 4.
415 1560 642 1602 fortitudinem
666 1559 716 1592 M:
746 1559 957 1601 formidinem
986 1558 1059 1598 alii;
1090 1559 1262 1600 fortunam
1285 1559 1411 1591 Haase.
1439 1576 1474 1581 —
1508 1559 1540 1591 2.
1566 1559 1731 1599 suscipere
1754 1559 1778 1591 1.
1798 1559 1852 1592 Fr.
1871 1559 2086 1592 Gronovius:

292 1618 471 1658 susciperet
499 1617 532 1649 M
561 1615 716 1658 (oratque
742 1618 929 1655 temperare
958 1616 1065 1647 dolori
1096 1624 1175 1648 neve
1197 1618 1371 1648 aeternum
1392 1616 1570 1655 susciperet
1593 1616 1726 1651 Haase;
1763 1618 1963 1656 temperaret
1984 1615 2091 1648 dolori

292 1683 359 1708 neu
381 1677 552 1707 aeternum
573 1673 751 1713 susciperet
774 1671 956 1713 Halmius.)
985 1690 1019 1695 -
1046 1676 1118 1705 acte
1141 1673 1173 1706 M
1201 1691 1233 1695 -
1262 1672 1293 1705 9.
1313 1681 1421 1713 parco
1445 1673 1494 1705 M:
1523 1681 1631 1713 parvo
1655 1672 1722 1705 alii.
1751 1690 1787 1696 —
1815 1673 1868 1705 40.
1893 1672 2035 1715 effiaqias
2057 1672 2090 1706 M

298 1749 333 1756 -
361 1732 412 1764 Μ.
438 1732 587 1771 senisque
610 1730 644 1763 M
670 1747 705 1752 —
733 1730 787 1762 ⁴5.
812 1730 998 1770 supersideo
1022 1730 1066 1762 M.

294 1834 437 1872 amicis,
470 1833 529 1874 qui
554 1832 719 1869 aderant;
748 1829 846 1864 vultu
870 1839 1012 1872 quoque
1036 1829 1168 1871 signifi—

295 1892 380 1916 cans
410 1883 500 1915 haec
535 1882 580 1914 ad
612 1890 738 1914 omnes
762 1882 1036 1914 circumstantes
1060 1881 1164 1922 perti-

296 1942 382 1967 nere
414 1941 529 1974 neque
560 1941 708 1964 uxorem
733 1940 850 1972 neque
874 1932 969 1964 hunc
991 1929 1048 1964 vel
1071 1929 1167 1962 illum

295 1987 490 2017 amicorum
515 1991 600 2024 prae
625 1982 752 2014 ceteris
768 1982 943 2014 intuens».
970 1982 1065 2013 Haec
1081 1981 1169 2012 sim-

296 2033 484 2077 plicissima
512 2032 619 2070 rati0;
646 2032 749 2064 nimis
770 2032 864 2064 enim
881 2031 1068 2063 artificiosa
1085 2030 1169 2062 mihi

295 2083 435 2116 videtur
461 2081 694 2115 Doederleinii
710 2082 970 2123 interpretatio:
999 2081 1062 2113 «ad
1080 2080 1169 2112 ami-

297 2142 358 2167 cos
394 2141 588 2165 conversus
622 2134 805 2173 tamquam
841 2132 884 2163 ad
920 2140 1025 2164 omne
1058 2139 1169 2172 genus

296 2185 511 2222 humanum,
542 2182 587 2214 ad
619 2181 715 2223 quod
742 2184 996 2223 permanarent
1019 2190 1083 2223 per
1106 2190 1170 2212 au-

297 2234 436 2267 dientes
468 2241 659 2274 supremae
694 2230 772 2264 illae
802 2240 922 2264 voees.
960 2233 1046 2264 Sunt
1074 2232 1168 2274 enim

295 2283 477 2325 vulgatae,
504 2284 542 2314 ut
565 2284 724 2315 extremo
749 2282 863 2323 capite
887 2283 922 2314 et
938 2291 967 2314 c.
988 2282 1028 2314 67
1046 2290 1170 2313 narra-

297 2336 388 2366 tur.»
425 2335 467 2365 At
501 2341 591 2373 quae
621 2331 760 2373 vulgata
792 2334 875 2364 sunt
897 2331 1005 2364 veluti
1027 2331 1170 2373 proprio

298 2382 415 2416 libello
431 2382 584 2424 intelligo
602 2391 643 2415 ea
661 2382 853 2422 dumtaxat,
872 2391 963 2423 quae
981 2384 1169 2423 postquam

298 2442 411 2467 venas
434 2433 644 2475 abruperat,
670 2433 840 2465 advocatis
861 2432 1077 2472 scriptoribus
1097 2434 1171 2464 tra-

299 2485 401 2525 didit,
432 2483 476 2516 de
503 2484 637 2521 morte,
663 2482 708 2515 de
732 2483 871 2515 animae
895 2481 1169 2521 immortalitate,

300 2537 339 2567 ut
367 2534 441 2566 fere
470 2534 633 2565 Socrates
665 2533 699 2565 in
724 2533 934 2570 Phaedone3
971 2541 1062 2573 quae
1088 2541 1172 2564 vero

300 2585 358 2618 hic
383 2584 636 2622 memorantur,
662 2582 706 2614 ab
730 2583 782 2622 iis,
808 2583 867 2624 qui
884 2582 1082 2620 adsuerant,
1109 2591 1174 2623 po—

301 2635 406 2668 steris
423 2633 559 2675 prodita
576 2641 656 2665 esse
669 2632 834 2665 arbitror.
845 2650 889 2655 —
903 2633 1064 2664 adversus
1073 2640 1174 2672 prae-

301 2689 421 2718 sentem
436 2683 674 2725 fortitudinem]
698 2684 733 2717 h.
754 2693 784 2716 e.
804 2683 942 2717 diverse
961 2693 980 2715 a
998 2683 1173 2726 praesenti

302 2734 523 2772 fortitudine,
556 2734 648 2766 sicut
678 2735 851 2766 Graecum
881 2731 983 2780 παρὰ
1007 2731 1078 2776 τὴν
1102 2743 1175 2765 πα-

302 2783 448 2832 ροῦσαν
479 2781 656 2830 ἀνδρείαν
684 2786 986 2825 comparationem
1022 2785 1170 2817 indicat:

303 2845 374 2869 non
398 2835 545 2877 quidem
568 2834 613 2866 ad
637 2834 847 2866 muliebrem
871 2833 1052 2867 mollitiem
1077 2833 1174 2866 dela-

304 2895 407 2929 psus,
427 2886 491 2918 sed
508 2883 648 2926 paululo
665 2883 791 2916 saltem
808 2883 972 2916 mollitior
988 2893 1095 2926 quam
1111 2893 1175 2926 pro

305 2938 425 2969 cetera
441 2936 516 2967 eius
533 2934 746 2972 fortitudine,
769 2943 876 2975 quam
895 2935 1070 2975 praesenti
1088 2936 1177 2966 tem-

306 2996 391 3030 pore
416 2983 719 3027 repraesentabat.
747 2984 910 3016 Similiter
933 2985 973 3016 H.
999 2986 1031 3023 ἓ,
1055 2985 1114 3016 42:
1140 2988 1177 3016 ut

306 3038 470 3070 adversus.
487 3035 681 3067 modestiam
701 3035 892 3075 disciplinae
913 3038 1102 3074 cor-ruptus,
1125 3035 1178 3066 ita

303 3088 508 3129 proeliorum
538 3086 676 3125 avidus,
713 3084 767 3117 vel
798 3087 886 3117 Ann.
915 3085 966 3124 ⁴4,
993 3085 1053 3118 44:
1090 3086 1178 3127 quod

306 3141 425 3170 contra
453 3136 599 3178 singulos
628 3135 771 3167 ulilitate
801 3134 936 3174 publica
966 3136 1176 3175 repentinum

309 3186 405 3229 quod
434 3194 499 3218 nos
529 3185 696 3218 dicimus:
733 3184 798 3225 auf
822 3184 941 3216 Kosten
966 3185 1176 3217 Einzelner.»

309 3238 416 3270 Dono.
449 3236 595 3274 Contra,
622 3233 967 3276 quiamplectuntur
990 3234 1177 3267 lectionem

307 3286 533 3327 formidinem,
560 3286 585 3318 1.
614 3286 665 3317 Fr.
685 3284 858 3316 Gronovio
882 3284 971 3315 duce
997 3285 1043 3316 ita
1067 3283 1174 3326 expli-

311 3337 409 3368 cant:
429 3335 595 3368 «Animus
611 3334 666 3367 ille
683 3334 792 3367 durus
805 3333 1083 3374 obfirmatusque
1097 3343 1179 3367 con-

312 3386 363 3417 tra
395 3393 519 3417 omnes
553 3385 712 3417 fortunae
743 3385 907 3418 incursus
937 3384 972 3416 et
1001 3385 1104 3415 morti
1136 3393 1176 3416 ex

313 3433 421 3470 multa
452 3435 528 3467 eius
562 3434 791 3467 meditatione
813 3434 889 3468 sine
915 3432 1178 3476 perturbatione

1219 1829 1363 1869 obvius,
1388 1829 1473 1862 dum
1491 1829 1702 1861 admonetur
1717 1830 1833 1862 acrius
1850 1829 1926 1871 ipso
1943 1837 2091 1871 conspe-

1220 1883 1296 1918 ctu,
1322 1879 1463 1921 qualem
1489 1888 1634 1911 uxorem
1653 1880 1768 1911 aetate
1786 1881 1822 1911 et
1840 1878 1998 1912 moribus
2013 1880 2090 1912 sine

1219 1930 1395 1972 praesidio
1419 1929 1650 1970 relinqueret.
1681 1936 1789 1970 quam
1812 1930 1991 1962 adflictam
2013 1930 2090 1963 viso

1218 1979 1277 2012 tali
1300 1981 1396 2012 exitu
1419 1981 1551 2018 mariti,
1577 1979 1680 2012 simul
1706 1980 1806 2012 timet
1828 1979 1913 2020 quid
1937 1988 1978 2012 ea
2003 1979 2092 2012 futu-

1219 2039 1298 2062 rum
1323 2030 1383 2069 sit,
1411 2039 1479 2062 neu
1504 2030 1588 2071 quid
1612 2030 1793 2070 indignum
1817 2030 1906 2062 istoc
1929 2029 2091 2071 coniugio

1220 2080 1251 2112 ei
1268 2082 1390 2122 postea
1409 2080 1564 2117 eveniat,
1585 2078 1766 2121 paululum
1783 2079 1932 2112 inflexus
1950 2081 1985 2112 et
1999 2078 2091 2112 mol·

1218 2129 1333 2162 litus.»
1351 2148 1384 2152 —
1405 2133 1605 2170 temperaret
1619 2147 1637 2153 -
1649 2147 1667 2152 -
1683 2130 1859 2170 suscipere]
1877 2129 2093 2163 «abstineret

1219 2189 1239 2212 a
1256 2179 1378 2212 dolore
1395 2182 1541 2212 aeterno
1558 2179 1820 2220 suscipiendo.»
1840 2179 2007 2221 Legitima
2024 2181 2090 2219 est,

1220 2230 1283 2262 etsi
1316 2230 1446 2268 rarior,
1479 2228 1578 2262 verbi
1612 2233 1795 2269 temperare
1818 2238 1899 2261 cum
1923 2229 2092 2262 infinitivo

1220 2281 1448 2312 constructio.
1477 2297 1512 2303 -
1539 2280 1599 2312 iila
1622 2282 1740 2312 contra
1755 2297 1803 2304 --
1820 2279 2004 2320 adseverat]
2029 2280 2093 2312 Dio

1220 2330 1352 2371 ubique
1381 2330 1533 2371 iniquior
1560 2331 1592 2361 in
1619 2331 1792 2362 Senecam
1816 2330 1871 2369 62,
1896 2330 1958 2362 25:
1994 2326 2030 2362 Ὁ
2052 2327 2093 2362 δὲ

1220 2378 1267 2422 δὴ
1284 2381 1449 2421 Σενέκας
1473 2375 1640 2422 ἠθέλησέ
1661 2378 1734 2422 μὲν
1757 2379 1822 2412 καὶ
1845 2375 1916 2423 τὴν
1931 2383 2095 2423 γυναῖκα

1220 2429 1416 2463 Παυλῖναν
1450 2425 1692 2469 ἀποκτεῖναι,
1729 2428 1848 2473 λέγων
1878 2431 2094 2463 πεπεικέναι

1221 2475 1343 2523 αὐτὴν
1365 2478 1433 2513 τοῦ
1456 2489 1496 2512 τε
1522 2478 1692 2513 θανάτου
1716 2478 2013 2526 καταφρονῆσαι
2027 2482 2094 2514 καὶ

1222 2528 1289 2573 τῆς
1305 2528 1377 2563 σὺν
1392 2526 1494 2574 αὐτῷ
1507 2528 1749 2574 μεταλλαγῆς
1760 2529 2012 2573 ἐπιθυμῆσαι,
2027 2532 2093 2565 καὶ

1221 2576 1367 2621 ἔσχασε
1390 2582 1454 2614 καὶ
1478 2579 1546 2622 τὰς
1576 2581 1725 2624 ἐκείνης
1747 2579 1916 2622 φλέβας,
1949 2579 2094 2615 δυσθα-

1224 2629 1392 2674 νατήσας
1415 2631 1455 2664 δὲ
1478 2629 1525 2673 δὴ
1550 2632 1615 2663 καὶ
1638 2629 1734 2678 πρὸς
1757 2628 1824 2663 τὸν
1841 2627 2002 2678 ὄλεθρον
2018 2627 2094 2665 ὑπὸ

1224 2681 1298 2714 τῶν
1326 2679 1567 2729 στρατιωτῶν
1596 2680 1787 2722 ἐπειχθεὶς
1817 2680 2094 2727 προαπηλλάγη

1224 2728 1356 2775 αὐτῆς,
1383 2732 1448 2764 καὶ
1471 2726 1595 2773 οὕτως
1620 2727 1834 2774 ἦΠαυλῑνα
1849 2733 2094 2777 περιεγένετο.

1228 2802 1262 2808 ——
1288 2783 1350 2815 sibi
1377 2784 1474 2815 unice
1503 2783 1673 2824 dilectam]
1703 2783 1838 2814 Seneca
1863 2782 1924 2824 Ep.
1951 2782 2027 2821 ⁴04,
2051 2782 2092 2814 2:

1223 2833 1364 2865 Paulina
1385 2842 1460 2864 mea
1475 2850 1493 2856 -
1505 2850 1524 2856 -
1539 2833 1619 2864 mihi
1641 2832 1862 2864 valetudinem
1880 2840 1990 2864 meam
2003 2840 2096 2864 com-

1223 2885 1368 2916 mendac.
1409 2883 1490 2915 Cum
1522 2884 1627 2915 sciam
1661 2884 1817 2923 spiritum
1845 2882 1935 2914 illius
1960 2883 1997 2915 in
2023 2890 2096 2914 meo

1223 2935 1326 2975 verti,
1350 2935 1484 2974 incipio,
1502 2938 1538 2965 ut
1553 2934 1602 2966 illi
1616 2934 1802 2973 consulam,
1819 2933 1900 2966 mihi
1914 2932 2093 2967 considero.

1228 3002 1263 3008 —
1288 2985 1377 3016 vitae
1392 3002 1411 3007 -
1427 2984 1659 3025 delenimenta]
1697 2992 1828 3015 -veras
1857 2981 2094 3025 voluptates».

1227 3035 1282 3067 Sic
1304 3035 1392 3067 vitae
1414 3034 1638 3066 blandimenta
1661 3043 1691 3066 c.
1712 3033 1754 3066 64
1778 3035 1814 3066 et
1830 3034 1917 3066 Hist.
1936 3034 1969 3072 2.
1985 3032 2040 3066 53.
2054 3050 2093 3056 —

1223 3094 1327 3125 parco
1344 3084 1445 3125 victu]
1468 3084 1556 3116 Vide
1573 3092 1605 3116 c.
1624 3083 1678 3116 45.
1700 3101 1734 3106 -—
1755 3082 1966 3123 crucialibus]
1990 3092 2096 3122 σφω-

1226 3132 1396 3176 ὁασμῶν,
1415 3133 1694 3167 convulsionum.
1712 3151 1746 3156 —
1766 3131 1992 3173 scriptoribus]
2016 3140 2095 3165 ser-

1226 3186 1278 3217 vis
1302 3184 1356 3216 vel
1380 3183 1515 3216 libertis
1538 3183 1708 3216 litteratis.
1748 3183 1810 3215 Dio
1834 3182 1894 3220 62,
1919 3182 1960 3214 25
1989 3179 2095 3223 paulo

1227 3233 1346 3266 aliter:
1372 3229 1418 3266 οὗ
1441 3234 1571 3275 μέντοι
1595 3230 1779 3278 πρότερον
1801 3228 1939 3264 ἑαυτοῦ
1958 3225 2095 3273 ἥψατο

1228 3284 1313 3329 πρὶν
1336 3281 1381 3316 τό
1404 3293 1442 3315 τε
1464 3281 1629 3323 βιβλίον,
1658 3279 1681 3315 ὃ
1705 3282 1942 3327 συνέγραφεν
1965 3280 2094 3328 (statim

1228 3337 1308 3365 ante
1343 3334 1537 3373 mortem),
1576 3329 1846 3378 ἐπανορθῶσαι
1877 3330 1941 3362 καὶ
1975 3328 2095 3363 raam

1229 3381 1372 3425 (ἐδεδίει
1405 3380 1476 3429 γὰρ
1510 3380 1566 3425 μὴ
1601 3383 1666 3415 καὶ
1697 3382 1736 3422 ἐς
1764 3378 1831 3413 τὸν
1852 3380 2011 3426 Νέρωνα
2031 3378 2094 3413 ὀλ-

1227 3431 1350 3466 θόντα
1372 3430 1520 3480 φθαρῇ)
1551 3430 1894 3479 παρακαταθέσθαι
1915 3431 2026 3464 τισίν.
2054 3447 2091 3458 -0
