2254 3770
769 280 814 322 P.
846 279 1095 323 CORNELII
1124 279 1292 324 TACITI
1320 280 1587 324 ANNALIUM

388 383 488 447 (59)
519 384 647 428 Fama
676 384 804 428 dediti
834 385 1105 445 benigneque
1136 386 1300 443 excepti
1331 385 1518 444 Segestis
1538 385 1724 443 vulgata,
1756 392 1802 431 ut
1822 386 2067 445 quibusque

295 457 453 502 bellum
482 459 621 504 invitis
651 467 723 503 aut
752 461 1020 518 cupientibus
1051 468 1158 510 erat,
1191 475 1268 519 spe
1299 460 1364 504 vel
1394 460 1542 504 dolore
1573 462 1789 520 accipitur.
1833 462 2066 506 Arminium

295 547 425 591 super
462 534 628 578 insitam
657 534 899 579 violentiam
938 543 1057 594 rapta
1096 550 1223 587 uxor,
1270 536 1487 579 subiectus
1526 537 1698 581 servitio
1737 538 1882 581 uxoris
1920 544 2068 582 uterus

293 609 550 653 vaecordem
570 610 768 667 agebant;
797 610 1083 670 volitabatque
1104 625 1182 669 per
1204 611 1455 662 Cheruscos
1489 625 1606 655 arma
1626 612 1666 654 in
1688 613 1921 670 Segestem,
1937 610 2068 656 'arma

262 684 336 727 sin
357 684 585 728 Caesarem
613 699 809 743 poscens.
850 700 991 744 neque
1021 687 1189 744 probris
1209 687 1485 744 temperabat.
1527 687 1747 745 egregium
1767 694 1950 745 patrem,
1980 702 2071 732 ma-

293 779 422 822 gnum
451 765 768 823 imperatorem,
800 760 948 805 fortem
980 762 1226 812 exercitum,
1260 776 1443 819 quorum
1471 768 1531 805 tot
1559 775 1710 806 manus
1740 777 1869 806 unam
1896 762 2070 807 mulier-

293 839 431 884 culam
452 839 680 884 avexerint.
710 838 790 882 sibi
811 844 897 882 tres
918 837 1124 895 legiones,
1149 836 1320 880 totidem
1342 836 1503 893 legatos
1523 836 1818 894 procubuisse.
1850 851 1934 882 non
1956 839 2070 882 enim

291 929 339 959 se
370 915 606 973 proditione
639 927 778 971 neque
808 912 1015 956 adversus
1045 912 1221 956 seminas
1252 913 1465 969 gravidas,
1498 912 1576 955 sed
1605 911 1746 970 palam
1766 912 1974 958 adversus
1999 927 2068 958 ar-

290 998 426 1034 matos
456 990 615 1035 bellum
645 996 838 1033 tractare.
881 988 996 1032 cerni
1027 987 1167 1031 adhuc
1187 987 1495 1031 Germanorum
1527 987 1567 1030 in
1597 986 1705 1031 lucis
1726 988 1845 1046 signa
1866 975 2064 1041 Romana,

241 1076 402 1124 ioquae
432 1065 498 1109 dis
536 1065 683 1123 patriis
722 1063 1004 1122 suspenderit.
1056 1063 1215 1107 coleret
1245 1063 1444 1120 Segestes
1474 1062 1627 1106 victam
1665 1063 1822 1121 ripam,
1865 1064 2068 1110 redderet

287 1141 373 1185 filio
403 1140 690 1185 sacerdotium
718 1139 956 1183 hominum:
990 1139 1224 1182 Germanos
1254 1151 1486 1195 numquam
1516 1138 1618 1181 satis
1651 1147 1928 1183 excusaturos
1948 1140 2064 1198 quod

288 1216 396 1260 inter
416 1215 551 1260 Albim
580 1222 622 1260 et
650 1215 842 1260 Rhenum
861 1214 1002 1271 virgas
1033 1221 1074 1257 et
1094 1227 1269 1257 secures
1291 1220 1333 1256 et
1353 1220 1493 1269 togam
1513 1213 1705 1257 viderint.
1748 1213 1840 1258 aliis
1869 1215 2066 1272 gentibus

287 1291 522 1348 ignorantia
558 1291 710 1348 imperi
735 1290 910 1334 Romani
940 1289 1158 1347 inexperta
1187 1302 1284 1332 esse
1311 1288 1537 1346 supplicia,
1571 1289 1717 1333 nescia
1744 1289 1921 1353 tributa3
1952 1304 2065 1349 quae

285 1366 487 1424 quoniam
517 1366 726 1417 exuerint,
759 1365 995 1422 inritusque
1025 1364 1273 1408 discesserit
1300 1363 1369 1408 ille
1399 1365 1508 1408 inter
1536 1364 1709 1407 numina
1737 1363 1902 1409 dicatus
1922 1366 2066 1424 Augu-

235 1451 271 1480 45
284 1448 392 1493 stus,
425 1441 494 1485 ille
523 1441 714 1486 delectus
736 1441 945 1489 Tiberius,
979 1454 1032 1483 ne
1062 1440 1287 1497 inperitum
1314 1438 1696 1492 adulescentulum,
1727 1454 1782 1484 ne
1812 1441 2064 1485 seditiosum

283 1518 516 1561 exercitum
537 1523 828 1575 pavescerent.
860 1516 895 1559 si
916 1515 1095 1573 patriam
1114 1521 1313 1572 parentes
1332 1515 1505 1572 antiqua
1524 1514 1695 1558 mallent
1715 1530 1845 1573 quam
1865 1517 2061 1561 dominos

282 1600 324 1637 et
353 1593 540 1637 colonias
569 1606 720 1642 novas,
752 1591 984 1635 Arminium
1012 1590 1154 1648 potius
1184 1589 1344 1648 gloriae
1373 1604 1424 1634 ac
1452 1589 1658 1634 libertatis
1690 1604 1820 1648 quam
1839 1592 2061 1649 Segestem

279 1667 514 1726 flagitiosae
533 1666 747 1712 servitutis
768 1666 923 1711 ducem
943 1671 1238 1724 sequerentur.
1298 1666 1379 1722 (60)
1411 1665 1562 1710 conciti
1592 1679 1671 1723 per
1699 1665 1807 1710 haec
1826 1680 1911 1711 non
1929 1667 2058 1712 modo

295 277 350 319 50

321 1788 353 1821 4.
379 1797 528 1821 coruscos
549 1789 581 1822 M
607 1773 651 1811 —-'
670 1788 721 1820 Μ.
746 1787 913 1820 hominum
935 1796 987 1829 pr.
1013 1788 1064 1820 M:
1096 1786 1258 1819 hominem
1281 1795 1372 1819 corr.
1398 1788 1431 1820 M
1453 1787 1687 1829 (sacerdotium
1696 1796 1707 1818 :
1730 1787 1892 1820 hominem
1915 1788 2057 1821 Germa-

275 1853 335 1876 nos
364 1843 575 1883 Beroaldus;
610 1844 830 1877 sacerdotium
860 1844 1063 1876 Romanum:
1099 1843 1281 1875 Germanos
1311 1843 1346 1875 F.
1377 1845 1418 1875 A.
1441 1842 1607 1880 wolfius;
1643 1843 1863 1876 sacerdotium
1895 1844 2056 1877 hostium:

276 1902 458 1934 Germanos
480 1900 656 1939 Halmius;
686 1902 922 1941 sacerdotium,
948 1901 1138 1933 dominum:
1161 1901 1343 1932 Germanos
1358 1900 1490 1939 Haase3
1515 1901 1754 1933 sacerdocium:
1777 1900 1837 1933 hoc
1857 1910 1962 1934 unum
1977 1901 2058 1934 Ger-

274 1966 391 1990 manos
412 1957 705 1999 Bezzenberger.)
726 1976 757 1981 -
780 1960 1011 1990 exsecraturus
1034 1956 1228 1989 Wurmius.
1246 1973 1280 1979 —
1301 1955 1354 1989 44.
1382 1957 1541 1995 quoniam
1564 1954 1660 1998 (quc‘)
1684 1957 1736 1989 M:
1763 1958 1896 1999 quando
1917 1956 2058 1991 Beroal-

275 2013 354 2047 dus.
383 2032 419 2038 —
444 2015 613 2047 exsuerint
633 2013 678 2046 M.

274 2118 325 2150 De
357 2118 479 2159 stupro
509 2112 772 2148 adulescentulo
799 2112 891 2145 illato
915 2113 1067 2153 cogitare
1091 2113 1139 2145 vi—
1191 2128 1226 2135 -
1253 2111 1447 2153 ignorantia
1469 2113 1547 2150 imp.
1572 2110 1623 2151 3.]
1655 2110 1730 2144 aliis
1757 2111 1921 2152 gentibus
1944 2121 2054 2146 excu-

274 2167 377 2200 detur
392 2166 512 2200 Luden
529 2166 714 2199 Gesehichte
734 2165 765 2202 Ι,
790 2173 824 2206 p.
844 2163 919 2203 683,
945 2172 1014 2204 quo
1030 2172 1138 2196 sensu
1187 2162 1295 2195 satius
1319 2170 1415 2201 esse,
1447 2161 1476 2193 si
1505 2162 1653 2202 imperio
1675 2162 1833 2195 Romano
1856 2171 1927 2196 non
1948 2163 2052 2197 valde

273 2219 394 2259 utique
431 2218 621 2259 usurpatur
658 2214 835 2248 interdum
874 2222 908 2246 v.
943 2214 1135 2247 ludibrium.

272 2268 359 2301 Vide
389 2266 533 2300 Forcell.
560 2268 594 2299 et
621 2267 711 2299 Ann.
739 2265 797 2304 43,
824 2264 882 2296 47τ
918 2264 1054 2296 illusum
1074 2265 1138 2296 isse

265 2318 435 2359 pueritiae
456 2316 644 2349 Britannici
665 2316 838 2348 Neronem.
873 2313 944 2355 Ego
974 2312 1137 2347 hariolari

272 2366 364 2400 nolo.

314 2417 368 2449 59.
404 2418 442 2448 ut
471 2413 808 2455 quibusque-invitis
840 2415 901 2444 aut
934 2412 1138 2453 cupientibus

270 2466 354 2508 erat]
372 2466 423 2499 Cf.
441 2464 608 2498 Herodot.
627 2465 659 2503 8,
678 2463 735 2496 ⁴0:
763 2457 894 2495 ὅσοισι
907 2460 948 2495 δὲ
963 2463 1029 2495 καὶ
1044 2458 1135 2505 ἡδο-

269 2517 422 2560 μένοισι
450 2509 498 2558 ἢν
525 2511 571 2548 τὸ
596 2511 814 2558 γενόμενον.
847 2513 1005 2554 Thucyd.
1030 2514 1070 2553 2,
1095 2513 1128 2546 3:

269 2565 321 2611 τῷ
346 2563 484 2610 πλήθει
507 2560 553 2598 οὗ
569 2561 810 2607 βουλόμενον
825 2556 885 2606 ἦν.
910 2564 982 2596 Liv.
1000 2564 1054 2603 2⁴,
1072 2564 1131 2596 50:

270 2617 466 2659 quibusdam
501 2615 685 2649 volentibus
713 2622 818 2647 novas
848 2622 902 2646 res
928 2614 1010 2654 fore.
1050 2614 1131 2646 Tac.

269 2667 356 2700 Hist.
381 2666 413 2706 3,
438 2665 498 2699 43:
524 2665 640 2698 ceteris
663 2671 834 2696 remanere
854 2663 1036 2695 volentibus
1055 2663 1132 2703 fuit.

269 2718 350 2757 Agr.
376 2715 436 2749 ⁴8:
473 2715 592 2756 quibus
622 2714 739 2746 bellum
765 2712 948 2755 volentibus
974 2715 1058 2744 erat.
1094 2729 1129 2734 —

267 2774 333 2798 non
354 2766 441 2798 enim
462 2773 495 2797 se
517 2764 707 2805 proditione
730 2761 811 2803 cet.]
842 2762 901 2795 His
926 2770 966 2794 ea
989 2761 1133 2794 refutari

268 2815 432 2858 opinatur
453 2812 576 2847 Luden
600 2812 785 2846 Geschichte
807 2812 838 2851 I,
864 2820 899 2853 p.
925 2811 1006 2850 665,
1040 2819 1131 2851 quae

268 2865 313 2898 de
335 2865 428 2898 Varo
459 2863 504 2896 ab
534 2863 690 2896 Arminio
714 2862 864 2903 decepto
886 2860 1028 2893 tradunt
1048 2860 1132 2893 Vel-

266 2914 355 2948 leius
379 2922 420 2947 ac
442 2914 524 2953 Dio,
550 2921 621 2945 non
644 2912 727 2945 satis
750 2911 917 2953 reputans
940 2909 1035 2942 aliud
1051 2918 1130 2943 esse

266 2963 516 3006 proditionem,
542 2961 636 2994 aliud
659 2959 778 2993 dolum
801 2958 985 2999 bellicum,
1009 2959 1043 2991 in
1066 2967 1131 3001 pa-

268 3013 354 3046 triae
389 3019 620 3055 oppressores
655 3018 740 3043 sane
775 3008 919 3041 licitum.
958 3008 1064 3041 Dolus
1084 3017 1130 3041 an

264 3065 386 3103 virtus,
411 3063 486 3103 quis
506 3063 543 3094 in
564 3061 654 3093 hoste
667 3058 847 3100 requirat?
864 3075 899 3081 —
925 3059 975 3091 dis
991 3058 1128 3100 patriis]

264 3115 297 3154 2,
315 3114 375 3147 ⁴0:
395 3112 578 3154 penetralis
593 3110 793 3144 Germaniae
808 3109 892 3140 deos.
919 3109 1003 3142 Hist.
1018 3110 1050 3148 5,
1066 3109 1124 3142 ⁴7:

265 3164 465 3196 Germaniae
487 3163 561 3195 deos
580 3162 618 3194 in
632 3162 776 3201 aspectu.
794 3177 830 3182 —
847 3157 1024 3199 hominum]
1043 3159 1127 3192 Cae-

264 3215 353 3247 saris
382 3216 417 3247 et
443 3212 607 3254 Augusti,
638 3213 685 3243 ita
714 3211 753 3242 ut
782 3208 1010 3242 acerbissima
1045 3218 1126 3242 cum

263 3265 372 3297 ironia
405 3263 623 3296 memoretur
655 3259 894 3293 sacerdotium
928 3259 1123 3298 hominum,

263 3313 358 3355 quod
381 3313 523 3355 proprie
541 3320 620 3345 esse
636 3310 765 3344 debeat
781 3309 941 3342 deorum.
966 3309 1070 3341 BAcn.
1085 3325 1121 3331 —

263 3362 455 3403 Germanos]
490 3360 563 3395 scil.
602 3369 687 3394 vere
716 3359 786 3391 hoc
816 3357 958 3391 nomine
986 3356 1122 3398 dignos,

261 3411 390 3454 quibus
419 3412 523 3445 tacite
553 3409 739 3454 opponitur
769 3407 925 3450 degener
947 3407 1122 3449 Segestes.

1186 2213 1413 2251 resisterent;
1446 2212 1578 2244 etenim
1606 2220 1666 2244 eas
1695 2212 1857 2253 ignorare
1880 2214 2052 2248 rationem

1186 2263 1324 2305 imperii
1338 2263 1495 2302 Romani,
1519 2270 1590 2294 non
1605 2263 1769 2304 expertas
1785 2271 1865 2297 esse
1881 2263 2052 2306 supplicia

1187 2315 1221 2346 et
1237 2315 1418 2347 saevitiam
1430 2338 1438 2353 ,
1461 2313 1599 2345 nescire
1616 2321 1707 2354 quae
1725 2314 1760 2346 et
1775 2315 1905 2355 quanta
1921 2314 2051 2349 tributa

1184 2364 1367 2406 imponere
1399 2362 1554 2397 soleant:
1591 2363 1775 2397 Germanis
1803 2365 1945 2398 veniam
1974 2365 2050 2399 deri

1185 2422 1256 2446 non
1277 2422 1402 2455 posse,
1433 2414 1462 2446 si
1491 2421 1614 2445 rursus
1636 2413 1755 2453 iugum
1777 2412 1862 2446 illud
1884 2414 2048 2449 subeant.

1184 2463 1264 2495 Ean.
1293 2481 1328 2487 -
1351 2462 1474 2504 nescia]
1499 2462 1659 2504 passive,
1683 2464 1723 2495 ut
1745 2471 1852 2505 supra
1875 2472 1907 2497 c.
1924 2465 1946 2498 5
1960 2473 2050 2507 yna-

1182 2521 1270 2545 rum.
1288 2513 1326 2552 2,
1354 2512 1394 2544 ⁴3
1412 2513 1447 2545 et
1468 2511 1507 2551 3,
1526 2512 1567 2544 69
1589 2513 1725 2553 ignara.
1747 2529 1783 2535 —
1808 2512 1960 2555 delectus]
1975 2515 2050 2547 No-

1182 2561 1243 2595 lim
1274 2571 1356 2595 cum
1378 2562 1618 2595 Freinshemio
1642 2560 1818 2603 explicare
1841 2571 1886 2595 ex
1907 2564 2049 2606 optimis

1183 2611 1335 2645 electum
1358 2612 1514 2653 gerendo
1538 2610 1649 2650 bello,
1679 2620 1750 2652 quo
1774 2612 1919 2654 quidem
1940 2622 2049 2648 sensu

1181 2662 1321 2694 delectus
1343 2661 1413 2695 dici
1435 2663 1573 2704 poterat
1595 2662 1702 2694 etiam
1719 2662 1855 2695 Drusus
1871 2663 1984 2696 maior
1998 2665 2048 2698 et-

1182 2719 1252 2752 que
1269 2713 1352 2745 tunc
1368 2713 1486 2753 ipsum
1503 2711 1745 2750 Germanicus,
1766 2711 1832 2743 sed
1847 2720 1928 2745 cum
1944 2714 1971 2747 1.
1989 2713 2044 2747 Fu

1182 2761 1374 2794 Gronovio:
1396 2769 1524 2802 «quem
1540 2769 1651 2793 unum
1667 2768 1709 2792 ex
1723 2760 1888 2794 omnibus
1901 2761 2046 2804 dignum

1179 2811 1357 2853 Augustus
1372 2811 1518 2853 putarit,
1543 2812 1582 2843 ut
1597 2809 1770 2843 heredem
1785 2819 2046 2846 successorem—

1181 2868 1250 2900 que
1285 2860 1512 2893 dest1naret.»
1546 2877 1580 2884 —
1608 2860 1762 2901 patriam
1788 2861 1955 2903 parentes]
1990 2862 2042 2896 Cf.

1180 2910 1275 2943 Cort.
1294 2910 1339 2943 ad
1355 2909 1490 2943 Sallust.
1510 2908 1608 2942 Catil.
1628 2909 1660 2942 6.
1678 2909 1758 2941 Eum.
1783 2910 1826 2942 Et
1846 2911 1913 2949 sic,
1939 2912 2043 2954 quid·-

1179 2960 1263 3000 quid
1279 2962 1398 2993 contra
1411 2957 1822 3005 dicunt,¹intelligendum
1837 2960 1942 2994 etiam
1958 2959 2042 2995 illud

1178 3008 1257 3042 Sall.
1282 3011 1355 3051 lug.
1380 3009 1419 3042 3:
1449 3010 1484 3041 vi
1507 3009 1638 3049 quidem
1663 3016 1778 3049 regere
1802 3011 1955 3049 patriam
1982 3014 2043 3043 aut

1170 3062 1329 3101 parentes
1358 3059 1424 3091 cet.
1461 3058 1541 3091 Tac.
1574 3058 1660 3090 Hist.
1685 3058 1723 3096 ὅ,
1755 3057 1814 3090 ⁴7:
1848 3059 2038 3101 coniugum,

1169 3111 1323 3151 patriae,
1352 3111 1533 3150 parentam
1565 3115 1734 3140 menwres.
1773 3107 1921 3142 Transiit
1948 3109 2038 3143 haee

1176 3157 1324 3192 formula
1347 3156 1576 3199 proverbialis
1600 3157 1706 3190 etiam
1728 3155 1774 3189 ad
1795 3156 1904 3190 ICtos.
1930 3158 1984 3191 Fr.
2001 3159 2035 3192 Ξ.

1176 3207 1220 3241 de
1243 3209 1268 3241 1.
1294 3208 1330 3240 et
1351 3208 1375 3239 1.
1402 3207 1429 3239 1.
1454 3207 1501 3239 1.:
1526 3206 1723 3248 parentibus
1744 3208 1777 3238 et
1796 3207 1934 3246 patriae
1948 3215 2037 3248 par·-

1175 3267 1256 3290 cere.
1277 3274 1312 3280 —
1340 3258 1486 3290 colonias
1506 3256 1622 3298 novas]
1645 3255 1797 3298 Respicit
1818 3264 1956 3290 morem
1972 3258 2037 3291 Ro-

1175 3315 1361 3340 manorum
1390 3306 1490 3339 victis
1524 3304 1661 3348 populis
1692 3305 1913 3346 imponendi,
1949 3309 2036 3340 tem-

1174 3364 1282 3398 quam
1298 3355 1485 3398 praesidia,
1500 3354 1664 3389 colonias.
1691 3354 1791 3393 Quod
1805 3364 1911 3388 novas
1921 3359 2035 3398 vocat,

1173 3414 1244 3439 non
1277 3405 1407 3439 indicat
1436 3404 1520 3446 alias
1549 3405 1690 3438 veteres
1719 3403 1790 3436 iam
1819 3406 1894 3439 tum
1927 3405 2034 3440 fuisse
