2254 3770
319 262 402 305 356

806 263 850 306 P.
883 261 1133 306 CORNELII
1164 263 1334 307 TACITI
1365 264 1635 308 ANNALIUM

321 369 515 414 dextram
560 369 770 427 petendae
806 368 957 412 veniae
994 368 1213 427 delegerit.
1261 369 1383 413 simul
1431 370 1593 428 legatos
1631 370 1875 431 litterasque
1912 372 1966 416 ad
2003 373 2108 417 Cae-

321 459 461 490 sarem
506 446 548 488 in
598 445 710 488 hunc
755 444 931 488 modum
978 445 1122 488 mittit:
1174 444 1320 503 populi
1365 447 1410 490 R.
1453 446 1804 504 imperatoribus,
1862 461 2110 505 magnarum

320 521 537 565 nationum
581 520 756 578 regibus
800 520 982 578 primam
1026 534 1078 564 ex
1118 520 1393 564 similitudine
1431 521 1624 566 fortunae
1665 523 1913 574 amicitiam,
1958 522 2039 566 sibi
2070 529 2112 566 et

320 596 498 641 Claudio
537 596 663 640 etiam
702 596 1045 639 communionem
1093 596 1295 641 victoriae
1334 610 1444 640 esse.
1499 596 1709 641 bellorum
1754 598 1951 656 egregios
1989 597 2110 650 fines,

288 673 516 730 squotiens
555 671 818 730 ignoscendo
858 671 1125 729 transigatur.
1182 672 1244 715 sic
1282 672 1444 715 Zorsini
1482 672 1593 716 victo
1634 672 1735 716 nihil
1774 680 1982 732 ereptum.
2033 688 2111 732 pro

318 748 578 800 Mithridate,
620 746 792 805 quando
832 747 1003 804 gravius
1043 753 1298 798 mereretur,
1345 761 1429 791 non
1470 748 1702 805 potentiam
1744 763 1887 807 neque
1932 763 2111 807 regnum

317 823 505 880 precari,
549 822 626 867 sed
664 836 718 867 ne
758 821 1089 880 triumpharetur
1126 836 1234 866 neve
1273 836 1435 880 poenas
1466 823 1604 881 capite
1635 824 1912 881 expenderet.
1957 824 2039 881 (20)
2070 831 2112 869 at

316 898 540 950 Claudius,
573 912 834 957 quamquam
863 897 1153 942 nobilitatibus
1185 898 1372 956 externis
1403 898 1534 950 mitis,
1572 898 1779 942 dubitavit
1806 906 1966 951 tamen,
1998 899 2110 944 acci-

315 988 419 1032 pere
450 974 664 1032 captivum
694 981 820 1032 pacto
851 973 999 1017 salutis
1030 988 1082 1018 an
1114 980 1311 1031 repetere
1342 974 1471 1017 armis
1510 974 1667 1018 rectius
1697 974 1816 1018 foret.
1861 974 1960 1020 hinc
1987 975 2110 1019 dolor

264 1060 300 1090 ⁴0
314 1050 565 1093 iniuriarum
595 1056 637 1093 et
666 1048 799 1093 libido
830 1049 1042 1094 vindictae
1073 1049 1290 1108 adigebat:
1339 1049 1418 1093 sed
1449 1050 1742 1094 disserebatur
1771 1057 1918 1095 contra
1948 1051 2107 1110 suscipi

312 1124 473 1169 bellum
503 1125 599 1169 avio
631 1125 797 1177 itinere,
832 1125 1081 1183 inportuoso
1112 1125 1241 1178 mari;
1274 1124 1328 1168 ad
1354 1125 1436 1170 hoc
1456 1139 1581 1182 reges
1602 1125 1785 1177 feroces,
1818 1140 1950 1184 vagos
1970 1140 2108 1185 popu-

312 1200 393 1253 los,
435 1201 573 1245 solum
602 1200 768 1259 frugum
805 1215 1007 1259 egenum,
1039 1201 1228 1244 taedium
1259 1215 1312 1244 ex
1340 1214 1481 1252 mora,
1513 1200 1705 1258 pericula
1735 1215 1788 1245 ex
1818 1202 2104 1260 properantia,

312 1275 525 1321 modicam
561 1276 794 1321 victoribus
832 1276 1002 1320 laudem
1045 1290 1096 1320 ac
1136 1275 1313 1320 multum
1354 1276 1572 1328 infamiae,
1614 1277 1648 1320 si
1687 1276 1959 1334 pellerentur.
2004 1277 2107 1336 quin

311 1352 521 1410 arriperet
556 1351 698 1396 oblata
734 1359 776 1396 et
805 1358 998 1396 servaret
1027 1351 1217 1405 exulem3
1260 1351 1328 1395 cui
1361 1351 1474 1410 inopi
1507 1359 1667 1410 quanto
1698 1351 1934 1410 longiorem
1964 1353 2104 1405 vitam,

261 1434 426 1472 testanto
457 1427 554 1485 plus
585 1427 782 1486 supplicii
814 1427 917 1471 fore.
963 1426 1029 1471 his
1059 1434 1280 1485 permotus
1311 1428 1482 1485 scripsit
1511 1427 1675 1471 Eunoni
1708 1428 1903 1471 meritum
1932 1428 2106 1487 quidem

313 1503 543 1547 novissima
585 1502 780 1561 exempla
819 1502 1106 1554 Mithridaten,
1152 1517 1233 1547 nec
1268 1503 1349 1546 sibi
1389 1503 1472 1546 vim
1511 1503 1564 1546 ad
1596 1503 1898 1561 exequendum
1929 1504 2105 1548 deesse:

310 1593 462 1624 verum
493 1579 549 1623 ita
579 1578 813 1622 maioribus
843 1577 1064 1636 placitum,
1097 1585 1254 1636 quanta
1284 1578 1525 1636 pervicacia
1555 1579 1597 1621 in
1622 1578 1807 1630 hostem,
1841 1586 1952 1623 tanta
1971 1578 2106 1624 bene-

309 1654 478 1699 ficentia
509 1653 718 1698 adversus
748 1653 965 1712 supplices
994 1653 1214 1698 utendum.
1259 1668 1358 1698 nam
1388 1653 1625 1712 triumphos
1655 1654 1710 1698 de
1740 1654 1911 1712 populis
1941 1655 2105 1713 regnis-

309 1745 395 1789 que
424 1730 601 1788 integris
632 1728 810 1787 aequiri.
858 1729 939 1786 (24)
972 1729 1150 1773 traditus
1180 1728 1361 1787 posthac
1391 1728 1651 1774 Mithridates
1672 1737 1908 1788 vectusque
1929 1732 2104 1775 Romam

259 1817 296 1849 20
309 1820 388 1865 per
420 1806 589 1850 Iunium
628 1804 835 1857 Cilonem‚
877 1812 1204 1863 procuratorem
1239 1805 1380 1857 Ponti,
1428 1805 1612 1850 ferocius
1649 1819 1779 1864 quam
1818 1819 1898 1864 pro
1938 1806 2103 1850 fortuna

373 1974 406 2006 2.
428 1962 500 2005 ffi-
519 1972 552 2006 Μ
577 1988 613 1994 -
638 1979 844 2013 magnarum
866 1971 918 2005 M:
945 1979 1214 2013 magnarumque
1237 1969 1353 2012 vulgo.
1382 1988 1417 1994 -
1447 1969 1478 2003 3.
1503 1970 1680 2003 similitude
1709 1979 1764 2012 pr.
1794 1970 1828 2004 M
1852 1987 1888 1993 -
1920 1970 1952 2003 ὅ.
1977 1970 2103 2003 transi-

306 2032 409 2072 gatur
431 2030 482 2063 M:
517 2028 752 2070 transigantur
780 2026 1004 2060 Puteolanus.
1034 2045 1068 2050 —
1101 2027 1202 2060 nichil
1228 2028 1261 2060 M
1289 2046 1324 2050 —
1357 2027 1389 2059 6.
1414 2035 1518 2067 neque
1540 2027 1591 2060 M:
1616 2035 1683 2059 non
1706 2028 1733 2059 G
1759 2043 1795 2050 -
1822 2027 1854 2059 7.
1874 2034 1982 2072 penas
2004 2027 2038 2060 M
2063 2044 2100 2050 —

306 2086 339 2119 8.
366 2093 562 2128 quanquam
584 2085 618 2118 M
643 2101 677 2108 -
706 2084 737 2117 9.
764 2084 839 2116 hinc
862 2084 913 2117 M:
939 2084 1002 2116 huc
1025 2085 1174 2126 Lipsius,
1195 2102 1230 2107 —

1258 2084 1310 2116 42.
1329 2084 1466 2126 egenum
1482 2083 1561 2116 cod.
1579 2082 1782 2125 Agricolae:
1809 2086 1960 2125 egentum
1975 2091 2028 2125 pr.
2046 2083 2100 2119 M:

305 2151 402 2184 egens
425 2132 501 2174 'tum
532 2149 625 2175 corr.
650 2141 694 2174 M.
730 2139 781 2173 Cf.
808 2141 839 2181 4,
864 2139 919 2173 53.
952 2139 990 2180 4,
1015 2140 1068 2173 30.
1099 2140 1157 2181 42,
1183 2139 1236 2173 46.
1264 2140 1317 2181 45,
1342 2140 1374 2173 3.
1401 2140 1453 2173 42.
1481 2157 1517 2163 —
1551 2139 1604 2173 44.
1630 2140 1684 2173 cui
1707 2138 1937 2173 Puteolanus:
1964 2139 2046 2181 quin
2067 2139 2102 2173 M

310 2216 345 2222 —
372 2199 426 2232 46.
456 2194 628 2231 mitridate
657 2198 690 2231 M
719 2215 755 2220 —
788 2197 840 2230 47.
873 2197 1015 2237 hostem,
1047 2200 1142 2229 tanta
1171 2198 1346 2231 Muretus:
1379 2197 1439 2229 hoc
1466 2199 1629 2238 temptata
1658 2197 1691 2231 M
1715 2214 1752 2220 —
1785 2196 1837 2230 49.
1870 2204 1968 2229 roma
1997 2196 2032 2230 M
2062 2213 2097 2219 —

305 2255 359 2289 20.
385 2255 595 2289 Cilonem--
611 2253 718 2287 Ciloni
746 2254 883 2296 Lipsius
917 2252 1012 2295 (coll.
1039 2254 1149 2286 Dione
1174 2253 1227 2295 60,
1253 2253 1326 2294 33):
1351 2253 1562 2287 colonem-—
1577 2253 1684 2286 coloni
1707 2253 1751 2287 M.

306 2421 372 2446 nus
402 2412 498 2445 haud
529 2410 799 2444 dehonestabat.
828 2429 864 2435 —
898 2411 1048 2453 quotiens
1080 2410 1180 2452 igne-

305 2464 422 2496 scendo
446 2461 665 2504 transigatur]
699 2460 878 2501 absolute,
910 2463 949 2494 ut
972 2463 1090 2494 Germ.
1116 2460 1175 2493 ⁴9:

304 2513 421 2546 melius
443 2513 574 2553 quidem
597 2511 705 2544 adhuc
728 2520 785 2544 eae
807 2511 974 2552 civitates,
1003 2512 1038 2543 in
1061 2510 1179 2553 quibus

304 2566 435 2596 tantum
467 2563 614 2604 virgines
646 2561 774 2593 nubunt
807 2565 836 2594 et
858 2570 934 2594 cum
964 2570 1020 2602 spe
1040 2564 1179 2601 votoque

303 2613 424 2646 uxoris
446 2612 543 2645 semel
565 2612 774 2653 transigitur.
801 2611 834 2652 2,
857 2611 916 2644 65:
940 2620 1033 2652 posse
1049 2612 1088 2644 de
1102 2619 1179 2643 con—

303 2662 473 2695 troversiis
487 2661 659 2702 conloquio
680 2661 835 2703 transigi.
860 2662 948 2694 Hist.
967 2661 998 2701 3,
1016 2661 1076 2694 46:
1103 2661 1179 2693 Cre-

302 2721 422 2745 monae
443 2712 575 2744 interim
595 2711 829 2752 transegimus.
862 2713 942 2752 Agr.
961 2709 1023 2744 34:
1050 2710 1177 2742 transi-

301 2762 368 2803 gite
389 2770 466 2794 οων»
487 2760 760 2802 expeditionibus.
791 2761 913 2802 ltaque
930 2769 1001 2793 non
1018 2768 1107 2802 opus
1124 2761 1178 2793 est

302 2811 483 2845 Puteolani
530 2810 778 2844 emendatione
820 2810 1073 2853 transigantur,
1110 2811 1176 2843 etsi

302 2862 388 2895 Hist.
407 2862 445 2902 2,
464 2861 506 2894 38
530 2862 600 2894 est:
627 2863 800 2893 transacta
822 2863 901 2892 sunt
923 2860 1018 2893 bella.
1042 2878 1077 2883 —
1097 2868 1177 2900 poe-

300 2921 363 2944 nas
384 2912 494 2953 capite
516 2910 724 2952 expenderet]
760 2910 832 2943 Cic.
859 2911 962 2943 Tusc.
987 2910 1007 2941 2
1032 2909 1051 2951 g
1074 2909 1116 2942 23
1140 2910 1174 2942 in

301 2962 378 2995 loco
412 2959 611 3002 Aeschyleo
642 2959 686 2992 de
722 2960 952 2993 Prometheo:
986 2968 1175 3000 poenasque

298 3013 369 3044 Iovi
382 3012 466 3044 Fato
477 3010 669 3052 expendisse
682 3018 846 3050 supremo.
870 3009 999 3051 Vergil.
1013 3011 1100 3042 Aen.
1118 3010 1171 3050 44,

298 3063 382 3095 258:
408 3061 568 3094 scelerum
585 3068 714 3101 poenas
736 3060 951 3100 eoependimus
973 3068 1095 3093 omnes.

341 3104 394 3145 26.
431 3111 506 3143 hinc
525 3127 544 3134 -
564 3127 584 3134 -
605 3108 777 3150 adigebat]
816 3121 830 3138 «
841 3108 886 3141 ab
922 3109 989 3142 hac
1025 3109 1170 3151 quidem

298 3163 397 3204 parte
412 3159 597 3194 Claudium
613 3157 817 3200 impellebat
834 3157 933 3190 dolor
949 3159 1169 3199 iniuriarum,

296 3213 335 3243 ut
363 3210 551 3244 violentius
581 3207 765 3241 consilium
795 3208 1031 3241 Mithridatem
1062 3209 1170 3241 armis

296 3259 481 3302 repetendi
515 3258 732 3302 praeferret;
769 3257 833 3290 sed
869 3257 913 3289 ab
950 3258 1060 3290 altera
1093 3258 1169 3291 eius

297 3309 485 3342 consiliarii
501 3307 725 3342 disserebant
740 3308 831 3340 cet.»
852 3324 888 3330 —
905 3308 1020 3349 vagos]
1045 3305 1169 3350 νομά-

295 3357 365 3399 δας
387 3368 429 3392 ac
452 3361 641 3402 propterea
665 3357 721 3390 vix
744 3365 914 3398 umquam
938 3356 1165 3398 subigendos.

300 3427 335 3433 -
354 3410 535 3442 novissima
557 3407 724 3449 exempla]
747 3408 923 3440 extremas
944 3414 1077 3448 poenas
1094 3406 1167 3440 aliis

1228 2409 1264 2442 in
1288 2409 1450 2452 exempla
1474 2418 1650 2444 cessuras.
1676 2411 1778 2444 Caes.
1796 2411 1834 2444 B.
1853 2411 1892 2443 G.
1907 2410 1939 2451 4,
1961 2409 2015 2450 34,
2037 2409 2095 2443 ⁴2:

1227 2460 1263 2492 in
1284 2468 1339 2492 eos
1360 2461 1474 2493 omnia
1496 2462 1649 2502 exempla
1671 2461 1906 2503 cruciatusque
1926 2460 2032 2493 edere.
2058 2476 2095 2483 —

1227 2518 1309 2542 nam
1332 2511 1515 2551 triumphos
1538 2510 1621 2553 cet]
1650 2511 1882 2553 opponuntur
1906 2508 2022 2551 populi
2043 2508 2099 2541 in-

1228 2560 1330 2602 tegri,
1355 2559 1391 2592 id
1415 2562 1486 2601 est,
1512 2562 1571 2602 qui
1593 2561 1689 2603 prius
1706 2562 1870 2602 potentes
1886 2559 2014 2592 devicti
2029 2558 2099 2591 siut

1228 2619 1247 2642 a
1271 2610 1455 2650 Romanis,
1487 2611 1561 2652 regi
1584 2611 1654 2643 iam
1678 2612 1759 2643 ante
1783 2612 2023 2643 Romanorum
2043 2608 2099 2641 vi-

1229 2660 1378 2692 ctoriam
1402 2659 1529 2702 opibus
1552 2659 1699 2702 spoliato
1723 2659 1768 2692 ab
1792 2658 1883 2699 aliis,
1908 2657 2016 2692 veluti
2037 2657 2098 2692 Mi-

1227 2710 1398 2743 thridates
1422 2718 1530 2752 regno
1555 2709 1675 2752 pulsus
1699 2711 1776 2743 erat
1798 2718 1816 2742 a
1841 2710 1952 2751 Cotye
1976 2708 2095 2741 naue.

1270 2760 1324 2792 24.
1349 2760 1483 2792 lunium
1507 2759 1666 2802 Gitonem]
1702 2760 1765 2792 Dio
1789 2759 1850 2799 60,
1876 2758 1918 2791 33
1944 2757 2095 2791 facetam

1227 2808 1271 2841 de
1294 2809 1363 2842 hoc
1385 2809 1528 2842 homine
1552 2809 1699 2842 inseruit
1718 2809 1968 2841 narrationem.
1993 2808 2098 2840 Prae-

1226 2858 1340 2891 fuerat
1361 2858 1539 2899 Bithynis,
1571 2859 1701 2900 inquit,
1729 2860 1821 2899 (nam
1845 2858 2007 2899 Bithynia
2030 2855 2096 2889 ad-

1225 2909 1358 2948 iuncta,
1383 2909 1422 2940 ut
1444 2909 1586 2950 opinor,
1611 2908 1774 2942 Ponticae
1792 2904 2094 2948 administrationi)

1225 2959 1260 2990 et
1274 2957 1477 3000 praefuerat
1493 2959 1668 2999 nequiter,
1683 2966 1800 2991 avare.
1819 2957 1940 2997 Questi
1955 2956 2094 2998 Bithyni

1223 3007 1317 3050 apud
1331 3007 1516 3041 Claudium
1529 3009 1610 3040 sunt
1620 3008 1932 3050 poposceruntque
1944 3013 2090 3050 poenas.

1224 3058 1314 3091 Cum
1336 3066 1462 3098 parum
1486 3056 1714 3091 intellexisset
1737 3057 1902 3090 Claudius
1930 3057 1966 3090 in
1988 3055 2092 3089 turba

1222 3108 1442 3150 strepituque
1465 3107 1699 3147 adstantium,
1735 3107 1819 3148 quid
1843 3106 2011 3140 dixissent
2033 3105 2091 3138 Bi-

1219 3158 1339 3199 thyni,
1365 3157 1450 3190 alios
1475 3158 1676 3199 interrogat.
1717 3156 1768 3190 Ibi
1792 3156 1986 3195 Narcissus,
2010 3163 2092 3197 pro-

1221 3217 1287 3241 nus
1322 3208 1357 3240 in
1391 3207 1565 3247 Cilonem‚
1604 3206 1727 3240 audaci
1761 3206 1946 3239 mendacio
1981 3204 2092 3239 edidit

1219 3257 1349 3299 gratias
1373 3265 1434 3290 eos
1458 3266 1563 3299 agere
1585 3256 1707 3290 Ciloni.
1743 3257 1832 3289 Tum
1854 3254 1928 3288 ille:
1955 3255 2091 3289 Praesit

1220 3316 1304 3349 ergo
1328 3307 1378 3340 eis
1402 3306 1551 3340 alterum
1571 3307 1766 3340 biennium.
1793 3306 1877 3338 Lirs.
1897 3321 1934 3328 —
1953 3305 2088 3346 quaere]

1221 3357 1393 3397 «iterum,
1419 3357 1448 3390 si
1472 3358 1589 3399 potes,
1615 3358 1762 3390 Romam
1779 3363 1836 3388 me
1857 3354 2004 3397 perduc,
2028 3363 2088 3388 me

1218 3409 1313 3440 terra
1348 3407 1506 3449 marique
1537 3415 1603 3449 per
1632 3407 1684 3439 tot
1714 3413 1826 3438 annos
1851 3406 2088 3447 quaesitum,-
