2254 3770
732 272 888 317 Lmen
916 271 982 316 vl.
1028 271 1129 330 cap.
1162 271 1200 314 9.
1233 271 1301 316 io.
1334 271 1400 316 44.
1876 270 1961 315 277

176 383 315 429 blicae
343 382 463 440 argui
493 395 576 426 non
605 385 812 439 poterant,
843 378 899 423 ob
928 378 1125 423 lacrimas
1151 377 1477 431 incusabantur;
1507 383 1746 436 necataque
1767 383 1833 422 est
1851 391 1958 422 anus

176 459 294 508 Vitia.
326 457 431 502 Fufii
461 456 626 501 Gemini
657 462 803 506 mater,
834 453 953 513 quod
981 453 1055 497 filii
1084 467 1237 498 necem
1265 453 1467 498 flevisset.

286 534 404 577 Haec
432 539 535 590 aput
562 538 770 576 senatum.
813 544 895 575 nec
924 543 1051 574 secus
1081 535 1184 587 aput
1211 529 1452 587 principem
1480 528 1752 574 Vescularius
1781 527 1960 572 Flaccus

175 623 226 654 ac
245 608 376 653 Iulius
396 608 580 652 Marinus
601 607 655 651 ad
676 613 855 651 mortem
875 610 1068 663 aguntur,
1100 618 1126 648 e
1146 605 1442 648 vetustissimis
1462 604 1744 656 familiarium,
1766 603 1961 648 Rhodum

175 685 310 730 secuti
330 692 373 728 et
401 690 504 742 aput
523 684 710 741 Capreas
730 681 947 730 individui,
979 679 1250 725 Vescularius
1274 681 1524 724 insidiarum
1544 680 1586 723 in
1605 679 1812 724 Libonem
1832 679 1993 723 inter-5

174 760 367 805 nuntius:
413 759 574 802 Marino
618 757 826 816 participe
870 757 1051 801 Seianus
1090 756 1281 801 Curtium
1319 757 1499 801 Atticum
1536 762 1824 815 oppresserat.
1874 769 1962 813 quo

174 837 326 882 laetius
356 842 577 894 acceptum
607 848 685 878 sua
715 832 911 891 exempla
941 832 982 875 in
1013 831 1280 876 consultores
1309 831 1531 876 recidisse.

288 914 369 956 Per
399 911 514 955 idem
543 917 713 968 tempus
742 910 788 953 L.
818 909 917 952 Piso
947 907 1152 966 pontifex,
1184 922 1329 952 rarum
1359 909 1401 951 in
1431 915 1545 952 tanta
1575 907 1846 959 claritudine,
1877 907 1963 951 fato

175 989 290 1039 obiit,
321 987 478 1031 nullius
508 985 676 1030 servilis
705 984 940 1029 sententiae
970 990 1121 1042 sponte
1152 990 1311 1034 auctor,
1342 991 1386 1028 et
1407 984 1606 1043 quotiens
1634 984 1870 1028 necessitas
1899 983 1964 1026 in-

175 1071 358 1123 grueret,
381 1063 597 1121 sapienter
614 1061 856 1105 moderans.
893 1066 1060 1118 patrem
1080 1059 1120 1104 ei
1141 1060 1387 1104 censorium
1405 1060 1538 1103 fuisse
1560 1060 1814 1112 memoravi3
1845 1066 1964 1103 aetas
1977 1072 2014 1102 ιο

176 1139 231 1184 ad
251 1140 560 1196 octogesimum
579 1151 739 1181 annum
757 1136 987 1195 processit3
1019 1137 1152 1180 decus
1175 1135 1429 1194 triumphale
1449 1135 1491 1178 in
1512 1135 1717 1180 Thraecia
1734 1141 1964 1180 meruerat.

177 1214 255 1260 sed
284 1215 519 1273 praecipua
549 1227 603 1257 ex
630 1227 684 1257 eo
713 1212 859 1270 gloria,
890 1212 1007 1270 quod
1037 1212 1279 1269 praefectus
1308 1211 1404 1255 urbi
1433 1225 1586 1256 recens
1616 1212 1859 1256 continuam
1886 1225 1966 1269 po-

178 1297 374 1335 testatem
402 1297 445 1334 et
474 1289 697 1333 insolentia
726 1287 905 1346 parendi
935 1287 1175 1345 graviorem
1210 1287 1317 1331 mire
1355 1288 1619 1346 temperavit.
1665 1287 1747 1344 (M)
1778 1301 1965 1345 namque

179 1373 303 1411 antea
332 1365 533 1424 profectis
554 1364 683 1408 domo
713 1363 886 1422 regibus
907 1377 958 1407 ac
984 1377 1083 1406 mox
1112 1363 1440 1421 magistratibus,
1470 1377 1525 1407 ne
1545 1364 1651 1407 urbs
1671 1363 1763 1407 sine
1785 1363 1965 1421 imperio

179 1440 298 1488 foret,
330 1439 373 1481 in
392 1445 560 1496 tempus
581 1437 847 1495 deligebatur
867 1439 940 1497 qui
962 1439 1029 1482 ius
1049 1438 1252 1483 redderet
1271 1453 1322 1483 ac
1341 1439 1493 1483 subitis
1513 1439 1777 1492 mederetur;
1807 1439 2017 1484 ferunt-⁴5

179 1529 266 1573 que
286 1513 339 1558 ab
361 1513 539 1558 Romulo
567 1514 771 1557 Dentrem
801 1514 1052 1565 Romulium,
1083 1521 1181 1572 post
1210 1515 1264 1558 ab
1293 1514 1411 1558 Tullo
1440 1514 1620 1558 Hostilio
1649 1515 1828 1558 Numam
1858 1515 1968 1558 Mar-

180 1592 295 1634 cium
313 1596 356 1633 et
374 1589 428 1633 ab
449 1589 677 1647 Tarquinio
699 1589 896 1647 Superbo
918 1589 1119 1646 Spurium
1139 1590 1384 1633 Lucretium
1402 1590 1623 1648 inpositos.
1651 1590 1750 1634 dein
1767 1589 1967 1634 consules

180 1665 455 1717 mandabant;
491 1665 702 1721 duratque
733 1663 1019 1715 simulacrum,
1052 1665 1249 1723 quotiens
1280 1665 1335 1709 ob
1366 1665 1494 1709 ferias
1522 1665 1693 1709 Latinas
1722 1665 1969 1724 praeficitur

181 1742 255 1803 qui
286 1739 511 1785 consulare
541 1754 696 1783 munus
724 1746 913 1797 usurpet.
962 1747 1151 1784 ceterum
1182 1742 1396 1799 Augustus
1425 1740 1549 1785 bellis
1570 1740 1764 1785 civilibus
1787 1740 1969 1785 Cilnium

245 1875 279 1907 2.
296 1875 434 1907 Nomen
451 1873 538 1906 Vitia
551 1872 764 1915 Nipperdeio
780 1874 987 1915 corruptum
1003 1873 1161 1910 videtum
1187 1873 1265 1906 fort.
1284 1874 1394 1907 Vittia.
1415 1891 1451 1897 -
1468 1874 1554 1915 fuqii
1575 1882 1629 1916 pr.
1646 1875 1699 1914 M;
1723 1874 1805 1915 fusti
1824 1882 1917 1907 corr.
1934 1874 1969 1908 M

185 1949 220 1955 —
246 1931 278 1964 3.
295 1930 434 1963 Flaccus
453 1930 606 1964 Pichena
623 1929 713 1970 (coll.
731 1931 764 1971 2,
778 1929 851 1971 28):
877 1931 997 1963 atticus
1019 1931 1063 1971 M,
1089 1930 1198 1964 oculis
1220 1930 1353 1963 librarii
1376 1930 1625 1965 aberrantibus
1648 1931 1693 1964 ad
1716 1931 1868 1964 Curtium
1880 1931 1970 1965 Atti-

181 1995 257 2020 cum
284 1995 319 2019 v,
344 1986 376 2019 6.
404 2004 441 2009 —
473 1985 505 2018 4.
530 1988 706 2018 atmortem
733 1986 766 2019 M
798 2004 831 2010 -·
863 1986 1073 2028 familiarum
1099 1988 1134 2020 Μ
1166 2003 1202 2010 ——
1239 1987 1270 2020 6.
1295 1987 1475 2028 participis
1503 1988 1538 2021 Μ
1569 1988 1747 2028 (participe
1769 1988 1902 2029 margo)
1928 2005 1965 2011 —

181 2042 214 2076 9.
238 2042 327 2076 obiid
348 2051 401 2085 pr.
426 2043 460 2075 Μ
485 2059 521 2065 -
552 2042 606 2074 42.
630 2042 723 2074 urbis
742 2042 935 2085 Wopkens.
962 2060 999 2066 —
1027 2042 1079 2076 44.
1099 2044 1259 2086 profectis
1279 2044 1375 2077 domo
1397 2044 1608 2077 Rhenanus:
1641 2044 1819 2086 praefectis
1839 2045 1970 2077 demum

181 2099 216 2133 Μ
240 2116 277 2122 -
302 2098 356 2131 46.
379 2104 528 2131 mmmm
549 2099 583 2132 Μ
610 2117 645 2122 -
671 2098 723 2131 49.
749 2098 892 2132 Cilnium
914 2100 1070 2142 Lipsius:
1091 2101 1263 2133 vcillinium
1287 2101 1333 2134 M.

183 2220 240 2252 tus
266 2216 434 2250 volebant
465 2218 500 2250 P.
529 2218 564 2250 V.
597 2217 796 2260 (praefectus
821 2218 941 2260 urbis.)
980 2219 1050 2252 Sed

180 2268 332 2310 pontifex
361 2267 416 2300 bis
439 2268 707 2308 cognominatur
729 2269 835 2300 etiam
858 2268 894 2300 in
917 2269 1051 2302 Marinii

184 2318 402 2362 (monumenti
423 2318 471 2350 ἅθ’
493 2317 618 2358 fratelli
636 2318 769 2359 Arvali)
792 2317 911 2350 tabula
935 2320 960 2350 1.
991 2320 1052 2352 Est

184 2370 303 2401 autem
326 2368 375 2407 is,
400 2366 445 2399 ad
468 2368 568 2400 cuius
590 2367 679 2400 filios
699 2368 861 2400 Horatius
877 2369 972 2401 misit
985 2372 1052 2401 Ar-

185 2421 259 2451 tem
281 2418 470 2460 poeticam.
495 2417 584 2450 Vide
605 2417 650 2450 de
667 2426 710 2450 eo
726 2419 898 2450 Senecam
916 2419 978 2460 Ep.
996 2419 1050 2459 83,

187 2469 239 2501 42.
265 2467 350 2500 Plin.
374 2468 415 2500 N.
442 2467 482 2499 H.
508 2466 550 2500 ⁴4
573 2467 592 2509 S
618 2466 691 2500 ⁴45.
729 2469 870 2500 sueton.
895 2467 970 2500 Tib.
996 2467 1049 2501 42.

187 2519 336 2551 Dionem
352 2518 406 2558 58,
425 2518 479 2550 49.
504 2518 590 2551 Miro
611 2526 732 2550 errore
747 2518 919 2560 Iosephus
935 2519 1051 2559 Antiq.

187 2568 241 2608 48,
267 2569 321 2608 40,
339 2568 359 2600 6
382 2576 465 2600 eum
488 2566 627 2600 Tiberio
651 2568 878 2610 superstitem
902 2568 993 2601 facit.
1015 2586 1050 2591 —

186 2618 372 2651 censorium
399 2618 499 2659 fuisse
520 2617 718 2658 memoravi]
751 2618 828 2650 Non
852 2618 995 2659 quidem
1018 2618 1055 2650 in

187 2667 242 2700 his
263 2666 379 2706 libris,
405 2667 465 2709 qui
489 2668 637 2699 exstant.
670 2667 801 2699 Tamen
826 2666 967 2709 intelligi
982 2666 1056 2700 vult

189 2719 224 2750 L.
244 2718 424 2756 Pisonem,
450 2725 615 2750 socerum
631 2717 669 2749 C.
689 2717 868 2757 Caesaris,
894 2718 954 2759 qui
969 2726 1055 2749 cen-

189 2775 250 2800 sor
271 2775 354 2800 cum
375 2766 487 2808 Appio
505 2765 649 2799 Claudio
671 2774 703 2799 a.
722 2774 757 2798 u.
776 2766 857 2807 704,
883 2775 955 2809 quo
977 2767 1055 2808 ipso

188 2825 300 2857 ann0,
337 2817 375 2848 ut
403 2816 492 2848 ratio
522 2816 646 2849 aetatis
675 2816 793 2849 Tacito
822 2818 962 2850 constet
993 2817 1057 2857 (ait

189 2867 283 2900 enim
314 2866 442 2899 vixisse
473 2867 648 2907 octoginta
679 2866 819 2906 annos),
851 2868 952 2899 natus
976 2875 1055 2899 esse

140 2929 144 2932 ·
189 2915 314 2948 debuit
334 2915 392 2947 bic
407 2916 496 2948 Piso.
523 2916 609 2948 Lirs.
630 2933 665 2938 —
692 2916 727 2947 in
745 2916 914 2958 Thi-aecia]
934 2916 1054 2948 Vellei.

188 2967 228 3006 2,
252 2965 313 2998 98:
337 2965 446 2997 Δι’-σω
467 2965 504 2997 in
527 2962 670 2997 mania
692 2965 812 2997 benum
827 2969 937 2998 ortum
955 2966 1059 2998 omui-

190 3016 250 3048 bus
277 3014 347 3048 eius
374 3015 479 3056 gentis
502 3015 692 3047 nationibus
719 3016 756 3047 in
779 3024 880 3047 arma
901 3017 1057 3055 accensis,

190 3066 228 3099 L.
244 3065 388 3104 Pisonis,
413 3073 509 3105 quem
525 3064 682 3103 hodiernae
703 3065 987 3106 diligentissimum
1009 3069 1059 3097 at-

191 3124 254 3157 quc
289 3115 426 3147 eundem
462 3114 663 3146 lenissimum
695 3115 880 3147 securitatis
908 3115 1060 3147 urbanae

191 3166 357 3199 custodem
378 3164 551 3203 habemus,
575 3164 682 3195 virtus
699 3165 899 3204 compressit.
925 3164 976 3197 Cf.
996 3166 1058 3197 Dio

193 3215 253 3255 54,
277 3214 320 3248 3⁴·
343 3214 389 3247 ad
411 3223 443 3246 a.
468 3222 503 3246 u.
529 3212 604 3245 743.
630 3213 702 3245 Liv.
728 3214 816 3255 Epit.
843 3214 917 3246 438.
944 3232 978 3238 -
1003 3222 1059 3246 re-

194 3273 269 3297 cens
289 3263 492 3306 continuam]
524 3263 579 3295 Sic
602 3263 724 3304 iunge,
750 3272 820 3295 non
844 3271 925 3295 cum
948 3264 1061 3296 Erne-

197 3314 263 3347 stio
285 3313 472 3355 praefectus
492 3313 584 3345 urbis
606 3321 734 3351 recens;
767 3315 926 3347 cmitinua
948 3322 1061 3356 oppo-

199 3363 290 3397 nitur
311 3373 448 3398 annuae
470 3363 655 3405 potestati;
679 3371 792 3395 recens
814 3365 953 3403 autem,
979 3364 1060 3405 quia

200 3415 237 3448 L.
252 3417 331 3450 Piso
353 3419 488 3460 primus
511 3427 595 3452 sane
618 3417 742 3457 isfuit,
768 3426 789 3450 a
804 3426 874 3459 quo
891 3417 1060 3460 deinceps

1103 2214 1275 2255 perpetua
1304 2214 1401 2246 esset
1427 2212 1689 2255 praefectorum
1719 2212 1818 2246 urbis
1844 2213 1968 2245 series.

1105 2263 1156 2296 Cf.
1183 2264 1371 2296 Cor-sinum
1395 2263 1468 2296 Ser.
1493 2263 1603 2304 Praef.
1632 2263 1708 2295 Urb.
1732 2272 1766 2305 p.
1785 2263 1840 2295 34.
1859 2279 1895 2285 -
1921 2263 1972 2295 in-

1103 2314 1241 2346 solentia
1256 2314 1413 2354 parendi]
1438 2322 1521 2346 cum
1539 2314 1635 2347 cives
1658 2313 1807 2355 principi
1822 2313 1971 2354 eiusque

1104 2364 1204 2404 quasi
1220 2364 1363 2403 vicario,
1387 2363 1567 2405 praefecto
1583 2364 1694 2403 urbis,
1720 2363 1813 2396 dicto
1828 2362 1973 2395 audien-

1104 2416 1158 2447 tes
1181 2422 1260 2446 esse
1284 2414 1442 2446 nondum
1466 2415 1598 2447 assueti
1622 2415 1759 2454 essent,
1787 2414 1891 2446 crudo
1912 2413 1972 2445 ad-

1103 2465 1166 2496 huc
1187 2465 1340 2504 servitio,
1365 2465 1404 2496 ut
1426 2464 1474 2496 ait
1495 2465 1527 2503 4,
1552 2463 1584 2497 8.

1150 2515 1202 2547 44.
1226 2515 1374 2546 Numam
1394 2513 1576 2556 Marcium]
1599 2514 1670 2546 Liv.
1698 2514 1730 2554 4,
1754 2514 1813 2547 20:
1835 2513 1974 2555 pontifi-

1104 2573 1174 2596 cem
1185 2564 1330 2596 Numam
1347 2564 1517 2597 Marcium
1525 2564 1636 2597 Marci
1649 2563 1756 2605 filium
1771 2562 1902 2605 (Marcii
1916 2563 1974 2595 hic

1106 2615 1293 2647 memorati
1320 2613 1468 2656 patrem)
1496 2623 1540 2646 ex
1565 2613 1722 2654 patribus
1747 2613 1826 2656 leyit
1849 2615 1974 2653 (Numa

1105 2663 1192 2705 rex).
1217 2663 1422 2697 Plutarchus
1445 2664 1480 2696 in
1499 2665 1612 2696 Numa
1628 2664 1689 2696 25:
1715 2661 1853 2705 πάντες
1875 2659 1975 2705 ὁμο-

1105 2712 1263 2758 λογοῦσι
1300 2711 1371 2756 τὴν
1403 2712 1623 2756 Πομπιλίαν
1662 2714 1815 2756 (Numae
1849 2713 1972 2755 filiam)

1105 2765 1263 2811 Μαρκίῳ
1295 2762 1531 2808 γαμηθῆναι.
1566 2763 1666 2805 Παῖς
1687 2762 1728 2796 δὲ
1751 2757 1800 2807 ἧν
1823 2759 1844 2796 ὁ
1867 2760 1975 2809 Μάρ-

1105 2825 1190 2855 κιος
1212 2814 1359 2847 ἐκείνου
1380 2814 1554 2860 Μαρκίου
1577 2810 1646 2846 τοῦ
1670 2811 1808 2857 Νομᾶν
1831 2822 1975 2871 παρορ-

1105 2862 1304 2908 μήσαντος
1338 2864 1392 2905 εἰς
1424 2861 1495 2907 τὴν
1532 2862 1744 2903 βασιλείαν.
1790 2864 1865 2896 Καὶ
1902 2873 1975 2909 γαρ

1107 2912 1411 2959 συμμετῴκησεν
1440 2915 1494 2955 εἰς
1520 2910 1669 2958 Ῥώμην
1691 2910 1793 2958 αὐτῷ
1818 2914 1883 2946 καὶ
1905 2911 1976 2956 τῆς

1108 2964 1323 3010 συγκλήτου
1353 2964 1517 3007 μετέσχε
1545 2963 1760 3008 τιμώμενος
1789 2964 1856 2997 καὶ
1876 2960 1976 3006 μετὰ

1106 3014 1178 3059 τὴν
1200 3013 1314 3058 Νομᾶ
1337 3012 1514 3058 τελευτὴν
1524 3011 1695 3059 Ὁστιλίῳ
1719 3014 1803 3060 περὶ
1817 3011 1887 3056 τῆς
1901 3012 1976 3054 βα-

1109 3065 1252 3107 σιλείας
1275 3066 1329 3107 εἰς
1351 3061 1483 3109 ἀγῶνα
1504 3062 1700 3106 καταστὰς
1715 3065 1780 3097 καὶ
1796 3060 1976 3107 ἡττηθεὶς

1108 3114 1425 3163 ἀπεκαρτέρησεν.
1447 3113 1485 3148 Ὁ
1507 3115 1548 3149 δὲ
1571 3113 1655 3158 υἱὸς
1669 3112 1790 3149 αὐτοῦ
1803 3111 1977 3161 Μάρκιος

1108 3161 1209 3206 ἔχων
1231 3163 1301 3210 τὴν
1315 3164 1535 3210 Πομπιλίαν
1549 3167 1768 3209 κατέμεινεν
1791 3163 1831 3197 ἐν
1850 3161 1975 3213 Ῥώμῃ

1109 3217 1175 3250 καὶ
1197 3215 1369 3263 Μάρκιον
1392 3217 1609 3261 ἐγέννησεν,
1647 3211 1691 3256 ὃς
1711 3211 1809 3257 μετὰ
1831 3212 1977 3249 Τύλλον

1105 3264 1290 3301 Ὁστίλιον
1301 3266 1539 3308 ἐβασίλευσε.
1552 3284 1588 3290 -
1603 3265 1764 3307 Spurium
1774 3265 1975 3309 Lucretium]

1113 3318 1183 3351 Liv.
1202 3320 1234 3359 4,
1252 3318 1310 3351 59:
1338 3319 1462 3352 Brutus
1475 3317 1651 3358 imperium
1665 3318 1702 3350 in
1716 3315 1797 3349 urbe
1810 3316 1974 3358 Lucretio,

1106 3369 1274 3410 praefecto
1295 3368 1387 3401 urbis
1406 3369 1477 3401 iam
1498 3370 1576 3400 anto
1597 3366 1640 3399 ab
1665 3374 1743 3408 reae
1765 3366 1974 3409 (Tarquinio)

1107 3418 1274 3458 instituto,
1308 3417 1475 3458 relinquit.
1503 3434 1539 3440 —
1573 3416 1739 3456 dur-atquo
1760 3415 1976 3449 sinadam-um
