2254 3770
293 303 379 348 298
772 306 818 349 Ρ.
850 304 1103 350 CORNELII
1131 305 1302 350 TACITI
1331 305 1601 352 ANNALIUM

293 409 330 453 si
368 410 442 469 qui
479 416 754 455 externorum
789 411 960 469 corpori
997 411 1198 463 custodes
1237 411 1431 462 aderant,
1469 411 1559 456 suis
1589 411 1773 472 quisque
1803 412 1981 458 sedibus
2003 426 2087 458 ex·-

292 491 442 538 torres,
474 486 571 545 quis
601 500 744 545 neque
772 486 873 531 boni
903 486 1141 532 intellectus
1167 501 1310 546 neque
1330 487 1429 531 mali
1449 479 1564 539 cura,
1596 487 1674 532 sed
1697 488 1896 534 mercede
1917 488 2089 545 aluntur->

292 561 470 605 ministri
506 561 758 606 sceleribus.
804 562 870 606 his
906 562 1143 621 adsumptis
1179 565 1222 607 in
1259 562 1491 621 longinqua
1520 568 1564 606 et
1592 563 1857 622 contermina*
1877 563 2085 624 'Scythiae

292 635 434 693 fugam
457 637 693 688 maturavit,
725 650 804 695 spe
822 637 978 690 auxilii,
1009 639 1111 697 quia
1131 638 1342 698 Hyrcanis
1365 638 1690 697 Carmaniisque
1718 653 1799 698 per
1827 639 2089 690 adfinitatem

259 712 471 756 sinnexus
498 718 612 756 erat:
642 718 772 771 atque
802 713 969 757 interim
997 728 1127 772 posse
1158 714 1336 758 Parthos
1368 714 1607 758 absentium
1630 727 1815 773 aequos,
1834 715 2088 773 praesenti-

289 787 372 831 bus
402 787 596 838 mobiles,
628 788 683 831 ad
713 788 1016 846 paenitentiam
1045 790 1211 833 mutari.
1257 790 1339 847 (37)
1370 796 1412 833 at
1441 789 1630 835 Vitellius
1659 790 1842 848 profugo
1873 790 2086 834 Artabano

290 869 333 906 et
361 861 485 906 flexis
513 862 568 907 ad
597 877 769 907 novum·
786 877 934 922 regem
962 864 1234 923 popularium
1265 864 1666 915 animisshortatus
1696 864 1910 910 Tiridaten
1937 871 2090 924 parata

290 951 532 992 capessere,
564 939 698 983 robur
719 939 943 998 *legionum
972 941 1277 999 sociorumque
1308 940 1444 999 ripam
1462 940 1517 985 ad
1538 940 1764 999 Euphratis
1785 940 1914 986 ducit.
1952 941 2087 986 sacri-

289 1013 535 1064 ficantibus,
575 1028 674 1059 cum
709 1014 778 1059 hie
814 1029 934 1061 more
970 1018 1160 1061 Romano
1195 1015 1667 1067 suovetaurilia-daret,
1702 1015 1775 1060 ille
1803 1030 1970 1075 equum·
1993 1015 2093 1075 pla--

239 1089 427 1134 iocando
457 1089 569 1133 amni
600 1089 871 1145 adornasset,
908 1092 1158 1136 nuntiavere
1188 1091 1361 1136 accolae
1383 1091 1636 1150 vEuphraten
1665 1091 1781 1136 nulla
1809 1092 2017 1136 imbrium
2041 1092 2089 1137 viv

289 1170 440 1223 sponte
461 1171 504 1209 et
522 1165 763 1210 inmensum
784 1166 926 1218 attolli,
959 1166 1084 1211 simul
1104 1166 1345 1212 albentibus
1369 1168 1533 1225 spumis
1564 1168 1606 1210 in
1634 1167 1810 1212 modum
1829 1167 2086 1213 diadematis

288 1241 462 1285 sinuare
492 1241 638 1293 orbes,
676 1242 918 1300 auspicium
946 1242 1144 1301 prosperi
1172 1249 1480 1302 transgressus.
1523 1242 1700 1302 quidam
1731 1242 1926 1288 callidius
1956 1243 2089 1288 inter-

289 1315 581 1374 pretabantur,
621 1317 739 1362 initia
775 1324 967 1362 conatus
987 1318 1180 1362 secunda
1217 1333 1360 1376 neque
1396 1319 1614 1373 diuturna.
1655 1319 1758 1378 quia
1793 1330 1944 1364 eorum
1972 1333 2086 1378 quae

289 1399 403 1436 terra
433 1392 618 1437 caelove·
638 1394 998 1452 portenderentur
1019 1395 1177 1438 certior
1205 1393 1326 1446 fides,
1357 1394 1581 1438 fluminum
1611 1394 2000 1439 instabilis-natura
2027 1395 2087 1440 si·—

240 1467 376 1515 mmul
398 1469 645 1514 ostenderet
664 1470 807 1514 omina
835 1476 1107 1529 raperetque.
1142 1470 1222 1514 sed
1253 1476 1383 1528 ponte
1404 1470 1594 1514 navibus
1615 1470 1768 1515 effecto
1799 1470 2092 1528 tramissoque>
2161 1512 2163 1514 .

289 1544 491 1595 exercitu,
522 1545 687 1603 primus
709 1546 988 1604 Ornospades
1020 1545 1164 1590 multis
1183 1546 1376 1604 equitum
1407 1545 1578 1590 milibus
1607 1547 1649 1589 in
1669 1552 1808 1590 castra
1830 1546 1956 1596 venit,
1987 1545 2085 1591 exul

289 1620 508 1679 quondam
536 1627 580 1665 et
609 1621 795 1673 Tiberio,
828 1636 935 1666 cum.
957 1622 1238 1667 Delmaticum
1266 1621 1424 1666 bellum
1455 1621 1704 1673 conficeret,
1736 1620 1850 1667 haud
1879 1620 2088 1679 inglorius

288 1696 511 1740 auxiliator
546 1711 688 1756 eoque
724 1698 899 1742 civitate¹
933 1700 1121 1742 Romana
1161 1697 1361 1748 donatus,
1401 1711 1501 1741 mox
1537 1697 1937 1755 repetitaamieitia
1955 1697 2085 1755 regis

287 1772 419 1817 multo
449 1773 564 1831 apud
595 1787 694 1817 eum
730 1772 912 1824 honore,
953 1774 1193 1832 praefectus
1224 1772 1385 1831 campis
1416 1773 1487 1830 qui
1523 1772 1738 1831 Euphrate
1769 1780 1812 1817 et
1840 1773 1980 1832 Tigre,
2019 1773 2084 1816 in-

238 1848 412 1894 soclutis
443 1849 652 1905 amnibus,
684 1849 920 1894 circumflui
943 1849 1275 1908 Mesopotamiae
1295 1856 1452 1893 nomen
1474 1855 1746 1907 acceperunt.
1778 1862 1921 1908 neque
1950 1848 2083 1892 multo

287 1930 386 1983 post
415 1924 622 1970 Sinnaces
659 1932 787 1983 auget
821 1925 986 1982 copias,
1029 1932 1070 1969 et
1101 1924 1298 1970 columen
1335 1925 1521 1984 partium
1548 1912 1824 1983 Abdagaeses
1861 1938 2012 1983 gazam
2040 1930 2084 1968 et

288 2007 463 2058 paratus
493 2001 635 2058 regios
665 2000 804 2045 adicit.
837 2000 1024 2046 Vitellius
1045 2007 1283 2045 ostentasse
1304 2002 1493 2045 Romana
1515 2013 1631 2045 arma
1661 2001 1765 2044 satis
1794 2006 1911 2044 ratus
1939 2005 2086 2044 monet

290 2076 504 2120 Tiridaten
541 2077 861 2135 prImoresque,
904 2076 1035 2128 hunc,
1079 2076 1271 2120 Phraatis
1308 2077 1375 2120 avi
1412 2083 1455 2120 et
1489 2075 1634 2120 altoris
1665 2076 1861 2121 Caesaris
1891 2089 2082 2134 quaeque

288 2152 519 2211 utrubique
548 2151 729 2211 pulchra
758 2153 1007 2204 meminerit,
1039 2152 1145 2204 illos,
1177 2152 1436 2211 obsequium
1465 2152 1509 2195 in
1537 2164 1695 2210 regem,
1727 2152 2013 2196 reverentiam
2032 2151 2082 2195 in

355 2273 386 2307 9.
411 2282 550 2307 romane
573 2282 626 2316 pr.
652 2275 685 2308 M
712 2292 747 2297 -
774 2275 827 2308 40.
853 2274 934 2323 anm·
955 2274 990 2308 M
1013 2273 1118 2316 (amni
1139 2272 1338 2315 margo)-
1366 2274 1417 2306 42.
1438 2256 1596 2314 prospere
1618 2274 1652 2307 M
1680 2292 1714 2297 —
1738 2269 1888 2306 calcatus
1902 2280 1958 2318 pr.
1983 2272 2018 2317 Μ
2042 2290 2089 2312 -Λ

287 2329 620 2371 interpraetabautur
648 2339 701 2373 pr.
734 2331 768 2364 M
799 2348 836 2354 ·-
873 2320 925 2364 45.
955 2331 1068 2363 omnia
1098 2331 1132 2364 Μ
1163 2348 1199 2353 -
1235 2330 1289 2363 49.
1315 2330 1406 2363 Fort.
1434 2330 1536 2372 Tigri.
1562 2328 1614 2362 Cf.
1640 2329 1695 2369 42,
1719 2329 1771 2378 43.
1795 2328 1882 2363 Plin.
1906 2330 1947 2363 N.
1973 2328 2015 2364 H.
2040 2315 2091 2374 48

290 2386 408 2429 5470.
433 2386 561 2429 Vergil.
587 2389 674 2421 Aen.
701 2389 755 2429 40,
781 2388 857 2421 466.
883 2405 919 2411 -
953 2389 1007 2421 22.
1030 2388 1180 2421 uitellelis
1202 2388 1235 2421 M
1270 2405 1304 2410 -
1341 2387 1395 2420 23.
1428 2390 1459 2420 et
1486 2387 1695 2422 Rhenanus:
1730 2389 1769 2419 ut
1795 2387 1829 2420 Μ
1862 2404 1894 2411 -
1931 2395 2089 2431 quaeque>

290 2445 406 2477 Neue:
423 2452 519 2485 ‚quae
539 2445 584 2478 M.
612 2444 662 2477 Cf.
689 2445 865 2478 Heraeum
888 2453 923 2487 p.
949 2444 1013 2478 468
1036 2453 1090 2486 sq.
1116 2461 1153 2467 —
1179 2443 1234 2477 24.
1259 2443 1508 2484 utrumquem:
1533 2443 1707 2483 utrobique
1729 2441 1846 2485 vulgo.

289 2552 328 2584 7:
354 2560 421 2583 non
443 2551 589 2584 occultus
610 2551 688 2583 odii.
709 2569 744 2574 —
762 2552 978 2587 eoncermina
996 2530 1167 2593 Scythiae]

289 2601 334 2634 ad
358 2602 529 2634 orientem
556 2601 671 2642 Caspii
694 2602 815 2635 maris.
844 2619 880 2626 -
905 2601 1084 2644 Hyrcanis]
1116 2601 1161 2634 ad

290 2653 447 2685 austrum
472 2651 644 2684 eiusdem.
667 2669 700 2676 -
727 2652 991 2694 Carmaniisque]
1018 2653 1161 2685 Carma-

290 2702 346 2735 nia
381 2702 477 2743 regio
507 2701 659 2734 Persidis
691 2701 935 2742 occidentalis,
972 2701 1018 2734 ad
1041 2702 1159 2735 sinum

290 2753 470 2785 Persicum
493 2752 575 2791 sita,
601 2761 695 2784 nunc
716 2753 876 2785 Kerman.
905 2770 940 2776 -
976 2751 1162 2785 absentium

289 2803 422 2844 aeques]
440 2810 572 2843 aequos
589 2803 623 2834 in
639 2802 822 2843 absentes;
845 2802 989 2844 regibus
1003 2801 1160 2844 expulsis

290 2852 388 2887 facile
412 2861 534 2886 rursus
558 2852 730 2886 faventes.

332 2904 385 2936 37.
410 2905 523 2944 ripam
547 2904 594 2936 ad
612 2904 805 2946 Euphratis]
831 2875 917 2936 Vide
941 2903 986 2936 ad
1009 2902 1041 2943 4,
1067 2904 1099 2936 ὅ.
1122 2921 1156 2926 -

287 2952 539 2995 suovetaurilia]
565 2953 694 2994 quibus
717 2955 818 2987 Marti
833 2953 1011 2996 piaculum
1029 2953 1077 2986 fit.
1105 2953 1158 2986 Cf.

290 3006 376 3037 Cato
400 3006 438 3037 R.
461 3005 500 3036 R.
528 3003 603 3037 444.
630 3004 701 3036 Liv.
728 3004 760 3043 8.
788 3005 840 3037 40.
866 3022 909 3029 --
932 3003 1064 3046 equum]
1087 3004 1160 3037 Xe-

290 3056 397 3097 noph.
431 3053 565 3098 Exped.
594 3053 677 3094 Cyri
700 3053 738 3093 4,
763 3056 802 3087 5:
838 3055 914 3088 Καὶ
945 3054 1079 3094 ἵππον,
1114 3050 1159 3086 ὃν

289 3102 439 3148 ειλήφει
471 3101 743 3162 παλαιότερον,
779 3102 910 3138 δίδωσι
945 3102 1159 3147 (Ξενοφῶν)

288 3154 339 3199 τῷ
363 3153 551 3213 κωμάρχῃ
562 3150 836 3214 ἀναθρέψαντι
851 3154 1082 3195 καταθῦσαι,
1100 3152 1163 3188 ὅτι

289 3202 457 3265 ἤκουσεν1
479 3202 598 3238 αὐτὸν
622 3201 725 3251 ἱερὸν
747 3201 845 3237 εἶναι
859 3204 927 3238 τοῦ
940 3202 1082 3246 Ηλιῐου,
1100 3204 1160 3238 δε-

288 3254 378 3298 διώς
405 3253 462 3300 μὴ
491 3252 873 3302 dnoffloivp.1ustinus
898 3258 928 3295 4,
956 3257 1013 3289 4οτ
1050 3257 1160 3289 Solem

289 3317 394 3340 unum
422 3317 490 3340 esse
517 3308 614 3340 deum
638 3308 756 3339 Persae
778 3306 915 3338 credunt
936 3311 967 3339 et
989 3316 1089 3348 equos
1110 3308 1160 3340 ei-

290 3358 362 3389 dem
393 3358 452 3390 deo
481 3360 632 3389 sacratos
652 3357 775 3398 ferunt.
805 3373 839 3378 —
866 3357 1031 3396 placando
1055 3357 1158 3398 amm]

291 3407 489 3441 Herodotus
513 3410 543 3447 4,
564 3408 648 3441 438;
673 3406 819 3453 Πέρσαι
841 3404 1024 3446 σέβονται
1046 3416 1162 3439 ποτα-

289 3453 391 3499 μοὺς
410 3454 593 3500 μάλιστα,
625 3456 713 3491 plut.
738 3455 870 3490 Lucull.
894 3456 954 3490 24:
980 3452 1097 3489 ’ἔθυσε
1118 3455 1160 3490 δὲ

1211 2551 1277 2584 καὶ
1292 2548 1344 2595 τῷ
1359 2546 1547 2597 Εὐφράτῃ
1564 2546 1807 2596 διαβατήρια.
1827 2567 1865 2574 --
1888 2549 2087 2594 amantibus}

1212 2610 1295 2634 nam
1328 2600 1492 2633 diadema
1524 2601 1631 2634 fascia
1654 2602 1731 2633 erat
1753 2599 1846 2633 alba.
1882 2599 1984 2633 Silius
2006 2599 2080 2634 Ital.

1213 2652 1265 2690 46,
1291 2651 1373 2684 244;
1405 2651 1561 2683 Induitur
1585 2650 1679 2692 (lube
1704 2651 1777 2690 rex)
1801 2650 2004 2690 chlamydem
2025 2659 2083 2684 re-

1209 2703 1333 2744 quique
1365 2701 1495 2743 insiqne
1527 2702 1648 2734 vetusti
1682 2701 1796 2734 Gestat
1830 2701 1929 2734 laeva
1962 2702 2081 2740 decu&

1209 2753 1391 2794 ciioyuntur
1423 2754 1576 2792 tempora
1601 2751 1688 2783 vitta
1714 2750 1859 2783 Albente.
1880 2751 2082 2786 ,suetonius

1211 2802 1313 2834 Caes.
1339 2800 1400 2833 79:
1438 2809 1514 2833 cum
1542 2801 1717 2841 quidam-e
1740 2800 1839 2832 turba
1860 2795 1992 2835 statuae
2011 2802 2086 2835 eius

1211 2851 1394 2892 (Caesaris)
1431 2859 1590 2884 coronam
1623 2851 1777 2886 lauream
1806 2851 1954 2884 candida
1972 2851 2085 2892 fascia

1203 2901 1399 2943 praeligata
1420 2901 1626 2941 inposuisset.
1653 2901 1804 2941 (Curtius
1827 2900 1860 2941 3,
1886 2901 1918 2941 3,
1938 2901 1998 2933 ⁴9:
2024 2901 2088 2934 Gis

1209 2952 1321 2984 darim
1341 2952 1460 2984 Persae
1475 2951 1640 2984 vocabant
1655 2951 1774 2992 capitis
1787 2952 1918 2992 regium
1931 2946 2080 2994 iusim}

1208 3003 1268 3034 hoe
1291 3001 1447 3034 caerulea
1467 3001 1576 3042 fascia
1597 3001 1674 3034 albo
1695 3002 1854 3034 distincta
1868 3002 2077 3036 oimumtbac.

1210 3051 1242 3092 6,
1257 3051 1289 3092 6,
1304 3051 1343 3084 4:
1363 3059 1575 3092 purpureum
1591 3051 1756 3091 diadma,
1770 3051 1962 3085 distinctum
1974 3051 2081 3095 albo.)

1213 3119 1249 3124 —
1274 3101 1463 3142 auspicium
1477 3102 1632 3142 prosperi
1653 3101 1892 3143 transgressus]
1921 3101 2011 3135 Vide
2032 3101 2083 3135 ud⁴

1211 3153 1242 3191 4,
1267 3153 1323 3184 27.
1351 3168 1388 3174 -
1420 3159 1496 3183 cum
1520 3151 1744 3184 Delmaticum
1764 3150 1883 3184 bellum
1904 3151 1948 3194 c.]
1976 3153 2079 3189 anuis

1210 3212 1245 3235 u.
1271 3212 1303 3235 c.
1330 3201 1513 3234 759—762.
1544 3218 1579 3224 -·
1614 3202 1763 3235 columen
1785 3202 1941 3241 partium
1965 3201 2081 3235 Abda-

1208 3252 1341 3295 gaeses]
1376 3251 1426 3285 Cf.
1455 3251 1541 3284 Hist.
1569 3252 1609 3291 3,
1642 3252 1702 3284 66:
1736 3253 1898 3293 specimen
1925 3255 2082 3294 partium

1208 3304 1399 3337 Mucianus.
1428 3319 1463 3325 —-
1498 3311 1650 3343 quaeque
1670 3301 1848 3342 uerumque
1867 3303 2020 3346 pulchra]
2044 3307 2082 3337 et

1210 3363 1302 3396 quae
1332 3351 1493 3394 exempla
1525 3352 1719 3384 imitatione
1751 3351 1854 3393 digna
1877 3353 2024 3387 vidisset
2045 3355 2084 3388 el·

1210 3406 1245 3438 in
1269 3413 1335 3437 avo
1352 3404 1438 3437 etin
1455 3402 1646 3439 educatore
1659 3403 1833 3444 Augusto,
1859 3405 1954 3447 apud
1968 3413 2079 3447 quem

1210 3456 1318 3490 obses
1340 3456 1466 3490 fuerat.
