2254 3770
698 676 1136 770 cultolloioflu
1182 674 1501 754 ANNAIIUM

498 889 505 907 Ι

1064 831 1123 864 Ex

482 950 692 995 ZUMPTII
727 949 1052 994 POTISSIMUM
1091 947 1383 993 ANNALIBUS
1423 947 1714 991 DESUMPTA.

200 1258 240 1290 A.
254 1259 292 1292 U.
304 1258 342 1292 C.
367 1259 402 1291 P.
418 1257 500 1290 Can.
621 1254 736 1287 COSS.

243 1325 306 1359 767

246 2330 309 2362 768

246 2635 310 2668 769

419 1326 460 1360 44
534 1324 613 1356 Sex.
628 1323 830 1365 Pompeius,

970 1113 1221 1122 ————

919 1320 1097 1361 Augustus
1120 1327 1152 1351 a.
1171 1318 1207 1351 d.
1225 1317 1311 1351 XIV.
1329 1317 1402 1350 Kal.
1421 1318 1518 1360 Sept.
1544 1317 1590 1357 (d.
1609 1317 1663 1350 ⁴9.
1680 1317 1837 1359 Augusti)

1891 1248 1975 1281 Am«.

1876 1304 1946 1337 Lm.
1963 1304 1990 1336 I.

533 1375 612 1407 Sex.
624 1372 827 1416 Appuleius.
864 1370 1008 1404 LXXVI.
1025 1369 1118 1402 vitae
1142 1376 1234 1401 anno
1254 1376 1368 1410 paene
1385 1366 1536 1410 expleto,
1554 1367 1634 1400 trib.
1653 1368 1838 1410 potestatis
1876 1361 1971 1394 “cm

419 2331 460 2362 45
538 2328 671 2360 Drusus
687 2327 830 2366 Caesar,

558 2378 598 2410 C.
621 2376 806 2410 Norbanus

602 2425 758 2460 Flaccus.

422 2637 463 2669 46
537 2631 574 2663 T.
599 2628 750 2663 Statilius
781 2630 835 2662 Si-

549 2689 659 2713 senna
675 2680 821 2719 Taurus,

555 2730 592 2762 L.
610 2727 812 2761 Scribonius

635 2778 733 2811 Libo.

863 1419 1025 1453 XXXVII.
1050 1419 1211 1463 incepto,
1243 1420 1382 1462 imperii
1408 1419 1521 1459 XLIV,
1545 1418 1653 1452 Nolae
1676 1419 1711 1451 in
1736 1419 1839 1452 Cam-

863 1470 964 1513 pania
989 1469 1143 1503 decedit.

917 1520 1126 1560 TIBERIUS,
1152 1519 1223 1553 LVI
1246 1528 1359 1553 annos
1383 1519 1502 1559 natus,
1534 1519 1725 1561 imperium
1748 1526 1837 1552 nece

862 1570 1035 1611 Agrippae
1058 1570 1215 1602 Postumi
1239 1570 1454 1612 auspicatur,
1479 1568 1545 1602 sed
1568 1569 1733 1602 senatum
1755 1570 1838 1611 post

862 1621 1007 1662 Augusti
1030 1619 1250 1662 sepulturam
1275 1621 1310 1652 et
1333 1618 1508 1652 caelestes
1530 1619 1687 1652 honores
1710 1618 1837 1651 decre-

861 1672 917 1703 tos
948 1670 1008 1702 diu
1039 1669 1120 1702 ficta
1144 1670 1319 1703 modestia
1342 1668 1440 1702 ludit.
1478 1669 1627 1702 Comitia
1650 1670 1838 1710 magistra-

861 1723 961 1754 tuum
991 1720 1230 1753 creandorum
1258 1728 1278 1751 a
1309 1718 1440 1761 populo
1464 1718 1509 1751 ad
1533 1720 1698 1752 senatum
1720 1720 1837 1752 trans-

861 1771 1034 1810 seruntur,
1067 1771 1127 1803 XII
1158 1770 1364 1812 praetorum
1393 1770 1468 1811 ipse
1497 1770 1664 1811 princeps
1695 1769 1837 1802 tertiam

861 1822 1011 1863 partem,
1031 1821 1107 1853 siue
1122 1818 1266 1862 repulsa
1280 1818 1582 1861 accipiendorum,
1594 1818 1834 1852 commendat.

862 1873 898 1904 In
924 1871 1052 1903 ceteris
1068 1879 1211 1912 quoque
1235 1869 1381 1902 civiliter
1404 1870 1493 1911 agit:
1518 1870 1638 1911 itaque
1657 1867 1836 1909 legionum

861 1920 1153 1960 Pannonicarum,
1177 1920 1304 1953 duram
1323 1919 1482 1952 militiam
1498 1920 1617 1961 inique
1634 1919 1846 1959 terentium,

861 1969 988 2003 seditio
1012 1969 1112 2003 facile
1136 1971 1395 2012 comprimitur,
1421 1972 1457 2002 et
1478 1971 1514 2002 in
1537 1969 1724 2003 Germania
1747 1967 1837 2000 infe-

862 2021 954 2052 riore
971 2021 1221 2060 Germanicus,
1248 2029 1332 2053 cum
1348 2029 1368 2052 a
1383 2019 1581 2062 legionibus
1597 2018 1678 2051 odio
1694 2017 1834 2058 Tiberii,

861 2072 900 2103 ut
922 2078 1001 2102 rem
1022 2069 1202 2112 publicam
1218 2071 1294 2113 ipse
1311 2071 1533 2112 capesseret,
1558 2068 1756 2110 urgeretur,
1781 2068 1837 2099 in-

862 2120 960 2161 signe
985 2120 1123 2161 pietatis
1147 2129 1230 2162 erga
1261 2119 1359 2153 illum
1383 2120 1568 2162 specimen
1592 2118 1675 2151 edit.
1711 2118 1836 2158 Legio-

863 2177 948 2202 num
971 2168 1098 2201 delicta
1122 2170 1292 2212 sanguiue
1315 2170 1470 2202 hostium
1492 2168 1673 2202 deleturus
1697 2166 1835 2200 felicem

863 2218 1036 2251 adversus
1052 2220 1246 2253 Germanos
1270 2219 1533 2261 expeditionem
1548 2218 1707 2260 suscipit.
1736 2216 1833 2257 Iulia,

864 2268 932 2301 fllia
954 2269 1118 2310 Augusti,
1143 2270 1265 2311 Rhegii
1289 2270 1440 2302 mortem
1464 2268 1549 2301 obit.

1885 1416 1979 1450 4-54.

919 2325 1148 2359 Germanicus
1166 2326 1374 2359 Chattorum
1397 2333 1501 2366 agros
1517 2323 1752 2366 depopulatus
1775 2332 1838 2356 us·
1868 2327 1987 2361 55-74,

865 2384 934 2417 que
958 2375 993 2407 in
1011 2375 1212 2409 Cheruscos
1235 2376 1399 2418 penetrat
1417 2376 1452 2407 et
1474 2374 1653 2415 legionum
1669 2374 1838 2406 Variana-

866 2434 945 2458 rum
974 2434 1055 2458 ossa
1083 2427 1118 2459 in
1148 2425 1235 2459 silva
1265 2425 1559 2466 Teutoburgiensi
1591 2423 1721 2456 condit.
1768 2422 1837 2455 Sed

866 2477 1041 2509 exercitus
1071 2477 1249 2509 Romanus
1278 2477 1313 2508 in
1335 2475 1452 2508 reditu
1475 2474 1605 2507 damno
1628 2482 1694 2515 per
1715 2473 1837 2506 hostes

865 2527 1169 2568 tempestatesque
1193 2525 1352 2559 afficitur.

920 2575 988 2608 Res
1010 2575 1114 2608 huius
1138 2576 1219 2608 anni
1243 2574 1401 2608 urbanae
1425 2574 1571 2607 minoris
1593 2572 1777 2606 momenti.

920 2631 1150 2664 Germanicus
1184 2631 1305 2664 ultima
1335 2631 1404 2664 hac
1441 2630 1612 2663 adversus
1643 2630 1837 2662 Germanos

865 2681 1088 2723 expeditione
1112 2682 1279 2723 suscepta
1308 2690 1374 2723 per
1399 2682 1579 2714 oceanum
1600 2679 1645 2712 ad
1666 2679 1836 2711 Amisiam

864 2739 1007 2763 amnem
1030 2731 1180 2764 vehitur.
1216 2732 1440 2773 Angrivarios
1471 2733 1536 2773 pei·
1557 2729 1761 2762 Stertinium
1783 2726 1837 2760 le-

866 2782 986 2822 gatum
1015 2781 1051 2813 in
1074 2780 1291 2813 deditionem
1323 2781 1468 2823 accipit,
1502 2778 1677 2820 Visurgim
1701 2778 1834 2817 transit,

866 2831 1065 2863 Cheruscos
1097 2831 1133 2862 et
1162 2831 1278 2873 ipsum
1309 2831 1506 2864 Arminium
1536 2829 1666 2862 ducem
1697 2826 1836 2860 duobus

864 2879 1008 2922 proeliis
1038 2880 1170 2922 (prope
1197 2881 1381 2920 Bremam,
1418 2888 1510 2921 quae
1540 2877 1647 2911 hodie
1672 2876 1835 2918 vocatur)

863 2930 985 2969 vincit,
1023 2929 1088 2962 sed
1118 2930 1153 2962 in
1183 2929 1300 2962 reditu
1331 2938 1373 2962 ea
1403 2937 1486 2971 pars
1510 2928 1709 2971 copiarum,
1743 2935 1835 2968 quae

865 2979 1014 3012 navibus
1038 2980 1115 3011 erat
1137 2980 1311 3021 imposita,
1336 2979 1548 3021 tempestate
1564 2977 1737 3019 affligitur.
1764 2976 1835 3009 Cu-

865 3030 1021 3071 pientem
1045 3029 1079 3061 in
1103 3029 1282 3070 provincia
1303 3037 1449 3062 manere
1466 3027 1715 3061 Germanicum
1730 3025 1835 3058 Tibe-

864 3077 936 3112 rius
958 3080 1114 3112 revocat.

919 3129 1051 3161 Romae
1074 3128 1268 3161 maiestatis
1295 3127 1422 3160 iudicia
1446 3126 1622 3166 exerceri,
1657 3123 1833 3157 delatores

865 3179 1111 3219 ingravescere
1135 3179 1349 3220 coeperunt,
1381 3184 1533 3219 quorum
1555 3176 1669 3218 prima
1692 3173 1831 3205 victima

866 3227 959 3260 cadit
995 3227 1033 3259 L.
1067 3227 1271 3260 Scribonius
1307 3226 1411 3266 Libo,
1453 3227 1606 3268 praetor.
1653 3223 1829 3262 Clemens,

864 3277 1038 3319 Agrippae
1052 3278 1209 3310 Postumi
1224 3285 1362 3316 servus,
1382 3276 1566 3308 dominum
1581 3273 1831 3314 interemptum

864 3335 902 3359 se
926 3325 1111 3366 simulans,
1141 3327 1178 3359 in
1210 3327 1288 3368 ipso
1310 3326 1406 3358 initio
1428 3333 1550 3358 rerum
1572 3330 1745 3357 novarum
1765 3330 1832 3364 per

842 3373 1063 3426 [Sallustium
1086 3376 1250 3420 Crispum
1273 3375 1493 3418 opprimitur.

1868 2578 1968 2611 72-84
1976 2601 1986 2610 .

1910 2635 1953 2667 11.
