2254 3770
670 607 1551 660 P.CORNEL11TACIT1
1657 681 1670 698 Ι

532 756 604 813 A
695 752 761 812 Ν
850 753 917 811 Ν
1007 755 1078 812 Α
1167 752 1230 811 L
1319 751 1364 812 Ι
1449 752 1517 814 Π
1606 753 1689 811 Μ

754 903 819 943 ΑΒ
844 901 1083 943 EXCESSU
1107 902 1211 942 DIVI
1235 901 1453 943 AUGUSTI

890 1029 1047 1074 LIBER
1077 1029 1319 1083 QUINTUS.

778 1260 1196 1301 BREVIARIUM
1233 1260 1427 1300 LIBRI.

211 1350 286 1388 Cap.
307 1351 335 1381 4.
355 1350 467 1381 Liviae
484 1349 649 1386 Augustae
668 1356 756 1379 mors
777 1351 810 1379 et
828 1349 981 1385 elogium.
1009 1349 1037 1379 2.
1063 1348 1212 1378 Tiberius
1227 1349 1324 1378 etiam
1344 1351 1492 1379 mortuae
1510 1349 1653 1386 iniquus.
1692 1349 1722 1379 3.
1735 1350 1844 1380 Seiani
1856 1350 2001 1387 potentia

249 1401 378 1431 crescit.
417 1401 590 1438 Agrippina
609 1403 644 1430 et
662 1400 747 1429 Nero
766 1407 785 1429 a
804 1400 952 1438 principe
972 1402 1181 1429 accusantur.
1220 1398 1250 1429 4.
1270 1401 1300 1429 5.
1320 1400 1355 1429 In
1375 1408 1432 1430 eos
1452 1401 1566 1437 populi
1584 1402 1674 1431 favor
1693 1401 1774 1430 irato
1794 1401 1932 1431 Tiberio.

285 1451 375 1481 Haec
398 1454 488 1488 gesta
516 1451 548 1481 C.
570 1451 718 1480 Rubellio
739 1451 770 1480 C.
792 1451 882 1480 Fufio
903 1451 1048 1480 Geminis
1068 1457 1154 1480 coss.
1196 1450 1318 1480 Desunt
1335 1451 1462 1487 reliqua
1482 1454 1572 1488 gesta
1592 1452 1665 1481 eius
1683 1452 1759 1481 anni
1779 1453 1811 1481 et
1831 1451 2000 1488 sequentis

246 1502 287 1531 M.
303 1502 426 1531 Vinicio
445 1501 480 1530 1..
495 1500 605 1531 Cassio
626 1501 767 1538 Longino
787 1508 873 1530 coss.
901 1501 997 1530 Liber
1017 1502 1149 1538 quintus
1169 1502 1266 1531 etiam
1286 1501 1370 1531 tertii
1390 1502 1465 1531 anni
1483 1509 1538 1532 res
1558 1504 1667 1538 gestas
1687 1502 1733 1532 Ti.
1748 1502 1887 1533 Caesare
1901 1502 2001 1539 quin-

247 1554 316 1582 tum
334 1552 368 1582 L.
386 1551 478 1582 Aelio
498 1551 616 1582 Seiano
635 1559 722 1582 cosa.
745 1559 853 1589 usque
871 1552 913 1582 ad
933 1552 1040 1582 Seiani
1059 1554 1198 1581 mortem
1218 1553 1410 1589 complexus
1429 1559 1506 1583 esse
1523 1553 1664 1583 videtur.

293 1688 348 1746 (i)
369 1687 563 1733 Rubellio
585 1695 626 1732 et
646 1688 766 1733 Fufio
787 1691 884 1740 cos„
917 1703 1100 1747 quorum
1120 1690 1290 1747 utrique
1311 1689 1514 1734 Geminus
1540 1695 1869 1748 cognomentum
1894 1695 1997 1740 erat,

210 1763 316 1812 Iulia
345 1765 533 1821 Augusta
562 1770 743 1808 mortem
771 1764 887 1815 obiit,
919 1771 1058 1809 aetate
1089 1771 1289 1815 extrema,
1321 1765 1551 1810 nobilitatis
1579 1779 1660 1824 per
1690 1765 1910 1810 Claudiam
1937 1765 1999 1809 sa-

206 1839 369 1883 miliam
397 1845 440 1883 et
469 1839 699 1897 adoptione
737 1840 953 1884 Liviorum
986 1840 1278 1899 Iuliorumque
1310 1840 1583 1885 clarissimae.
1626 1842 1811 1900 primum
1839 1841 1880 1885 ei
1909 1854 2000 1885 ma-

210 1914 456 1958 trimonium
485 1920 528 1958 et
555 1913 680 1958 liberi
709 1914 828 1959 fuere
858 1929 956 1959 cum
986 1916 1154 1960 Tiberio
1183 1918 1371 1967 Nerone,
1410 1916 1483 1975 qui
1517 1916 1631 1961 bello
1660 1917 1867 1961 Perusino
1897 1930 1999 1975 pro-

209 1990 351 2046 fugus,
390 2003 499 2047 pace
537 1990 649 2033 inter
687 1990 784 2034 Sex.
816 1991 1067 2048 Pompeium
1095 2005 1147 2035 ac
1175 1991 1420 2035 triumviros
1448 1999 1573 2050 pacta
1601 1992 1644 2035 in
1673 1992 1826 2036 urbem
1858 1992 2030 2036 rediit.5

209 2065 304 2110 exin
348 2065 508 2110 Caesar
546 2064 747 2123 cupidine
782 2065 943 2111 formae
973 2067 1110 2111 aufert
1137 2067 1308 2119 marito,
1341 2068 1549 2112 incertum
1577 2081 1632 2112 an
1663 2068 1852 2118 invitam,
1886 2067 1998 2111 adeo

207 2153 420 2199 properus
448 2147 496 2183 ut
523 2154 579 2184 ne
607 2141 746 2198 spatio
775 2141 952 2199 quidem
985 2142 1040 2186 ad
1072 2143 1318 2186 enitendum
1347 2143 1448 2187 dato
1483 2143 1710 2201 penatibus
1739 2144 1829 2187 suis
1859 2143 1999 2201 gravi-

208 2215 308 2260 dam
336 2215 562 2260 induxerit.
594 2215 752 2259 nullam
782 2216 961 2274 posthac
989 2217 1187 2261 subolem
1214 2217 1358 2269 edidit,
1390 2218 1467 2263 sed
1499 2218 1693 2276 sanguini
1714 2218 1889 2277 Augusti
1918 2232 1999 2277 per

272 2349 303 2381 4.
327 2347 375 2381 Ab
401 2356 538 2381 excessu
559 2348 630 2381 diui
651 2350 798 2391 auqmti.
831 2349 977 2383 Rubellio
998 2351 1033 2384 M
1059 2368 1093 2373 —
1128 2350 1160 2384 4.
1186 2351 1357 2392 perusinia
1379 2352 1413 2384 M
1439 2369 1474 2376 —
1507 2351 1540 2384 8.
1565 2351 1748 2385 inauwerat
1769 2360 1824 2394 pr.
1848 2352 1900 2393 M,
1932 2350 1999 2385 sed

208 2403 336 2437 eadem
359 2412 467 2437 manu
489 2407 702 2439 correctum.

253 2518 284 2550 4.
310 2517 484 2560 Geminus]
510 2518 673 2551 Heinsius
697 2519 733 2550 et
753 2518 977 2552 Burmannus
1000 2528 1078 2552 ma-

208 2566 329 2600 lebant
351 2567 508 2600 Geminis.
541 2568 612 2600 Sed
635 2568 779 2601 Geminis
801 2577 871 2601 non
895 2569 980 2602 satis
1004 2567 1079 2602 ele-

208 2626 295 2659 gans
308 2617 450 2650 videtur
465 2625 545 2650 esse
565 2618 711 2660 propter
724 2618 868 2658 utrique.
895 2618 946 2651 Cf.
965 2618 997 2658 4,
1016 2618 1075 2651 28:

208 2676 326 2700 nomeu
347 2667 480 2707 utrique
506 2667 615 2699 Vibius
637 2668 789 2700 Serenus.
824 2668 940 2701 Livius
957 2668 1011 2707 34,
1037 2667 1075 2701 4:

210 2718 356 2751 Geminis
369 2717 527 2750 ambobus
541 2726 719 2760 cognomen
734 2721 824 2758 σωκ
844 2719 967 2751 contra
982 2718 1078 2751 idem

209 2768 264 2807 35,
287 2766 354 2800 24:
389 2767 523 2808 utrique
551 2775 667 2800 eorum
695 2767 869 2800 Salinator
900 2776 1079 2810 cognomen

208 2820 294 2850 erat.
331 2817 499 2849 Ceterum
523 2818 665 2850 nomina
696 2818 831 2859 integra
862 2818 951 2850 baec
978 2819 1076 2850 sunt:

209 2867 246 2899 L.
271 2865 435 2899 Rubellius
464 2866 621 2899 Geminus
652 2868 687 2900 et
714 2867 749 2900 0.
774 2867 888 2909 Fufius
910 2867 1076 2900 Geminus.

209 2915 333 2955 (Inscr.
359 2916 447 2948 Latt.
473 2925 507 2948 n.
534 2916 645 2958 6854.)
678 2917 728 2949 De
752 2916 821 2949 hoc
844 2917 886 2949 cf.
913 2916 953 2956 4,
979 2918 1020 2949 42
1045 2918 1081 2950 et

209 2963 241 3004 6,
261 2965 314 2997 40.
336 2983 370 2988 -
397 2968 509 2998 aetate
529 2966 691 3008 eoetrema]
716 2967 927 3008 Discrepant
942 2966 986 2999 de
1004 2967 1080 2999 eius

209 3015 326 3048 aetate
349 3014 478 3048 Plinius
501 3016 542 3048 N.
568 3016 609 3048 H.
629 3015 670 3049 44
693 3016 713 3057 5
737 3017 797 3048 59:
821 3017 908 3049 Iulia
930 3017 1081 3058 Augusta

209 3065 355 3098 Lmll
382 3073 488 3097 annos
516 3065 606 3098 vitae
627 3066 750 3098 Pucino
771 3067 849 3099 vino
870 3066 998 3099 rettulit
1019 3075 1080 3098 ac-

208 3118 316 3156 coptos
342 3123 410 3147 non
439 3115 507 3148 alio
537 3123 618 3154 usa3
650 3116 686 3147 et
707 3115 771 3148 Dio
795 3115 856 3155 58,
881 3117 920 3148 2:
953 3111 1016 3148 Ἐν
1038 3114 1080 3148 δὲ

209 3162 261 3208 τῷ
285 3159 388 3208 αὐτῷ
411 3161 534 3208 τούτῳ
557 3161 684 3211 χρόνῳ
709 3165 752 3206 (a.
774 3164 848 3205 782)
874 3165 936 3197 καὶ
962 3161 987 3207 ἦ
1010 3164 1079 3198 Λι-

211 3212 301 3247 ουΐα
320 3211 574 3257 μετήλλαξεν,
598 3209 639 3255 ἓξ
661 3213 727 3245 καὶ
751 3209 990 3256 ὀγδοήκοντα
1011 3210 1079 3258 ἔτη

212 3261 376 3307 ζήσασα.
392 3282 428 3288 -
448 3265 617 3298 Liviorum
632 3263 868 3306 Iuliorumque]
885 3265 978 3297 Duas
996 3274 1079 3306 ergo

214 3312 359 3347 familias
403 3314 586 3357 complexa
624 3322 689 3355 per
726 3313 933 3355 adoptiones
970 3315 1076 3347 Livia.

215 3362 294 3403 Ipsa
321 3365 416 3397 enim
445 3374 464 3398 e
495 3363 666 3405 Claudiis,
703 3362 796 3396 unde
825 3365 861 3396 et
883 3372 1080 3406 cognomen

215 3411 326 3446 tenuit
356 3413 539 3448 Drusillae.
578 3413 648 3447 Sed
681 3414 782 3456 pater
814 3415 889 3447 eius
926 3414 1080 3448 insertus

1128 2519 1316 2561 adoptione
1339 2520 1374 2552 in
1393 2520 1533 2559 Livios,
1571 2519 1668 2562 quod
1690 2519 1748 2552 hic
1770 2520 1912 2553 Tacitus
1933 2528 2000 2554 vo-

1126 2568 1189 2602 luit
1225 2569 1370 2603 dictum.
1421 2571 1494 2603 Nec
1530 2568 1631 2603 aliter
1667 2570 1820 2612 accipies
1859 2570 1897 2610 6,
1933 2571 1995 2603 5⁴:

1127 2628 1332 2660 quamquam
1359 2623 1469 2653 mater
1498 2619 1532 2652 in
1562 2620 1695 2652 Liviam
1723 2623 1754 2652 et
1774 2628 1857 2652 ἠοω
1878 2620 2000 2652 Iuliam

1124 2670 1290 2711 familiam
1307 2670 1461 2711 (Augusti
1476 2671 1690 2703 testamento
1706 2671 1794 2703 Ann.
1814 2671 1847 2711 4,
1864 2669 1895 2710 8)
1919 2671 2000 2702 ado-

1121 2720 1291 2761 ptionibus
1313 2720 1494 2753 transierit.
1526 2721 1602 2752 Non
1620 2720 1715 2752 enim
1730 2720 1827 2762 ipsa,
1853 2720 1918 2752 sed
1932 2729 1999 2762 pa·
2058 2718 2062 2719 ⁷

1127 2772 1199 2807 ter;
1227 2770 1281 2802 cui
1305 2778 1437 2803 nomen
1460 2769 1554 2812 apud
1577 2769 1750 2803 Velleium
1765 2771 1797 2809 2,
1816 2770 1859 2803 75
1882 2770 1998 2803 Livius

1127 2821 1262 2852 Drusus
1273 2818 1497 2852 Claudianus.
1522 2819 1634 2852 Vocat
1649 2819 1855 2862 simpliciter
1865 2820 1930 2852 Dio
1942 2818 1996 2860 44,

1127 2869 1169 2902 48
1183 2869 1315 2901 Livium
1328 2870 1503 2908 Drusum;
1523 2870 1559 2901 et
1575 2878 1657 2902 cum
1672 2879 1692 2901 a
1703 2870 1811 2902 Bruto
1828 2870 1995 2911 stetisset,

1127 2921 1209 2961 post
1228 2928 1382 2961 pugnam
1406 2917 1668 2961 Philippensem
1683 2928 1811 2953 manus
1834 2920 1882 2952 ait
1905 2919 1999 2952 attu-

1127 2969 1209 3002 lisse
1226 2968 1303 3001 sibi.
1334 2968 1434 3002 Clara
1457 2969 1548 3002 haec
1569 2979 1589 3002 e
1606 2970 1771 3003 Suetonio
1788 2969 1862 3002 Tib.
1878 2968 1917 3002 3:
1943 2969 2000 3002 Ex

1127 3019 1191 3051 hac
1205 3019 1306 3059 stirpe
1322 3018 1490 3060 (Claudia)
1509 3018 1654 3052 Tiberius
1670 3019 1796 3052 Caesar
1809 3027 1912 3061 genus
1927 3021 2000 3051 tra-

1127 3069 1191 3108 hit,
1216 3071 1246 3101 et
1268 3068 1400 3110 quidem
1421 3072 1622 3110 utrumque,
1638 3073 1820 3110 paternum
1832 3077 1855 3100 a
1870 3068 1916 3101 Ti.
1935 3068 2000 3102 No-

1128 3127 1220 3158 rone,
1233 3120 1423 3151 maternum
1432 3119 1473 3152 ab
1483 3119 1586 3161 Appio
1599 3119 1748 3158 Pulchro,
1762 3118 1820 3159 qui
1831 3117 1928 3151 ambo
1934 3117 2000 3160 Αρ-

1125 3168 1174 3209 pii
1190 3167 1286 3200 Caeci
1300 3168 1363 3210 filii
1385 3168 1532 3210 fuerunt.
1560 3170 1705 3202 Insertus
1719 3172 1765 3200 esc
1783 3171 1814 3200 et
1827 3167 2000 3202 Liviorum

1127 3217 1292 3259 familiae,
1317 3218 1475 3259 adoptato
1497 3219 1533 3251 in
1553 3227 1627 3251 eam
1641 3221 1792 3250 materno
1808 3226 1883 3251 avo.
1909 3219 1998 3252 Lxrs.

1133 3285 1167 3291 -
1188 3266 1268 3300 bello
1281 3268 1449 3311 Perusino]
1475 3269 1565 3301 inter
1580 3267 1809 3300 Octavianum
1825 3268 1862 3301 et
1876 3268 1914 3302 L.
1929 3269 2000 3302 An-

1128 3317 1262 3350 tonium
1277 3318 1377 3359 gesto
1393 3327 1425 3351 a.
1440 3327 1475 3351 u.
1487 3317 1562 3350 744.
1577 3334 1612 3340 -
1624 3325 1710 3358 pace
1722 3334 1741 3340 -
1752 3317 1894 3360 -pactaJ
1914 3327 1946 3351 a.
1961 3327 1997 3352 u.

1129 3366 1205 3399 745.
1223 3385 1258 3390 -
1276 3368 1312 3399 in
1326 3367 1441 3400 urbem
1455 3365 1563 3407 rediit]
1588 3365 1638 3399 cf.
1657 3366 1801 3400 Sueton.
1816 3367 1890 3401 Tib.
1908 3367 1941 3402 4.
1960 3386 1996 3391 —

1129 3415 1239 3458 aufert
1260 3417 1395 3457 marito]
1421 3415 1471 3450 Cf.
1491 3416 1523 3457 4,
1540 3416 1595 3449 40.
1616 3433 1652 3440 -
1677 3417 1833 3460 sanquim’
1846 3417 1997 3461 Augusti]
