2254 3770
285 291 366 336 ¹148

760 295 804 337 P.
836 292 1085 337 CORNELII
1114 294 1284 338 TACITI
1313 294 1581 340 ANNALIUM

285 398 411 458 quiae
456 398 616 443 tumulo
660 399 836 457 Augusti
881 399 1168 444 inferebantur
1205 400 1333 444 modo
1363 414 1441 459 per
1477 400 1690 445 silentium
1723 408 1887 453 vastus,
1933 401 2062 446 modo

285 474 518 533 ploratibus
547 475 735 533 inquies;
773 474 900 532 plena
928 474 1048 519 urbis
1078 475 1245 526 itinera,
1279 474 1555 520 conlucentes
1584 490 1664 534 per
1693 490 1890 535 campum
1919 477 2062 521 Martis

283 549 416 602 faces,
461 549 546 595 illic
582 549 703 594 miles
742 563 841 594 cum
868 551 1014 602 armis,
1053 551 1146 595 sine
1176 550 1411 608 insignibus
1439 551 1726 610 magistratus,
1768 552 1954 611 populus
1982 565 2063 610 per

284 626 417 670 tribus
448 625 686 671 concidisse
716 639 808 669 rem
836 625 1069 684 publicam,
1107 625 1208 687 nihil
1237 626 1330 684 spei
1359 625 1572 685 reliquum
1601 627 1886 679 clamitabant,
1917 641 2062 686 prom-

249 701 395 759 aptius
424 701 699 760 apertiusque
730 714 859 759 quam
888 708 935 746 ut
954 701 1198 746 meminisse
1219 701 1534 759 inperitantium
1553 702 1768 748 crederes.
1797 702 1898 747 nihil
1921 709 2061 748 tamen

282 776 497 821 Tiberium
525 777 658 835 magis
688 777 925 835 penetravit
954 791 1083 836 quam
1112 776 1252 821 studia
1270 777 1491 822 hominum
1509 791 1693 823 accensa
1713 779 1755 822 in
1774 779 2058 838 Agrippinam,

281 866 378 897 cum
408 852 541 897 decus
569 852 748 911 patriae,
792 852 930 897 solum
959 853 1133 911 Augusti
1166 853 1436 911 sanguinem,
1468 854 1642 898 unicum
1669 854 1927 913 antiquitatis
1961 868 2062 914 spe-

281 929 420 973 cimen
449 928 711 987 appellarent
739 928 940 987 versique
970 928 1022 972 ad
1057 928 1223 973 caelum
1253 942 1304 973 ac
1334 929 1440 973 deos
1471 930 1678 988 integram
1706 929 1764 973 illi
1795 930 1990 975 subolem
2009 943 2061 975 ac

279 1004 553 1063 superstitem
582 1004 826 1063 iniquorum
854 1010 1143 1062 precarentur.

1190 1005 1242 1062 (5)
1264 1004 1383 1049 fuere
1404 1005 1477 1063 qui
1498 1004 1657 1063 publici
1678 1005 1838 1050 funeris
1858 1019 2059 1065 pompam

228 1089 264 1119 ⁴0
278 1081 547 1139 requirerent
575 1086 958 1138 compararentque
987 1094 1100 1139 quae
1124 1081 1167 1123 in
1187 1081 1390 1131 Drusum,
1422 1086 1587 1139 patrem
1607 1081 1864 1133 Germanici,
1896 1081 2059 1126 honora

278 1163 321 1200 et
348 1156 571 1215 magnifica
598 1157 812 1215 Augustus
842 1155 1027 1200 fecisset.
1067 1156 1207 1214 ipsum
1238 1155 1399 1214 quippe
1430 1156 1666 1214 asperrimo
1697 1156 1847 1201 hiemis
1868 1156 2059 1201 Ticinum

277 1246 416 1291 usque
444 1246 723 1291 progressum
752 1246 893 1291 neque
924 1231 1228 1276 abscedentem
1249 1246 1274 1275 a
1294 1245 1475 1290 corpore
1497 1231 1622 1276 simul
1642 1232 1795 1277 urbem
1813 1232 2056 1286 intravisse;

277 1308 553 1352 circumfusas
592 1307 701 1352 lecto
739 1307 1013 1352 Claudiorum
1051 1306 1342 1365 Iuliorumque
1376 1307 1606 1365 imagines;
1647 1307 1850 1351 defletum
1879 1308 1923 1351 in
1950 1308 2055 1360 foro,

276 1383 492 1428 laudatum
520 1397 600 1442 pro
629 1383 799 1434 rostris,
843 1389 995 1427 cuncta
1023 1397 1049 1427 a
1076 1382 1307 1447 maioribus
1336 1389 1523 1441 reperta,
1563 1388 1635 1427 aut
1663 1396 1775 1441 quae
1803 1383 1964 1442 posteri
1992 1383 2058 1428 in·-

224 1468 260 1498 ⁴⁵
275 1460 484 1511 venerint,
518 1459 740 1506 cumulata.
786 1465 828 1503 at
858 1459 1109 1504 Germanico
1139 1473 1194 1503 ne
1224 1459 1372 1503 solitos
1392 1458 1568 1518 quidem
1586 1465 1629 1503 et
1649 1459 1905 1517 cuicumque
1925 1458 2057 1503 nobili

339 1601 391 1633 40.
416 1602 653 1641 compararent
684 1607 835 1653 quaeque
860 1600 894 1634 M
929 1599 1007 1642 (que
1029 1607 1114 1640 quae
1140 1599 1278 1641 margo)
1317 1617 1352 1622 —

692 1674 728 1680 —-
755 1655 807 1689 44.
833 1659 927 1697 autq,·
945 1656 1070 1698 posteri
1092 1655 1126 1690 M
1150 1654 1247 1698 (quae
1269 1655 1403 1697 margo)

273 1657 410 1699 Lipsius
432 1665 474 1690 ac
496 1657 664 1690 Muretus.

314 1788 345 1822 4.
370 1788 498 1822 ttcmulo
514 1786 666 1830 Auqusti]
688 1788 725 1821 in
742 1796 869 1830 campo
885 1787 1020 1821 Martio.
1044 1787 1134 1820 Vide

270 1839 315 1872 ad
331 1840 363 1880 l,
381 1839 412 1872 8.
434 1856 471 1862 -
490 1847 555 1880 per
575 1839 743 1871 sitentium
763 1837 889 1880 vastus]
907 1837 957 1871 Cf.
975 1839 1054 1879 Agr.
1073 1838 1131 1871 38:

267 1892 400 1922 vastum
433 1888 553 1929 ubique
584 1889 760 1921 sitentium.
793 1905 829 1910 —
867 1888 1070 1920 conlucentes
1084 1905 1134 1911 -—

266 1938 365 1982 faces]
389 1939 480 1972 Dixit
501 1939 547 1972 ad
569 1948 707 1972 morem
722 1938 896 1981 priscum,
923 1947 992 1979 quo
1009 1939 1049 1979 ii,
1075 1941 1135 1980 qui

267 1990 370 2023 funus
400 1989 727 2031 prosequebantur,
765 1989 871 2021 etiam
894 1987 970 2028 die,
1008 1993 1133 2021 cereos

265 2038 429 2073 manibus
445 2038 649 2080 gestabant,
671 2037 847 2079 candelas,
865 2037 1004 2078 funalia,
1023 2038 1129 2072 faces.

264 2090 421 2123 Donatus
437 2089 473 2122 id
489 2089 683 2122 obtinuisse
701 2097 744 2122 eo
763 2089 903 2129 censet,
929 2089 1010 2130 quia
1027 2090 1132 2122 noctu

264 2139 348 2173 olim
361 2139 534 2173 cadavera
546 2138 645 2172 solita
657 2138 785 2171 efferri.
800 2140 886 2172 L1ps.
900 2156 936 2161 —-
950 2139 1043 2171 mites
1057 2148 1133 2172 cum

264 2190 378 2233 armis]
404 2188 543 2223 Consol.
569 2189 614 2222 ad
641 2189 774 2222 Liviam
797 2189 879 2221 247:
911 2188 1132 2230 Armataeque

262 2249 383 2283 roqwm
397 2239 563 2273 celebrant
584 2240 630 2272 de
651 2248 763 2272 more
786 2239 949 2278 cohortes,·
972 2240 1016 2271 Et
1032 2239 1131 2280 pedes

262 2292 438 2333 exsequias
456 2291 564 2323 reddit
579 2299 739 2331 equesque
753 2291 841 2323 duci.
856 2307 892 2313 —
910 2291 979 2323 sine
993 2290 1131 2331 insigni-

262 2342 336 2382 bus]
368 2342 444 2375 sine
467 2343 547 2383 toga
571 2341 772 2383 praetexta,
801 2341 875 2374 sine
899 2339 1027 2380 anulis,
1053 2340 1128 2373 sine

261 2390 332 2425 lato
357 2391 474 2431 olavo,
500 2391 575 2424 sine
592 2391 757 2424 fascibus.
779 2408 815 2414 —
838 2400 900 2432 per
920 2390 1035 2433 tribus]
1052 2391 1128 2423 Non

261 2441 433 2483 accipiam
456 2449 538 2473 cum
561 2441 719 2473 Ernestio
743 2439 787 2472 de
811 2439 942 2482 populo
961 2440 1127 2472 universo

261 2493 337 2525 sine
362 2491 485 2524 ordine
509 2490 578 2524 ullo
600 2491 793 2533 permixto,
824 2490 909 2531 sed,
939 2491 978 2523 ut
1006 2490 1128 2532 requi-

259 2545 343 2575 runt
364 2542 475 2575 verba
497 2543 589 2584 ipsa,
614 2551 680 2584 per
701 2540 854 2583 singulas
874 2541 993 2574 XXXV
1014 2540 1126 2574 tribus

260 2593 384 2626 ordine
413 2593 593 2635 disposito.
622 2610 659 2616 —
691 2592 796 2624 sotum
823 2591 965 2634 Auqusn·
986 2592 1127 2634 sanqui-

258 2642 343 2685 nem]
367 2645 511 2685 neptem
534 2651 599 2675 avo
624 2643 783 2684 dignam;
815 2651 898 2674 nam
920 2641 1045 2682 Iuliae,
1075 2641 1127 2674 al—

258 2694 369 2727 terius
391 2693 506 2735 neptis
529 2692 746 2735 impudicae,
777 2691 822 2724 ab
852 2693 1008 2733 Augusto
1036 2691 1125 2725 urbe

260 2743 428 2787 depulsae
453 2743 552 2786 (infra
568 2751 598 2777 c.
617 2742 669 2784 24)
695 2751 801 2775 nemo
819 2742 1024 2775 meminisse
1041 2744 1124 2776 tunc

258 2794 400 2829 volebat
430 2797 490 2827 aut
518 2795 666 2836 poterat.
695 2810 732 2816 —
756 2794 893 2826 unicum
915 2793 1127 2834 antiquitatis

257 2844 427 2887 wecimen]
451 2844 749 2888 perfectissimum
764 2842 945 2885 exemplar
959 2844 1123 2885 antiquae

258 2895 395 2929 virtutis
422 2894 596 2928 femineae
626 2893 721 2936 apud
751 2895 948 2934 Romanos,
979 2895 1125 2936 propter

259 2946 456 2979 castitatem
479 2945 515 2977 et
536 2943 788 2977 fecunditatem
811 2943 984 2985 insignem
1004 2944 1049 2986 (l,
1067 2943 1120 2977 33

257 2995 323 3037 4⁴).
363 2995 434 3029 Cic.
458 3004 493 3038 p.
518 2993 658 3027 Rabirio
682 2995 849 3027 Postumo
874 2994 893 3036 S
917 2994 977 3026 27:
1001 2995 1036 3027 P.
1053 2995 1123 3027 Ru-

258 3046 368 3086 tilius,
392 3045 450 3088 qui
472 3045 704 3077 docimentum
723 3044 790 3085 fuit
806 3043 990 3076 hominibus
1003 3045 1125 3077 nostris

257 3095 407 3134 virtutis,
431 3094 727 3135 antiquitatis,
753 3094 965 3133 prudentiae.
993 3110 1029 3117 -
1055 3094 1123 3126 ini-

258 3145 410 3188 quorum]
444 3143 495 3178 Cf.
520 3143 558 3185 4,
584 3143 644 3177 68:
673 3144 788 3186 pravis
809 3143 946 3184 iniquis.
980 3144 1033 3184 ⁴6,
1058 3144 1118 3177 2⁴:

256 3195 392 3236 iniquus
416 3195 589 3228 Thraseae.
625 3192 675 3227 Cf.
703 3193 774 3226 Cic.
799 3192 845 3225 ad
868 3193 961 3226 Fam.
988 3194 1041 3234 ll,
1065 3193 1119 3235 27,

257 3243 289 3277 7.
314 3253 379 3286 pro
402 3243 495 3277 Sulla
518 3244 537 3286 s
560 3242 615 3277 54.

301 3294 333 3327 5.
356 3294 484 3335 funeris
505 3291 674 3336 pompam]
709 3291 1007 3334 magnificentiam
1037 3292 1120 3326 alias

257 3344 293 3375 in
315 3342 496 3377 funeribus
517 3342 667 3386 puhlicis
689 3341 850 3375 adhiberi
871 3341 1020 3375 solitam.
1045 3343 1117 3375 Liv.

258 3393 297 3431 2,
314 3392 373 3425 54:
397 3396 539 3434 monent,
557 3393 750 3426 consulares
761 3392 884 3433 faeces,
903 3393 1120 3432 praetextam

257 3440 469 3485 curulemque
489 3443 603 3478 sellam
623 3441 706 3477 nihil
726 3441 822 3476 atiud
843 3449 945 3482 quam
960 3448 1119 3484 pompam

1389 1598 1442 1632 ⁴3.
1474 1599 1698 1640 iuliorumque
1731 1599 1788 1633 Mt
1822 1599 2058 1643 Liviorumque

1430 1673 1467 1679 -
1493 1655 1546 1688 ⁴5.
1570 1657 1631 1688 aut
1652 1655 1686 1689 Μ
1711 1655 1764 1698 (At
1784 1657 1930 1698 margo).

1182 1787 1311 1830 funeris
1339 1789 1469 1828 putent.
1510 1803 1546 1809 —
1589 1786 1751 1827 Ticinum]
1789 1785 1908 1819 media
1939 1786 2054 1820 aetate

1183 1839 1304 1879 Papia,
1329 1836 1434 1869 hodie
1457 1837 1573 1870 Pavia.
1609 1835 1766 1870 Valerius
1789 1837 1878 1870 Max.
1902 1836 1936 1877 ὅ,
1957 1837 1990 1875 5,
2008 1835 2047 1869 3:

1184 1888 1324 1920 Tantum
1356 1895 1504 1919 amorem
1530 1887 1687 1927 princeps
1721 1894 1910 1928 parensque
1940 1888 2052 1919 nostor

1184 1936 1364 1980 (Tiberius)
1387 1937 1525 1969 insitum
1543 1937 1657 1969 animo
1669 1936 1791 1978 fratris
1803 1937 1908 1970 Drusi
1922 1936 2050 1978 habuit,

1181 1991 1238 2028 ut,
1263 1997 1338 2020 cum
1362 1987 1484 2027 Ticini,
1513 1995 1577 2028 quo
1598 1988 1707 2020 vietor
1727 1987 1871 2020 hostium
1891 1987 1937 2020 ad
1959 1996 2053 2021 com-

1174 2039 1363 2079 plectendas
1389 2040 1545 2078 parentes
1576 2040 1731 2078 venerat,
1764 2038 1865 2079 qravi
1894 2037 1989 2071 illum
2019 2040 2051 2071 et

1173 2089 1367 2129 periculosa
1395 2087 1582 2120 valetudine
1611 2088 1648 2120 in
1671 2088 1853 2121 Gemiania
1880 2089 2048 2130 fluctuare

1179 2141 1362 2180 cognosset,
1380 2139 1537 2179 protinus
1558 2138 1633 2170 inde
1654 2140 1744 2170 metu
1758 2138 1919 2171 attonitus
1933 2147 2049 2171 enirn-

1172 2192 1279 2230 peret.
1307 2205 1343 2211 —
1373 2187 1611 2230 Iuliorumque]
1641 2188 1797 2221 Drusum
1827 2189 1923 2221 aiunt
1953 2188 2050 2222 hunc

1179 2239 1215 2271 in
1248 2236 1372 2271 Iuliam
1406 2236 1574 2270 familiam
1607 2246 1651 2270 ne
1687 2237 1875 2280 adoptione
1903 2237 2050 2280 quidem

1178 2290 1338 2326 venisse:
1376 2287 1511 2322 nullum
1543 2288 1647 2330 igitur
1675 2288 1712 2321 iu
1744 2297 1876 2331 pompa
1910 2287 2050 2322 funebri

1179 2338 1286 2372 fuisse
1310 2337 1429 2371 locum
1452 2338 1565 2379 gentis
1588 2337 1694 2371 Iuliae
1718 2338 1942 2380 imaginibus.
1981 2339 2050 2372 Le-

1178 2389 1362 2422 vissimum
1404 2397 1484 2421 vero
1530 2387 1564 2420 id
1610 2389 1858 2430 argumentum
1894 2387 2046 2422 videtur.

1177 2440 1265 2472 Nam
1290 2439 1325 2472 in
1348 2438 1542 2480 magnificis
1565 2438 1748 2472 funeribus
1777 2437 2050 2472 cumulabantur

1178 2489 1348 2530 imagines
1372 2488 1582 2522 familiarum
1599 2487 1716 2530 aliquo
1733 2487 1921 2522 adfinitatis
1936 2487 2048 2531 gradu

1177 2539 1222 2572 ad
1245 2539 1451 2572 defunctum
1473 2540 1736 2581 pertinentium.
1775 2539 1831 2572 Sic
1851 2538 1938 2572 infra
1954 2548 1985 2573 c.
2003 2539 2046 2572 76

1175 2599 1211 2622 111
1243 2589 1362 2622 Iuniae
1391 2589 1514 2622 funere
1546 2589 1665 2631 viginti
1696 2588 1970 2622 clarissimarum
1991 2587 2046 2622 fa-

1176 2639 1350 2673 miliarum
1378 2640 1547 2681 imagines
1578 2638 1750 2673 antelatae
1778 2640 1949 2673 sunt.1n
1970 2639 2045 2673 Au-

1176 2691 1267 2732 gusti
1290 2690 1411 2724 funere
1437 2692 1537 2733 (teste
1561 2691 1672 2723 Dione
1696 2691 1750 2732 56,
1768 2689 1820 2732 34)
1844 2687 1891 2724 αἴ
1906 2699 1948 2723 τε
1968 2687 2044 2723 τῶν

1175 2738 1426 2788 προπατόρων
1463 2736 1582 2774 αὐτοῦ
1621 2741 1686 2774 καὶ
1724 2740 1768 2774 αἱ
1807 2739 1882 2774 τῶν
1917 2735 2044 2774 ἄλλων

1174 2789 1366 2835 συγγενῶν
1388 2789 1463 2824 τῶν
1487 2788 1727 2834 τεθνηκότων
1750 2787 1864 2834 (πλὴν
1886 2788 1955 2834 τῆς
1972 2788 2042 2824 τοῦ

1173 2842 1381 2889 Καίσαρος,
1400 2837 1460 2874 ὅτι
1474 2840 1513 2883 ἐς
1528 2838 1619 2883 τοὺς
1635 2836 1763 2888 ἥρωας
1775 2840 2042 2889 ἑσεγέγραπτο)

1173 2890 1218 2924 αἴ
1235 2901 1276 2925 τε
1298 2890 1374 2924 τῶν
1396 2887 1525 2928 αλλων
1543 2887 1739 2934 Ῥωμαίων
1767 2890 1843 2924 τῶν
1865 2892 1932 2925 καὶ
1952 2891 2041 2924 καθ’

1173 2937 1305 2975 ὁτιοῦν
1347 2939 1662 2999 πρωτευσάντων,
1707 2937 1771 2974 ἀπ’
1811 2936 1931 2975 αὐτοῦ
1971 2938 2040 2974 τοῦ

1167 2989 1361 3036 Ῥωμύλου
1377 2987 1589 3039 ἀρξάμεναι
1604 2991 1802 3039 ἐφέροντο,
1823 2993 1890 3026 καί
1903 3002 1961 3033 τις
1975 2991 2041 3024 καὶ

1171 3042 1240 3076 τοῦ
1263 3043 1472 3087 Πομπηίου
1495 3040 1563 3077 τοῦ
1586 3041 1762 3087 Μεγάλου
1779 3039 1892 3076 εἰκὼν
1906 3038 2038 3086 ὤφθη.

1170 3095 1245 3127 Iam
1268 3094 1372 3128 Drusi
1391 3095 1507 3127 mater
1522 3102 1611 3127 uxor
1625 3093 1787 3135 Augusti,
1811 3094 1887 3136 ipse
1903 3093 2039 3127 Drusus

1172 3144 1318 3176 maritus
1346 3144 1515 3177 Antoniae
1538 3144 1698 3184 Octavia,
1734 3151 1856 3176 sorore
1877 3142 2036 3184 Augusti,

1172 3194 1275 3226 natae
1300 3193 1366 3227 etsi
1386 3201 1457 3226 non
1480 3192 1612 3235 origine
1628 3191 1745 3235 gentili
1761 3193 1820 3225 aut
1834 3191 2035 3234 adoptione,

1171 3242 1349 3276 adfinitate
1373 3244 1493 3276 tamen
1517 3245 1552 3276 et
1574 3242 1691 3276 Liviae
1708 3241 1931 3275 matrimonio
1953 3249 2037 3283 par-

1172 3293 1284 3335 ticeps
1307 3292 1434 3326 domus
1457 3292 1715 3335 imperatoriae.
1751 3290 1913 3331 Accedit,
1939 3290 2036 3333 quod

1170 3341 1362 3384 imaginum
1383 3340 1521 3375 illarum
1543 3349 1674 3384 pompa
1695 3340 1753 3373 hic
1769 3339 1922 3374 refertur
1942 3340 2036 3373 inter

1169 3391 1305 3424 honora
1345 3393 1381 3424 et
1418 3391 1623 3434 magnifica,
1665 3399 1757 3433 quae
1790 3391 1966 3433 Augustus
1996 3390 2034 3424 in

1167 3441 1324 3476 Drusum
1356 3439 1489 3477 fecerit.
1532 3439 1633 3482 Quod
1657 3441 1917 3484 postponuntur
1942 3438 2031 3483 Iulii,
