2254 3770
794 264 949 309 LIBER
978 265 1028 309 11.
1074 264 1175 323 Cap.
1206 265 1273 309 82.
1303 265 1370 310 83.

1900 265 1982 309 435

190 377 424 420 Romanum
465 387 606 432 aequo
643 374 736 417 iure
767 371 993 430 complecti
1022 371 1189 416 reddita
1228 371 1423 416 libertate
1452 371 1714 430 agitaverint.
1759 371 1838 415 hos
1867 372 1981 430 vulgi

190 464 410 496 sermones
440 449 586 494 audita
614 463 731 493 mors
761 447 872 492 adeo
902 447 1090 493 incendit
1118 454 1178 491 ut*
1193 454 1291 492 ante
1312 448 1500 492 edictum
1518 448 1855 505 magistratuum,
1885 454 1983 492 ante

189 532 364 571 senatus
393 524 635 570 consultum
654 530 824 582 sumpto
846 523 1005 567 iustitio
1026 523 1333 567 desererentur
1352 523 1459 572 sora,
1493 523 1794 568 clauderentur
1814 523 1982 567 domus.

188 603 348 661 passim
379 601 546 645 silentia
576 606 619 645 et
647 599 852 658 gemitus,
884 598 987 642 nihil
1018 599 1302 657 compositum
1333 599 1375 642 in
1396 599 1740 652 ostentationem3
1771 605 1813 643 et
1833 613 1984 657 quam-

187 691 316 737 quam
346 690 490 735 neque
519 675 757 734 insignibus
786 675 1021 731 lugentium
1051 674 1329 726 abstinerent,
1370 675 1495 719 altius
1531 675 1682 719 animis
1722 675 2014 719 maerebant.5

162 753 294 815 ‚forte
332 752 641 810 negotiatores,
681 751 851 795 vivente
881 750 1022 794 adhuc
1052 750 1306 795 Germanico
1337 751 1462 794 Suria
1499 751 1681 809 egressi,
1722 750 1901 795 laetiora
1928 749 1983 794 de

186 828 422 873 valitudine
451 827 546 871 eius
576 827 770 870 attulere.
816 826 957 870 statim
987 825 1167 878 credita,
1200 826 1341 869 statim
1371 826 1541 884 vulgata
1569 833 1679 870 sunt.
1723 833 1770 870 ut
1799 827 1985 884 quisque

188 903 359 955 obvius,
402 902 599 961 quamvis
637 902 789 946 leviter
826 901 971 946 audita
1006 901 1060 947 in,
1089 900 1195 945 alios
1232 908 1361 960 atque
1398 901 1458 945 illi
1499 903 1542 945 in
1579 901 1726 960 plures
1771 901 1986 946 cumulata

188 979 345 1038 gaudio
375 978 644 1022 transferunt.
682 984 855 1021 cursant
874 990 953 1036 per
972 976 1144 1028 urbem,
1176 976 1409 1021 moliuntur
1429 976 1686 1035 templorum
1704 977 1831 1021 fores.
1870 978 1987 1021 iuvat

189 1053 484 1100 credulitatem
514 1067 599 1096 nox
629 1059 672 1096 et
690 1052 929 1111 promptior
950 1052 1058 1096 inter
1078 1048 1280 1097 tenebra‘s
1300 1052 1551 1097 adfirmatio.
1587 1067 1670 1098 nec
1690 1053 1850 1098 obstitit
1868 1052 2035 1099 falsisw

189 1130 402 1181 Tiberius,
435 1129 575 1173 donec
605 1134 799 1186 tempore
829 1142 880 1172 ac
910 1128 1048 1186 spatio
1078 1135 1374 1172 vanescerent.
1435 1129 1517 1186 (83)
1558 1135 1600 1173 et
1636 1128 1822 1187 populus
1860 1129 1985 1187 quasi

187 1220 360 1249 rursum
389 1210 584 1263 ereptum
613 1204 756 1249 acrius
786 1203 933 1247 doluit.
980 1204 1183 1256 honores,
1222 1210 1269 1247 ut
1297 1204 1394 1262 quis
1424 1217 1571 1248 amore
1607 1204 1649 1247 in
1686 1204 1986 1248 Germanicum

188 1287 262 1326 aut
296 1279 468 1339 ingenio
497 1279 684 1331 validus,
727 1279 887 1338 reperti
917 1278 1190 1338 decretique:
1226 1285 1273 1323 ut
1301 1293 1459 1323 nomen
1489 1279 1583 1324 eius
1613 1279 1764 1324 Saliari
1797 1279 1986 1325 carmine

189 1362 439 1409 caneretur;
484 1355 613 1400 sedes
653 1355 825 1400 curules
866 1355 1139 1400 sacerdotum
1175 1355 1470 1413 Augustalium
1507 1354 1615 1400 locis
1655 1357 1876 1414 superque
1910 1369 1986 1400 eas

190 1445 408 1492 querceae
440 1445 628 1478 coronae
658 1437 970 1485 statuerentur3
1000 1430 1127 1475 ludos
1158 1430 1375 1476 circenses
1400 1430 1566 1475 eburna
1584 1430 1747 1490 effigies
1776 1431 2035 1490 praeiret345

231 1572 265 1605 5.
288 1571 460 1605 merebant
481 1571 516 1605 M
541 1589 577 1595 —
602 1571 635 1604 7.
659 1571 870 1616 ualitudinem
882 1571 936 1604 ius
960 1569 1086 1611 (littera
1108 1579 1126 1604 e
1147 1570 1266 1603 addita
1289 1570 1325 1603 in
1348 1570 1518 1612 margine)
1541 1571 1576 1605 M
1594 1589 1630 1595 -
1656 1571 1689 1605 9.
1715 1572 1888 1613 templores
1900 1572 1988 1614 fores

190 1629 223 1662 M
248 1628 455 1671 (templorum
475 1627 565 1669 fores
586 1627 722 1669 margo)
742 1645 779 1650 —
804 1627 902 1660 iuuat
923 1628 975 1662 M:
999 1627 1085 1660 iuvit
1106 1627 1262 1669 Lipsius;
1286 1627 1420 1660 iuverat
1442 1627 1564 1660 Ritter.
1584 1645 1621 1651 -
1648 1627 1701 1660 40.
1726 1628 1821 1670 falsis
1841 1627 1988 1662 Beroal-

189 1684 380 1726 dus:·falsi
401 1684 436 1718 M
461 1702 496 1707 —
523 1683 576 1716 43.
602 1684 725 1716 saltari
746 1686 807 1726 pr.'
827 1684 861 1718 Μ
885 1701 921 1707 -
948 1683 1002 1717 44.
1028 1683 1212 1717 eustatium
1236 1681 1383 1726 (syllaba
1405 1692 1452 1726 qu
1473 1682 1592 1716 addita
1616 1684 1652 1716 in
1675 1685 1845 1727 margine)
1870 1686 1915 1719 M.

189 1804 334 1844 stitiwn,
372 1803 474 1836 latuit
499 1802 627 1845 plebeio
660 1805 763 1836 tectus
796 1802 921 1835 amictu
954 1802 1067 1835 Omnis

189 1855 313 1895 honos,
349 1854 458 1886 nullos
489 1854 661 1886 comitata-
682 1856 731 1886 est
759 1861 916 1894 purpura
946 1853 1062 1894 fasces.

190 1907 311 1938 Iuven.
336 1904 368 1945 3,
389 1903 472 1937 2⁴3:
497 1905 620 1937 Pallati
635 1912 810 1945 proceres,
835 1904 947 1945 differt
967 1904 1065 1936 vadi·

188 1956 304 1988 monia
319 1958 472 1996 praetor.
510 1954 562 1988 Cf.
588 1956 624 1987 et
646 1955 783 1987 Seneca
805 1954 869 1996 Ep.
895 1954 949 1988 48.
974 1955 1062 1987 Lu’s.

191 2006 360 2038 Ceterum
381 2013 487 2046 neque
506 2003 691 2046 insiynibus
713 2004 768 2036 est
790 2012 855 2046 pro
873 2012 915 2037 ne
928 2004 1066 2046 insiyni-

190 2056 251 2089 bus
273 2055 423 2096 quidem,
447 2055 487 2087 ut
508 2054 546 2095 3,
573 2054 627 2086 47.
651 2054 706 2087 29.
732 2055 852 2087 Germ.
877 2054 910 2087 6.
938 2072 974 2078 —
1003 2053 1063 2095 illi]

189 2107 227 2139 hi
249 2105 318 2138 alii.
354 2106 428 2138 Liv.
453 2104 516 2146 24,
540 2105 602 2138 29:
627 2105 672 2137 Et
692 2104 892 2138 mittentibus
913 2108 944 2137 et
957 2105 1068 2138 missis

191 2165 234 2190 ea
255 2157 346 2189 laeta
367 2156 536 2196 expeditio
556 2154 633 2197 fuit.
663 2155 754 2188 Nam
775 2158 806 2188 et
827 2155 894 2188 illis
910 2154 1064 2198 (missis),

191 2207 280 2248 quod
300 2207 370 2238 iam
393 2206 452 2238 diu
473 2205 664 2246 cupiebant,
695 2205 843 2237 novandi
863 2213 917 2238 res
938 2205 1068 2238 occasio

192 2258 276 2290 data
296 2260 359 2297 est,
382 2259 415 2290 et
435 2256 470 2288 hi
485 2255 688 2297 (mittentes)
710 2256 876 2289 sentinam
898 2257 1068 2297 quandam

191 2306 286 2340 urbis
306 2307 377 2339 rati
395 2306 596 2339 exhaustam
610 2305 838 2339 laetabantur.
859 2323 895 2329 —
920 2306 1068 2338 moliun-

192 2361 249 2390 tur
263 2356 460 2397 templorum
473 2354 571 2397 fores]
595 2356 683 2388 Nam
703 2356 845 2398 vesperi
861 2356 952 2389 haec
968 2356 1066 2397 gesta

193 2408 254 2440 aut
277 2407 399 2446 nocte;
433 2407 469 2438 et
497 2407 574 2438 tum
599 2405 716 2439 clausa
740 2405 884 2448 templa.
921 2407 1063 2440 Sueton.

194 2456 301 2498 Calig.
327 2456 348 2488 6
379 2456 424 2489 de
454 2455 530 2498 ipsa
561 2455 629 2488 hac
658 2465 719 2488 re:
765 2457 888 2490 Romae
920 2457 1065 2497 quidem,

193 2516 270 2540 cum
299 2507 345 2539 ad
366 2506 518 2547 primam
543 2506 671 2548 famam
699 2508 899 2540 valetudinis
924 2508 1068 2541 attonita

193 2562 225 2592 et
236 2560 374 2590 ‘maesta
394 2557 514 2589 civitas
528 2560 697 2597 sequentes
709 2558 845 2590 nuntios
859 2558 1068 2599 opperiretur

194 2612 225 2642 et
245 2610 378 2649 repente
399 2607 470 2639 iam
490 2608 617 2648 vesperi
630 2608 765 2641 incertis
779 2609 973 2641 auctoribus
986 2618 1067 2641 con-

192 2658 338 2691 valuisse
364 2658 498 2690 tandem
519 2657 756 2698 percrebuisset
778 2658 1064 2700 (Germanicum),

190 2708 318 2749 passim
348 2715 424 2739 cum
449 2706 628 2741 liminibus
658 2711 689 2740 et
709 2708 853 2741 victimis
872 2709 909 2740 in
931 2709 1068 2750 Capito-

194 2758 278 2791 lium
309 2765 508 2789 concurswn
530 2760 577 2790 est
598 2765 639 2789 ac
658 2766 766 2798 paene
785 2758 938 2792 revulsae
958 2758 1070 2799 templi

193 2809 298 2851 fores,
326 2815 368 2840 ne
396 2807 477 2848 quid
497 2807 668 2848 gestientes
693 2811 773 2841 vota
793 2809 930 2842 reddere
950 2817 1068 2842 mora-

194 2861 301 2892 retur.
326 2858 414 2890 Lus.
435 2874 472 2880 -
496 2857 595 2890 iuuat
610 2875 658 2882 --
671 2867 732 2891 nec
753 2858 886 2901 obstitit]
910 2859 998 2892 Vide
1022 2859 1068 2892 ad

197 2910 229 2950 4,
253 2908 308 2941 39.
335 2925 370 2931 -
397 2910 540 2948 tempore
562 2917 603 2941 ac
623 2909 743 2952 spatio]
769 2910 968 2952 «temporis
991 2918 1070 2952 spa·

196 2960 284 2998 tio»;
317 2954 359 2991 ἓν
388 2955 452 2991 διὰ
479 2956 589 2992 δυοῖν
619 2960 861 3002 maximopere
884 2960 1070 2993 adamarat

196 3010 356 3049 Tacitus,
380 3008 442 3041 ubi
465 3009 678 3042 sententiam
701 3008 879 3052 aliquanto
895 3010 1070 3044 efficacio-

197 3068 276 3093 rem
298 3058 451 3092 reddere
475 3059 654 3092 studebat.
680 3059 731 3093 Cf.
756 3060 887 3093 Hirtius
908 3061 947 3093 B.
972 3062 1011 3093 G.
1034 3060 1067 3100 8,

198 3109 253 3150 34,
277 3110 317 3142 2:
342 3109 420 3141 dato
441 3108 550 3149 spatio
571 3117 613 3141 ac
635 3112 790 3150 tempore.

241 3160 295 3193 83.
320 3159 434 3192 acrius
455 3158 569 3201 doluit]
593 3160 737 3192 Sueten.
764 3158 870 3201 Calig.
888 3160 927 3192 6:
955 3160 995 3192 Ut
1017 3159 1070 3192 de·

197 3219 290 3262 nugam
309 3211 382 3252 fato
405 3210 557 3251 swwtum
578 3210 850 3251 (Germanicum)
874 3210 993 3251 palam
1014 3211 1070 3252 fa-

198 3263 288 3294 ctum
309 3263 374 3301 est,
397 3268 466 3292 non
487 3259 620 3292 solaciis
641 3259 735 3300 ullis,
763 3269 831 3292 non
853 3260 966 3293 edictis
987 3260 1071 3293 inhi-

199 3309 303 3343 hiberi
324 3311 431 3343 luctus
446 3309 601 3352 publicus
618 3310 728 3350 potuit
749 3310 950 3351 duravitque
970 3310 1072 3343 etiam

200 3366 262 3399 per
280 3359 378 3400 festos
397 3359 588 3393 Decembris
608 3359 729 3392 mensis
750 3359 819 3393 dies
837 3359 1068 3402 (Saturnalia).

204 3423 242 3430 -
264 3407 402 3443 honores
415 3425 465 3434 --
478 3410 602 3452 reperti
631 3408 826 3452 decretique]
862 3410 1070 3452 Fragmenta

1114 1803 1260 1855 senatus
1295 1801 1444 1836 consulti
1475 1802 1520 1836 de
1552 1803 1746 1837 honoribus
1777 1804 1988 1839 Germanico

1114 1855 1195 1896 post
1217 1855 1370 1887 mortem
1392 1853 1606 1894 tribuendis,
1632 1863 1652 1887 a
1676 1855 1801 1888 Carolo
1824 1857 1891 1890 Fea
1914 1858 1989 1899 pri-

1114 1913 1215 1938 mum
1243 1905 1354 1945 edita,
1386 1914 1406 1937 a
1429 1905 1621 1946 Borghesio
1648 1908 1808 1940 correcta
1832 1908 1991 1941 exhibuit

1114 1956 1259 1989 Henzen
1287 1957 1418 1989 Inscrr.
1442 1957 1533 1989 Latt.
1559 1955 1626 1989 vol.
1652 1957 1715 1998 111,
1746 1966 1781 1990 n.
1806 1958 1904 1992 5382.
1937 1959 1988 1992 Cf.
2038 1986 2042 1990 .

1115 2006 1201 2048 5088
1230 2007 1267 2038 et
1294 2005 1399 2039 5433:
1438 2005 1566 2039 Tabula
1595 2015 1700 2039 aenea
1726 2016 1813 2048 quae
1836 2009 1913 2050 floea
1943 2012 1994 2041 est

1114 2057 1238 2089 Romae
1259 2056 1295 2088 in
1318 2056 1480 2097 Capitolio
1499 2059 1576 2097 post
1596 2059 1735 2097 tropaea
1751 2058 1943 2091 Germanici
1956 2059 1991 2091 in

1114 2107 1276 2139 tribunali
1298 2115 1384 2148 quae
1413 2110 1489 2139 sunt
1510 2107 1555 2139 ad
1577 2108 1691 2140 aedem
1713 2108 1805 2141 Fidei
1823 2117 1860 2150 p.
1886 2110 1923 2142 R.
1951 2126 1989 2132 —·

1115 2157 1246 2190 Saliari
1278 2156 1438 2198 carmine]
1476 2156 1574 2199 quod
1606 2156 1776 2190 saltantes
1814 2158 1993 2191 canebant

1116 2206 1215 2248 Salii,
1239 2207 1359 2241 Martis
1382 2207 1602 2240 sacerdotes.
1629 2208 1680 2241 Cf.
1706 2208 1826 2241 Horat.
1851 2209 1939 2251 Epp.
1956 2210 1990 2250 2,

1118 2259 1149 2300 4,
1175 2259 1230 2292 86.
1255 2259 1402 2300 Dionys.
1427 2257 1537 2292 Halic.
1562 2260 1602 2300 2,
1627 2259 1688 2292 70:
1722 2251 1831 2293 οὗτοι
1854 2257 1992 2301 πάντες

1117 2309 1159 2342 οἱ
1178 2306 1313 2342 Σάλιοι
1335 2310 1518 2356 χορευταί
1536 2309 1635 2351 τινές
1652 2309 1727 2342 εἰσι
1742 2310 1808 2343 καὶ
1823 2306 1992 2353 ὑμνηταὶ

1116 2359 1192 2393 τῶν
1214 2358 1399 2394 ἑνοπλὶων
1418 2357 1530 2392 θεῶν.
1556 2360 1608 2393 Cf.
1625 2361 1799 2403 imprimis
1814 2360 1989 2401 Rlutarch.

1116 2413 1220 2445 Num.
1248 2412 1301 2445 43.
1338 2412 1449 2444 Huius
1472 2411 1525 2444 rei
1549 2411 1738 2444 evanidum
1755 2413 1920 2454 superest
1933 2421 1994 2445 ve-

1117 2462 1258 2503 stigium
1281 2462 1318 2494 in
1341 2461 1547 2502 fragmentis
1562 2462 1706 2495 senatus
1723 2461 1876 2500 decreti:
1903 2462 1995 2494 cani-

1118 2512 1180 2544 tuR
1208 2512 1258 2544 IN
1285 2511 1472 2544 PALATIO.
1509 2512 1583 2549 lam
1606 2512 1752 2553 Augusti
1775 2520 1907 2545 nomen
1930 2513 1995 2544 Sa-

1116 2561 1192 2594 liari
1216 2561 1362 2594 carmini
1387 2561 1561 2594 insertum
1586 2561 1652 2594 est.
1685 2562 1841 2595 Monum.
1859 2562 1992 2602 Ancyr.

1117 2610 1203 2644 Tab.
1222 2611 1269 2652 11,
1297 2611 1358 2644 ⁴8:
1382 2620 1565 2652 nomenque
1586 2620 1696 2644 nteum
1716 2612 1883 2644 inclusum
1897 2612 1994 2644 estin

1117 2661 1250 2694 Saliare
1285 2669 1430 2694 carmen.
1473 2660 1524 2694 Cf.
1557 2661 1623 2694 Dio
1653 2662 1708 2702 54,
1733 2661 1793 2694 20:
1831 2660 1870 2702 ἐς
1902 2657 1993 2701 τοὺς

1118 2706 1264 2754 ὕμνους
1287 2706 1406 2743 αὐτὸν
1424 2711 1631 2752 (Augustum
1648 2720 1680 2743 a.
1699 2720 1735 2743 u.
1753 2710 1828 2752 725)
1847 2707 1888 2752 ἐξ
1904 2708 1992 2744 ἴσου

1117 2764 1201 2802 τοῖς
1244 2761 1353 2802 θεοῖς
1397 2758 1665 2808 ἑσγράφεσθαι
1702 2759 1992 2808 προσκατεστή-

1119 2821 1249 2844 σαντο.
1286 2812 1347 2844 His
1374 2812 1494 2844 autem
1525 2810 1696 2853 exemplis
1725 2812 1770 2845 M.
1794 2812 1991 2844 Antoninus

1117 2860 1350 2903 Philosophus
1373 2862 1516 2893 mortuo
1539 2860 1610 2893 filio
1625 2861 1718 2894 Vero
1740 2862 1854 2901 iussit,
1878 2864 1916 2893 ut
1929 2869 1992 2892 no-

1117 2919 1193 2943 men
1220 2910 1291 2943 eius
1317 2910 1447 2943 Saliari
1470 2911 1614 2943 carmini
1635 2911 1848 2944 insereretur.
1885 2911 1993 2952 Spar-

1118 2961 1202 2993 tian.
1227 2961 1283 2992 2⁴.
1311 2978 1347 2984 —
1379 2961 1469 2994 sedes
1495 2961 1636 3003 curules]
1673 2960 1780 2995 sellae
1811 2962 1992 2994 inauratae

1118 3012 1155 3044 in
1181 3010 1345 3052 theatris,
1372 3012 1431 3052 qui
1454 3011 1569 3045 honos
1593 3013 1629 3045 et
1649 3011 1735 3045 Iulio
1753 3012 1894 3045 Caesari
1911 3020 1994 3045 con-

1119 3061 1246 3103 tigerat
1269 3061 1343 3103 (Dio
1367 3061 1427 3103 44,
1453 3062 1484 3103 6)
1509 3063 1546 3095 et
1567 3062 1731 3096 Marcello
1757 3063 1830 3104 (Dio
1851 3062 1906 3103 53,
1924 3062 1991 3105 30).

1123 3129 1159 3134 -
1184 3112 1394 3145 sacerdotum
1419 3112 1664 3155 Auyustalium]
1696 3114 1730 3145 in
1761 3112 1856 3154 quod
1884 3112 1993 3146 colle—

1121 3162 1217 3203 gium
1239 3163 1406 3205 receptus
1419 3162 1537 3196 fuerat
1551 3163 1781 3196 Germanicus
1796 3163 1994 3206 quinquen-

1121 3212 1179 3244 nio
1210 3213 1303 3245 ante.
1345 3212 1396 3246 Cf.
1422 3213 1454 3252 4,
1479 3212 1533 3246 54.
1569 3230 1605 3236 -
1647 3221 1806 3253 querceae
1839 3214 1991 3256 coronae]

1120 3258 1287 3295 διάλιθοι
1309 3262 1375 3295 καὶ
1396 3259 1618 3309 διάχρυσοι,
1643 3263 1733 3295 teste
1756 3262 1867 3295 Dione
1883 3262 1938 3305 44,
1956 3264 1990 3305 6,

1121 3310 1244 3354 quales
1275 3312 1341 3346 OB.
1367 3312 1485 3346 CIVIS.
1511 3310 1727 3344 SERVATOS
1756 3311 1865 3352 (intra
1888 3320 1992 3346 coro-

1121 3370 1203 3395 nam
1221 3371 1431 3404 querceam,
1456 3370 1622 3395 nummus
1639 3361 1733 3404 apud
1749 3362 1878 3396 Eckhel
1893 3364 1935 3397 D.
1947 3365 1989 3397 N.

1119 3411 1176 3453 VI,
1192 3420 1228 3455 p.
1248 3412 1321 3454 424)
1346 3412 1448 3445 datae
1473 3411 1573 3445 erant
1585 3411 1756 3455 Augusto,
1779 3413 1844 3447 Dio
1861 3413 1915 3456 53,
1933 3415 1986 3449 46.
