2254 3770
697 300 851 345 LIBER
877 300 985 344 XIII.
1031 299 1134 357 Cap.
1163 299 1230 343 ⁴6.
1261 300 1327 344 47.
1359 300 1425 343 48.
1868 298 1952 341 403

171 406 367 459 scebant,
408 407 604 466 antiquas
634 407 806 452 fratrum
837 406 1074 451 discordias
1103 413 1146 450 et
1178 406 1427 452 insociabile
1456 421 1633 466 regnum
1664 406 1948 451 aestimantes.

170 482 340 526 tradunt
369 482 564 540 plerique
594 497 744 526 eorum
773 490 1014 540 temporum
1042 482 1274 540 scriptores
1301 482 1464 526 crebris
1485 489 1582 527 ante
1603 482 1778 527 exitium
1796 482 1949 526 diebus

169 556 337 601 illusum
369 558 455 601 isse
483 558 692 615 pueritiae
721 558 947 601 Britannici
977 559 1208 608 Neronem,
1241 564 1287 600 ut
1311 558 1395 601 iam
1415 571 1500 601 non
1519 564 1790 616 praematura
1809 571 1950 615 neque

169 645 299 676 saeva
327 647 444 676 mors
473 633 611 676 videri
642 639 790 691 queat,
822 633 1018 691 quamvis
1046 633 1155 675 inter
1183 645 1306 676 sacra
1338 646 1528 684 mensae,
1560 647 1615 677 ne
1642 640 1835 691 tempore
1856 633 1951 690 qui—

169 706 270 751 dem
300 707 354 751 ad
385 707 653 766 complexum
685 722 880 751 sororum
911 707 1030 759 dat0‚
1071 713 1168 751 ante
1206 707 1354 751 oculos
1384 708 1540 752 inimici
1569 714 1798 766 properata
1827 708 1881 751 sit
1909 708 1982 751 int

167 782 282 826 illum
314 797 563 841 supremum
593 783 866 827 Claudiorum
894 783 1166 840 sanguinem,
1197 789 1346 840 stupro
1376 783 1495 840 prius
1516 797 1646 841 quam
1665 797 1833 828 veneno
1858 782 1950 841 pol-

166 856 312 901 lutum.
354 857 663 902 festinationem
702 859 977 916 exequiarum
1013 857 1153 901 edicto
1185 858 1345 902 Caesar
1379 857 1584 909 defendit,
1624 858 1858 902 maioribus
1887 859 1951 901 in-

166 933 358 976 stitutum
393 934 584 978 referens
618 933 868 977 subtrahere
908 932 1042 977 oculis
1081 932 1236 976 acerba
1275 933 1424 977 funera
1463 947 1606 991 neque
1638 932 1950 978 laudationibus

166 1014 239 1052 aut
269 1022 427 1066 pompa
455 1008 661 1052 detinere.
692 1015 883 1053 ceterum
913 1014 956 1052 et
983 1007 1063 1052 sibi
1096 1008 1255 1052 amisso
1283 1008 1423 1052 fratris
1452 1008 1608 1052 auxilio
1639 1008 1827 1067 reliquas
1849 1023 1949 1067 spes

165 1084 208 1126 in
238 1097 285 1127 re
313 1098 353 1142 p.
385 1084 507 1135 sitas,
546 1091 589 1128 et
627 1090 741 1127 tanto
770 1083 907 1140 magis
935 1082 1164 1127 fovendum
1196 1083 1388 1141 patribus
1419 1084 1668 1141 populoque
1699 1084 1999 1142 principem,io

165 1173 238 1217 qui
275 1174 386 1203 unus
423 1166 672 1217 superesset
709 1173 734 1203 e
773 1157 928 1202 familia
967 1173 1180 1202 summum
1210 1159 1262 1201 ad
1294 1158 1508 1216 fastigium
1536 1159 1689 1216 genita.
1739 1159 1821 1216 (48)
1852 1160 1948 1203 exin

164 1233 385 1291 largitione
421 1234 666 1292 potissimos
705 1234 941 1277 amicorum
978 1234 1104 1277 auxit.
1150 1247 1231 1278 nec
1265 1233 1442 1277 defuere
1471 1234 1546 1291 qui
1576 1241 1805 1292 arguerent
1834 1235 1948 1279 viros

162 1310 410 1367 gravitatem
441 1309 768 1361 adseverantes,
802 1309 918 1367 quod
950 1308 1103 1352 domos
1133 1308 1253 1352 villas
1284 1308 1325 1351 id
1357 1309 1562 1367 temporis
1590 1310 1715 1367 quasi
1744 1310 1948 1367 praedam

161 1384 418 1428 divisissent.
448 1384 518 1428 alii
549 1384 849 1428 necessitatem
878 1383 1111 1428 adhibitam
1140 1384 1374 1428 credebant
1404 1398 1429 1427 a
1454 1384 1648 1442 principe
1667 1384 1845 1429 sceleris
1863 1385 1947 1430 sibi

162 1460 336 1504 conscio
367 1466 410 1503 et
437 1460 606 1503 veniam
635 1466 855 1517 sperante,
893 1460 930 1502 si
962 1459 1255 1517 largitionibus
1286 1458 1594 1508 validissimum
1622 1474 1841 1518 quemque
1872 1461 1998 1504 ob—iis

163 1535 413 1578 strinxisset.
444 1541 487 1577 at
516 1534 662 1578 matris
692 1535 755 1578 ira
780 1533 895 1577 nulla
916 1534 1202 1578 munificentia
1221 1533 1362 1585 leniri,
1395 1534 1472 1579 sed
1495 1534 1691 1592 amplecti
1715 1536 1947 1590 Octaviam,

164 1610 318 1654 crebra
352 1623 449 1654 cum
487 1609 635 1653 amicis
673 1616 841 1653 secreta
868 1608 1049 1661 habere,
1091 1623 1223 1667 super
1250 1609 1482 1668 ingenitam
1510 1611 1728 1654 avaritiam
1758 1611 1948 1670 undique

162 1685 368 1743 pecunias
398 1686 522 1743 quasi
551 1686 594 1728 in
624 1684 864 1728 subsidium
892 1685 1148 1742 corripiens,
1180 1684 1375 1729 tribunos
1405 1691 1448 1729 et
1477 1686 1750 1730 centuriones
1772 1687 1949 1731 comiter

162 1761 382 1818 excipere,
427 1760 599 1804 nomina
635 1767 678 1804 et
711 1760 888 1804 virtutes
924 1760 1151 1812 nobilium,
1197 1760 1271 1818 qui
1312 1761 1440 1804 etiam
1478 1766 1566 1804 tum
1601 1769 1872 1819 supererant,
1905 1764 1946 1806 in

161 1835 324 1880 honore
363 1835 541 1886 habere,
583 1835 707 1893 quasi
742 1842 971 1893 quaereret
999 1834 1153 1897 ducem
1182 1842 1224 1879 et
1256 1843 1415 1893 partes.
1459 1836 1675 1894 cognitum
1704 1837 1747 1881 id
1776 1838 1944 1891 Neroni,
1959 1847 1997 1878 2⁰

161 1911 452 1970 excubiasque
487 1909 707 1961 militares,
749 1924 862 1968 quae
898 1916 945 1954 ut
974 1911 1142 1969 coniugi
1173 1911 1443 1969 imperatoris
1473 1910 1591 1964 olim,
1632 1918 1720 1956 tum
1750 1919 1796 1957 ut
1823 1914 1945 1959 matri

159 1987 459 2037 servabantur,
501 1992 544 2029 et
573 1985 807 2030 Germanos
847 1999 985 2044 nuper
1012 1986 1199 2030 eundem
1231 1986 1276 2029 in
1305 1986 1513 2031 honorem
1541 1988 1745 2032 custodes
1774 1988 1945 2034 additos

228 2121 259 2153 4.
284 2120 481 2165 θωείηιᾳηεεε
511 2128 603 2152 corr.
635 2120 670 2152 in
701 2119 887 2152 estimantes
916 2119 1074 2162 (fortasse
1105 2120 1150 2153 ab
1174 2120 1302 2154 eadem
1325 2121 1445 2163 manu)
1469 2123 1523 2162 M3
1560 2122 1787 2156 existimantes
1809 2122 1877 2156 alii.
1902 2141 1945 2148 —

158 2178 191 2211 3.
213 2178 277 2210 isse
299 2177 452 2219 Lipsius:
478 2185 544 2209 esse
566 2177 599 2210 M
625 2194 658 2200 —
685 2176 878 2209 brittannici
900 2177 933 2210 M
957 2194 992 2200 —
1019 2177 1051 2210 4.
1077 2186 1157 2210 seua
1179 2179 1211 2211 M
1237 2195 1274 2202 —
1298 2187 1407 2212 mense
1428 2180 1462 2213 Μ
1490 2195 1524 2203 -
1550 2180 1583 2213 ὅ.
1601 2182 1769 2214 sororium
1789 2181 1944 2214 Bezzen—

156 2233 298 2276 berger.
327 2252 362 2257 —
387 2234 419 2267 6.
443 2231 595 2274 suiimnm
617 2234 651 2267 M
677 2251 713 2257 —
736 2233 768 2266 7.
793 2233 902 2266 ediceo
924 2242 979 2276 pr.
1004 2235 1037 2267 M
1063 2252 1098 2258 -
1132 2235 1293 2277 defendit,
1322 2235 1507 2269 maioribus
1537 2236 1760 2279 Nipperdey:
1791 2237 1942 2279 defendit.

155 2290 194 2323 16
213 2290 398 2323 maioribus
420 2298 472 2332 pr.
499 2290 550 2328 M3
575 2289 726 2330 defendit.
750 2289 813 2321 Ida
834 2289 1019 2322 maior-ibus
1041 2299 1132 2323 corr.
1150 2292 1200 2331 M;
1227 2291 1386 2333 defendit,
1411 2301 1435 2325 a
1455 2292 1638 2325 maioribus
1660 2293 1857 2332 Ernestius;
1887 2294 1944 2326 de-

154 2347 274 2388 fendit,
298 2347 348 2379 ita
368 2345 552 2379 maioribus
575 2345 742 2378 Halmius.
771 2364 807 2370 -
833 2346 865 2379 9.
889 2349 1034 2379 ceterum
1056 2347 1145 2379 exibi
1167 2345 1288 2380 amisso
1310 2349 1343 2381 Μ
1369 2365 1406 2372 -
1433 2349 1486 2381 40.
1508 2348 1684 2390 fobendnm
1699 2350 1732 2382 Μ
1751 2366 1786 2373 -
1808 2350 1862 2382 42.
1881 2358 1943 2382 ar-

154 2405 309 2446 atterent,
334 2401 399 2436 sed
423 2404 461 2434 nt
483 2411 524 2435 ex
548 2402 785 2442 correctione,
810 2403 844 2436 M
869 2421 905 2426 —
932 2402 984 2436 44.
1010 2405 1128 2437 scelere
1150 2405 1184 2438 M
1208 2422 1243 2428 -
1272 2405 1324 2437 45.
1351 2414 1499 2446 querique
1521 2406 1555 2439 M
1580 2422 1616 2430 -
1642 2405 1888 2439 obstr-inexisset
1908 2406 1942 2440 M

157 2475 193 2482 -
220 2459 274 2492 46.
299 2458 393 2492 liniri
414 2458 447 2492 M
473 2476 508 2481 —
536 2459 588 2491 47.
613 2459 714 2492 amici
736 2459 770 2492 M
794 2475 830 2481 —
865 2459 918 2492 48.
944 2460 1125 2501 corripiens
1146 2461 1197 2493 M:
1227 2461 1395 2502 corripere
1416 2461 1564 2504 Lipsius.
1592 2479 1628 2485 —
1656 2462 1709 2495 20.
1737 2465 1887 2503 quereret
1907 2462 1944 2496 M

158 2532 194 2539 —-
218 2515 273 2548 24.
297 2514 510 2556 imperatoris
531 2514 610 2547 olim
631 2517 702 2547 tum
722 2514 877 2556 Lipsius:
902 2515 1116 2556 imperatoris
1138 2516 1271 2549 solitum
1292 2516 1326 2550 M
1351 2533 1388 2540 -
1412 2520 1450 2549 ut
1471 2517 1522 2551 M:
1546 2520 1577 2550 et
1599 2517 1727 2551 Haase.
1750 2535 1786 2542 -
1803 2518 1858 2551 22.
1875 2527 1940 2551 nu-

148 2570 372 2612 per-..eundem
393 2571 430 2604 in
450 2570 607 2603 honorem
628 2570 847 2604 BoettIcher:
873 2579 974 2612 super
993 2572 1131 2605 eundem
1151 2572 1307 2605 honorem
1328 2573 1374 2606 M.

152 2682 316 2725 sororum]
340 2683 504 2716 Octaviae
528 2685 564 2716 et
585 2683 775 2724 Antoniae,
801 2691 1020 2725 quamquam

153 2734 329 2776 posterior
358 2742 430 2766 non
462 2730 720 2780 ὁμογάστριος
742 2733 816 2767 fuit.
850 2734 901 2767 Cf.
927 2735 980 2774 42,
997 2735 1018 2766 2

110 2781 114 2789 “
153 2784 190 2817 et
204 2783 258 2817 68.
279 2801 315 2808 -
332 2784 464 2826 acerba]
488 2784 688 2824 immatura,
715 2792 806 2826 quae
829 2785 919 2817 intra
938 2784 1020 2817 tiro-

152 2833 234 2867 cinii
250 2833 344 2866 diem
362 2842 492 2876 pompa
507 2834 646 2867 funebri
661 2836 722 2867 aut
736 2833 934 2868 laudatione
947 2843 1018 2867 non

153 2883 305 2926 dignata.
323 2885 411 2916 Lirs.
437 2885 572 2918 Seneca
594 2885 703 2926 Epist.
723 2885 804 2925 422,
822 2885 882 2918 4οε
908 2893 1018 2925 quan-

149 2933 257 2966 tulum
278 2942 302 2965 a
322 2933 438 2975 funere
459 2933 579 2966 absunt
599 2937 630 2967 et
648 2934 778 2974 quidem
797 2933 934 2974 acerbo,
960 2934 1017 2974 qm·

151 2983 198 3016 aa
217 2983 308 3025 faees
327 2987 359 3015 et
380 2992 491 3017 cer-eos
511 2982 656 3016 vivant?

194 3033 248 3066 48.
272 3034 477 3076 pravitatem
503 3033 747 3075 adseverantes]
783 3041 910 3075 magna
932 3041 1015 3066 cum

150 3090 236 3115 cura
259 3084 365 3124 atque
383 3083 578 3116 constantia
600 3091 686 3124 prae
708 3091 748 3115 se
771 3082 937 3115 ferentes.
961 3081 1015 3114 Ad

150 3132 324 3166 senecam
339 3134 374 3166 et
389 3133 543 3165 Burrum
559 3132 755 3165 criminatio
771 3133 919 3175 spectat.
945 3132 1015 3173 (Se-

148 3189 239 3214 neca
261 3180 308 3214 de
331 3182 450 3215 Benef.
467 3182 501 3221 2,
521 3181 573 3214 48.
597 3180 659 3213 ubi
681 3189 782 3213 suam
798 3181 898 3223 quasi
915 3176 1015 3212 ἀπο-

148 3228 282 3274 λογίαν
304 3231 350 3265 de
373 3231 556 3265 beneficiis
579 3240 600 3263 a
614 3232 753 3264 Nerone
769 3231 924 3273 acceptis
938 3231 1013 3272 ipse

149 3281 327 3322 pertexit.)
351 3281 401 3314 Cf.
419 3282 483 3315 Dio
499 3282 554 3321 64,
573 3281 625 3313 40,
647 3296 682 3302 -
700 3280 837 3312 comiter
850 3279 1013 3321 mpero]

150 3329 292 3372 quando
314 3330 502 3364 salutatum
525 3339 606 3363 eam
628 3329 817 3362 veniebant
831 3330 891 3362 aut
905 3337 1014 3362 excu-

148 3379 228 3414 bias
247 3381 286 3414 ia
306 3380 435 3415 Palatio
461 3381 624 3423 agebant.
649 3396 685 3403 —
723 3380 780 3420 qni
811 3380 912 3413 otiam
943 3382 1014 3412 tum

148 3430 359 3472 mant]
386 3429 448 3464 mo
470 3432 632 3473 temporo
655 3429 737 3464 sam
760 3427 859 3463 multi
879 3428 1012 3463 Romae

1067 2685 1277 2727 superstites
1307 2686 1425 2725 erant;
1461 2694 1545 2718 nam
1575 2685 1720 2719 demum
1750 2686 1936 2720 Domitiani

1067 2735 1278 2777 praesertim
1311 2736 1426 2767 aetate
1457 2734 1588 2768 multae
1618 2735 1769 2768 familiae
1800 2736 1935 2770 nobiles

1069 2786 1130 2817 aut
1152 2785 1227 2817 eius
1249 2785 1395 2817 saevitia
1418 2786 1478 2817 aut
1497 2783 1567 2817 fato
1584 2785 1790 2818 exstinctae.
1818 2785 1934 2819 Verbo

1065 2842 1233 2875 superesse
1252 2842 1317 2875 pro
1339 2834 1544 2874 superstitem
1566 2843 1632 2867 esse
1653 2835 1762 2867 utitur
1777 2836 1883 2868 etiam
1899 2835 1932 2875 4,

1067 2883 1102 2915 7.
1123 2884 1154 2923 6,
1171 2882 1226 2916 40.
1245 2884 1299 2922 44,
1317 2883 1370 2915 42.
1391 2900 1426 2906 -
1453 2883 1568 2916 ducem
1589 2887 1621 2917 et
1638 2885 1764 2924 partes]
1789 2884 1933 2918 Rothius

1067 2941 1132 2966 esse
1159 2929 1200 2965 ἓν
1229 2929 1292 2965 διὰ
1313 2930 1421 2966 δυοῖν
1444 2935 1577 2966 censet.
1613 2935 1691 2967 Non
1714 2935 1798 2967 satis
1820 2935 1930 2974 recte,

1066 2985 1106 3015 ut
1126 2982 1213 3016 mihi
1236 2981 1385 3015 videtur.
1408 2984 1534 3016 Ducem
1557 2983 1752 3025 quaerebat
1774 2985 1809 3017 in
1829 2983 1932 3016 nobi-

1065 3031 1174 3072 libus,
1193 3035 1310 3073 partes
1332 3032 1426 3074 apud
1453 3032 1613 3066 tribunos
1636 3035 1672 3066 et
1693 3034 1929 3067 centuriones.

1065 3082 1207 3115 witru.
1227 3098 1263 3104 -
1281 3081 1464 3115 Germanos
1477 3099 1497 3108 -
1507 3101 1527 3108 -
1541 3084 1688 3116 custodes
1703 3083 1843 3123 additos]
1860 3084 1930 3116 iam

1065 3130 1132 3164 sub
1156 3130 1306 3163 Tiberio.
1332 3131 1384 3165 Cf.
1402 3132 1433 3172 4,
1451 3132 1510 3166 24:
1535 3132 1659 3165 robora
1674 3132 1929 3172 Germanorum,

1065 3181 1123 3221 qui
1144 3183 1214 3212 tum
1235 3181 1381 3214 custodes
1401 3182 1597 3222 imperatori
1619 3182 1778 3220 aderant,
1811 3181 1930 3215 cuius-

1065 3228 1161 3262 modi
1183 3228 1312 3263 multos
1335 3239 1379 3263 ex
1400 3230 1687 3273 inscriptionibus
1704 3229 1843 3271 collegit
1854 3231 1930 3264 Ma·

1064 3279 1129 3311 riui
1155 3278 1223 3311 Atti
1244 3279 1291 3319 11,
1323 3287 1358 3321 p.
1383 3278 1460 3312 472.
1491 3282 1564 3312 not.
1589 3280 1643 3312 25.
1684 3280 1814 3312 Inscrr.
1840 3280 1926 3314 Latt.

1064 3337 1100 3361 n.
1118 3328 1199 3361 ⁴75:
1216 3327 1341 3362 HILAR
1349 3330 1397 3362 VS
1410 3329 1600 3362 NERONIS
1614 3328 1816 3369 CAESARIS
1830 3329 1930 3364 COR-

1062 3378 1172 3411 PORE'
1206 3377 1280 3421 (sic)
1318 3379 1475 3412 CVSTOS
1511 3379 1702 3412 ΝΔΤΙΟΝΕ
1735 3379 1927 3413 FRISAEO.

1066 3427 1146 3462 mx.
1160 3428 1200 3463 A.
1215 3410 1359 3463 mu,
1381 3429 1495 3462 Etiam
1509 3428 1629 3462 Batavi
1650 3428 1830 3463 interum
1846 3438 1928 3463 eor-
