2254 3770
247 245 330 290 454
723 247 769 291 Ρ.
802 244 1052 291 CORNELII
1081 243 1253 290 TACITI
1280 244 1550 292 ANNALIUM

245 352 371 397 nibus
411 351 649 398 obiciendis
689 351 903 403 statuitur,
940 357 1074 410 utque
1103 362 1180 396 sex
1208 349 1377 395 dierum
1405 351 1543 409 spatio
1571 350 1794 398 interiecto
1822 366 1924 398 reus
1953 367 2035 412 per

245 428 432 472 triduum
462 427 775 473 defenderetur.
817 432 909 470 tum
937 426 1151 471 Fulcinius
1180 431 1328 470 vetera
1356 431 1399 470 et
1426 427 1567 471 inania
1592 427 1779 483 orditur,
1809 428 2034 474 ambitiose

246 517 461 562 avareque
501 502 687 547 habitam
731 501 999 559 Hispaniam;
1044 501 1160 560 quod
1205 514 1348 559 neque
1390 502 1633 547 convictum
1675 517 1813 549 noxae
1857 517 1955 555 reo,
1997 504 2035 549 si

245 579 435 624 recentia
462 583 685 636 purgaret,
717 590 860 635 neque
889 576 1112 621 defensum
1141 575 1397 621 absolutioni
1421 583 1532 630 erat,
1565 577 1602 622 si
1627 584 1845 624 teneretur
1863 579 2036 624 maiori-

214 653 327 699 sbus
356 652 538 712 flagitiis.
582 658 679 711 post
707 665 820 710 quae
851 652 1063 697 Servaeus
1085 657 1128 696 et
1147 651 1355 696 Veranius
1378 658 1421 696 et
1440 652 1628 698 Vitellius
1649 654 1857 699 consimili
1879 655 2034 707 studio,

246 736 289 774 et
317 729 448 773 multa
475 728 720 787 eloquentia
748 727 958 779 Vitellius,
990 727 1192 772 obiecere
1222 727 1323 771 odio
1345 727 1583 773 Germanici
1605 734 1648 773 et
1665 743 1811 774 rerum
1829 743 2037 774 novarum

246 804 387 849 studio
430 804 630 848 Pisonem
674 802 827 861 vulgus
863 802 1043 846 militum
1080 816 1159 861 per
1198 801 1413 847 licentiam
1452 810 1494 847 et
1532 803 1749 849 sociorum
1777 805 1952 850 iniurias
1982 819 2036 850 eo

245 893 386 938 usque
415 879 667 937 conrupisse
696 884 743 922 ut
778 891 934 936 parcns
964 877 1183 935 legionum
1211 891 1238 922 a
1266 877 1510 923 deterrimis
1539 879 1846 938 appellaretur3
1890 887 2037 926 contra

246 956 289 1000 in
319 956 526 1013 optimum
554 967 789 1012 quemque,
821 954 1003 998 maxime
1034 954 1076 997 in
1107 952 1285 998 comites
1316 959 1359 997 et
1377 954 1539 998 amicos
1562 954 1800 1001 Germanici
1820 956 2036 1009 saevisse;

198 1048 234 1078 ιο
246 1037 463 1090 postremo
494 1030 636 1088 ipsum
664 1029 963 1074 devotionibus
989 1035 1031 1073 et
1053 1042 1219 1073 veneno
1250 1029 1508 1087 peremisse3
1539 1043 1661 1074 sacra
1689 1030 1787 1076 hinc
1816 1038 1859 1076 et
1886 1032 2038 1076 immo-

246 1107 427 1151 lationes
462 1106 667 1150 nefandas
702 1105 838 1163 ipsius
878 1111 1008 1163 atque
1036 1103 1285 1155 Plancinae,
1326 1104 1501 1162 petitam
1530 1106 1659 1150 armis
1688 1121 1778 1150 rem
1809 1106 2036 1165 publicam,

247 1189 380 1241 utque
410 1196 510 1226 reus
540 1181 607 1240 agi
638 1187 805 1239 posset,
848 1180 941 1224 acie
970 1181 1140 1224 victum.
1197 1179 1278 1237 (44)
1310 1179 1502 1224 defensio
1541 1181 1582 1225 in
1614 1183 1769 1226 ceteris
1799 1182 2038 1241 trepidavit.

247 1272 348 1302 nam
375 1270 518 1316 neque
548 1257 825 1301 ambitionem
852 1255 1080 1299 militarem
1108 1268 1252 1313 neque
1282 1256 1546 1313 provinciam
1574 1257 1764 1314 pessimo
1785 1258 1943 1317 cuique
1961 1258 2041 1303 ob-

248 1334 436 1385 noxiam,
467 1346 523 1377 ne
552 1331 832 1377 contumelias
862 1331 1038 1390 quidem
1069 1330 1298 1375 adversum
1333 1331 1636 1390 imperatorem
1665 1332 1833 1377 infitiari
1861 1339 2039 1392 poterat.

199 1425 235 1455 ⁴5
249 1409 387 1454 solum
423 1408 578 1453 veneni
619 1408 780 1452 crimen
824 1407 941 1451 visus
982 1413 1048 1451 est
1084 1406 1285 1460 diluisse;
1331 1407 1447 1466 quod
1478 1421 1533 1452 ne
1562 1415 1835 1453 accusatores
1864 1408 2042 1468 quidem

248 1484 351 1528 satis
379 1483 619 1534 firmabant,
652 1483 695 1526 in
714 1483 910 1527 convivio
932 1482 1195 1534 Germanici,
1227 1495 1326 1527 cum
1346 1496 1478 1541 super
1498 1497 1596 1527 eum
1617 1484 1715 1528 Piso
1737 1484 2039 1538 discumberet,

248 1560 425 1604 infectos
454 1559 651 1604 manibus
682 1558 775 1603 eius
805 1558 924 1603 cibos
950 1564 1192 1616 arguentes.
1222 1558 1383 1616 quippe
1404 1558 1640 1603 absurdum
1659 1559 1901 1612 videbatur,
1931 1560 2041 1605 inter

249 1635 387 1680 aliena
416 1635 589 1679 servitia
619 1641 661 1678 et
689 1640 750 1678 tot
779 1633 1036 1678 adstantium
1062 1634 1178 1685 visu,
1210 1633 1305 1692 ipso
1327 1634 1579 1679 Germanico
1600 1649 1764 1687 coram,
1795 1634 1839 1679 id
1869 1648 2040 1682 ausum.

249 1710 543 1769 offerebatque
580 1709 780 1753 familiam
819 1723 920 1754 reus
961 1715 1004 1753 et
1032 1709 1251 1753 ministros
1282 1710 1324 1752 in
1354 1715 1562 1754 tormenta
1593 1709 1819 1768 flagitabat.
1865 1711 1943 1756 sed
1972 1712 2039 1756 iu-

199 1802 236 1833 20
250 1787 368 1831 dices
397 1800 476 1844 per
504 1785 675 1829 diversa
704 1784 996 1843 implacabiles
1027 1792 1163 1836 erant,
1198 1785 1358 1829 Caesar
1387 1784 1443 1829 ob
1469 1785 1628 1830 bellum
1655 1787 1902 1844 provinciae
1932 1787 2040 1832 inla-

249 1869 357 1915 tum,
391 1868 564 1906 senatus
584 1875 817 1920 numquam
837 1861 939 1905 satis
961 1860 1124 1905 credito
1145 1860 1236 1905 sine
1257 1860 1406 1905 fraude
1430 1860 1728 1906 Germanicum
1748 1862 1960 1908 interisse.
1975 1863 2039 1888 **

315 1996 346 2028 5.
365 1998 443 2036 post
471 2004 557 2038 quae
579 1995 756 2027 Baiterus:
788 1996 898 2035 Poslq;
923 1993 1085 2037 (Postque)
1109 1995 1160 2034 M;
1193 1997 1270 2035 post
1297 2002 1392 2034 quam
1414 1993 1615 2027 Rhenanus.
1648 1993 1697 2027 Cf.
1725 2003 1798 2027 var.
1823 1993 1905 2028 lect.
1930 1994 1975 2028 ad
1998 1995 2038 2036 2,

249 2052 290 2084 57
315 2053 350 2084 et
373 2052 406 2092 3,
432 2051 485 2084 33.
514 2070 550 2075 -
583 2050 756 2092 Servaeus]
789 2052 936 2085 Litteras
959 2060 1016 2084 eus
1039 2051 1074 2083 in
1097 2059 1219 2084 rasura
1243 2049 1354 2083 habet
1375 2050 1408 2083 M
1433 2067 1470 2073 —
1504 2050 1535 2083 6.
1560 2053 1591 2083 ol
1611 2050 1662 2084 M:
1693 2051 1749 2083 sed
1770 2050 1972 2084 Rhenanus.
1999 2069 2037 2075 —

252 2108 304 2141 43.
329 2108 448 2147 cuique
470 2108 678 2142 Rhenanus:
704 2109 757 2140 cui
773 2109 807 2142 M
825 2127 861 2132 —
882 2109 934 2141 45.
952 2117 1081 2141 cremen
1095 2117 1149 2150 pr.
1168 2109 1202 2142 M
1218 2125 1254 2131 —
1274 2107 1328 2141 48.
1345 2107 1436 2140 visus
1449 2106 1630 2141 malebant
1645 2108 1798 2141 Pichena
1814 2109 1850 2141 et
1864 2108 2038 2142 Heinsius.

253 2181 288 2186 —
315 2164 369 2196 24.
394 2165 545 2197 interisse
559 2156 613 2186 *‘*
628 2164 831 2206 scripsissent
854 2165 1050 2198 Ferrettus:
1076 2164 1226 2198 interisse
1247 2164 1451 2205 scripsissent
1472 2164 1518 2197 M.

250 2290 379 2331 theiliy,
415 2291 454 2322 ut
478 2289 537 2330 44,
571 2290 605 2322 44
643 2290 679 2322 et
711 2289 797 2322 Hist.
823 2289 864 2329 2,
889 2289 951 2322 26:
984 2289 1124 2321 adverso

248 2349 394 2373 rumore.
419 2340 505 2373 Hist.
526 2340 556 2379 4,
576 2340 634 2372 73:
660 2340 803 2371 adversa
815 2339 921 2381 fama.
948 2339 1126 2380 Significat

249 2398 413 2423 rumores
448 2390 492 2422 de
528 2391 642 2422 morte
678 2390 887 2422 Germanico
923 2398 965 2422 ex
997 2389 1126 2422 Tiberii

251 2441 387 2473 arcanis
404 2439 578 2473 mandatis
593 2439 697 2480 illata,
715 2439 841 2472 saltem
857 2439 947 2472 laete
964 2441 1123 2481 accepta.

250 2492 336 2525 Miro
360 2490 487 2523 iudicio
511 2490 545 2522 h.
567 2489 588 2523 l.
615 2499 701 2523 usus
725 2498 886 2523 summus
909 2489 965 2522 ille
990 2491 1128 2522 Grono-

250 2542 328 2575 vius
352 2540 492 2573 volebat
515 2541 660 2572 diversa.

296 2591 348 2623 43.
378 2589 756 2631 ambitiose-habitam]
792 2589 866 2622 scil.
906 2589 1125 2630 quaesivisse

253 2649 335 2675 eum
359 2641 473 2674 studia
497 2639 657 2673 militum.
680 2657 715 2662 —
737 2640 945 2682 Hispaniam]
971 2639 1032 2672 ubi
1047 2641 1127 2673 Piso

251 2691 396 2733 Augusti
418 2690 554 2732 legatus
577 2690 700 2723 fuerat.
730 2708 763 2715 -
804 2689 978 2731 Servaeus]
1016 2690 1066 2723 Cf.
1092 2691 1125 2730 2,

252 2742 306 2776 56.
332 2742 363 2782 6,
389 2742 428 2774 7:
467 2742 504 2782 Q.
530 2741 711 2780 Servaeus,
738 2744 906 2782 praetura
934 2740 1067 2782 functus
1097 2744 1129 2774 el

252 2793 419 2833 quondam
451 2792 640 2824 Germanici
674 2800 789 2824 comes.
825 2810 861 2815 —
902 2792 1064 2824 Veranius
1097 2794 1129 2825 et

255 2842 412 2884 Vitellius]
439 2842 489 2875 Cf.
509 2843 547 2882 2,
574 2842 615 2875 74
640 2843 675 2875 et
698 2851 789 2884 quae
813 2842 1059 2875 adnotavimus
1083 2841 1128 2874 ad

252 2893 364 2928 verba
385 2893 533 2935 veneficii
555 2894 654 2934 siyna
675 2893 713 2933 2,
736 2893 789 2926 73.
820 2911 856 2916 —
875 2901 939 2934 per
961 2893 1129 2925 licentiam

253 2947 285 2977 et
305 2943 471 2976 sociorum
493 2943 649 2982 iniurias]
676 2942 727 2975 Cs.
753 2944 790 2983 2,
816 2943 870 2975 55.
900 2960 935 2966 —
970 2942 1128 2975 immola-

253 2995 357 3027 tiones
384 2992 555 3035 ncfandas]
585 2992 746 3035 Plerique
777 2994 1052 3035 interpretantur
1081 2991 1126 3026 de

255 3045 363 3078 sacris
386 3043 532 3085 magicis
555 3051 598 3075 ac
619 3041 696 3084 lege
720 3044 852 3082 vetitis3
878 3043 944 3076 sed
965 3044 1035 3076 hoc
1057 3043 1128 3077 iam

254 3095 290 3127 in
313 3103 346 3127 V.
373 3093 607 3126 devotionibus.
648 3094 808 3125 Praestat
834 3094 953 3134 igitur,
985 3095 1024 3126 ut
1050 3094 1128 3136 opi-

256 3154 338 3184 nor,
372 3143 416 3177 de
440 3144 590 3177 victimis
616 3144 697 3185 post
720 3144 904 3185 acceptam
929 3144 1126 3177 Germanici

255 3196 409 3227 mortem
425 3194 537 3227 caesis
554 3194 597 3235 (Ξ,
614 3193 667 3234 75)
685 3192 875 3234 intelligere
893 3202 974 3226 cum
991 3194 1126 3228 Freins-

256 3245 374 3277 hemio
398 3246 434 3277 et
454 3245 603 3286 Ryckio,
629 3252 719 3286 quae
742 3243 982 3276 immolationes
1002 3245 1126 3277 rectis-

1176 2297 1246 2330 que
1269 2296 1352 2322 cum
1368 2289 1487 2322 Sentio
1504 2289 1749 2322 commiserat:
1774 2289 1813 2330 2,
1831 2288 1887 2322 80.
1907 2307 1943 2313 -
1967 2298 2046 2324 reus

1176 2339 1244 2381 aqi]
1270 2338 1320 2371 Cf.
1347 2338 1402 2379 44,
1428 2338 1481 2371 48.
1507 2339 1561 2379 45,
1586 2339 1640 2371 20.

1221 2438 1273 2472 ⁴4.
1310 2438 1504 2481 trepidavit]
1540 2438 1721 2472 fluctuavit
1755 2439 1861 2481 atque
1894 2439 2046 2475 invalida

1177 2490 1316 2522 mansit.
1354 2506 1390 2512 -
1426 2489 1671 2531 imperatorem]
1707 2490 1967 2523 Germanicum.
2007 2508 2044 2516 —

1176 2541 1302 2572 crimen
1316 2557 1335 2563 -
1349 2557 1368 2563 —
1384 2539 1527 2581 diluisse]
1552 2539 1608 2572 Sic
1631 2540 1702 2572 iam
1725 2541 1849 2574 Cicero
1874 2541 1949 2582 (pro
1964 2541 2044 2574 Sex.

1178 2590 1301 2623 Roscio
1327 2590 1379 2623 45.
1403 2599 1468 2632 pro
1492 2589 1560 2624 Mil.
1587 2589 1640 2631 27)
1672 2590 1798 2623 diluere
1819 2592 1956 2624 crimen.
1993 2591 2044 2625 Cf.

1179 2641 1232 2681 46,
1258 2639 1311 2673 24.
1341 2656 1376 2663 -
1402 2649 1501 2681 svper
1524 2640 1608 2682 eum]
1645 2641 1778 2674 Locum
1808 2639 2044 2682 consularem,

1178 2692 1254 2724 sive
1273 2690 1434 2724 ultimum
1449 2690 1557 2723 medii
1573 2689 1672 2730 lecti,
1698 2699 1892 2733 occupasse
1907 2690 2047 2724 videtur

1179 2743 1426 2782 Germanicus,
1461 2743 1536 2775 tum
1563 2750 1672 2784 super
1695 2751 1778 2775 eum
1801 2741 1846 2775 ad
1869 2742 2047 2775 sinistram

1179 2793 1258 2826 Piso
1282 2793 1441 2826 medium
1458 2792 1620 2825 eiusdem
1642 2791 1722 2825 lecti
1741 2792 1870 2826 locum.
1896 2792 1947 2826 Cf.
1965 2791 2047 2826 Plu-

1178 2843 1290 2876 tarch.
1308 2843 1528 2885 Symposiac.
1549 2843 1580 2876 4.
1603 2843 1667 2882 Qu.
1686 2843 1717 2876 3.
1744 2841 1892 2876 Sallustii
1907 2843 2043 2884 Fragm.

1180 2894 1265 2927 Hist.
1291 2893 1330 2933 3,
1355 2893 1408 2927 43.
1446 2893 1564 2926 Sidon.
1589 2892 1699 2935 Apoll.
1728 2893 1814 2935 Epp.
1843 2894 1874 2934 4,
1900 2894 1935 2926 44
1964 2902 2047 2926 cum

1180 2943 1356 2976 Sirmondi
1379 2942 1625 2982 adnotatione;
1651 2943 1846 2976 Excursum
1864 2951 1986 2976 meum
2001 2942 2047 2976 ad

1179 2994 1296 3026 Horat.
1327 2994 1397 3026 Sat.
1421 2993 1454 3032 2,
1480 2993 1512 3032 8,
1537 2993 1579 3025 20
1603 3001 1682 3034 sqq:
1711 3009 1747 3016 —
1776 2995 1824 3025 tot
1844 2993 2048 3025 adstantium

1177 3042 1266 3085 visu]
1290 3043 1325 3076 in
1348 3042 1457 3076 oculis
1481 3043 1533 3075 tot
1555 3042 1780 3075 adstantium.
1804 3058 1840 3066 —
1864 3043 2046 3083 nunistros]

1179 3101 1303 3127 servos
1327 3093 1544 3133 Germanici,
1569 3093 1629 3135 qui
1645 3094 1719 3125 tum
1736 3093 1929 3126 ministeria
1944 3101 2047 3126 men-

1180 3152 1241 3177 sae
1265 3143 1435 3177 obissent.
1461 3143 1542 3176 Eun.
1569 3160 1606 3166 —-
1636 3151 1697 3183 per
1726 3143 1858 3176 divorsa
1882 3142 2047 3184 implaca-

1180 3193 1268 3235 biles]
1300 3194 1448 3227 Senatus
1477 3192 1523 3226 ob
1551 3191 1654 3234 longe
1685 3191 1789 3226 aliam
1811 3201 1956 3226 causam
1977 3193 2047 3225 im-

1174 3243 1359 3286 placabilis
1392 3244 1469 3276 erat
1491 3251 1597 3284 quam
1621 3243 1797 3286 princeps.
1825 3259 1861 3265 —
1893 3243 2048 3283 scripsis-

257 3295 345 3327 sime
368 3295 532 3335 nefandae
547 3292 714 3336 appellari
733 3294 905 3335 poterant.
927 3311 961 3315 —
982 3294 1123 3333 petitam
1172 3295 1255 3335 sent]
1279 3293 1461 3333 Quaedam
1485 3294 1542 3326 hic
1559 3292 1672 3326 verba
1694 3293 1891 3335 perierunt,
1916 3291 2046 3334 quihus

258 3346 362 3378 armis
382 3355 453 3379 rem
468 3345 519 3387 p]
544 3354 644 3384 cum,
668 3346 708 3377 ut
730 3353 769 3378 se
788 3344 823 3376 in
838 3344 1054 3386 provinciam
1072 3346 1122 3377 in-

1177 3339 1418 3384 indicabatur,
1444 3352 1620 3386 quaenam
1643 3343 1771 3386 scripta
1793 3343 1977 3376 senatores
1999 3343 2045 3377 ad

257 3395 427 3437 truderet,
447 3395 649 3430 Celendrim
664 3395 910 3439 occupaverat,
927 3393 1120 3437 proelium-
1179 3403 1324 3428 causam
1347 3393 1633 3437 cognoscendam
1653 3392 1709 3427 vel
1732 3394 1957 3428 accusatores
1981 3402 2045 3428 ex-
