2254 3770
648 297 803 342 LIBER
831 297 920 340 XII.
967 295 1068 353 Cap.
1100 293 1166 337 ⁴6.
1199 293 1266 338 ⁴7.
1297 292 1363 336 ¹18.
1395 292 1461 336 ⁴9.
1863 289 1951 332 355

167 405 310 449 dinem
341 403 534 450 custodia
564 404 736 462 cingere
766 403 966 455 arduum,
998 408 1044 445 ut
1073 400 1170 445 belli
1198 401 1339 458 potius
1361 400 1453 444 iure
1474 398 1687 443 caderent.
1719 396 1952 454 datumque

168 479 387 532 militibus,
419 480 492 538 qui
525 479 650 524 scalis
682 485 924 530 evaserant,
957 478 1123 535 signum
1155 476 1314 521 caedis.
1347 475 1513 520 excidio
1538 472 1795 531 Uspensium
1816 478 1953 515 metus

171 540 325 600 ceteris
355 555 553 606 iniectus,
594 554 694 598 nihil
725 561 862 598 tutum
888 553 1008 604 ratis,
1047 567 1143 597 cum
1174 565 1311 603 arma,
1349 552 1628 602 munimenta,
1669 548 1859 606 impediti
1889 547 1953 591 vel

171 630 407 674 eminentes
438 630 538 682 loci,
571 643 808 688 amnesque
829 636 871 672 et
890 629 1023 672 urbes
1043 628 1156 671 iuxta
1176 633 1568 685 perrumperentur.
1599 625 1725 683 igitur
1745 623 1954 674 Zorsines,

171 705 244 748 diu
282 706 493 763 pensitato
534 704 840 748 Mithridatisne
881 703 1012 747 rebus
1051 703 1252 747 extremis
1283 716 1335 745 an
1364 703 1501 760 patrio
1531 714 1664 758 regno
1696 699 1989 750 consuleret‚5

171 787 396 839 postquam
428 780 664 838 praevaluit
695 779 860 838 gentilis
890 779 1065 830 utilitas,
1098 778 1206 822 datis
1237 777 1461 821 obsidibus
1492 777 1606 835 apud
1638 775 1820 833 effigiem
1853 774 1959 819 Cae-

170 856 278 900 saris
318 856 563 914 procubuit,
610 869 764 912 magna
803 854 935 913 gloria
974 854 1186 898 exercitus
1223 853 1420 904 Romani,
1459 867 1588 911 quem
1620 852 1886 895 incruentum
1918 856 1961 894 et

170 932 373 975 victorem
415 931 543 974 tridui
574 931 723 975 itinere
754 930 912 974 afuisse
943 929 997 973 ab
1027 943 1151 974 amne
1183 929 1309 972 Tanai
1342 928 1537 973 constitit.
1578 927 1655 971 sed
1685 928 1727 970 in
1757 940 1957 984 regressu

171 1006 318 1064 dispar
346 1007 514 1050 fortuna
543 1006 636 1058 fuit,
669 1005 771 1064 quia
790 1007 958 1049 navium
980 1005 1202 1063 quasdam,
1225 1018 1338 1063 quae
1357 1003 1463 1047 mari
1485 1003 1748 1055 remeabant,
1777 1003 1818 1045 in
1838 1002 1961 1045 litora

171 1083 407 1126 Taurorum
436 1081 600 1126 delatas
632 1081 952 1125 circumvenere
983 1080 1176 1132 barbari,
1208 1080 1426 1138 praefecto
1456 1079 1641 1123 cohortis
1673 1085 1715 1122 et
1742 1077 1962 1136 plerisque
1977 1090 2012 1120 ιο

172 1157 439 1202 auxiliarium
470 1157 713 1201 interfectis.
761 1156 842 1213 (48)
874 1156 1035 1199 interea
1067 1155 1345 1207 Mithridates,
1378 1154 1494 1198 nullo
1524 1154 1565 1197 in
1596 1154 1724 1197 armis
1756 1153 1960 1204 subsidio,

176 1233 388 1278 consultat
429 1232 551 1276 cuius
586 1231 925 1275 misericordiam
955 1231 1233 1289 experiretur.
1280 1231 1408 1274 frater
1440 1231 1590 1290 Cotys,
1628 1229 1819 1287 proditor
1850 1229 1962 1279 olim,

178 1308 335 1352 deinde
366 1307 517 1359 hostiS,
550 1307 840 1351 metuebatur:
872 1309 1158 1352 Romanorum
1189 1321 1316 1351 nemo
1350 1305 1390 1349 id
1423 1306 1682 1350 auctoritatis
1713 1305 1879 1357 aderat,
1919 1311 1966 1347 ut

175 1383 386 1441 promissa
416 1383 510 1427 eius
542 1384 681 1440 magni
711 1383 1012 1441 penderentur.
1059 1382 1113 1426 ad
1144 1382 1349 1426 Eunonen
1381 1382 1608 1434 convertit,
1639 1381 1825 1439 propriis
1856 1380 1966 1424 odiis

173 1473 256 1502 non
284 1458 495 1502 infensum
525 1466 566 1502 et
596 1473 747 1503 recens
779 1458 1003 1503 coniuncta
1023 1458 1247 1502 nobiscum
1268 1459 1451 1502 amicitia
1470 1457 1671 1502 validum.
1701 1457 1828 1515 igitur
1852 1456 1966 1500 cultu
1981 1467 2016 1497 15

176 1534 379 1592 vultuque
417 1547 546 1592 quam
582 1534 764 1577 maxime
803 1533 857 1577 ad
894 1540 1165 1591 praesentem
1194 1534 1406 1577 fortunam
1435 1539 1680 1591 comparato
1711 1532 1873 1590 regiam
1903 1531 1967 1574 in-

175 1609 379 1666 greditur,
412 1609 680 1667 genibusque
701 1609 794 1653 eius
825 1608 1074 1667 provolutus
1105 1609 1421 1653 «Mithridates»
1454 1609 1591 1667 inquit
1615 1615 1753 1652 «terra
1772 1608 1966 1666 marique

176 1685 375 1729 Romanis
406 1699 485 1743 per
515 1691 573 1728 tot
602 1698 737 1728 annos
767 1685 988 1743 quaesitus
1019 1692 1171 1743 sponte
1202 1685 1367 1729 adsum.
1414 1692 1557 1738 utere,
1597 1691 1644 1729 ut
1672 1685 1814 1738 voles,
1846 1684 1967 1743 prole

177 1760 317 1818 magni
354 1760 653 1813 Achaemenis,
696 1760 813 1819 quod
853 1760 953 1803 mihi
990 1759 1130 1804 solum
1172 1760 1318 1805 hostes
1347 1775 1433 1805 non
1463 1761 1766 1806 abstulerunt.»
1816 1761 1896 1818 (49)
1928 1767 1970 1804 at

177 1835 376 1889 Eunones
407 1835 656 1881 claritudine
686 1836 787 1889 viri,
823 1837 1055 1881 mutatione
1084 1851 1229 1881 rerum
1260 1843 1302 1881 et
1332 1851 1461 1895 prece
1492 1836 1606 1881 haud
1636 1836 1840 1895 degeneri
1869 1850 1968 1894 per·
1983 1846 2020 1878 πο

176 1919 333 1964 motus,
366 1911 534 1956 adlevat
563 1911 803 1970 supplicem
833 1911 1063 1971 laudatque
1092 1912 1208 1971 quod
1230 1919 1402 1970 gentem
1420 1914 1675 1966 Aorsorum,
1708 1912 1826 1971 quod
1847 1926 1969 1957 suam

244 2066 275 2098 i.
301 2065 464 2098 arduum:
488 2064 562 2098 belli
583 2065 782 2105 Ernestius;
809 2065 975 2099 arduum:
1000 2069 1037 2098 at
1059 2065 1132 2099 belli
1155 2066 1282 2099 Haase.
1308 2064 1428 2098 Verba
1450 2068 1488 2098 ut
1510 2064 1540 2097 b.
1554 2073 1591 2106 p.
1616 2065 1689 2098 iure
1711 2065 1866 2098 caderent
1888 2066 1970 2108 post

178 2120 232 2155 illa
262 2122 394 2164 signum
426 2122 536 2155 caedis
568 2121 832 2165 transponenda
860 2122 998 2155 censuit
1018 2121 1206 2155 Acidalius.
1234 2139 1270 2145 -
1307 2121 1339 2154 3.
1364 2121 1466 2154 nichil
1487 2122 1520 2155 M
1547 2139 1579 2146 -—
1619 2121 1652 2155 4.
1671 2125 1970 2163 perrumperentur

176 2179 384 2212 Rhenanus:
414 2182 674 2220 perrumpentur
695 2179 729 2213 M
754 2197 790 2202 —
822 2179 854 2211 5.
879 2179 1100 2212 mitridatisne
1122 2179 1156 2212 M
1182 2196 1217 2201 —
1247 2179 1279 2212 8.
1305 2178 1452 2220 aufuisse
1475 2178 1508 2211 M
1533 2195 1569 2201 -
1596 2178 1628 2211 9.
1654 2186 1741 2218 quae
1762 2179 1813 2212 M:
1848 2180 1969 2221 quippe

177 2235 392 2278 Nipperdey.
411 2252 447 2258 —
474 2236 528 2268 Η.
553 2235 778 2268 auaeiliarium
793 2235 948 2278 Lipsius:
973 2235 1201 2268 consiliarium
1223 2235 1276 2274 M;
1302 2235 1532 2268 centurionum
1549 2234 1751 2268 Rhenanus.
1772 2252 1808 2259 ·-
1836 2234 1889 2269 14.
1910 2244 1967 2276 pr.

177 2292 260 2325 odiis
280 2301 347 2324 non
367 2292 532 2334 infensum
555 2291 635 2325 cod.
660 2290 859 2333 Agricolae:
887 2300 946 2332 pr.
971 2291 1055 2324 odiis
1076 2291 1239 2333 infensum
1261 2291 1312 2330 M3
1331 2299 1389 2332 pr.
1415 2291 1715 2332 odiis‘inoffensum
1737 2292 1807 2324 Iac.
1833 2293 1970 2324 Grono-

176 2348 274 2387 vius3
298 2348 399 2381 nullis
417 2357 473 2389 pr.
499 2348 583 2381 odiis
603 2348 767 2391 infensum
790 2348 1052 2381 Freinshemius
1075 2347 1153 2380 coll.
1180 2348 1233 2387 45,
1259 2346 1319 2380 64:
1352 2347 1442 2379 nullo
1463 2347 1605 2388 proprio
1626 2347 1663 2379 in
1683 2347 1859 2380 Paulinam
1883 2348 1967 2380 odio.

180 2422 217 2428 —
244 2404 298 2438 ⁴9.
322 2404 506 2438 achemenis
527 2405 562 2438 M
587 2422 620 2429 -
648 2404 706 2452 20.
725 2401 786 2446 ᾖσε
807 2405 842 2439 M
867 2420 903 2428 —
929 2404 985 2438 2⁴.
1009 2404 1191 2438 Aorsorum
1214 2404 1385 2446 Ryckius:
1411 2403 1634 2436 aduersorum
1655 2404 1700 2438 M.
1728 2403 1780 2436 Cf.
1798 2413 1828 2437 c.
1847 2403 1902 2438 44.

177 2541 256 2582 bus,
293 2541 512 2583 Flechtwerk,
547 2541 755 2584 branchaqe,
792 2550 886 2575 nunc
908 2541 1049 2575 videtur

177 2585 282 2633 ἅπαξ
304 2588 529 2635 λεγόμενον,
559 2591 748 2625 formatum
770 2593 810 2624 ut
830 2594 1049 2625 stramentum

179 2650 200 2674 a
222 2642 402 2681 stramine,
426 2642 666 2682 spiramentum
688 2651 708 2675 a
730 2642 922 2683 spiramine.
949 2642 1050 2675 Cete-

178 2699 260 2724 rum
283 2693 366 2724 nota
390 2687 430 2723 ἓν
452 2688 515 2724 διὰ
538 2689 658 2724 δυοῖν.
679 2709 714 2715 -
735 2692 846 2725 media
866 2691 976 2733 humo]
999 2692 1050 2723 in-

178 2741 323 2775 teriecta
347 2741 520 2782 cratibus,
547 2750 698 2783 quarum
718 2741 895 2784 duplicem
919 2741 1050 2774 seriem

180 2791 304 2833 cogita.
319 2809 352 2814 -
366 2791 486 2832 turres]
499 2790 735 2825 obsidionales
748 2799 790 2823 ac
801 2791 1049 2833 temporariae.

223 2841 278 2873 ⁴7.
303 2843 341 2873 ut
362 2839 435 2873 belli
458 2841 540 2883 cet.]
569 2840 729 2874 Pendent
750 2841 841 2874 haec
864 2850 908 2873 ex
929 2839 1050 2873 verbis

180 2891 352 2931 aspernati
374 2893 468 2931 sunt,
494 2892 594 2932 quasi
618 2890 781 2931 dixisset,
813 2891 1052 2923 «statuerunt-

181 2948 270 2982 que,
289 2940 540 2980 decreverunt,
560 2941 598 2973 ut
612 2942 723 2980 cet.»;
749 2940 786 2973 in
802 2940 919 2973 medio
937 2940 1051 2982 posita

180 2998 246 3032 pro
268 2990 472 3032 parenthesi
493 2989 659 3023 habenda
683 2992 777 3023 sunt.
801 3008 837 3013 —
863 2990 1049 3032 evaserant]

181 3039 433 3079 ascenderant,
458 3041 498 3072 ut
519 3039 648 3081 Vergil.
674 3042 760 3073 Aen.
778 3040 811 3080 2,
829 3039 910 3073 458:
934 3041 1050 3072 Evado

179 3090 225 3122 ad
246 3090 366 3123 sumni
387 3089 526 3131 fastiqia
547 3089 709 3122 culminis.
732 3106 768 3112 —
791 3098 1050 3131 perrumperen—

181 3138 248 3182 tur]
272 3139 392 3172 Horat.
419 3139 536 3171 Carm.
555 3138 587 3179 3,
606 3139 660 3180 16,
679 3139 739 3171 4οτ
764 3138 893 3171 Aurum
907 3155 956 3163 --
967 3147 1050 3180 per—

180 3196 336 3229 rumpere
364 3191 459 3220 amat
482 3196 581 3221 saxa.
609 3205 645 3212 —
675 3188 805 3229 gentilis
825 3187 970 3230 utilitas]
996 3187 1047 3220 Cf.

183 3238 301 3280 gentile
322 3238 500 3279 imperium
522 3237 554 3278 6,
579 3237 632 3270 32.
659 3253 695 3260 -
724 3238 864 3279 esstqiem
886 3236 1048 3278 Caesaris]

183 3286 294 3329 qualis
311 3287 541 3321 ferebaturin
556 3287 655 3329 signo
671 3285 823 3319 militari.
849 3286 901 3319 Cf.
920 3287 973 3326 45,
991 3286 1046 3319 24:
1062 3284 1064 3286 ’

183 3336 310 3370 iturum
332 3338 378 3370 ad
399 3338 498 3380 siqua
512 3340 543 3370 et
564 3337 687 3379 effigies
707 3335 879 3377 principis.
903 3336 1046 3369 Sueton.

187 3384 294 3428 Calig.
318 3386 379 3420 44:
402 3386 593 3420 Artabanus
607 3404 626 3410 -
637 3404 656 3411 -
671 3386 804 3427 aquilas
825 3388 856 3419 et
877 3386 975 3428 siqna
988 3386 1051 3418 Ro-

185 3442 290 3470 mana
303 3435 547 3479 Caesarumque
566 3436 728 3479 imaaines
740 3435 909 3470 adoravit.
928 3452 965 3460 -
984 3435 1051 3469 Ta·

1098 2541 1168 2583 nai]
1192 2539 1348 2575 Miraculi
1370 2540 1439 2573 hoc
1460 2541 1571 2574 instar
1593 2540 1749 2582 tetigisse
1771 2549 1883 2583 prope
1907 2549 1970 2573 ex-

1097 2594 1240 2624 tremum
1264 2591 1393 2624 Tanain
1416 2591 1548 2632 (Horat.
1576 2590 1693 2623 Carm.
1718 2590 1751 2630 3,
1777 2591 1831 2632 40,
1857 2591 1902 2630 4).
1930 2608 1966 2614 —-

1099 2641 1297 2683 Taurorum]
1315 2641 1526 2682 Scytharum
1539 2642 1594 2674 est
1607 2639 1770 2683 populus,
1786 2640 1968 2673 sacrificiis

1098 2691 1262 2725 humanis
1293 2691 1445 2724 infamis.
1481 2690 1611 2725 Herod.
1637 2690 1677 2731 4,
1704 2691 1785 2724 ⁴03:
1826 2689 1967 2737 Ταῦροι

1098 2739 1241 2775 θύουσι
1258 2739 1314 2800 τῇ
1346 2740 1521 2799 παρθένῳ
1546 2741 1785 2783 (Iphigeniae)
1815 2740 1905 2781 τούς
1928 2750 1968 2773 τε

1099 2787 1293 2835 ναυηγοὺς
1321 2791 1386 2824 καὶ
1415 2787 1506 2832 τοὺς
1534 2785 1584 2823 ἂν
1610 2789 1759 2830 λάβωσι
1777 2787 1966 2834 Ἑλλήνων

1100 2840 1397 2882 επαναχθέντας.
1425 2859 1461 2864 -
1486 2841 1676 2883 interfectis]
1701 2849 1772 2874 non
1791 2845 1967 2882 postquam

1098 2891 1260 2933 interfecti
1274 2894 1361 2930 sunt,
1376 2890 1441 2924 sed
1452 2890 1502 2922 ita
1512 2893 1549 2922 ut
1562 2890 1725 2931 interfecti
1736 2891 1811 2923 sint.
1821 2892 1963 2924 WALrn.

1144 2941 1196 2973 18.
1221 2940 1383 2980 validum]
1408 2939 1492 2972 satis
1509 2948 1636 2981 magna
1653 2940 1748 2982 apud
1763 2948 1827 2972 nos
1843 2940 1966 2971 aucto-

1098 2989 1200 3022 ritate
1217 2989 1443 3030 gaudentem.
1461 3006 1496 3011 —
1509 2989 1607 3030 prole
1617 2990 1733 3031 magni
1744 2987 1964 3030 Achaemenis]

1098 3039 1236 3071 Etenim
1258 3038 1475 3073 Mithridates
1498 3038 1554 3071 ille
1578 3040 1724 3080 Magnus
1742 3040 1778 3071 in
1794 3038 1963 3078 oratione,

1099 3097 1206 3130 quam
1230 3097 1274 3121 ex
1295 3089 1463 3131 Pompeio
1483 3089 1595 3130 Trogo
1618 3090 1790 3130 integram
1813 3088 1967 3120 brevitati

1097 3138 1149 3170 sui
1171 3138 1279 3179 operis
1300 3138 1447 3171 inseruit
1468 3139 1620 3172 lustinus
1645 3138 1709 3180 (38,
1736 3138 1787 3178 7),
1819 3138 1866 3169 ita
1889 3136 1965 3179 glo-

1097 3188 1227 3220 riatur:
1251 3196 1284 3221 se
1300 3192 1461 3229 paternos
1481 3189 1626 3220 maiores
1646 3196 1721 3220 suos
1743 3196 1766 3219 a
1781 3187 1868 3227 Cyro
1890 3188 1965 3220 Da-

1097 3238 1231 3280 rioque‚
1263 3237 1487 3272 conditoribus
1508 3238 1630 3271 Persici
1651 3239 1765 3279 regni,
1797 3240 1966 3270 maternos

1099 3296 1122 3319 a
1135 3287 1260 3329 Magno
1274 3287 1465 3321 Alemandro
1488 3296 1529 3320 ac
1543 3288 1702 3320 Nicatore
1715 3286 1861 3327 Seleuco,
1885 3296 1965 3320 con-

1099 3337 1258 3370 ditoribus
1273 3338 1405 3379 imperii
1418 3336 1641 3376 Macedonici,
1664 3335 1801 3377 referre.
1826 3337 1965 3370 Achae-

1100 3394 1223 3420 menes
1246 3387 1366 3420 autem
1389 3387 1472 3428 Cyri
1494 3393 1664 3428 proavus:
1687 3384 1818 3419 Herod.
1836 3386 1869 3427 7,
1888 3387 1942 3420 Η.

1143 3436 1197 3469 49.
1220 3436 1311 3470 haud
1332 3435 1493 3479 degeneri]
1518 3443 1610 3477 quae
1630 3434 1740 3477 ipsius
1754 3435 1892 3478 regium
1907 3444 1965 3477 ge·
