2254 3770
333 336 387 379 66
808 341 851 383 Ρ.
884 339 1133 385 CORNELII
1163 339 1332 383 TACITI
1361 339 1629 384 ANNALIUM

333 442 533 487 militibus
555 449 597 487 et
616 446 879 497 centurione,
902 446 1123 490 vulnerato
1144 446 1313 489 tribuno
1334 446 1576 503 praetorIae
1596 445 1801 500 cohortis,
1834 447 1937 491 dum
1956 447 2115 506 probra

330 518 374 562 in
411 520 679 577 magistratus
709 527 750 564 et
779 521 1093 566 dissensionem
1121 521 1234 578 vulgi
1275 520 1514 579 prohibent.
1564 527 1706 566 actum
1735 521 1790 566 de
1819 536 1872 567 ea
1901 523 2113 567 seditione

330 594 443 652 apud
474 602 636 653 patres,
680 596 1018 655 dicebanturque
1056 596 1290 640 sententiae
1327 603 1374 639 ut
1411 596 1680 653 praetoribus
1719 597 1786 641 ius
1822 598 2037 656 virgarum
2071 599 2115 642 in

329 669 555 714 histriones
588 678 713 716 esset.
759 672 999 716 intercessit
1018 673 1215 716 Haterius
1235 672 1421 729 Agrippa
1442 672 1637 716 tribunus
1668 672 1826 731 plebei,
1859 674 2116 732 increpitus-

297 759 413 803 5que
444 753 509 789 est
527 747 656 789 Asinii
688 746 792 790 Galli
823 747 1032 798 oratione,
1065 747 1215 791 silente
1247 747 1431 798 Tiberio,
1465 748 1538 806 qui
1570 761 1622 792 ea
1652 747 1878 793 simulacra
1906 749 2113 794 libertatis

328 821 493 865 senatui
512 822 758 878 praebebat.
789 822 919 866 valuit
939 829 1079 866 tamen
1097 822 1365 874 intercessio,
1398 823 1501 880 quia
1521 822 1646 866 divus
1669 826 1881 882 Augustus
1902 825 2114 869 immunes

326 897 554 941 verberum
583 897 809 941 histriones
839 897 1057 955 quondam
1084 897 1384 955 responderat,
1423 912 1565 956 neque
1595 898 1657 942 sas
1688 899 1854 943 Tiberio
1884 900 2113 958 infringere

326 972 439 1017 dicta
459 973 565 1017 eius.
602 972 658 1016 de
686 972 815 1016 modo
845 972 1001 1017 lucaris
1034 980 1076 1016 et
1105 973 1312 1017 adversus
1342 972 1559 1017 lasciviam
1580 974 1791 1018 fautorum
1809 975 1941 1020 multa
1961 975 2113 1020 decer-

325 1054 501 1101 nuntur3
533 1062 586 1092 ex
614 1048 711 1106 quis
741 1048 924 1092 maxime
954 1049 1151 1107 insignia,
1193 1063 1245 1092 ne
1277 1049 1428 1092 domos
1458 1050 1816 1107 pantomimorum
1846 1058 2019 1095 senator
2047 1051 2113 1094 in-

276 1125 491 1177 iotroiret;
533 1138 587 1167 ne
618 1124 888 1180 egredientes
918 1124 960 1166 in
990 1124 1207 1181 publicum
1236 1124 1403 1181 equites
1434 1125 1610 1168 Romani
1640 1126 1878 1183 cingerent,
1909 1133 1983 1170 aut
2011 1125 2111 1170 alibi

325 1213 453 1257 quam
482 1199 526 1241 in
554 1199 720 1243 theatro
751 1206 1066 1257 spectarentur;
1105 1206 1147 1243 et
1177 1200 1461 1257 spectantium
1497 1200 1811 1245 immodestiam
1839 1200 1967 1246 exilio
2002 1201 2112 1246 mul-

323 1275 438 1319 tandi
458 1280 646 1332 potestas
667 1274 936 1332 praetoribus
967 1274 1101 1318 fieret.
1153 1276 1234 1331 (78)
1261 1275 1467 1333 templum
1486 1282 1533 1319 ut
1553 1276 1594 1318 in
1617 1276 1783 1320 colonia
1804 1277 2110 1321 Tarraconensi

323 1356 559 1394 strueretur
586 1353 774 1407 Augusto
804 1350 1046 1407 petentibus
1076 1350 1275 1408 Hispanis
1305 1352 1584 1409 permissum,
1625 1352 1858 1410 datumque
1888 1352 1931 1395 in
1961 1366 2111 1397 omnes

323 1426 563 1485 provincias
585 1424 838 1483 exemplum.
881 1425 1158 1470 centesimam
1188 1441 1331 1470 rerum
1352 1426 1601 1479 venalium,'
1617 1434 1716 1485 post
1739 1426 1857 1472 bella
1887 1427 2028 1472 civilia
2048 1429 2113 1472 in-

365 1579 398 1611 7.
422 1579 601 1611 uerborum
621 1587 674 1620 pr.
693 1578 784 1611 Μ-
806 1578 838 1610 8.
864 1578 972 1610 edicta
995 1578 1188 1611 Wurmius.
1211 1596 1246 1602 —
1273 1580 1326 1611 Μ.
1351 1582 1382 1612 et
1403 1580 1467 1621 sp.]
1492 1582 1529 1612 ut
1551 1589 1600 1620 sp.
1619 1580 1744 1617 Ritter;
1770 1579 1835 1612 sed
1859 1579 1903 1613 cf.
1922 1580 1962 1622 3,
1982 1581 2037 1614 6⁴.
2055 1581 2109 1615 69.

322 1635 382 1676 43,
407 1634 460 1668 44.
486 1636 572 1668 Hist.
597 1634 635 1675 4,
660 1635 714 1667 52.
741 1652 777 1657 —
803 1635 906 1666 eaeitio
928 1635 961 1668 M
985 1634 1097 1676 (eoeiiio
1120 1635 1256 1678 margo)
1282 1654 1317 1659 -
1349 1637 1402 1669 ⁴2.
1425 1638 1519 1679 fleret
1540 1637 1575 1670 M
1599 1636 1700 1683 (fieret
1722 1635 1859 1678 margo)
1894 1655 1929 1660 —
1960 1639 2112 1671 terraco-

320 1692 413 1725 nensi
435 1692 468 1725 M
493 1708 529 1715 —-
556 1690 609 1724 44.
635 1691 859 1724 centissimam
880 1691 925 1724 M.

322 1817 365 1850 cf.
389 1818 459 1850 Cic.
478 1818 571 1849 Orat.
591 1816 609 1858 g
626 1817 709 1849 246:
734 1825 800 1849 non
822 1818 941 1857 loquor
963 1817 1001 1849 de
1023 1825 1089 1849 uno
1107 1818 1191 1857 pede

321 1872 489 1902 eaetremo:
536 1869 682 1909 adiunqo
721 1869 920 1908 prozimum
965 1870 1187 1908 superiorem,

320 1929 414 1960 saepe
437 1920 538 1951 etiam
560 1919 706 1952 tertium.
733 1919 784 1950 De
809 1919 879 1950 nat.
907 1918 1005 1951 deor.
1024 1919 1055 1958 2,
1082 1919 1101 1960 5
1125 1919 1187 1951 52:

318 1971 415 2011 Infra
436 1969 522 2001 hanc
545 1968 694 2009 (Saturni
718 1967 865 2007 stellam)
889 1969 1031 2008 propius
1053 1977 1075 2000 a
1098 1971 1192 2000 terra

319 2021 406 2053 Iovis
428 2019 524 2050 stella
544 2018 663 2059 fertur.
680 2035 699 2041 -
715 2035 733 2040 -
754 2018 841 2050 Huic
863 2021 975 2049 autem
991 2019 1191 2058 proximum

319 2071 511 2111 inferiorem
545 2068 656 2100 orbem
690 2070 776 2099 tenet
809 2065 974 2112 πυρόεις.
1017 2068 1190 2110 Vopiscus

319 2120 435 2156 Probo
459 2128 490 2152 c.
510 2119 545 2152 ii
564 2128 571 2150 :
597 2121 684 2151 recte
707 2122 806 2159 atque
829 2119 943 2151 ordine
959 2121 1120 2159 prooeimo
1137 2127 1192 2150 su-

314 2173 447 2215 periore
477 2178 566 2202 anno
595 2170 723 2211 factum
753 2172 810 2202 est.
842 2187 875 2193 -
908 2171 1106 2210 praetoriae
1134 2178 1204 2209 co-‚

316 2226 430 2268 hortis]
455 2226 590 2259 Cohors
613 2226 717 2267 igitur
739 2225 914 2267 praetoria
935 2226 971 2258 in
991 2226 1128 2258 theatro
1146 2225 1189 2258 ad

319 2276 598 2320 compescendas
622 2275 745 2309 turbas
775 2275 976 2309 theatrales.
1013 2277 1068 2309 Sic
1098 2277 1187 2309 Ann.

319 2330 373 2369 ⁴3,
391 2327 452 2361 24:
470 2327 550 2359 Fine
563 2327 644 2359 anni
666 2326 750 2367 (808)
767 2327 868 2358 statio
884 2327 1027 2358 cohortis
1040 2327 1190 2359 adsidere

317 2379 405 2411 ludis
427 2376 527 2409 solita
549 2377 755 2415 demovetur,
781 2384 846 2416 quo
868 2377 980 2408 maior
1002 2377 1122 2416 species
1143 2376 1189 2408 li-

318 2428 456 2460 bertatis
470 2428 562 2458 esset.
579 2442 614 2448 —
630 2426 786 2457 Haterius
796 2425 956 2466 Ayrippa]
975 2425 1026 2458 Cf.
1040 2425 1072 2465 2,
1087 2426 1123 2457 54
1134 2442 1185 2457 .-

316 2477 500 2511 simulacra
521 2474 694 2516 libertatis]
712 2473 875 2507 Similiter
891 2475 922 2514 3,
942 2475 1000 2507 60:
1028 2474 1187 2514 Tiberius,

315 2530 385 2562 vim
401 2527 614 2568 principatus
628 2524 689 2557 sibi
711 2526 868 2566 firmanS,
893 2525 1074 2566 imaqinem
1087 2525 1189 2557 liber-

316 2579 396 2611 tatis
423 2576 554 2608 senatui
577 2573 768 2615 praebebat.
798 2591 833 2597 —
866 2574 1035 2616 Augustus
1055 2592 1074 2598 -
1089 2591 1104 2597 -
1130 2583 1187 2606 re-

315 2625 503 2669 sponderat]
522 2624 566 2657 de
584 2633 626 2657 ea
643 2633 682 2657 re
696 2623 888 2657 consultus.
908 2625 1049 2657 Sueton.
1065 2625 1184 2657 Octav.

315 2677 377 2711 45:
411 2676 648 2709 coercitionem
676 2675 712 2706 in
738 2674 914 2706 histriones
935 2673 1189 2715 magistratibus

315 2727 404 2758 omni
432 2725 504 2757 loco
533 2727 565 2756 et
594 2726 735 2764 tempore
764 2726 873 2756 vetere
902 2723 972 2764 leqe
987 2725 1187 2764 permissam

315 2775 456 2814 ademit,
486 2776 726 2814 praeterquam
756 2773 843 2805 ludis
871 2775 902 2805 et
932 2781 1030 2806 scena
1062 2774 1106 2815 (si
1137 2772 1184 2805 ibi

314 2835 381 2868 per
396 2823 624 2867 petulantiam
640 2822 911 2864 delinquerent).
937 2824 987 2856 Ex
1003 2832 1065 2864 eo,
1089 2823 1186 2864 quod

316 2876 399 2909 dicit
421 2875 576 2914 Tacitus,
611 2876 759 2915 apparet
783 2873 902 2906 servili
923 2882 1039 2915 poena
1062 2883 1185 2906 exem—

314 2926 394 2968 ptos
410 2924 518 2957 fuisse
534 2923 721 2956 histriones
739 2923 916 2965 expositos
933 2922 1094 2956 civilibus
1111 2931 1188 2956 car-

315 2975 407 3008 ceris
430 2975 536 3015 atque
561 2972 663 3006 exilii.
690 2973 742 3006 Cf.
767 2973 805 3014 4,
823 2973 877 3006 ⁴4.
904 2973 965 3014 43,
991 2974 1045 3007 28.
1065 2990 1101 2998 -—
1126 2982 1186 3006 ne-

314 3034 376 3066 que
397 3024 451 3066 fas
468 3023 593 3056 Tiberio
608 3022 688 3064 cet.]
711 3022 870 3055 Tiberius
887 3022 1082 3056 firmandae
1098 3031 1184 3066 suae

315 3073 561 3108 dominationis
585 3081 690 3105 causa
708 3073 783 3115 ipse
800 3072 867 3105 sibi
884 3073 1102 3115 imposuerat
1116 3073 1186 3106 hoc

313 3125 421 3159 veluti
451 3125 614 3158 sanctum
643 3123 799 3156 officium
835 3123 918 3156 nihil
949 3132 1122 3165 umquam
1149 3124 1185 3156 in

313 3175 459 3217 Augusti
481 3175 568 3207 actis
591 3173 829 3214 institutisque
851 3173 1021 3206 mutandi.
1047 3175 1111 3206 Dio
1127 3174 1181 3215 57,

313 3226 352 3259 8:
378 3225 439 3258 ἐπὶ
462 3228 547 3266 ταῖς
567 3222 636 3257 τοῦ
660 3219 884 3267 Αὐγούστου
909 3221 1068 3270 πράξεσι
1092 3222 1183 3265 τούς

312 3284 353 3307 τε
370 3270 510 3317 ἄλλους
526 3272 669 3316 πάντας
686 3269 812 3321 ὥρκου
828 3274 894 3306 καὶ
909 3270 1028 3315 αὐτὸς
1043 3270 1180 3317 ὤμνυε.

315 3342 351 3348 -
369 3325 504 3366 lucaris]
522 3326 636 3358 Lucar
650 3333 792 3358 merces
808 3324 1030 3364 histrionum,
1044 3333 1063 3356 a
1080 3323 1179 3364 lucis,

314 3374 375 3415 qui
397 3373 495 3406 multi
519 3375 611 3406 circa
631 3373 778 3413 urbem,
803 3381 955 3415 quorum
971 3372 1104 3405 reditus
1122 3373 1182 3405 de-

313 3423 431 3456 stinati
450 3423 496 3455 ad
517 3422 618 3456 ludos
635 3425 671 3456 et
687 3421 887 3466 spectacula
899 3447 907 3463 ,
933 3422 1083 3455 testibus
1100 3421 1181 3455 Plu-

313 3473 436 3515 tarcho
458 3473 494 3506 in
509 3474 549 3512 Q.
569 3474 648 3515 R.p.
666 3474 730 3507 285
747 3474 772 3507 C
790 3474 827 3507 et
842 3473 944 3506 Festo
967 3472 1004 3506 in
1019 3481 1052 3506 v.
1069 3472 1181 3506 Lucar

1239 1827 1275 1860 p.
1295 1818 1358 1850 ⁴⁴9
1381 1816 1496 1851 Muell.
1523 1818 1559 1850 et
1573 1818 1717 1850 Pecunia
1738 1826 1774 1860 p.
1792 1817 1870 1851 253.
1896 1818 1947 1852 Cf.
1966 1819 2108 1854 sueton.

1239 1867 1315 1899 Tib.
1334 1867 1393 1900 34:
1419 1868 1591 1899 Ludorum
1606 1877 1648 1900 ac
1661 1876 1838 1900 munerum
1859 1869 2026 1909 impensas
2040 1879 2113 1903 cor—

1238 1918 1344 1958 ripuit
1362 1916 1565 1950 mercedibus
1579 1919 1784 1950 scenicorum
1798 1919 1913 1951 recisis
1935 1920 2004 1951 cet.
2023 1919 2108 1954 Sen.

1240 1968 1303 2009 Ep.
1321 1968 1375 2008 80,
1395 1968 1432 1999 7:
1458 1968 1533 2008 Ille,
1559 1969 1617 2008 qui
1638 1969 1674 2000 in
1689 1977 1789 2000 scena
1803 1968 1894 2000 latus
1907 1969 2063 2002 incedit-
2075 1988 2108 2010 -,

1239 2027 1355 2051 servus
1377 2021 1445 2051 est:
1471 2017 1625 2060 (singulis
1650 2018 1845 2060 mensibus)
1869 2020 2015 2061 quinque
2035 2029 2112 2053 mo-

1240 2070 1311 2102 dios
1333 2069 1454 2110 accipit
1468 2072 1499 2101 et
1513 2069 1679 2101 denarios.
1696 2085 1732 2092 —
1757 2069 1942 2112 fautorum]
1965 2069 2112 2113 plauso-

1239 2128 1332 2160 rum,
1359 2117 1480 2160 quales
1503 2118 1573 2151 iam
1597 2120 1678 2151 ante
1703 2118 1773 2151 duo
1797 2118 1918 2152 secula
1941 2119 2110 2153 mercede
2163 2148 2169 2155 .

1240 2168 1548 2209 conducebantur,
1575 2171 1613 2201 ut
1628 2169 1710 2202 huic
1726 2168 1782 2202 vel
1805 2169 1852 2202 illi
1874 2170 2036 2204 histrioni
2058 2170 2112 2204 fa-

1239 2221 1381 2261 verent,
1415 2219 1543 2251 horum
1567 2218 1725 2252 aemulos
1750 2218 1982 2262 exploderent
2003 2222 2109 2264 atque

1239 2270 1493 2313 deprimerent.
1522 2287 1555 2294 --
1583 2279 1624 2302 ne
1645 2270 1846 2311 cyr-odientes
1869 2271 1952 2313 cet.]
1984 2272 2112 2306 Mansit

1239 2322 1359 2354 tamen
1383 2322 1419 2353 et
1441 2321 1565 2362 postea
1587 2320 1731 2353 insanus
1754 2320 1813 2353 hic
1835 2329 1926 2354 mos.
1950 2320 2036 2355 Plin.
2052 2321 2108 2363 29,

1238 2372 1270 2412 i,
1296 2372 1316 2404 9
1340 2371 1384 2404 de
1407 2369 1592 2411 Thessalo,
1618 2371 1767 2403 Neronis
1791 2371 1952 2404 medico:
1988 2372 2111 2406 nullius

1236 2422 1432 2454 histrionum
1475 2429 1699 2461 equorumque
1742 2422 1879 2463 trigarii
1921 2422 2111 2456 comitatior

1236 2479 1383 2513 eqressus
1420 2471 1455 2502 in
1490 2470 1620 2512 publico
1654 2474 1739 2503 erat.
1786 2472 1922 2505 Seneca
1955 2472 2019 2515 Ep.
2043 2471 2106 2506 47:

1236 2523 1405 2556 ostendam
1433 2521 1650 2555 nobilissimos
1673 2523 1807 2555 iuvenes
1827 2524 1999 2565 mancipia
2014 2532 2108 2565 pan-

1235 2574 1457 2606 tomimorum.
1484 2572 1624 2610 Quaest.
1643 2573 1714 2605 nat.
1733 2573 1765 2613 7,
1783 2572 1845 2605 32:
1869 2575 1936 2606 stat
1951 2582 2016 2614 per
2029 2582 2108 2606 suo—

1236 2630 1375 2656 cessores
1396 2621 1530 2662 Pyladis
1551 2625 1582 2654 et
1601 2622 1748 2662 Bathylli
1771 2623 1896 2656 domus.
1922 2639 1942 2647 -
1956 2640 1977 2648 -
1996 2631 2109 2657 mares

1235 2674 1322 2706 inter
1349 2681 1382 2704 se
1404 2680 1593 2712 uxoresque
1613 2672 1832 2713 contendunt,
1855 2675 1931 2705 uter
1944 2673 1998 2705 det
2018 2673 2110 2706 latus

1234 2723 1309 2755 illis.
1334 2720 1475 2755 Tertull.
1506 2721 1551 2754 de
1585 2723 1746 2764 spectac.
1771 2731 1808 2765 p.
1833 2723 1897 2755 ⁴00
1919 2723 1966 2755 A:
1997 2723 2108 2756 adnui-

1233 2774 1432 2806 nistratores
1461 2772 1742 2813 spectaculorum,
1774 2773 2015 2815 quadrimi-ios
2035 2781 2108 2806 sce-

1233 2825 1343 2863 nicos,
1367 2823 1536 2862 mysticos,
1561 2825 1737 2856 arenarios
1757 2824 1831 2856 ilios
1853 2824 2106 2864 amantissimos,

1234 2873 1352 2914 quibus
1373 2873 1440 2904 viri
1463 2872 1610 2912 animos,
1632 2873 1776 2913 feminae
1796 2876 1908 2905 autem
1925 2872 1992 2905 iliis
2005 2873 2108 2905 etiam

1234 2930 1377 2963 corpora
1405 2921 1623 2954 substernunt
1636 2939 1655 2945 -
1668 2939 1688 2945 -
1703 2939 1741 2962 -,
1777 2931 1879 2962 quam
1907 2922 2022 2963 magni
2049 2921 2107 2963 fa-

1234 2973 1346 3005 ciwnt!
1368 2972 1455 3004 Lns.
1477 2987 1514 2995 -
1543 2970 1634 3013 alibi]
1659 2972 1766 3012 Puto,
1793 2980 1837 3004 ne
1861 2970 1976 3012 domi,
2001 2979 2046 3003 ne
2069 2971 2106 3003 in

1234 3021 1361 3055 hortis.
1385 3021 1474 3054 Lirs.

1277 3122 1331 3155 78.
1356 3122 1538 3162 datumque
1557 3122 1595 3154 in
1609 3128 1720 3153 omnes
1731 3128 1768 3162 p.
1785 3119 1983 3162 exemplmn]
2010 3121 2104 3154 «Sta-

1233 3173 1295 3206 tim
1326 3181 1370 3206 ex
1397 3180 1468 3214 quo
1497 3170 1701 3213 exemplum
1729 3179 1749 3203 a
1779 3170 2102 3205 Tarraconensibus

1233 3222 1356 3255 datum
1389 3219 1604 3262 divulgatum
1640 3221 1711 3260 est,
1747 3228 1872 3254 omnes
1899 3221 2102 3262 provinciae

1233 3271 1385 3305 eandem
1407 3268 1646 3303 adulationem
1668 3269 1823 3302 imitatae
1846 3271 1962 3303 sunt.»
1994 3270 2102 3303 Aram

1233 3323 1515 3355 Tarraconenses
1538 3321 1609 3354 iam
1632 3319 1712 3353 vivo
1734 3320 1892 3362 Augusto
1916 3319 2100 3354 dedicasse

1231 3373 1337 3405 docet
1360 3370 1588 3412 Quintilianus
1611 3370 1648 3411 6,
1673 3369 1713 3410 3,
1737 3370 1797 3404 77:
1823 3370 1991 3412 Ammius
2011 3380 2103 3404 nun-
2164 3399 2166 3407 ,

1230 3421 1390 3455 tiantibus
1414 3419 1714 3472 Tarraconensibus
1730 3419 1883 3460 palmam
1901 3420 1937 3453 in
1951 3428 2018 3453 ara
2030 3421 2103 3453 eius

1228 3474 1363 3506 enatam
1386 3471 1570 3514 «Apparet-
1593 3470 1703 3512 inquit
1725 3478 1849 3511 «quam
1865 3477 1962 3512 saepe
1981 3478 2101 3504 accon-
