2254 3770
765 307 919 352 LIBER
947 307 1012 351 VI.
1057 306 1157 364 Cap.
1188 305 1256 350 22.
1285 305 1353 350 23.
1383 305 1452 350 24.
1900 302 1984 348 287

205 416 510 473 consultusque
538 415 698 460 Caesar
725 420 781 458 an
809 413 980 471 sepeliri
1012 413 1188 463 sineret,
1220 427 1304 456 non
1335 413 1504 457 erubuit
1522 412 1768 471 permittere
1787 410 1984 469 ultroque

202 493 399 536 incusare
441 504 568 535 casus
605 490 678 548 qui
718 503 840 533 reum
879 488 1171 539 abstulissent,
1214 496 1441 547 antequam
1475 502 1621 533 coram
1649 487 1985 532 convinceretur.

202 567 364 612 scilicet
391 566 535 610 medio
563 566 745 609 triennio
776 564 969 608 defuerat
999 571 1166 622 tempus
1187 564 1399 608 subeundi
1421 565 1625 609 iudicium
1645 563 1858 608 consulari
1879 563 1984 612 seni,

201 650 261 686 tot
290 641 578 686 consularium
607 641 785 699 parenti.
827 641 993 683 Drusus
1022 639 1180 683 deinde
1210 640 1505 697 exstinguitur,
1537 654 1635 684 cum
1663 653 1711 683 se
1731 638 1986 684 miserandis

202 718 432 768 alimentis,
467 716 724 775 [mandendo
745 730 769 760 e
790 715 920 760 cubili
943 713 1161 772 tomento,]
1192 729 1351 758 nonum
1380 715 1432 759 ad
1465 715 1579 759 diem
1602 715 1866 759 detinuisset.
1901 721 1983 758 tra·
1999 721 2017 750 5

201 793 352 838 didere
382 792 559 852 quidam
587 792 900 850 praescriptum
929 790 1060 834 fuisse
1090 790 1296 839 Macroni,
1329 791 1364 834 si
1395 804 1512 834 arma
1542 790 1597 834 ab
1622 791 1776 834 Seiano
1807 796 1987 848 tempta-

203 876 359 918 rentur,
390 874 625 912 extractum
654 866 875 911 custodiae
905 865 1106 909 iuvenem
1136 867 1248 922 (nam
1274 866 1316 909 in
1342 865 1503 909 Palatio
1533 865 1800 922 attinebatur)
1831 866 1987 910 ducem

200 943 359 1002 populo
399 944 634 1001 imponere.
693 955 794 987 mox
829 941 930 999 quia
970 954 1117 984 rumor
1152 940 1380 985 incedebat
1418 941 1508 985 fore
1546 948 1593 984 ut
1621 956 1729 985 nuru
1761 955 1812 985 ac
1841 940 1985 998 nepoti

201 1019 500 1064 conciliaretur
530 1019 706 1068 Caesar,
745 1017 967 1061 saevitiam
997 1030 1125 1074 quam
1163 1017 1465 1074 paenitentiam
1493 1016 1650 1061 maluit.
1701 1016 1782 1073 (24)
1812 1017 1914 1075 quin
1945 1023 1988 1060 et

203 1095 393 1139 invectus
422 1095 464 1137 in
493 1093 742 1138 defunctum
770 1092 929 1150 probra
960 1092 1170 1150 corporis,
1203 1092 1462 1137 exitiabilem
1483 1092 1526 1135 in
1546 1106 1662 1141 suos,
1693 1092 1904 1135 infensum
1921 1092 1985 1136 rei
1997 1097 2036 1127 ⁴0

202 1170 400 1228 publicae
428 1170 618 1214 animum
646 1168 804 1213 obiecit
833 1168 1091 1226 recitarique
1111 1167 1316 1212 factorum
1338 1167 1636 1226 dictorumque
1657 1168 1752 1211 eius
1771 1167 1988 1226 descripta

201 1260 279 1304 per
315 1246 409 1290 dies
445 1246 590 1297 iussit3
630 1258 718 1302 quo
758 1258 841 1287 non
872 1243 974 1287 aliut
1002 1243 1189 1287 atrocius
1218 1244 1369 1286 visum.
1412 1243 1627 1287 adstitisse
1657 1250 1717 1287 tot
1744 1257 1824 1301 per
1851 1256 1986 1287 annos

201 1322 274 1380 qui
294 1321 468 1371 vultum,
492 1320 686 1378 gemitus,
709 1318 924 1363 occultum
944 1318 1069 1362 etiam
1090 1333 1284 1362 murmur
1303 1318 1562 1377 exciperent.
1584 1325 1626 1363 et
1645 1319 1839 1376 potuisse
1859 1332 1987 1363 avum

201 1397 362 1448 audire,
398 1396 555 1454 legere,
590 1395 633 1438 in
654 1394 873 1452 publicum
892 1407 1105 1452 promere,
1127 1394 1197 1437 vix
1217 1393 1337 1444 fides,
1367 1394 1448 1438 nisi
1469 1394 1584 1453 quod
1606 1395 1704 1439 Attii
1725 1394 1985 1439 centurionis

202 1479 244 1516 et
273 1472 445 1531 Didymi
478 1471 612 1515 liberti
644 1469 853 1528 epistulae
882 1483 1106 1514 servorum
1129 1470 1302 1513 nomina
1328 1469 1638 1528 praeferebant,
1669 1477 1717 1514 ut
1744 1470 1843 1528 quis
1863 1476 2036 1528 egre-⁴⁵

199 1547 389 1591 dientem
418 1546 616 1591 cubiculo
644 1547 832 1588 Drusum
861 1544 1123 1603 pulsaverat,
1155 1551 1432 1589 exterruerat.
1463 1546 1591 1589 etiam
1619 1560 1700 1591 sua
1724 1545 1857 1590 verba
1885 1560 1986 1590 cen-

0 1670 3 1673 ,
201 1623 314 1667 turio
344 1623 547 1666 saevitiae
575 1621 715 1680 plena,
747 1628 963 1678 tamquam
993 1619 1224 1678 egregium,
1255 1634 1474 1679 vocesque
1494 1620 1733 1665 deficientis
1757 1621 1987 1675 adiecerat,

0 1683 9 1759 ᾗ
203 1699 301 1757 quis
329 1698 467 1756 primo
497 1696 812 1756 [alienationem
840 1696 994 1739 mentis
1023 1694 1244 1754 simulans]
1273 1696 1397 1755 quasi
1428 1710 1507 1755 per
1531 1696 1791 1741 dementiam
1818 1698 1985 1742 funesta

265 1821 296 1853 5.
322 1819 506 1852 mandendo
528 1827 546 1851 e
566 1818 666 1851 cubili
688 1821 828 1851 tomento
852 1826 916 1850 nos
932 1816 1156 1850 seclusimus.
1179 1835 1215 1840 —
1233 1816 1267 1849 6.
1288 1818 1534 1860 praescriptum
1555 1819 1605 1852 M:
1633 1818 1832 1861 descriptum
1846 1819 1986 1854 Rhena-

200 1885 277 1910 nus.
306 1892 342 1900 -
369 1876 401 1908 7.
426 1878 631 1908 exstractam
653 1874 686 1907 M
719 1891 755 1898 —
789 1874 821 1907 8.
847 1882 937 1906 nuru
960 1874 1010 1906 M:
1040 1873 1144 1905 nurui
1174 1873 1321 1915 Lipsius.
1355 1873 1405 1907 Cf.
1431 1874 1468 1913 2,
1494 1873 1547 1907 30.
1574 1892 1610 1898 -
1644 1874 1697 1908 44.
1723 1876 1798 1908 attii
1821 1876 1870 1909 M:
1899 1875 1986 1909 Actii

198 1931 316 1974 vulgo.
350 1950 386 1957 —
423 1932 477 1965 45.
502 1931 632 1972 dedymt
661 1931 695 1963 M
728 1947 766 1954 -
801 1930 854 1963 48.
881 1929 996 1962 Verba
1025 1930 1256 1962 alienationem
1282 1930 1401 1963 mentis
1426 1930 1586 1964 annotans
1612 1930 1756 1965 seclusit
1783 1931 1983 1973 Bahrdtius,

197 1988 310 2022 verba
332 1989 429 2030 quasi
447 1997 510 2030 per
531 1988 729 2022 amentiam
750 1987 949 2030 Rupertius.

198 2098 374 2129 stamenta.
402 2112 439 2118 —
463 2104 530 2127 non
556 2094 687 2127 erubuit
710 2095 916 2138 permittere]
946 2094 1067 2136 Impu-

199 2146 318 2179 dentia
340 2147 431 2179 inest
453 2146 581 2188 partim
604 2146 637 2178 in
662 2155 725 2185 eo,
751 2146 847 2187 quod
863 2148 991 2182 iustam
1008 2158 1068 2182 se·-

199 2195 376 2238 pulturam
391 2195 510 2229 Asinio
527 2197 700 2229 concessit
722 2198 903 2239 tamquam
919 2200 1066 2241 gratiam

199 2254 219 2278 a
242 2254 416 2287 generoso
439 2246 556 2278 animo
577 2246 789 2288 profectam,
816 2249 993 2289 partimin
1010 2249 1065 2282 illa

199 2305 304 2330 casus
320 2296 556 2334 incusation03
581 2297 729 2338 utraque
746 2299 866 2331 autem
882 2299 1067 2333 manifesta

200 2347 277 2378 erat
298 2344 495 2384 simulatio,
521 2354 608 2387 qua,
635 2355 742 2388 quem
766 2356 837 2380 non
855 2349 984 2381 iamdiu
1002 2349 1067 2382 de-

199 2395 402 2438 puduisset,
428 2394 604 2428 abstinere
627 2404 714 2428 sane
738 2396 904 2430 debebat.
933 2417 967 2422 —
997 2408 1068 2432 me-

199 2446 254 2478 dio
275 2445 433 2487 triennio]
465 2445 501 2478 id
525 2447 598 2485 est,
630 2448 704 2479 toto
726 2448 897 2488 triennio,
928 2449 1025 2491 quod
1047 2459 1067 2482 a

199 2498 362 2538 tempore
385 2497 620 2529 accusationis
640 2496 685 2529 ad
701 2499 854 2531 mortem
871 2500 945 2532 eius
961 2508 1068 2542 prae-

199 2547 355 2579 terierat.
382 2546 462 2579 Em«.
488 2564 524 2570 —
549 2547 718 2580 consulari
739 2549 826 2589 seni,
851 2552 898 2582 tot
918 2551 1069 2582 consula-

198 2596 289 2629 rium
299 2595 444 2638 parenti]
467 2595 556 2629 Vide
572 2596 618 2629 ad
634 2597 666 2638 3,
684 2598 738 2631 75.
754 2615 792 2621 -
809 2599 940 2631 Drusus
954 2600 1069 2633 deinde

198 2646 424 2688 exstit-quitur
453 2645 536 2688 cet.]
572 2646 660 2679 Vide
689 2647 735 2680 ad
764 2656 795 2680 c.
820 2649 875 2681 20.
903 2666 940 2673 -
969 2651 1068 2683 nuse-

200 2697 317 2729 randis
338 2696 521 2736 alimentis,
545 2698 731 2730 mandendo
753 2707 772 2731 e
793 2698 892 2732 cubili
914 2700 1066 2742 tomento]

200 2745 451 2779 Huiuscemodi
475 2745 672 2787 diligentiae
696 2748 879 2790 specimen
902 2749 936 2781 in
960 2750 1066 2782 Taciti

200 2794 278 2828 stilo
311 2804 431 2828 rarum
466 2797 502 2828 et
529 2795 574 2828 ab
605 2796 800 2830 offensione
829 2800 886 2831 vix
914 2797 1065 2831 liberum

200 2845 286 2878 mihi
318 2844 469 2878 videtur.
506 2844 644 2879 Scilicet
680 2843 876 2880 miserandis
903 2848 1067 2881 alivnentis

199 2895 353 2937 positum
376 2897 413 2927 et
435 2894 588 2929 electum
612 2896 750 2930 videtur
773 2906 871 2937 esse,
907 2907 953 2930 ne
977 2907 1066 2940 opus

198 2945 290 2978 foret
310 2954 399 2978 voce
421 2944 555 2987 vulgari
578 2948 615 2979 et
636 2946 775 2988 humili,
801 2947 913 2990 qualis
937 2950 992 2981 est
1014 2952 1068 2982 to-

198 2998 363 3035 mentum,
388 2996 424 3027 et
445 3003 465 3027 a
489 2995 619 3037 quibus
642 2996 699 3029 hic
720 2999 842 3030 noster
856 2997 922 3030 sibi
939 3006 1066 3031 cavere

200 3044 309 3078 solet:
346 3045 411 3078 sed
445 3046 561 3079 statim
595 3046 686 3079 haec
718 3047 793 3088 ipsa
826 3048 995 3086 occurrit,
1032 3049 1068 3080 et

200 3095 345 3137 quidem
366 3095 431 3134 ita,
455 3096 496 3127 ut
516 3095 629 3128 subsit
649 3097 844 3129 structurae
859 3096 1063 3130 insolentia:

200 3153 282 3177 nam
303 3153 369 3186 pro
392 3147 533 3176 tomento
554 3145 773 3178 cousuetudo
788 3147 894 3178 Taciti
914 3145 1067 3188 postulat

200 3197 397 3234 tomentum,
422 3193 539 3236 quode
563 3193 607 3226 cf.
633 3196 751 3227 annot.
777 3195 823 3227 ad
846 3196 878 3234 6,
897 3195 952 3228 45.
979 3195 1065 3227 Inde

200 3244 286 3277 mibi
314 3245 469 3286 suspicio
498 3243 623 3276 oborta
653 3246 725 3283 est,
761 3241 1065 3285 quemadmodum

200 3293 261 3334 ⁴2,
286 3293 328 3326 67
362 3295 444 3336 post
474 3293 655 3326 delectabili
687 3293 759 3326 cibo
790 3302 859 3326 vox
889 3294 991 3326 boleto
1022 3303 1065 3327 ex

200 3341 365 3375 Suetonio
387 3343 518 3376 inserta
536 3344 607 3382 est,
632 3343 684 3375 sic
701 3342 862 3375 hocloco
877 3351 920 3375 ex
938 3342 1064 3375 eodem

201 3388 294 3423 fonte
316 3389 410 3433 (vide
433 3392 478 3425 ad
501 3401 533 3426 c.
556 3393 610 3434 20)
634 3391 819 3425 frustulum
841 3392 1026 3425 §tundendo
1047 3401 1066 3425 e

201 3437 300 3472 cubili
320 3443 460 3474 tomento
482 3440 629 3476 ductum
657 3449 755 3483 esse,
789 3442 836 3475 ita
858 3441 1004 3484 quidem
1025 3443 1065 3475 ut

1116 2096 1152 2128 in
1181 2094 1270 2128 libro
1300 2094 1494 2137 archetypo
1516 2095 1606 2128 haec
1628 2096 1806 2128 annotatio
1830 2095 1864 2129 in
1889 2104 1986 2130 mar-

1117 2148 1196 2189 gine
1227 2147 1338 2188 posita
1370 2148 1484 2187 esset,
1520 2145 1602 2179 dein
1630 2154 1650 2178 a
1680 2145 1823 2179 librario
1853 2147 1985 2181 codicis

1117 2196 1264 2230 Medicei
1287 2197 1322 2229 in
1339 2197 1543 2229 contextum
1563 2195 1824 2230 transferretur.
1849 2198 1983 2230 Rirraa.

1117 2247 1168 2279 De
1191 2248 1350 2280 tomento
1374 2246 1417 2279 cf.
1442 2245 1529 2279 Plin.
1553 2247 1594 2279 N.
1620 2246 1660 2279 H.
1686 2246 1727 2279 27
1756 2246 1775 2288 S
1799 2247 1856 2280 88:
1890 2247 1986 2279 Gna-

1114 2298 1266 2338 phalium
1289 2295 1469 2339 (santolina
1487 2296 1663 2329 maritima
1679 2295 1732 2339 L.)
1752 2297 1814 2329 alii
1834 2297 1986 2330 chamae-

1115 2348 1210 2381 zelon
1237 2351 1375 2387 vocant,
1410 2347 1505 2379 cuius
1535 2347 1626 2388 foliis
1654 2346 1737 2379 albis
1771 2347 1986 2388 mollibusque

1113 2407 1178 2439 pro
1194 2401 1335 2431 tomento
1350 2397 1566 2439 (Stopfiwolle,
1591 2396 1730 2437 boarre,
1755 2396 1870 2439 barra)
1886 2401 1986 2430 utum

1116 2452 1191 2488 tur;
1225 2457 1304 2480 sane
1337 2450 1369 2480 et
1400 2447 1523 2479 similia
1551 2450 1639 2479 sunt.
1672 2464 1709 2470 —
1739 2446 1986 2488 praescriptum

1113 2499 1216 2540 faisse
1237 2498 1320 2538 cet]
1345 2498 1530 2530 Suetonius
1554 2495 1629 2529 Tib.
1654 2497 1714 2529 65:
1746 2497 1908 2539 Diffidam
1929 2500 1986 2531 tw-

1114 2549 1322 2590 multumque
1348 2551 1495 2580 metuens
1522 2547 1673 2580 Drusum
1692 2550 1860 2588 nepotem,
1889 2556 1986 2589 quem

1116 2599 1257 2632 vinastis
1289 2598 1397 2631 adhuc
1429 2598 1552 2630 Romae
1584 2597 1786 2638 continebat,
1822 2598 1923 2638 solvi,
1957 2597 1987 2630 si

1116 2658 1170 2682 res
1187 2651 1355 2690 posceret,
1380 2648 1560 2688 ducemque
1580 2647 1737 2680 constitui
1754 2651 1983 2688 praeceperat.

1116 2700 1181 2732 Dio
1203 2699 1257 2739 58,
1277 2698 1334 2731 ⁴3:
1360 2695 1412 2741 τῷ
1434 2694 1633 2743 Μάκρωνι,
1657 2692 1710 2738 ὥς
1730 2698 1830 2739 τινές
1848 2708 1982 2739 φασιν,

1116 2748 1327 2783 ἐνετείλατο
1349 2742 1471 2789 ὅπως,
1501 2744 1550 2780 ἄν
1571 2757 1608 2780 τι
1630 2746 1892 2795 παρακινήσῃ,
1916 2745 1984 2781 τὸν

1116 2797 1291 2845 Δροῦσον
1313 2793 1354 2839 ἔς
1375 2807 1416 2830 τε
1437 2794 1508 2840 τὴν
1529 2794 1679 2840 βουλὴν
1696 2798 1763 2831 καὶ
1777 2796 1818 2839 ἐς
1831 2795 1900 2831 τὸν
1914 2795 1985 2841 δῆ-

1115 2860 1192 2893 μον
1214 2846 1386 2894 ἐσαγάγῃ
1408 2848 1474 2880 καὶ
1497 2843 1765 2896 αὐτοκράτορα
1785 2843 1982 2895 ἀποδείξῃ.

1119 2917 1154 2922 -
1180 2898 1345 2939 Macroni]
1370 2897 1421 2931 Cf.
1446 2906 1478 2931 c.
1504 2898 1557 2930 45.

1159 2947 1213 2981 24.
1237 2946 1400 2989 invectus]
1435 2947 1471 2980 in
1505 2945 1628 2980 litteris
1661 2946 1707 2979 ad
1740 2948 1903 2980 senatum
1936 2946 1983 2979 de

1117 2997 1220 3030 Drusi
1243 2998 1356 3029 morte
1380 2996 1508 3030 missis.
1528 3013 1566 3020 -
1585 2996 1716 3037 probra
1736 2996 1896 3038 corporis]
1919 2995 1985 3028 im-

1116 3046 1338 3090 pudicitiam,
1369 3054 1477 3087 quam
1506 3045 1684 3079 mollitiam
1710 3046 1860 3087 eorporis
1881 3045 1985 3077 vocat

1117 3098 1170 3135 44,
1196 3097 1226 3129 Ξ.
1254 3112 1290 3119 -
1323 3096 1525 3129 nitiabilem
1547 3097 1582 3128 in
1604 3096 1695 3138 suos]
1726 3096 1777 3129 Cf.
1804 3095 1848 3128 de
1872 3095 1983 3128 atroci

1116 3147 1192 3179 eius
1214 3146 1332 3178 animo
1348 3145 1381 3186 4,
1399 3146 1452 3179 60.
1472 3163 1508 3170 —
1535 3146 1710 3188 descripta]
1733 3154 1801 3179 usu
1815 3143 1983 3186 singulari

1116 3191 1179 3238 pi²o
1196 3195 1424 3236 descriptione,
1450 3196 1551 3237 quasi
1566 3195 1851 3233 commentarios,
1878 3194 1984 3236 Tapo-

1115 3244 1207 3277 buch.
1228 3262 1264 3269 —
1291 3247 1339 3278 tot
1356 3254 1419 3286 per
1439 3245 1555 3286 annos]
1578 3243 1660 3277 inde
1681 3243 1726 3276 ab
1743 3251 1836 3276 anno
1850 3252 1886 3275 u.
1904 3243 1981 3276 783.

1116 3294 1166 3327 ct.
1191 3295 1256 3327 Dio
1279 3295 1339 3335 58,
1363 3295 1397 3327 3.
1425 3312 1461 3318 —
1491 3295 1556 3326 nisi
1585 3294 1674 3335 qaod
1695 3292 1777 3334 cet.]
1810 3293 1833 3324 i.
1858 3301 1890 3325 e.
1916 3293 1982 3326 nisi

1115 3343 1212 3385 quod
1233 3343 1342 3378 fidem
1365 3346 1483 3377 tantae
1499 3342 1672 3376 atrocitati
1692 3340 1861 3381 faciebat,
1885 3341 1982 3384 quod

1114 3394 1182 3426 eet.
1202 3410 1238 3416 —
1260 3394 1432 3436 epistulae]
1455 3392 1499 3425 ad
1523 3391 1732 3434 principem.
1753 3409 1789 3416 -
1807 3394 1982 3425 oxum-ue-

1112 3441 1180 3485 rat]
1209 3442 1362 3485 exempli
1392 3449 1517 3481 causa,
1552 3438 1667 3482 gladio
1693 3440 1729 3473 iu
1752 3447 1835 3474 eum
1858 3441 1980 3474 stricto
