2254 3770
696 309 850 354 LIBER
877 309 965 352 XII.
1009 308 1112 366 Cap.
1142 309 1209 352 62.
1241 308 1307 351 63.
1337 309 1406 352 64.
1860 310 1943 353 385

169 418 355 461 recentia
382 417 426 460 in
447 417 654 461 Caesares
682 417 852 467 merita,
884 415 1056 475 quando
1086 429 1136 459 ea
1167 415 1262 460 loca
1285 415 1528 467 insiderent,
1552 429 1663 474 quae
1683 421 1945 460 transmean-

168 491 279 536 tibus
317 498 431 536 terra
466 492 661 550 marique
699 492 882 536 ducibus
919 490 1284 549 exercitibusque,
1325 491 1450 535 simul
1478 491 1676 536 vehendo
1707 498 1944 536 commeatu

168 573 406 626 opportuna
436 567 582 614 forent.
615 568 696 624 (63)
717 582 903 626 namque
924 567 1134 611 artissimo
1155 567 1265 610 inter
1284 568 1498 626 Europam
1517 567 1744 627 Asiamque
1764 566 1946 611 divortio

166 643 414 701 Byzantium
455 643 498 686 in
539 650 728 687 extrema
759 644 928 700 Europa
956 656 1141 700 posuere
1172 641 1339 693 Graeci,
1379 642 1536 701 quibus
1565 642 1764 702 Pythium
1792 642 1948 701 Apolli-

166 731 265 761 nem
295 717 627 770 consulentibus,
659 718 731 762 ubi
764 718 997 762 conderent
1026 718 1195 768 urbem,
1226 717 1440 761 redditum
1465 717 1684 763 oraculum
1707 725 1784 769 est,
1815 732 1979 776 quae-5

166 800 309 837 rerent
337 794 487 838 sedem
513 807 741 838 caecorum
761 794 886 837 terris
907 793 1144 838 adversam.
1176 807 1229 837 ea
1248 793 1427 852 ambage
1449 793 1721 838 Chalcedonii
1741 801 1950 838 monstra-

167 868 338 920 bantur,
386 869 503 928 quod
544 870 712 928 priores
753 869 853 913 illuc
891 868 1076 919 advecti,
1113 869 1309 926 praevisa
1339 868 1530 913 locorum
1558 869 1755 921 utilitate,
1801 870 1950 927 peiora

166 943 383 1002 legissent.
414 945 576 1003 quippe
603 945 856 1006 Byzantium
886 943 1009 988 fertili
1039 944 1151 995 solo,
1183 943 1365 988 fecundo
1394 945 1519 995 mari,
1552 945 1652 1002 quia
1673 945 1738 988 vis
1767 945 1953 1003 piscium

166 1020 379 1072 inmensa,
425 1022 607 1064 Pontum
647 1034 877 1076 erumpens
916 1026 959 1063 et
998 1019 1184 1078 obliquis
1225 1019 1373 1063 subter
1410 1020 1547 1063 undas
1586 1021 1699 1064 saxis
1738 1022 1948 1073 exterrita,

167 1095 327 1139 omisso
366 1094 541 1139 alterius
579 1095 714 1139 litoris
742 1095 856 1139 flexu
887 1094 964 1138 hos
994 1095 1049 1138 ad
1078 1101 1226 1152 portus
1257 1095 1460 1139 defertur.
1507 1095 1621 1140 unde
1651 1096 1788 1153 primo
1818 1109 2000 1155 quae-⁴⁰

167 1171 301 1215 stuosi
331 1178 374 1215 et
403 1171 612 1229 opulenti3
651 1177 748 1229 post
786 1170 1077 1228 magnitudine
1106 1184 1284 1214 onerum
1312 1177 1490 1229 urgente
1519 1170 1646 1215 finem
1677 1178 1749 1215 aut
1775 1172 1952 1216 modum

167 1246 361 1298 orabant,
409 1246 623 1291 adnitente
666 1246 878 1304 principe,
925 1246 999 1304 qui
1043 1246 1246 1290 Thraecio
1285 1247 1620 1305 Bosporanoque
1659 1246 1769 1291 bello
1799 1261 1951 1292 recens

168 1322 305 1366 fessos
335 1322 631 1380 iuvandosque
660 1321 831 1365 rettulit.
878 1321 935 1365 ita
964 1320 1120 1365 tributa
1149 1321 1192 1363 in
1222 1321 1561 1380 quinquennium
1590 1323 1781 1367 remissa.

281 1397 363 1454 (64)
399 1398 451 1440 Μ.
482 1397 627 1440 Asinio
667 1396 730 1440 Μ’.
770 1396 902 1440 Acilio
941 1398 1025 1441 οδε.
1063 1397 1339 1441 mutationem
1374 1412 1519 1441 rerum
1557 1398 1598 1441 in
1629 1398 1818 1443 deterius
1852 1413 1953 1457 por-

167 1473 283 1516 tendi
315 1473 531 1531 cognitum
561 1478 628 1516 est
657 1471 820 1516 crebris
850 1472 1067 1530 prodigiis.
1114 1472 1235 1530 signa
1264 1486 1315 1516 ac
1340 1474 1518 1517 tentoria
1538 1473 1717 1517 militum
1736 1474 1833 1532 igne
1853 1488 2002 1519 cae-⁴5

230 1602 263 1634 2.
287 1604 472 1634 commeatu
493 1601 545 1634 M:
575 1600 772 1633 commeatui
797 1598 912 1641 vulgo.
941 1618 977 1623 —
1011 1599 1043 1633 4.
1076 1599 1258 1632 bizantium
1279 1601 1314 1634 M
1342 1617 1379 1623 —
1413 1604 1564 1634 eaetrema
1584 1602 1724 1643 Europa
1745 1602 1950 1636 Rhenanus:

165 1661 317 1691 wli-ema
338 1666 460 1704 europe
481 1659 533 1696 M;
564 1661 712 1690 extremo
736 1658 891 1698 Europae
913 1656 981 1689 alii.
1009 1674 1044 1680 —
1071 1657 1214 1697 pithiam
1236 1659 1269 1690 Μ
1295 1675 1330 1681 ——
1362 1657 1393 1690 6.
1419 1667 1592 1691 caecorum
1616 1659 1825 1693 Rhenanus:
1850 1669 1953 1702 qrae-

165 1722 282 1747 corum
302 1715 337 1747 M
361 1731 398 1737 —
424 1714 456 1747 8.
482 1714 665 1746 bizantium
686 1714 719 1746 M
745 1731 780 1736 —
808 1713 840 1746 9.
864 1715 1014 1746 inmensa
1036 1713 1186 1746 Bachius
1210 1712 1299 1755 (coll.
1324 1712 1362 1753 4,
1388 1714 1460 1754 62):
1484 1715 1518 1747 in
1541 1717 1628 1747 meta
1653 1715 1698 1757 (in
1719 1724 1846 1750 versus
1869 1715 1952 1757 fine)

166 1771 219 1810 M;
242 1771 420 1803 innumera
442 1771 598 1813 Lipsius;
633 1773 830 1804 immensum
856 1771 1019 1803 Ritterus.
1046 1788 1082 1794 -—
1110 1769 1217 1811 pontii
1239 1772 1291 1804 M:
1322 1772 1424 1804 Ponte
1452 1772 1630 1806 Broterius
1653 1771 1731 1806 coll.
1757 1772 1952 1814 fragmento

0 1843 10 1894 f
166 1826 384 1860 sallustiano.
414 1844 448 1850 —
488 1829 540 1861 40.
566 1829 729 1869 quaestosi
751 1829 783 1861 M
809 1845 843 1850 —
882 1829 935 1860 42.
960 1828 1083 1860 threcio
1105 1828 1139 1861 M
1163 1846 1199 1850 —·
1237 1828 1505 1877 bosphoranoque
1526 1829 1559 1861 M
1585 1845 1621 1853 -
1656 1828 1708 1862 43.
1731 1830 1834 1871 fessus
1854 1830 1889 1863 M
1913 1847 1949 1853 —

167 1882 221 1917 44.
245 1884 294 1917 Μ.
317 1884 429 1917 Asinio
450 1884 674 1918 Vertranius:
699 1885 868 1918 masilinio
891 1885 977 1918 M-
1001 1885 1060 1918 Μ’.
1076 1884 1180 1917 Acilio
1197 1885 1395 1918 Ernestius:
1420 1885 1554 1918 macilio
1576 1886 1627 1925 M3
1652 1887 1699 1919 Μ.
1715 1885 1819 1919 Acilio
1834 1884 1950 1928 vulgo.

167 2011 237 2035 nou
268 2002 464 2042 intellecta:
498 2004 755 2047 septemdecim
784 2006 904 2038 autem
935 2005 1035 2038 annis

167 2053 347 2087 conditam
370 2064 390 2088 a
416 2055 681 2097 Megarensibus
706 2055 929 2089 Chalcedona
953 2057 1034 2088 ante

166 2103 370 2144 Byzantium
394 2105 499 2138 tradit
527 2106 739 2139 Herodotus.
774 2105 838 2139 Alii
861 2105 1036 2148 explicant

162 2155 385 2195 praetervisa,
403 2155 499 2198 quod
513 2156 665 2189 verbum
682 2156 777 2199 apud
794 2157 933 2189 Latinos
950 2166 1035 2189 non-

166 2203 253 2237 dum
275 2207 458 2247 repertum
482 2207 553 2246 est,
579 2206 643 2239 sed
661 2205 794 2239 nullum
815 2204 899 2239 ite‘m
917 2215 1037 2239 exem-

166 2253 264 2297 plum
287 2255 387 2289 verbi
407 2257 601 2297 praevidere
616 2258 666 2290 sic
682 2257 839 2299 usurpati
857 2258 980 2290 exstat.
996 2275 1031 2281 -

165 2305 304 2338 Pontum
326 2307 509 2347 erumpens]
541 2307 668 2340 eadem
692 2307 952 2339 constructione
976 2315 1035 2338 ra-

166 2355 276 2396 riore,
314 2364 384 2397 qua
411 2356 540 2398 Vergil.
564 2358 651 2390 Aen.
682 2358 713 2396 4,
746 2357 828 2390 58οῖ
865 2366 1036 2398 erumpere

165 2405 294 2439 nubem.
329 2406 445 2440 Valer.
481 2407 591 2440 Flacc.
629 2408 665 2447 5,
703 2407 784 2441 466:
818 2408 1036 2448 nebulamque

166 2457 311 2497 erumpit
330 2458 440 2491 Iason.
472 2458 523 2491 Cf.
551 2459 582 2498 4,
608 2459 665 2491 64ε
692 2467 845 2500 puqnam
876 2462 937 2491 aut
957 2459 1036 2490 vin-

105 2536 109 2538 .
167 2505 244 2538 cula
267 2506 382 2549 elapsi.
407 2506 549 2548 Vulgari
572 2517 659 2541 usus
675 2510 730 2541 est
743 2507 924 2541 Sallustius
939 2507 1033 2549 apud

167 2555 282 2590 Schol.
301 2558 420 2591 Iuven.
441 2558 473 2598 4,
499 2558 541 2591 42
565 2559 600 2591 et
621 2559 689 2591 Mai
712 2561 820 2600 auctt.
839 2558 942 2591 class.
959 2558 1031 2598 Vll,

167 2614 203 2648 p.
221 2606 304 2639 586:
331 2617 400 2649 qua
423 2611 610 2649 tempestate
623 2609 675 2640 vis
686 2609 827 2649 piscium
840 2609 941 2640 Ponto
955 2617 1035 2640 eru-

162 2657 225 2698 pit.
239 2675 276 2681 -
294 2657 602 2699 obliquis-—saxis
615 2658 789 2700 exterrita]
813 2657 976 2690 Strabol.
993 2656 1032 2690 l..
1024 2666 1031 2674 ·

168 2706 211 2740 ἐκ
243 2705 313 2751 τῆς
346 2706 641 2752 Χαλκηδονικῆς
674 2704 794 2752 ἀκτῆς
827 2705 943 2751 λευκή
978 2718 1035 2749 τις

169 2757 287 2817 πέτρα
309 2760 578 2805 προπίπτουσα
600 2758 723 2800 φοβεῖ
742 2756 785 2792 τὸ
809 2757 918 2803 ζῷον,
943 2753 1033 2791 ωστ’

169 2804 286 2847 εὐθὺς
307 2810 360 2850 εἰς
382 2807 453 2853 τὴν
475 2810 634 2856 περαίαν
656 2809 873 2856 τρέτεσθαι.
904 2809 1034 2843 Plinius

167 2860 209 2892 N.
235 2859 276 2892 fl.
301 2859 322 2892 9
345 2860 442 2902 550·
467 2861 527 2893 Est
547 2862 582 2894 in
605 2861 720 2901 euripo
745 2861 875 2893 Thracii
897 2860 1036 2900 Bospori

168 2917 233 2950 quo
256 2910 428 2950 Pr0pontis
450 2910 586 2943 Euxino
607 2911 775 2952 iungitur,
800 2911 835 2943 in
860 2911 939 2951 ipsis
964 2910 1034 2941 Eu-

168 2967 290 3000 ropam
321 2959 498 3001 Asiamque
528 2961 715 3001 separantis
748 2960 828 3001 freti
860 2960 1034 3001 anqustiis,

170 3015 295 3041 saxum
315 3010 394 3042 miri
416 3011 572 3043 candoris
593 3020 616 3043 a
633 3011 722 3043 vado
745 3011 791 3043 ad
811 3018 942 3042 summa
961 3018 1036 3050 per-

169 3057 295 3099 lucens,
327 3059 429 3092 iuxta
460 3059 692 3092 chalcedonem
724 3060 759 3092 in
793 3060 896 3093 latere
925 3059 1033 3092 Asiae.

169 3108 275 3142 Huius
295 3109 452 3150 adspectu
471 3112 604 3150 repente
624 3110 732 3142 ter-riti
750 3109 894 3152 (thynni)
911 3117 1038 3149 semper

170 3159 346 3191 adversum
361 3159 518 3200 Byzantii
534 3160 801 3200 promontorium
815 3169 860 3192 eso
874 3167 915 3191 ea
933 3167 1037 3191 causa

171 3209 373 3250 appellatum
413 3209 509 3242 aurei
545 3217 666 3241 cornus
706 3209 883 3250 praecipiti
924 3211 1038 3248 petunt

172 3259 321 3300 amnium·
355 3259 468 3300 itaque
500 3259 605 3291 omnis
632 3262 774 3300 captura
802 3258 959 3298 Byzantii
992 3261 1038 3290 est

172 3315 298 3349 magna
313 3307 523 3341 Chalcedonis
541 3309 708 3350 paenuria
730 3317 756 3340 ιι
773 3307 925 3349 passibus
939 3307 1038 3340 medii

173 3355 389 3400 interfluentis
409 3358 528 3400 euripi.
559 3358 784 3399 Opperiunlur
803 3361 914 3390 autem
936 3358 1038 3398 aqui-

175 3405 258 3438 lonis
276 3408 395 3449 flatum
415 3411 454 3441 ut
475 3408 614 3442 secundo
635 3409 738 3451 fluctu
753 3411 874 3440 exeant
887 3417 904 3440 e
923 3409 1036 3447 Ponto,

174 3463 234 3489 nee
253 3455 319 3488 nisi
338 3457 502 3493 intrantes
523 3462 660 3500 portum
680 3459 824 3499 Byzanti
844 3457 1035 3499 capiuntur.

244 3516 385 3552 ΤΛςιιτι
406 3519 434 3554 1.

1087 2022 1123 2028 —
1142 2005 1280 2037 alterius
1294 2003 1410 2046 litoris]
1427 2004 1577 2038 Asiatici.
1602 2005 1767 2037 Ceterum
1785 2003 1840 2038 illa
1856 2006 1950 2039 tanta

1084 2055 1271 2088 diversitas
1293 2053 1434 2088 litorum
1451 2055 1485 2087 in
1507 2057 1681 2096 proventu
1695 2055 1829 2097 piscino
1845 2055 1950 2089 hodie

1083 2114 1154 2138 non
1178 2105 1343 2138 cernitur.
1371 2104 1420 2138 Cf.
1440 2105 1650 2138 Tournefort
1675 2105 1804 2147 Voyoqe
1826 2106 1872 2139 du
1891 2107 1952 2139 Le-

1082 2159 1166 2188 vant
1187 2157 1235 2195 ll,
1260 2164 1295 2197 p.
1322 2155 1405 2188 ⁴34:
1438 2155 1475 2187 la
1503 2158 1574 2188 cote
1601 2157 1641 2188 de
1663 2155 1876 2189 Chaicedoine
1903 2159 1952 2190 est

1082 2206 1422 2247 tres-poissonneuse.
1451 2224 1486 2229 —
1517 2206 1671 2239 Thraecio
1693 2208 1951 2249 Bosporanoque

1083 2256 1175 2299 bello]
1198 2256 1285 2288 Illud
1309 2265 1390 2289 cum
1406 2256 1599 2290 Thracibus
1620 2258 1794 2290 montanis
1811 2259 1949 2299 gestum

1083 2308 1138 2338 est
1161 2306 1251 2338 duce
1276 2308 1438 2348 Poppaeo
1462 2305 1591 2339 Sabino
1615 2305 1662 2348 (4,
1683 2306 1749 2348 46),
1774 2307 1844 2340 hoc
1866 2315 1948 2341 cum

1082 2365 1166 2397 rege
1190 2356 1387 2389 Mithridate
1413 2357 1476 2398 (⁴2,
1504 2356 1567 2397 45).

1126 2406 1179 2439 64.
1212 2408 1259 2439 Μ.
1284 2407 1396 2439 Asinio
1417 2405 1471 2439 Μ’.
1497 2406 1618 2448 Acilio]
1649 2406 1794 2441 Solitum
1819 2407 1948 2441 Acilio-

1081 2465 1173 2495 rum,
1200 2458 1234 2489 et
1250 2456 1448 2489 Aviolarum
1473 2459 1508 2489 et
1529 2455 1718 2490 Balborum
1739 2459 1775 2490 et
1789 2457 1947 2492 Glabrio-

1082 2515 1186 2545 num,
1212 2515 1430 2548 praenomen
1452 2507 1590 2538 Manius
1611 2509 1683 2547 est,
1708 2516 1778 2540 non
1798 2509 1943 2543 Marcus.

1084 2556 1181 2597 (Vide
1213 2557 1339 2588 Baiteri
1362 2556 1468 2589 fastos
1492 2556 1704 2599 Capitolinos
1728 2568 1762 2600 p.
1789 2559 1946 2600 CLXIII.)

1083 2607 1203 2647 itaque
1234 2608 1331 2638 recte
1359 2606 1454 2639 hunc
1486 2606 1668 2640 consulem
1690 2607 1883 2649 xiphilinus
1910 2610 1946 2643 in

1083 2656 1201 2688 Indice
1224 2655 1269 2687 ad
1293 2656 1410 2688 Dionis
1433 2655 1541 2689 libros
1565 2657 1606 2689 60
1631 2659 1666 2689 et
1693 2658 1729 2690 64
1757 2660 1947 2692 nominavit

1082 2706 1235 2738 Manium
1255 2705 1395 2738 Acilium
1421 2706 1591 2745 Aviolam,
1624 2698 1773 2740 alteruin
1801 2710 1846 2742 Μ.
1871 2709 1946 2742 Asi-

1081 2757 1174 2788 nium
1205 2756 1409 2788 Marcellum.
1437 2774 1474 2780 -
1508 2757 1631 2789 crebris
1654 2758 1830 2800 prodigiis]
1857 2760 1946 2792 Sue-

1083 2807 1154 2837 ton.
1180 2804 1301 2838 Claud.
1327 2805 1387 2838 46:
1415 2807 1597 2848 Praesagia
1618 2808 1735 2839 mortis
1755 2809 1826 2841 eius
1839 2818 1946 2850 prae-

1082 2857 1181 2896 cipua
1207 2857 1344 2897 fuerunt
1369 2860 1504 2888 atomis
1527 2857 1667 2890 crinitae
1691 2859 1819 2900 stellae,
1845 2868 1946 2900 quam

1082 2909 1224 2938 cometen
1256 2909 1395 2944 vocant,
1426 2910 1613 2948 tactumque
1640 2909 1731 2940 caelo
1763 2910 1945 2942 monimen—

1083 2959 1153 2988 tum
1180 2957 1283 2988 Drusi
1313 2957 1438 2996 patris,
1470 2961 1500 2989 et
1530 2958 1618 2998 quod
1646 2959 1756 2991 eodem
1785 2968 1873 2991 anno
1901 2968 1946 2992 ex

1082 3007 1228 3038 omnium
1243 3005 1503 3047 magistratuum
1517 3016 1634 3048 genere
1643 3007 1794 3049 plerique
1808 3013 1946 3042 mortem

1084 3056 1244 3088 obierant.
1278 3056 1342 3088 Dio
1370 3057 1424 3095 60,
1449 3056 1512 3090 35:
1546 3051 1654 3090 Οὕτω
1679 3056 1751 3099 μὲν
1778 3053 1800 3090 ὁ
1823 3057 1947 3092 Κλαύ-

1083 3104 1164 3146 διος
1197 3097 1447 3148 μετήλλαξεν
1483 3105 1522 3147 ἐς
1554 3104 1671 3140 τοῦτό
1703 3117 1744 3139 τε
1770 3103 1895 3165 ἀστὴρ
1922 3104 1945 3140 ὁ

1084 3153 1258 3199 κομήτης
1280 3154 1340 3188 ἐπὶ
1363 3154 1540 3189 πλεῖστον
1564 3153 1720 3198 ὀφθεις,
1743 3159 1808 3189 καὶ
1827 3154 1850 3200 ἢ
1869 3163 1946 3201 ψε-

1084 3203 1156 3247 κὰς
1179 3201 1203 3248 ἦ
1226 3203 1463 3249 αἱματωδης,
1488 3202 1512 3239 ὅ
1535 3215 1576 3239 τε
1598 3203 1769 3249 σκηπτὸς
1792 3204 1814 3239 ὁ
1837 3206 1877 3249 ἐς
1898 3206 1946 3241 τὰ

1084 3252 1320 3302 δορυφορικὰ
1332 3259 1498 3312 ι...σημεῖα
1520 3253 1709 3298 ἐμπεσών,
1739 3257 1804 3288 καὶ
1826 3252 1852 3300 ἦ
1875 3254 1947 3291 αὕ-

1085 3303 1252 3348 τόματος
1281 3303 1348 3339 τοῦ
1371 3303 1467 3338 ναοῦ
1489 3303 1557 3338 τοῦ
1581 3302 1671 3365 Διὸς
1691 3303 1761 3338 τοῦ
1784 3306 1946 3342 Νικαίου

1085 3351 1248 3398 ἄνοιξις,
1281 3353 1325 3389 τό
1348 3366 1388 3389 τε
1411 3354 1576 3413 σμῆνος
1582 3353 1626 3387 τὸ
1650 3354 1691 3388 ἐν
1711 3354 1763 3399 τῷ
1787 3362 1947 3413 στρατο-

1087 3403 1184 3450 πέδῳ
1208 3416 1304 3439 συστ
1387 3406 1440 3446 έν,
1464 3406 1529 3437 καὶ
1553 3400 1612 3437 ὅτι
1635 3402 1676 3447 ἐξ
1698 3401 1859 3439 απασῶν
1871 3407 1948 3441 τῶν

1086 3452 1214 3504 ἀρχῶν
1230 3452 1284 3499 εἷς
1299 3457 1367 3497 αφ’
1383 3454 1549 3498 ἑκάστης
1563 3452 1817 3499 ἐτελεύτησεν,
1838 3452 1947 3501 ἔδοξε

1585 3516 1639 3562 25
