2254 3770
818 264 974 311 mimi
1001 264 1066 311 v1.
1111 263 1212 323 cap.
1240 263 1308 309 50.
1336 263 1406 309 5⁴.
1909 259 1993 305 309

328 374 410 434 (5⁴)
438 375 564 420 Pater
592 373 632 418 ei
660 374 793 425 Nero,
834 378 877 416 et
904 371 1118 431 utrimque
1147 371 1267 430 origo
1305 371 1443 431 gentis
1473 371 1695 424 Claudiae,
1732 383 1994 430 quamquam

215 456 351 496 mater
376 450 421 494 in
448 449 610 494 Liviam
637 455 681 494 et
707 462 807 492 mox
834 447 981 492 Iuliam
1014 446 1214 492 familiam
1249 447 1550 506 adoptionibus
1587 446 1814 492 transierit.
1862 460 1990 491 casus

215 527 352 586 prima
379 524 434 570 ab
461 524 634 569 infantia
662 524 883 583 ancipites.
913 537 1012 568 nam
1039 523 1326 582 proscriptum
1354 529 1520 581 patrem
1548 522 1671 568 exsul
1699 527 1886 573 secutus,
1918 520 1994 565 ubi

215 601 390 647 domum
416 600 593 659 Augusti
621 600 840 658 privignus
869 599 1044 651 introiit,
1084 598 1228 643 multis
1264 599 1444 644 aemulis
1473 598 1738 644 conflictatus
1767 604 1851 650 est,
1890 596 1995 641 dum

214 676 438 722 Marcellus
474 682 518 721 et
552 675 756 734 Agrippa,
796 688 896 719 mox
933 674 1063 719 Gaius
1101 674 1346 733 Luciusque
1384 675 1591 720 Caesares
1630 674 1818 733 viguere.
1866 673 2027 717 etiams

214 753 344 797 frater
377 752 471 796 eius
507 752 674 795 Drusus
709 749 983 809 prosperiore
1017 750 1175 795 civium
1196 755 1356 795 amore
1385 757 1491 795 erat.
1539 750 1618 795 sed
1644 749 1828 794 maxime
1857 747 1902 791 in
1930 747 1997 791 lu-

214 827 335 873 brico
354 827 441 884 egit
458 832 634 884 accepta
662 826 706 869 in
734 825 1046 870 matrimonium
1064 825 1181 877 Iulia,
1212 825 1506 883 inpudicitiam
1533 825 1681 870 uxoris
1709 824 1895 869 tolerans
1925 829 1998 868 aut

215 902 446 948 declinans.
477 901 576 946 dein
595 900 744 946 Rhodo
764 914 989 958 regressus
1009 914 1167 946 vacuos
1187 900 1393 959 principis
1412 907 1590 960 penates
1610 900 1841 945 duodecIm
1861 899 1995 951 annis,

215 993 316 1024 mox
329 979 392 1022 rei
411 980 625 1022 Romanae
644 976 865 1020 arbitrium
884 976 1020 1020 tribus
1037 975 1170 1022 ferme
1192 983 1235 1021 et
1254 977 1398 1035 viginti
1415 976 1608 1021 obtinuit.
1639 990 1806 1020 morum
1821 988 1997 1034 quoque

216 1061 410 1112 tempora
427 1053 485 1097 illi
505 1052 695 1097 diversa:
726 1052 945 1111 egregium
959 1052 1045 1096 vita
1062 1052 1271 1111 famaque,
1294 1052 1436 1111 quaad
1455 1052 1645 1110 privatus
1661 1051 1728 1096 vel
1748 1052 1791 1094 in
1807 1050 1998 1109 imperiis
2010 1059 2048 1090 to

217 1129 298 1174 sub
317 1131 506 1186 Augusto
534 1127 632 1180 fuit;
663 1127 878 1172 occultum
906 1141 957 1171 ac
986 1127 1215 1172 subdolum
1235 1127 1445 1186 lingendis
1464 1127 1703 1179 virtutibus,
1734 1126 1875 1171 donec
1894 1126 2000 1170 Ger-

217 1205 410 1249 manicus
437 1217 488 1248 ac
517 1204 682 1247 Drusus
711 1202 976 1261 superfuere.
1023 1203 1136 1248 idem
1174 1203 1284 1248 inter
1320 1203 1433 1248 bona
1470 1202 1668 1261 malaque
1696 1202 1852 1246 mixtus
1881 1201 2000 1246 inco-

218 1355 363 1400 dilexit
389 1354 603 1399 timuitve:
641 1359 859 1412 postremo
895 1354 937 1397 in
959 1353 1131 1398 'scelera
1159 1353 1284 1399 simul
1313 1368 1365 1399 ac
1394 1353 1611 1398 dedecora
1637 1354 1851 1413 prorupit,
1882 1359 2001 1412 post-

219 1445 350 1490 quam
378 1435 543 1475 remoto
571 1429 740 1488 pudore
770 1435 813 1474 et
840 1435 957 1474 metu
986 1443 1065 1473 suo
1094 1435 1257 1474 tantum
1286 1429 1458 1488 ingenio
1486 1429 1699 1474 utebatur.
2013 1436 2052 1467 ⁴5

283 1564 316 1597 2.
340 1564 523 1598 transierat
542 1562 699 1597 malebat
719 1563 913 1597 Ernestius.
940 1580 976 1587 —
1007 1563 1039 1596 7.
1063 1563 1251 1596 indit-itiam
1271 1564 1306 1598 Μ
1328 1563 1582 1605 (impudicitiam
1603 1563 1740 1605 margo)
1777 1580 1814 1586 —
1849 1562 1883 1596 8.
1900 1562 2004 1604 prin-

217 1621 304 1663 cipes
331 1629 385 1664 pr.
409 1621 444 1655 M
473 1638 510 1644 —
542 1621 597 1654 ⁴0.
621 1621 735 1662 quoad
763 1621 816 1654 M:
852 1620 963 1662 quoad
983 1619 1101 1663 vulgo.
1137 1619 1237 1654 Conf.
1261 1619 1302 1661 4,
1328 1620 1382 1653 64.
1415 1638 1452 1644 -
1484 1619 1538 1654 43.
1562 1619 1739 1653 intestabili
1759 1619 1936 1654 Heinsius.
1961 1636 2000 1643 —

219 1677 351 1711 obiectis
370 1677 416 1711 M.

219 1805 351 1839 χησεν.
364 1812 401 1819 --
419 1796 590 1838 eyroyium
602 1813 622 1819 -
633 1812 651 1820 -
666 1794 831 1828 occultum
844 1804 887 1828 ao
902 1794 1084 1838 subdolum]
1140 1814 1176 1822 -
1198 1795 1404 1838 intestabilis]
1427 1795 1524 1829 idem
1546 1794 1621 1829 fere
1644 1803 1687 1828 ac
1709 1792 1940 1835 detestabilis,
1962 1793 2004 1827 ut

222 1846 417 1880 commode
439 1847 546 1888 atque
570 1845 750 1888 eleganter
770 1845 827 1880 illa
849 1846 974 1879 referri
989 1847 1034 1880 ad
1049 1857 1083 1880 v.
1136 1855 1167 1880 c.
1191 1845 1246 1880 40.
1273 1847 1325 1886 ⁴5,
1351 1847 1405 1879 55.
1429 1846 1517 1879 Hist.
1541 1845 1574 1887 4,
1599 1845 1654 1879 42.
1680 1854 1723 1878 ex
1746 1844 2002 1882 consuetudine

221 1900 347 1939 ιοηιρυε
369 1897 554 1930 docuimus
577 1897 750 1930 Observv.
775 1897 808 1937 4,
825 1897 858 1931 2.
882 1898 908 1930 1.
926 1898 961 1931 F.
980 1898 1083 1930 Grion.
1135 1897 1206 1930 iam
1223 1895 1429 1929 Sallustiana
1452 1897 1524 1938 lug.
1542 1895 1580 1928 7⁴
1601 1896 1688 1928 etin
1704 1895 1862 1928 oratione
1880 1893 2003 1937 Lepidi

223 1947 373 1990 (Scilicet
393 1948 546 1980 Pichena
563 1946 720 1981 voluerat
737 1948 888 1990 egregius
903 1948 985 1989 cet„
1009 1948 1086 1981 Aci·
1135 1956 1170 1990 p.
1190 1947 1252 1979 ⁴57
1276 1946 1334 1979 ed.
1352 1955 1473 1979 meae:
1498 1946 1528 1978 si
1543 1945 1642 1987 peior
1663 1948 1764 1987 atquo
1784 1944 2005 1978 intestabilior

221 1997 334 2031 dalius
355 1998 488 2040 e9re9=io
507 1996 590 2039 cet.)
606 2014 643 2022 —
662 1997 804 2040 Drusus]
828 1997 958 2031 Tiberii
979 1997 1082 2032 filius.
1137 1996 1252 2040 (Sulla)
1274 2000 1364 2031 motu
1383 1999 1494 2030 vostro
1514 1996 1628 2038 riserit.
1659 1995 1711 2030 Cf.
1735 1995 1808 2030 Liv.
1833 1995 1889 2037 37,
1913 1995 1968 2029 57.
