2254 3770
295 311 378 356 490
779 313 825 356 P.
857 311 1107 364 CORNELII
1137 311 1307 356 TACITI
1335 310 1604 357 ANNALIUM

295 418 370 477 qui
400 419 640 463 Armeniam
671 417 940 462 defenderet:
982 418 1153 477 Syriam
1182 419 1406 475 ingruente
1437 417 1646 476 Vologese
1677 419 1841 464 acriore
1870 419 1913 463 in
1933 419 2084 464 discri-

294 494 409 539 mine
429 508 541 538 esse.
573 499 701 552 atque
722 493 891 537 interim
911 492 1099 552 reliquas
1118 493 1311 551 legiones
1331 507 1409 552 pro
1430 493 1524 552 ripa
1540 494 1764 552 Euphratis
1785 494 1909 546 locat,
1931 493 2086 539 tumul-

294 570 476 614 tuariam
505 568 830 628 provincialium
858 582 1031 612 manum
1060 575 1215 621 armat,
1247 568 1423 613 hostiles
1452 569 1671 626 ingressus
1700 570 1928 628 praesidiis
1957 570 2088 614 inter-

296 645 409 704 cipit.
441 651 484 689 et
503 644 604 703 quia
625 657 762 701 egena
781 658 992 703 aquarum
1011 645 1131 703 regio
1152 651 1228 696 est,
1251 643 1423 688 castella
1445 644 1630 689 fontibus
1651 645 1853 704 inposita3
1876 645 2089 705 quosdam

263 721 410 765 erivos
441 726 648 779 congestu
678 719 865 764 harenae
896 719 1071 764 abdidit.
1109 721 1162 777 (4)
1195 734 1247 764 ea
1277 720 1380 764 dum
1409 733 1435 764 a
1456 720 1698 765 Corbulone
1727 721 1914 766 tuendae
1936 721 2090 782 Syriae

293 802 507 856 parantur,
540 802 635 840 acto
665 796 819 854 raptim
848 796 1016 854 agmine
1045 797 1260 848 Moneses,
1292 802 1339 839 ut
1368 796 1522 840 samam
1551 797 1616 840 sui
1642 797 1851 856 praeiret,
1882 811 1967 840 non
1987 796 2088 841 ideo

293 872 488 917 nescium
517 877 589 915 aut
620 871 836 916 incautum
866 872 1076 928 Tigranen
1106 871 1294 915 offendit.
1325 878 1612 930 occupaverat
1631 873 1985 930 Tigranocertam,
2016 887 2089 917 ur-

293 949 393 992 bem
422 948 547 1005 copia
575 947 848 992 defensorum
879 954 921 991 et
949 947 1240 1005 magnitudine
1270 948 1488 992 moenium
1517 947 1714 992 validam.
1758 949 1812 993 ad
1852 947 1935 992 hoc
1962 948 2090 992 Nice-

293 1023 472 1083 phorius
493 1024 629 1067 amnis
650 1022 765 1067 haud
787 1023 1031 1081 spernenda
1051 1023 1273 1067 latitudine
1293 1030 1456 1081 partem
1477 1037 1700 1067 murorum
1720 1023 1872 1076 ambit;
1897 1030 1940 1067 et
1959 1023 2089 1068 ducta

248 1100 444 1159 mingens
473 1100 609 1151 fossa,
652 1113 738 1157 qua
767 1098 897 1143 fluvio
928 1098 1211 1143 diffidebatur.
1259 1099 1510 1157 inerantque
1541 1098 1696 1143 milites
1726 1106 1769 1143 et
1798 1099 1959 1157 provisi
1988 1106 2088 1144 ante

295 1181 580 1228 commeatus;
620 1188 805 1234 quorum
835 1174 1045 1219 subvectu
1074 1175 1199 1233 pauci
1231 1175 1397 1218 avidius
1428 1175 1645 1232 progressi
1678 1181 1720 1218 et
1750 1174 1982 1234 repentinis
2011 1174 2093 1219 ho·-

294 1251 430 1296 stibus
461 1250 738 1295 circumventi
771 1251 833 1294 ira
862 1251 996 1308 magis
1018 1264 1147 1309 quam
1178 1257 1291 1294 metu
1315 1257 1483 1294 ceteros
1505 1249 1802 1296 accenderant.
1834 1251 1913 1294 sed
1935 1250 2089 1295 Partho

293 1327 350 1372 ad
381 1326 682 1386 exsequendas
712 1326 962 1370 obsidiones
992 1325 1106 1370 nulla
1137 1326 1378 1370 comminus
1403 1325 1605 1370 audacia:
1637 1326 1746 1370 raris
1765 1326 1928 1384 sagittis
1949 1340 2092 1385 neque

296 1403 466 1448 clausos
497 1408 684 1447 exterret
713 1407 756 1446 et
785 1408 921 1446 semet
950 1403 1213 1446 frustraturx
1231 1402 1440 1446 Adiabeni
1472 1415 1569 1446 cum
1599 1415 1856 1460 promovere
1886 1401 2025 1446 scalas
2049 1408 2094 1446 et

252 1479 636 1524 usmachinamenta
664 1478 922 1536 inciperent,
954 1478 1077 1523 facile
1108 1479 1293 1530 detrusi,
1325 1492 1425 1522 mox
1454 1477 1779 1536 erumpentibus
1808 1478 1963 1522 nostris
1993 1491 2093 1522 cae-
2121 1493 2124 1496 ⁴

296 1555 466 1600 duntur.
513 1556 566 1612 (5)
599 1554 786 1599 Corbulo
817 1561 980 1606 tamen,
1013 1555 1209 1613 quamvis
1239 1553 1442 1599 secundis
1473 1553 1603 1597 rebus
1633 1553 1741 1605 suis,
1781 1552 2092 1598 moderandum

295 1632 490 1675 fortunae
520 1637 637 1674 ratus
667 1630 782 1673 misit
812 1630 865 1674 ad
887 1630 1127 1687 Vologesen
1158 1630 1231 1689 qui
1262 1629 1581 1688 expostularent
1610 1629 1695 1672 vim
1724 1629 1971 1687 provinciae
2000 1628 2092 1673 illa-

295 1713 404 1751 tam:
437 1706 602 1751 socium
633 1706 905 1764 amicumque
937 1719 1101 1763 regem,
1143 1705 1342 1749 cohortes
1372 1690 1583 1749 Romanas
1614 1704 1922 1749 circumsideri.
1967 1705 2092 1749 omit-

296 1789 405 1826 teret
434 1782 576 1840 potius
597 1781 878 1833 obsidionem,
911 1789 984 1825 aut
1013 1796 1060 1825 se
1091 1795 1267 1839 quoque
1298 1781 1340 1823 in
1370 1794 1474 1838 agro
1505 1779 1646 1824 hostili
1673 1787 1811 1824 castra
1837 1780 2090 1838 positurum.

245 1868 282 1898 20
297 1858 528 1916 Casperius
569 1858 762 1902 centurio
808 1858 850 1900 in
888 1871 983 1901 eam
1014 1857 1269 1915 legationem
1302 1855 1495 1900 delectus
1535 1855 1650 1914 apud
1681 1855 1885 1914 oppidum
1915 1856 2090 1908 Nisibin,

296 1941 460 1992 septem
491 1940 533 1978 et
562 1933 732 1990 triginta
760 1933 932 1977 milibus
961 1947 1166 1991 passuum
1188 1947 1213 1976 a
1234 1932 1532 1989 Tigranocerta
1553 1932 1792 1983 distantem,
1818 1931 1923 1976 adiit
1943 1945 2090 1990 regem

294 2017 337 2054 et
365 2009 564 2054 mandata
594 2009 789 2053 ferociter
820 2007 965 2052 edidit.
1010 2007 1205 2065 Vologesi
1236 2017 1358 2051 vetus
1389 2015 1431 2051 et
1460 2007 1628 2065 penitus
1659 2006 1833 2050 infixum
1855 2013 1947 2051 erat
1973 2021 2092 2052 arma

293 2087 483 2130 Romana
524 2084 704 2137 vitandi3
750 2098 830 2128 nec
868 2083 1110 2142 praesentia
1149 2097 1357 2141 prospere
1398 2082 1599 2127 fluebant.
1645 2083 1810 2126 irritum
1850 2082 2090 2136 obsidium;

361 2194 392 2226 4.
417 2193 584 2234 uoloqeses
606 2193 639 2225 M
664 2209 700 2215 -
726 2193 758 2225 2.
784 2191 926 2232 eufratis
947 2192 981 2225 M
1003 2210 1047 2215 -—
1077 2188 1123 2224 Τᾶ
1143 2191 1240 2224 multi
1261 2191 1367 2223 uaria
1389 2191 1422 2224 M
1449 2208 1483 2214 —
1509 2191 1542 2223 5.
1566 2191 1713 2224 harenae
1735 2191 1788 2225 M:
1823 2200 1949 2225 arenae
1969 2187 2089 2233 irulgo.

294 2250 371 2283 vid.
398 2250 554 2291 Wagner
576 2249 736 2290 Orthogr.
762 2248 890 2290 Vergil.
918 2257 951 2291 p.
975 2247 1032 2282 444
1063 2250 1098 2281 et
1122 2249 1166 2281 cf.
1193 2249 1278 2282 Hist.
1296 2250 1329 2288 5,
1348 2247 1379 2281 7.
1410 2266 1442 2270 -
1471 2248 1503 2280 6.
1527 2247 1698 2289 praehiret
1720 2248 1752 2280 M
1779 2265 1816 2271 -
1842 2248 1873 2280 7.
1899 2245 2091 2290 myran‘eM

297 2324 333 2331 ——
358 2309 630 2349 tyaranocertam
653 2306 703 2345 M;
732 2306 969 2347 Tiyranocerta
992 2304 1059 2338 alii.
1092 2306 1179 2339 Vide
1204 2306 1248 2338 ad
1272 2306 1309 2345 2,
1335 2305 1389 2338 56.
1419 2323 1453 2328 —
1487 2305 1519 2338 8.
1543 2301 1775 2347 maqnitudin'e
1798 2305 1829 2337 M
1857 2323 1893 2329 —
1919 2305 1951 2339 9.
1977 2304 2094 2338 ambiit

295 2365 328 2398 M
354 2381 390 2387 —-
419 2364 472 2396 40.
496 2363 599 2406 fluvio
621 2371 688 2394 non
711 2362 945 2403 defendebatur
968 2362 1080 2396 Haase
1105 2363 1138 2394 in
1162 2361 1356 2404 prooemio.
1380 2379 1415 2385 -
1441 2361 1659 2402 inherantque
1682 2362 1714 2394 M
1739 2378 1775 2384 —
1803 2362 1856 2394 45.
1881 2362 2092 2395 ceduntur-M

297 2438 334 2445 —
361 2419 413 2452 48.
438 2419 665 2452 circumsideri
689 2420 859 2460 Ryckius:
886 2420 1124 2452 circumsedere
1146 2420 1198 2457 M,
1224 2419 1457 2451 circumsidere
1480 2417 1547 2451 alii.
1569 2436 1605 2442 -
1633 2418 1685 2451 49.
1709 2415 1890 2451 obsidiones
1909 2418 1984 2461 (sic)
2003 2418 2035 2452 M
2053 2436 2089 2443 -

294 2477 349 2510 ΞΟ.
374 2477 571 2519 legationem
592 2476 821 2510 Puteolanus:
847 2477 1006 2519 legionem
1022 2478 1056 2510 M
1075 2494 1109 2499 —
1137 2477 1191 2509 24.
1216 2479 1453 2518 tygranocerta
1475 2477 1526 2515 M;
1555 2475 1799 2518 Tigranocertis
1814 2475 1986 2516 Ritterus,
2011 2472 2090 2508 coll.

297 2543 329 2567 c.
355 2534 386 2566 6.
415 2551 451 2557 —
476 2533 562 2566 adiit
584 2534 627 2565 G:
654 2533 726 2565 adit
747 2533 791 2566 M.

296 2624 379 2648 vera
409 2623 557 2658 prorsus
585 2615 735 2647 remisse
766 2614 801 2647 id
825 2613 984 2648 consulto
1009 2614 1167 2656 gerebat.

298 2666 435 2708 Optime
458 2664 618 2698 Burnout
637 2664 790 2697 verbum
806 2664 917 2697 verbo
934 2665 1087 2698 reddere
1105 2674 1170 2698 au-

298 2724 378 2748 sus:
404 2715 429 2748 il
451 2716 571 2748 aimait
592 2714 709 2746 mieuoe
731 2715 829 2747 avoir
851 2715 886 2747 la
906 2723 1028 2756 guerre
1051 2724 1112 2756 que
1135 2715 1171 2747 la

296 2766 395 2808 faire.
421 2764 604 2799 Molestam
618 2764 762 2806 quidem
776 2774 818 2798 ac
834 2764 1075 2807 periculosam
1088 2765 1171 2798 belli

298 2817 439 2858 partem
470 2816 503 2848 in
536 2814 642 2847 alium
673 2814 809 2847 amoliri
844 2815 1058 2856 conabatur,
1094 2817 1170 2857 ipse

298 2869 419 2900 tamen
452 2874 557 2898 suum
590 2866 785 2898 exercitum
815 2867 969 2899 retinere
995 2875 1061 2899 nec
1087 2875 1172 2908 pro-

297 2918 413 2960 priam
436 2915 582 2958 gloriam
607 2916 703 2957 prius
727 2917 864 2958 partam
890 2917 1085 2949 discrimini
1109 2926 1172 2949 ex—

299 2975 444 3010 ponere.
473 2983 509 2990 —
536 2966 794 2998 tumultuariam
812 2967 1073 3006 provincialium
1094 2975 1171 2998 ma-

297 3016 396 3059 num]
432 3024 541 3058 quam
578 3023 643 3048 nos
677 3024 846 3048 vocamus
880 3017 1093 3049 Landsturm.
1131 3034 1168 3040 —

297 3067 480 3109 inpressas]
513 3064 669 3106 intelligo
701 3064 776 3097 loca
811 3074 877 3107 per
911 3075 1002 3107 quae
1036 3066 1170 3107 ingredi

298 3117 517 3159 provinciam
539 3114 675 3148 soleant
690 3116 751 3146 aut
772 3116 908 3157 possint
928 3116 1056 3148 Parthi.
1083 3117 1171 3149 Nam

300 3167 458 3200 nondum
481 3165 631 3207 ingressi
654 3174 697 3197 eo
721 3166 895 3206 tempore.
929 3165 1027 3206 (Vide
1051 3167 1171 3198 tamen

300 3226 330 3250 c.
357 3218 392 3249 5:
427 3217 485 3258 qui
509 3216 760 3256 expostularent
780 3216 848 3246 vim
868 3215 1078 3255 provinciae,
1105 3216 1173 3256 Sy·-

302 3268 393 3306 riae,
418 3266 588 3308 inlatam.)
618 3266 816 3306 Intercipere
839 3265 1003 3306 exprimit
1024 3267 1174 3298 Graeco-

300 3326 379 3350 rum
402 3314 697 3359 διαλαμβάνειν,
731 3324 801 3358 quo
824 3314 991 3356 Polybius
1014 3317 1046 3355 5,
1073 3316 1114 3348 99
1138 3318 1174 3348 et

301 3366 357 3399 alii
374 3375 482 3409 saepe
495 3367 539 3400 de
556 3367 729 3409 impositis
742 3365 855 3399 itineri
867 3365 1053 3407 praesidiis
1066 3367 1174 3397 utun-

303 3419 371 3450 tur.
390 3418 470 3449 Enu.
491 3434 526 3440 —
548 3418 629 3458 quia
643 3425 748 3459 egena
763 3414 845 3457 cet]
870 3415 950 3456 quia
969 3415 1075 3447 etiam
1091 3414 1175 3447 alio-

301 3466 387 3509 quin
411 3475 522 3508 egena
545 3474 720 3508 aquarum
743 3467 835 3505 erat,
865 3464 987 3507 paucis
1010 3463 1088 3504 illis,
1114 3464 1174 3506 qui

1219 2614 1268 2647 ibi
1291 2615 1412 2654 erant,
1445 2612 1600 2647 fontibus
1625 2612 1768 2646 castella
1792 2613 1977 2654 imposuit;
2008 2620 2092 2645 unm

1220 2672 1366 2706 prorsus
1381 2665 1477 2696 omni
1501 2672 1593 2705 aqua
1616 2661 1854 2696 intercludere
1871 2662 2019 2696 Parthos
2034 2670 2095 2695 vo-

1220 2713 1327 2747 lebat.
1356 2731 1393 2737 -
1418 2713 1556 2756 abdidit]
1582 2713 1603 2745 i.
1630 2722 1665 2755 q.
1691 2711 1795 2754 vulgo
1818 2711 1938 2744 obruit.

1265 2813 1297 2846 4.
1318 2812 1599 2855 Tigranocertam]
1617 2812 1668 2845 Cf.
1688 2813 1741 2851 42,
1757 2812 1811 2844 50.
1832 2811 2095 2853 ForbigerGeo·

1220 2864 1359 2906 yraphie
1380 2864 1426 2902 11,
1453 2872 1486 2905 p.
1514 2862 1588 2896 604.
1616 2880 1651 2886 -
1677 2863 1907 2904 maynttudtno
1928 2863 2096 2895 moenium

1219 2914 1345 2955 valida]
1371 2913 1480 2952 adeo,
1515 2915 1553 2945 ut
1575 2912 1754 2954 Appianus
1779 2912 1904 2952 (Mithr.
1923 2910 1984 2957 ¹84)
2009 2920 2095 2953 pro-

1222 2964 1328 2997 ducat
1351 2964 1490 2996 moenia
1506 2964 1776 3004 Tigranocertae
1800 2963 1834 2995 in
1850 2962 2031 2994 altitudine
2048 2962 2094 2994 ad

1222 3015 1473 3056 quinquaginta
1498 3013 1655 3051 cubitos;
1682 3014 1825 3054 quaein
1842 3013 1912 3045 imo
1928 3012 2093 3055 adaptata

1222 3072 1396 3106 equorum
1410 3063 1567 3096 stabulis.
1588 3064 1673 3096 Lirs.
1683 3079 1718 3087 -·
1733 3062 1961 3104 Nicephorius]
1975 3062 2095 3095 Orien-

1222 3115 1294 3146 tem
1318 3122 1443 3146 versus
1467 3113 1512 3145 ab
1530 3113 1706 3155 Euphrate
1723 3112 1857 3149 fluens;
1882 3111 1988 3144 hodie
2003 3111 2094 3144 Kha-

1222 3164 1296 3203 bur,
1311 3164 1412 3196 Sered
1424 3164 1499 3196 sive
1516 3164 1626 3196 Biblis.
1651 3162 1817 3204 Forbiger
1832 3161 2038 3203 Geoqraphie
2049 3161 2090 3201 11,

1223 3223 1258 3256 p.
1277 3214 1352 3246 598.
1382 3230 1417 3236 —
1443 3214 1643 3253 inerantque
1662 3212 1792 3254 milites]
1818 3211 1982 3249 Romani,
2005 3210 2095 3243 mille

1222 3263 1416 3306 legionarii,
1463 3267 1531 3296 tres
1569 3263 1732 3295 sociorum
1765 3262 1912 3294 cohortes
1943 3261 2096 3301 duaeque

1223 3315 1370 3356 equitum
1392 3314 1470 3347 alae
1493 3313 1557 3354 (⁴4,
1575 3313 1642 3354 26).
1670 3330 1705 3337 -
1731 3310 1921 3353 repentinis]
1945 3312 2094 3352 repente

1223 3364 1478 3406 ingruentibus.
1506 3364 1556 3397 Cf.
1583 3364 1655 3396 Cic.
1683 3362 1728 3396 de
1751 3363 1838 3404 Rep.
1858 3362 1891 3400 2,
1910 3360 1947 3394 3:
1973 3362 2096 3394 adven-

1223 3418 1275 3447 tus
1295 3415 1438 3447 hostium
1458 3423 1525 3446 non
1546 3413 1644 3445 modo
1666 3414 1889 3452 exspectatos,
1917 3411 1974 3443 sed
1994 3411 2096 3443 etiam

1222 3465 1418 3504 repentinos.
1445 3480 1482 3487 -
1517 3463 1576 3495 ira
1597 3480 1618 3488 -
1632 3479 1652 3486 -
1673 3460 1912 3502 accenderant]
1944 3454 2095 3493 Notabui
