2254 3770
812 307 910 354 ΠΒ.
941 309 971 353 1.
1019 309 1119 368 Cap.
1150 309 1217 353 37.
1248 310 1315 353 38.
1347 310 1414 353 39.
1941 310 1996 353 36

215 415 390 460 scientia
419 414 656 460 vaecordes
687 416 812 458 intrat
841 421 996 465 metus,
1028 415 1201 459 venisse
1230 422 1397 473 patrum
1428 416 1548 460 iussu
1570 416 1643 474 qui
1664 416 1786 459 inrita
1807 415 1995 460 facerent

210 478 322 549 quae
350 504 430 548 per
458 491 725 534 seditionem·
743 498 1055 548 expresserant.
1096 498 1230 549 utque
1260 505 1354 534 mos
1375 491 1500 548 vulgo
1521 492 1716 550 quamvis
1737 491 1851 535 salsis
1872 505 1993 535 reum

208 565 412 615 subdere,
454 566 685 609 Munatium
714 565 935 617 Plancum,
979 566 1201 610 consulatu
1230 566 1438 618 sunctum,
1482 568 1715 625 principem
1756 567 1990 624 legationis,

206 647 423 684 auctorem
453 648 626 685 senatus
657 640 835 685 consulti
867 628 1079 694 incusant3
1112 648 1154 684 et
1183 649 1308 685 nocte
1339 643 1547 687 concubia
1569 642 1765 686 vexillum
1797 642 1838 685 in
1865 642 1992 686 domo

206 715 445 760 Germanici
477 717 602 760 situm
632 714 822 774 flagitare
851 716 1087 774 occipiunt,
1130 730 1429 775 concursuque
1467 718 1518 761 ad
1558 719 1726 761 ianuam
1763 717 1872 762 facto
1901 732 2023 761 mo-ts

203 789 362 834 liuntur
389 791 520 842 fores,
553 798 786 835 extractum
817 791 944 835 cubili
977 792 1205 835 Caesarem
1235 792 1406 836 tradere
1427 793 1625 836 vexillum
1655 794 1814 837 intento
1845 794 1992 836 mortis

202 873 316 910 metu
347 867 561 924 subigunt.
606 879 704 910 mox
732 867 826 924 vagi
859 881 938 924 per
966 867 1060 910 vias
1091 866 1242 911 obvios
1272 868 1463 912 habuere
1492 868 1677 926 legatos,
1716 869 1861 912 audita
1890 882 1992 912 con-

202 941 460 986 sternatione
482 942 535 985 ad
559 942 858 986 Germanicum
879 941 1117 985 tendentes.
1151 943 1348 1000 ingerunt
1378 943 1673 1007 contumelias,
1707 944 1884 988 caedem
1915 958 1992 1001 pa-

202 1024 314 1066 rant,
346 1017 503 1062 Planco
531 1018 733 1067 maxime,
772 1031 900 1075 quem
931 1017 1114 1075 dignitas
1143 1018 1241 1075 fuga
1271 1018 1566 1076 impediverat.
1598 1033 1740 1078 neque
1771 1019 1885 1063 aliud
1915 1033 1993 1077 pe-

201 1092 394 1136 riclitanti
432 1092 671 1136 subsidium
701 1107 831 1150 quam
861 1099 999 1136 castra
1029 1093 1194 1151 primae
1223 1093 1416 1151 legionis.
1466 1094 1552 1138 illic
1582 1095 1700 1152 signa
1732 1102 1774 1139 et
1804 1094 2040 1153 aquilamio

200 1167 421 1225 amplexus
441 1167 646 1226 religione
667 1182 764 1211 sese
784 1168 1017 1221 tutabatur3
1039 1182 1091 1212 ac
1111 1169 1152 1211 ni
1171 1168 1366 1227 aquilifer
1385 1169 1640 1227 Calpurnius
1656 1171 1740 1213 vim
1756 1178 1987 1214 extremam

200 1243 428 1294 arcuisset,
460 1256 605 1286 rarum
635 1243 762 1287 etiam
794 1244 903 1287 inter
932 1243 1096 1291 hostes.
1137 1243 1302 1301 legatus
1332 1244 1479 1303 populi
1509 1246 1686 1289 Romani
1716 1246 1917 1289 Romanis
1946 1246 1987 1289 in

198 1319 348 1362 castris
379 1319 586 1376 sanguine
616 1332 695 1362 suo
725 1318 871 1362 altaria
903 1319 1032 1363 deum
1063 1320 1474 1364 commaculavisset.
1521 1320 1617 1365 luce
1648 1321 1839 1374 demum,
1871 1329 1988 1380 post-

198 1407 327 1451 quam
366 1394 454 1437 dux
490 1400 533 1437 et
561 1394 684 1437 miles
725 1402 767 1438 et
799 1395 908 1438 facta
937 1394 1246 1447 noscebantur,
1287 1395 1507 1453 ingressus
1538 1403 1677 1440 castra
1708 1397 1986 1441 Germanicus

196 1468 375 1526 perduci
415 1468 471 1512 ad
507 1482 554 1513 se
590 1469 793 1513 Plancum
831 1470 1029 1527 imperat,
1072 1470 1324 1528 recepitque
1365 1471 1407 1513 in
1443 1471 1639 1515 tribunal.
1691 1479 1778 1515 tum
1818 1472 1984 1516 fatalem
2000 1488 2035 1518 15

197 1544 422 1602 increpans
452 1544 636 1596 rabiem,
668 1558 811 1603 neque
840 1544 1018 1588 militum
1049 1545 1126 1588 sed
1158 1545 1286 1589 deum
1318 1546 1381 1598 ira
1410 1561 1660 1604 resurgere,
1693 1561 1771 1591 cur
1794 1549 1988 1592 venerint

195 1618 321 1677 legati
362 1620 517 1678 aperit;
558 1620 625 1663 ius
662 1619 885 1677 legationis
925 1627 1054 1678 atque
1095 1621 1231 1678 ipsius
1261 1620 1402 1665 Planci
1444 1636 1618 1680 gravem
1658 1629 1701 1667 et
1730 1623 1985 1668 immeritum

197 1708 363 1747 casum,
401 1694 526 1739 simul
556 1703 760 1753 quantum
792 1695 1020 1740 dedecoris
1050 1696 1202 1740 adierit
1229 1696 1364 1755 legio,
1404 1697 1587 1742 facunde
1616 1698 1844 1742 miseratur
1879 1705 1986 1743 atto-

195 1771 369 1829 nitaque
394 1771 529 1830 magis
550 1785 679 1829 quam
700 1771 844 1830 quieta
866 1771 1063 1816 contione
1083 1771 1248 1830 legatos
1267 1773 1484 1831 praesidio
1505 1773 1770 1817 auxiliarium
1792 1775 1984 1832 equitum

238 1917 271 1949 2.
294 1919 431 1957 utquam
452 1925 489 1948 os
510 1917 544 1951 M
568 1916 686 1959 (utque
706 1926 778 1950 mos
798 1918 951 1961 margo).
972 1936 1008 1942 —-
1033 1919 1088 1952 44.
1111 1919 1277 1961 relegione
1298 1919 1332 1953 M
1358 1936 1393 1942 —
1419 1919 1555 1961 quilifer
1575 1927 1630 1961 pr.
1655 1919 1688 1952 M
1715 1936 1751 1942 —
1778 1920 1831 1953 46.
1853 1921 1910 1953 ira
1931 1920 1981 1954 M:

192 1981 249 2005 ira
272 1981 406 2014 margo.

1113 2101 1168 2141 25,
1195 2101 1247 2134 36Δ
1275 2118 1310 2124 —-
1336 2101 1537 2143 extractum]
1561 2109 1631 2133 non
1656 2101 1799 2142 quidem
1822 2101 1980 2144 ipsorum

192 2098 294 2140 paret
315 2104 358 2131 ex
383 2107 414 2131 c.
439 2098 493 2131 37.
528 2100 608 2141 Ipsa
638 2107 698 2133 ara
723 2100 768 2133 ab
791 2100 885 2135 Ubiis
908 2103 1064 2146 Augusto

193 2148 356 2181 dedicata
378 2148 528 2182 videtur.
555 2149 607 2183 Cf.
633 2159 664 2183 c.
689 2151 743 2184 40.
761 2152 815 2184 57.
832 2153 886 2185 59.
912 2171 948 2177 -
973 2155 1064 2187 missi

191 2198 249 2230 sub
278 2198 412 2241 vexillo]
443 2199 466 2231 i.
493 2208 525 2231 e.
550 2200 596 2232 ita
626 2202 725 2234 missi
757 2203 795 2234 ut
826 2204 1064 2237 retinerentur

192 2247 259 2280 sub
283 2248 408 2281 vexillo
431 2249 477 2290 (c.
502 2249 569 2291 36).
605 2250 668 2283 Alii
692 2253 812 2284 tamen
834 2253 984 2295 iungunt
1004 2254 1063 2286 sub

189 2298 312 2330 vexillo
340 2298 540 2332 hiemabant.
577 2301 700 2341 Utique
724 2301 835 2334 verba
861 2303 920 2335 sub
941 2304 1063 2336 vexillo

1113 2149 1296 2187 manibus;
1322 2150 1387 2184 sed
1412 2152 1557 2193 propter
1579 2151 1766 2192 strepitum
1789 2159 1831 2183 ac
1854 2150 1983 2184 tumul-

1111 2200 1188 2232 tum
1211 2198 1360 2233 militum
1384 2199 1463 2233 ilico
1486 2208 1632 2241 surgere
1652 2202 1816 2233 coactum
1832 2209 1870 2233 se
1886 2200 1983 2233 vide-

1110 2248 1183 2281 bat.
1220 2251 1276 2283 Sic
1298 2250 1417 2283 Horat.
1442 2251 1512 2283 Sat.
1539 2252 1570 2291 4,
1596 2251 1628 2291 4,
1654 2251 1714 2283 442
1745 2251 1802 2291 qui
1822 2260 1903 2283 rure
1924 2260 1982 2283 ea>-

1112 2302 1239 2332 tractus
1252 2300 1289 2332 in
1302 2299 1418 2332 urbem
1433 2303 1491 2340 est,
1516 2308 1559 2332 eo
1574 2301 1626 2332 ire
1642 2302 1797 2333 coactus.
1812 2317 1848 2323 —
1867 2304 1982 2333 castra

193 2347 237 2380 ad
269 2347 363 2381 solos
392 2350 580 2383 veteranos
607 2352 797 2393 pertinent.
825 2370 861 2376 —
890 2354 1063 2386 consulatu
1105 2351 1240 2390 primae
1261 2350 1407 2392 lesionis]
1430 2359 1513 2392 pars
1537 2351 1755 2390 castrorum,
1784 2350 1845 2383 ubi
1867 2352 1979 2393 prima

189 2397 350 2440 functum]
375 2407 406 2431 a.
425 2399 500 2432 766.
540 2399 642 2433 Filius
659 2402 736 2434 erat
758 2400 899 2435 illustris
914 2402 1004 2436 illius
1022 2405 1059 2436 L.

191 2448 334 2480 Munatii
351 2447 467 2480 Planci
486 2457 559 2482 cos.
579 2459 611 2482 a.
629 2451 718 2490 7⁴2,
745 2453 903 2485 censoris
918 2461 950 2484 a.
969 2453 1059 2494 732,

190 2498 290 2532 cuius
313 2501 503 2540 supersunt
525 2498 657 2541 aliquot
680 2500 850 2543 epistolae
873 2503 964 2535 inter
978 2502 1061 2536 Tul-

155 2554 157 2557 ·
189 2546 316 2587 lianas,
342 2549 378 2580 et
401 2548 447 2580 ad
470 2557 579 2591 quem
603 2552 658 2583 est
679 2550 810 2584 Horatii
826 2552 865 2584 C.
884 2552 915 2591 4,
940 2553 972 2584 7.
1007 2554 1060 2586 De

189 2596 260 2629 filio
272 2596 356 2630 nihil
371 2600 557 2640 praeterea
569 2600 713 2633 tradunt
722 2600 888 2641 Velleius,
906 2602 1058 2644 Tacitus,

190 2647 396 2688 Suetonius,
422 2649 499 2682 Dio.
518 2649 568 2682 Cf.
588 2651 621 2690 Ξ,
647 2649 700 2683 43.
729 2669 766 2675 -—
789 2652 964 2694 vexillum]
989 2661 1060 2686 non

188 2697 328 2731 videtur
346 2697 449 2739 illud,
475 2700 542 2732 sub
559 2708 630 2741 quo
645 2702 804 2734 veterani
819 2701 1057 2743 habebantur,

189 2749 229 2780 ut
250 2749 347 2782 ratus
371 2750 426 2781 est
445 2750 527 2791 post
542 2749 627 2783 alios
642 2751 668 2783 1.
687 2752 741 2784 Fr.
761 2753 969 2793 Gronovius,
994 2753 1058 2787 sed

189 2797 304 2838 Lipsio
325 2797 525 2840 Wolfioque
549 2800 753 2834 auctoribus
776 2801 893 2834 habeo
916 2811 980 2844 pro
1003 2803 1059 2836 in-

190 2846 277 2887 signi
300 2848 544 2890 imperatorio,
576 2850 621 2883 de
645 2859 716 2892 quo
740 2852 872 2884 Caesar
893 2852 931 2885 B.
958 2854 997 2885 G.
1023 2854 1056 2892 2,

188 2897 250 2929 20:
280 2898 509 2939 vexillum,
543 2901 631 2940 quod
659 2904 733 2933 crat
754 2902 892 2944 insiyne,
915 2911 992 2935 cum
1014 2903 1059 2935 ad

189 2955 289 2979 arma
310 2949 466 2980 concurri
488 2953 663 2989 oporteret.
691 2950 865 2984 Plutarch.
890 2952 927 2984 in
951 2951 1058 2985 Fabio

190 3004 225 3038 p.
253 2996 327 3029 482.
353 2997 401 3029 C:
425 2993 471 3029 τὸ
493 2995 562 3041 τῆς
582 2997 714 3043 μάχης
737 3004 900 3044 σημεῖον
922 2998 1058 3045 ἐξέθη-

188 3053 272 3077 κεν·
296 3041 380 3078 ’ἔστι
403 3043 444 3079 δὲ
466 3045 583 3086 χιτών
596 3046 776 3091 κόκκινος
792 3049 1007 3092 (φοινικοῦς
1022 3052 1056 3084 in

188 3095 294 3128 Bruto
318 3104 352 3138 p.
379 3096 475 3129 ⁴002.
500 3097 555 3139 D.)
588 3094 685 3146 ὑπὲρ
709 3099 779 3143 τῆς
801 3099 1057 3146 στρατηγικῆς

188 3141 334 3188 σκηνῆς
355 3143 650 3189 διατεινόμενος.
689 3151 796 3189 Tum,
828 3159 909 3182 cum
941 3150 1055 3183 nullus

186 3194 296 3229 hostis
316 3195 475 3235 adesset,
502 3197 537 3229 in
560 3197 660 3231 ducis
682 3199 859 3241 praetorio
875 3197 931 3231 vel
948 3200 1055 3232 domo

187 3245 446 3279 asservabatur.
474 3247 633 3289 «Insigne
650 3249 769 3280 autem
787 3250 1054 3290 imperatorium

187 3298 421 3337 exposcentes
445 3297 642 3338 significant
664 3306 703 3331 se
727 3298 915 3340 imperium
934 3298 1055 3332 detre-

188 3346 283 3378 ctare
296 3370 304 3384 ,
321 3346 397 3378 tum
411 3345 494 3379 illud
511 3348 665 3389 rapiunt,
685 3355 755 3389 quo
771 3347 942 3382 adversus
958 3350 1053 3391 ipsos

186 3394 237 3426 uti
258 3395 374 3436 primo
397 3403 540 3438 quoque
564 3397 725 3438 tempore
748 3398 904 3438 posset.»
930 3398 1050 3431 Wour.

189 3458 224 3465 —
242 3443 436 3486 moliuntur]
460 3452 481 3477 e
505 3444 728 3487 cardinibus,
754 3444 953 3489 effringunt.
978 3447 1050 3479 Liv.

1109 2399 1200 2441 legio
1224 2400 1405 2432 tendebat.
1424 2417 1460 2423 -
1486 2401 1582 2442 siqua
1597 2404 1628 2432 et
1642 2401 1794 2441 aquilam
1807 2401 1982 2442 amplexus

1111 2450 1194 2492 cet.]
1209 2450 1259 2483 Cf.
1270 2451 1302 2490 2,
1314 2451 1355 2483 47
1368 2459 1375 2482 :
1389 2454 1604 2491 sequerentur
1612 2451 1779 2483 Romanas
1789 2460 1866 2484 aves
1875 2452 1982 2493 (aqui-

1109 2498 1171 2540 las)
1198 2500 1344 2541 propria
1371 2499 1537 2542 leqionum
1560 2501 1710 2533 numina.
1746 2501 1833 2534 Hist.
1858 2501 1891 2539 3.
1916 2501 1977 2533 40:

1108 2558 1286 2582 conversus
1303 2550 1349 2582 ad
1362 2550 1459 2592 siqua
1473 2554 1504 2583 ec
1519 2550 1677 2583 bellorum
1692 2551 1768 2583 deos
1780 2568 1800 2574 -
1812 2568 1831 2575 -
1847 2550 1977 2584 orabat.

1111 2615 1147 2622 —
1165 2608 1287 2631 rarum
1308 2600 1409 2631 etiam
1431 2601 1517 2632 inter
1535 2600 1655 2642 hostes,
1684 2600 1812 2642 legatus
1825 2618 1844 2624 -
1859 2618 1878 2625 -
1892 2609 1980 2633 com-

1107 2648 1349 2690 maculavisset]
1382 2648 1432 2682 Cf.
1459 2658 1490 2682 c.
1516 2648 1576 2682 42:
1607 2650 1749 2682 hostium
1779 2659 1907 2691 quoque
1928 2650 1980 2682 ius

1108 2703 1139 2731 ct
1171 2707 1272 2731 sacra
1305 2699 1479 2741 legationis
1511 2703 1542 2732 et
1573 2700 1626 2741 fas
1653 2701 1801 2742 gentium
1829 2701 1976 2742 rupistis.

1108 2748 1194 2781 Hist.
1220 2748 1251 2788 3,
1275 2748 1336 2781 80:
1363 2749 1399 2780 m*
1421 2750 1502 2781 dato
1525 2758 1548 2780 a
1570 2750 1650 2782 duce
1668 2744 1836 2790 praesidio
1859 2749 1979 2792 defensi

1106 2800 1231 2840 forent,
1262 2808 1397 2832 sacrum
1419 2800 1519 2832 etiam
1540 2800 1576 2831 in
1598 2803 1733 2832 exteras
1753 2804 1863 2842 gentes
1885 2801 1978 2842 lega-

1107 2853 1217 2882 torum
1245 2850 1298 2882 ius
1312 2867 1362 2874 -—
1378 2850 1484 2882 civilis
1510 2849 1619 2882 rabies
1646 2859 1748 2891 usque
1774 2851 1810 2883 in
1839 2852 1978 2884 eaeitium

1106 2903 1306 2933 temerasset.
1327 2917 1360 2925 —
1387 2900 1524 2942 altaria]
1550 2908 1645 2939 aras,
1671 2901 1806 2943 opinor,
1832 2902 1975 2943 quaein

1107 2950 1287 2992 principiis
1310 2949 1438 2982 honori
1465 2949 1660 2991 aquilarum
1685 2952 1720 2983 et
1743 2951 1975 2984 castrensium

1107 3001 1256 3033 deorum
1273 2999 1356 3042 (divi
1373 3002 1456 3042 puta
1470 3001 1576 3033 etiam
1589 3002 1744 3042 Augusti)
1759 3004 1870 3040 erant,
1889 3001 1974 3034 item

1105 3051 1323 3093 principum,
1350 3059 1502 3092 quorum
1527 3050 1660 3091 effigies
1683 3051 1717 3083 in
1741 3051 1858 3092 siguis.
1884 3051 1971 3084 Lirs.

1107 3116 1142 3122 —
1169 3100 1329 3140 imperat,
1359 3100 1556 3142 recepitque]
1598 3101 1711 3141 Saepe
1739 3101 1791 3132 sic
1820 3100 1970 3133 Tacitus.

1104 3150 1193 3181 Anu.
1217 3149 1255 3187 2,
1281 3149 1312 3181 7.
1336 3149 1391 3182 20.
1418 3148 1475 3189 ⁴4,
1501 3149 1533 3182 4.
1560 3149 1646 3181 Hist.
1665 3149 1702 3188 4,
1729 3149 1782 3180 50.
1802 3147 1863 3180 83:
1887 3149 1973 3182 iubet

1098 3199 1343 3240 praecepitque.
1365 3216 1400 3221 ψ-
1425 3199 1562 3240 fatalem
1580 3199 1755 3238 increpans
1769 3197 1906 3240 rabiem]
1924 3199 1972 3231 fa-

1103 3247 1210 3281 talem
1237 3248 1374 3281 rabiem
1398 3250 1434 3281 et
1455 3245 1711 3287 θεοβλάβειαν
1733 3255 1864 3280 vocans
1888 3256 1970 3282 cum

1102 3298 1354 3340 increpatione.
1373 3299 1491 3330 Wou.
1517 3298 1556 3330 V.
1571 3300 1689 3329 autern
1705 3295 1841 3337 fatalem
1856 3297 1969 3339 ipsam

1102 3347 1193 3380 hanc
1224 3347 1500 3389 increpationem
1531 3347 1684 3386 mitigat,
1720 3345 1820 3386 quasi
1853 3347 1970 3379 minor

1101 3398 1402 3437 tumultuantium,
1427 3397 1488 3437 qui
1506 3395 1575 3428 fato
1591 3394 1850 3437 instigarentur,
1872 3397 1968 3430 esset

1102 3446 1157 3480 cul
1159 3456 1202 3490 pa
1209 3471 1216 3479 .
