2254 3770
745 296 901 342 LIBER
928 297 1036 342 xm.
1080 298 1181 357 cap.
1210 300 1250 343 5.
1280 300 1321 344 6.
1348 300 1389 344 7.

1875 299 1957 343 395

178 406 320 458 avida,
351 418 482 464 quem
512 404 567 448 ad
596 403 771 449 modum
800 404 1001 463 priuceps
1021 405 1091 448 vix
1116 407 1424 464 septemdecim
1444 420 1580 452 annos
1600 420 1802 465 egressus
1822 407 1959 451 susci-

177 495 283 541 pere
321 494 417 525 eam
445 479 604 524 molem
641 486 714 525 aut
747 479 1001 539 propulsare
1031 487 1200 538 posset,
1243 482 1360 540 quod
1390 481 1628 526 subsidium
1656 483 1698 525 in
1729 496 1799 534 eo,
1829 482 1905 541 qui
1934 495 1960 526 a

178 557 331 602 femina
358 562 598 614 regeretur,
628 570 732 599 num
760 555 923 614 proelia
944 569 1119 615 quoque
1139 562 1183 600 et
1201 556 1540 615 obpugnationes
1564 558 1735 602 urbium
1755 563 1798 602 et
1816 564 1961 602 cetera

177 631 278 677 belli
306 645 388 690 per
414 631 640 689 magistros
670 630 954 675 administrari
983 638 1179 689 possent,
1212 632 1504 691 anquirebant.
1535 639 1683 678 contra
1707 632 1775 676 alii
1806 632 1960 677 melius

179 707 376 752 evenisse
404 706 620 750 disserunt
648 720 777 764 quam
807 706 843 749 si
873 706 1084 750 invalidus
1115 714 1287 751 senecta
1309 714 1352 751 et
1375 708 1768 766 ignavia'Claudius
1787 707 1991 751 militiaes

177 782 232 827 ad
261 776 432 827 labores
461 787 705 834 vocaretur,
737 781 964 826 servilibus
989 782 1117 826 iussis
1143 782 1526 841 obtemperaturus.
1557 785 1739 828 Burrum
1756 790 1898 827 tamen
1919 789 1962 827 et

178 859 387 903 Senecam
415 857 642 901 multarum
662 871 808 902 rerum
829 858 1092 916 experientia
1110 859 1325 916 cognitos3
1357 865 1400 903 et
1419 859 1663 917 imperatori
1683 865 1885 918 quantum
1906 857 1960 902 ad

177 934 312 979 robur
341 934 514 986 deesse,
546 947 642 977 cum
672 939 823 978 octavo
853 932 1020 977 decimo
1051 934 1200 978 aetatis
1230 947 1340 978 anno
1372 935 1446 979 Cn.
1466 935 1714 993 Pompeius,
1745 948 1858 978 nono
1885 933 1962 978 de·-

179 1010 290 1055 cimo
326 1010 486 1055 Caesar
523 1009 783 1053 Octavianus
820 1008 959 1053 civilia
998 1008 1108 1053 bella
1138 1010 1445 1054 sustinuerint?
1487 1010 1694 1069 pleraque
1723 1010 1766 1052 in
1795 1022 1961 1053 summa

179 1085 346 1129 fortuna
375 1084 578 1143 auspiciis
608 1090 650 1129 et
678 1084 866 1128 consiliis
896 1098 1026 1143 quam
1054 1084 1149 1129 telis
1179 1091 1221 1129 et
1248 1085 1445 1129 manibus
1474 1086 1575 1143 geri.
1613 1085 1810 1129 daturum
1835 1084 1960 1143 plane
1974 1097 2010 1128 to

178 1161 502 1211 documentum,
534 1159 724 1204 honestis
754 1173 807 1204 an
837 1173 964 1204 secus
993 1160 1142 1204 amicis
1167 1167 1378 1212 uteretur,
1411 1161 1446 1204 si
1469 1161 1625 1205 ducem
1644 1167 1784 1205 amota
1804 1160 1962 1205 invidia

181 1236 416 1295 egregium,
449 1249 577 1294 quam
601 1236 635 1279 si
655 1236 938 1294 pecuniosum
958 1243 1002 1280 et
1021 1236 1153 1293 gratia
1173 1220 1399 1280 subnixum
1418 1250 1498 1294 per
1517 1236 1720 1280 ambitum
1741 1235 1960 1294 deligeret.

154 1313 234 1370 ,(7)
265 1312 372 1356 haec
402 1318 530 1370 atque
559 1311 661 1355 talia
688 1310 976 1369 vulgantibus,
1014 1313 1126 1355 Nero
1156 1318 1198 1355 et
1225 1312 1487 1356 iuventutem
1517 1313 1733 1370 proximas
1762 1325 1840 1370 per
1862 1325 1962 1370 pro-

181 1388 342 1432 vincias
373 1387 611 1446 quaesitam
640 1386 889 1445 supplendis
920 1386 1106 1445 Orientis
1135 1387 1374 1445 legionibus
1405 1388 1653 1436 admovere,
1684 1387 1963 1446 legionesque

181 1464 298 1522 ipsas
325 1463 504 1521 propius
525 1464 766 1506 Armeniam
795 1461 993 1506 collocari
1014 1462 1151 1514 iubet,
1183 1461 1380 1521 duosque
1402 1469 1569 1507 veteres
1589 1477 1715 1520 reges
1736 1463 2012 1521 Agrippamffi

181 1546 224 1583 et
261 1538 512 1582 Antiochum
552 1537 754 1596 expedire
799 1537 965 1595 copias,
1012 1538 1109 1595 quis
1149 1538 1400 1582 Parthorum
1437 1538 1545 1581 fines
1585 1537 1695 1581 ultro
1740 1538 1962 1591 intrarent3

183 1613 308 1658 simul
337 1620 490 1672 pontes
518 1627 598 1671 per
627 1627 795 1657 amnem
823 1613 1065 1671 Euphraten
1095 1613 1223 1671 iungi.
1254 1620 1296 1657 et
1318 1615 1527 1657 minorem
1546 1613 1786 1657 Armeniam
1806 1614 1965 1657 Aristo-

186 1689 307 1741 bulo,
338 1689 558 1746 regionem
589 1689 816 1747 Sophenen
845 1688 1057 1732 Sohaemo
1089 1702 1184 1732 cum
1213 1689 1452 1746 insignibus
1480 1689 1609 1747 regiis
1628 1689 1811 1733 mandat.
1842 1703 1965 1733 exor-

231 1812 280 1848 ⁷⁴.
305 1806 503 1852 septideeem
524 1811 579 1849 Μ;
609 1810 822 1851 septendecim
844 1807 959 1850 vulgo.
988 1827 1023 1833 —
1054 1809 1086 1843 3.
1108 1810 1243 1851 praelia
1264 1811 1298 1843 M
1324 1827 1360 1833 -
1394 1809 1426 1842 8.
1453 1809 1520 1843 CN.
1545 1811 1579 1843 M
1606 1825 1641 1833 -
1672 1809 1704 1842 9.
1726 1810 1886 1851 pleraque
1908 1810 1960 1843 M:

183 1868 349 1909 pluraque
364 1866 432 1900 alii.
452 1885 488 1891 —
515 1866 567 1900 44.
585 1866 763 1908 leqionibus
778 1864 1008 1899 Puteolanus:
1033 1866 1221 1909 regionibus
1235 1867 1268 1899 M
1288 1884 1323 1889 —
1343 1866 1521 1899 admouere
1535 1867 1588 1899 M:
1613 1866 1784 1899 admoveri
1797 1866 1962 1900 Pichena.

184 1942 221 1949 —
246 1924 300 1957 45.
321 1924 440 1965 proius
461 1924 495 1956 M
521 1941 553 1947 -
582 1923 635 1956 46.
659 1922 854 1956 Antiochum
876 1922 1011 1965 Lipsius
1035 1921 1123 1965 (coll.
1149 1931 1180 1956 c.
1199 1922 1272 1964 37):
1296 1922 1426 1955 iochum
1449 1923 1482 1956 M
1507 1941 1542 1946 —
1569 1923 1622 1955 47.
1646 1922 1756 1965 iungi]
1779 1923 1874 1956 iunlu
1890 1923 1963 1966 (sic)

181 1980 358 2016 Μ-48.
382 1980 598 2014 sohoemoM.

187 2097 274 2129 σαν,
291 2082 447 2120 ἔπεισαν
461 2083 530 2119 τὸν
545 2087 746 2120 νεανίσκον
761 2085 1051 2144 προκαταβῆναι

183 2138 249 2171 καὶ
280 2135 572 2184 προαπαντῆσαι
603 2135 649 2184 τῇ
681 2138 797 2184 μητρὶ
827 2133 879 2179 ὦς
902 2138 967 2170 καὶ
989 2137 1049 2171 ἐπὶ

183 2185 354 2231 δεξιώσει
375 2188 459 2220 τινί.
489 2205 525 2211 -
551 2187 681 2220 obviam
703 2189 787 2220 itwm
809 2188 970 2230 dedecori]
997 2187 1048 2220 Cf.

185 2248 216 2272 c.
233 2239 270 2271 2:
296 2238 472 2278 ibaturque
493 2237 528 2269 in
549 2238 682 2277 caedes,
706 2238 772 2270 nisi
786 2237 946 2279 Afranius
960 2238 1050 2270 Bur—

183 2299 243 2322 rus
265 2292 297 2322 et
317 2290 474 2322 Annaeus
494 2288 618 2320 Seneca
641 2287 772 2320 obviam
793 2289 902 2321 issent.

219 2340 251 2372 6.
266 2339 457 2380 prorupisse
470 2347 607 2370 rursum
619 2339 765 2379 Parthos]
783 2338 833 2371 Cf.
849 2339 902 2378 42,
915 2338 956 2372 44
969 2347 1048 2380 sqq.

186 2407 222 2412 —-
247 2388 340 2430 rapi]
373 2388 475 2429 diripi
498 2397 540 2420 ac
563 2389 713 2427 vastari,
749 2390 788 2420 ut
809 2389 907 2421 villas
933 2397 1052 2429 rapere

186 2441 258 2472 Liv.
276 2439 331 2478 40,
348 2440 402 2472 22.
425 2457 460 2462 —
485 2440 546 2471 vix
568 2439 790 2479 septemdecim
813 2448 919 2471 annos
940 2448 1051 2481 egres-

185 2489 256 2532 sus]
282 2489 333 2522 Cf.
361 2489 419 2529 ⁴2,
452 2489 505 2521 25.
534 2506 571 2511 —
606 2490 775 2521 invalidus
808 2492 937 2521 senecta
967 2488 1050 2530 cet]

187 2540 237 2573 Cf.
263 2540 294 2580 6,
320 2539 379 2572 3⁴:
405 2542 600 2572 senectutem
618 2540 735 2572 Tiberii
757 2543 795 2572 ut
816 2541 972 2573 inermem
995 2540 1051 2571 de-

185 2590 334 2631 spiciens.
363 2607 399 2613 -
425 2590 483 2623 On.
509 2589 696 2631 Pompeius]
720 2589 840 2622 Vellei.
865 2590 909 2628 2,·
931 2589 984 2629 29,
1009 2589 1048 2622 3:

185 2641 246 2673 Hic
269 2650 291 2673 a
311 2643 390 2682 coya
410 2640 502 2672 virili
523 2640 679 2672 adsuetus
693 2639 884 2672 commilitio
900 2640 1052 2680 pruden-

187 2691 303 2723 tissimi
333 2690 443 2730 ducis,
473 2691 624 2731 parentis
644 2691 713 2730 sui,
746 2690 866 2722 bonum
887 2694 918 2722 et
940 2698 1053 2730 capax

185 2744 280 2774 rocta
301 2741 444 2773 discendi
465 2742 634 2782 inqenium
649 2740 812 2782 singulari
834 2749 948 2772 rerum
961 2740 1053 2772 mili-

188 2791 313 2824 tarium
328 2791 512 2831 prudentia
533 2791 737 2822 excoluerat.
758 2809 794 2813 —
812 2790 937 2822 Caesar
952 2790 1053 2822 Octa-

186 2840 323 2883 vianus]
356 2840 408 2873 Cf.
434 2841 465 2881 4,
491 2840 511 2872 9
534 2849 589 2882 sq.
616 2857 651 2863 —
685 2841 720 2872 in
749 2849 878 2873 summa
903 2841 1054 2882 for-tund

188 2900 208 2924 a
230 2891 401 2933 principe.
422 2909 458 2914 —
482 2891 656 2933 auwioiis]
681 2899 746 2932 per
767 2889 920 2932 legatos;
946 2899 1054 2932 oppo-

188 2942 281 2974 nitur
295 2940 367 2973 telis
381 2943 412 2972 et
424 2940 593 2980 manibus,
618 2941 694 2982 ipso
711 2941 871 2983 principe
887 2942 922 2973 in
938 2941 1052 2973 aciem

189 2990 440 3024 descendente.
477 2990 528 3023 Cf.
556 2990 590 3031 2,
617 2990 672 3023 44.
707 2991 849 3023 Sueton.
879 2993 966 3032 Aug.
995 2990 1050 3022 2⁴:

188 3041 324 3074 Domuit
346 3043 458 3072 autem
476 3041 608 3080 partim
630 3041 730 3072 ductu
747 3041 876 3081 partim
897 3040 1055 3080 auspiciis

188 3091 257 3123 suis
271 3089 499 3129 Cantabriam,
522 3089 739 3130 Aquitaniam
754 3091 822 3122 cet.
842 3107 877 3113 —
897 3089 1051 3130 consiliis]

189 3140 387 3182 principum
410 3140 589 3181 ipsorum,
613 3148 704 3179 non,
728 3141 768 3172 ut
783 3139 838 3172 alii
853 3138 1051 3179 voluerunt,

190 3190 386 3223 amicorum
408 3189 619 3231 principum.
639 3206 675 3212 —
695 3190 806 3233 quam]
826 3189 848 3221 i.
867 3197 899 3221 e.
918 3189 1053 3230 «potius

192 3247 331 3282 quam».
355 3238 443 3271 Vide
468 3238 513 3271 ad
530 3239 561 3278 4,
580 3238 633 3271 58.
654 3255 689 3262 -
712 3248 775 3279 per
796 3238 956 3270 ambitum
970 3238 1054 3270 deli-

190 3289 291 3331 qeret]
314 3288 455 3330 ducem,
480 3289 540 3331 qui
562 3288 729 3331 principis
746 3288 904 3321 favorem
918 3287 1053 3320 ambitu

194 3338 400 3380 quaesisset.

236 3387 271 3420 7.
295 3391 327 3420 et
345 3390 546 3422 ismentutem
560 3405 609 3413 --
623 3388 837 3430 legionesque]
854 3388 906 3420 De
921 3387 1053 3420 rariore

194 3437 263 3471 hoc
276 3445 343 3470 usu
357 3441 389 3472 ot
403 3456 422 3464 -
432 3455 452 3462 —
466 3447 529 3481 que
544 3447 608 3482 pro
624 3441 655 3472 et
669 3455 689 3462 -
700 3455 719 3463 -
730 3441 763 3471 et
776 3437 820 3471 cf.
837 3437 938 3471 Hand
953 3437 1051 3471 Turs.

1099 2088 1146 2127 11,
1171 2095 1207 2129 p.
1232 2087 1295 2120 527
1319 2095 1373 2128 sq.
1407 2087 1443 2119 et
1469 2086 1606 2127 Madvig
1630 2085 1674 2118 ad
1699 2086 1770 2119 Cic.
1797 2085 1842 2119 de
1867 2086 1961 2120 Finn.

1099 2147 1132 2180 p.
1155 2137 1231 2171 730.
1252 2155 1288 2160 —-
1313 2140 1437 2170 veteres
1458 2136 1561 2178 reyes]
1586 2137 1642 2169 Sic
1666 2136 1830 2169 dicuntur
1853 2145 1966 2179 oppo-

1099 2189 1224 2221 sitione
1247 2196 1419 2220 novorum
1442 2196 1584 2229 regum,
1611 2196 1701 2228 quos
1725 2196 1804 2219 mox
1827 2195 1966 2219 memo-

1100 2239 1165 2271 rat.
1185 2256 1221 2261 —
1246 2237 1441 2279 Agrippam]
1466 2237 1637 2280 Agrippae
1662 2238 1729 2279 (⁴2,
1754 2237 1809 2277 23)
1842 2236 1964 2276 filium,

1101 2290 1334 2330 cognomento
1357 2288 1542 2320 iuniorem.
1582 2287 1721 2329 Ioseph.
1747 2288 1826 2319 Ant.
1851 2286 1906 2325 20,
1931 2287 1963 2326 7,

1101 2340 1139 2370 4·
1176 2336 1350 2384 δωρεῖται
1380 2335 1568 2378 Κλαύδιος
1601 2334 1670 2370 τὸν
1695 2333 1897 2382 Ἀγρίππαν
1919 2346 1965 2382 τι]

1100 2388 1286 2422 Φιλίππου
1309 2389 1512 2446 τετραρχίᾳ
1528 2389 1593 2420 καὶ
1615 2388 1822 2432 Βαταναίᾳ,
1848 2397 1967 2432 προσ-

1098 2439 1179 2480 θεὶς
1220 2435 1322 2483 αὐτῷ
1360 2435 1430 2482 τὴν
1466 2439 1698 2485 Τραχωνῖτιν
1731 2434 1803 2471 σὺν
1827 2433 1964 2481 Αβίλα.

1102 2490 1151 2522 Cf.
1170 2489 1254 2522 ibid.
1272 2490 1305 2529 8,
1324 2489 1355 2523 4.
1379 2507 1413 2513 —
1431 2489 1637 2530 Antiochum]
1660 2497 1782 2530 regem
1800 2489 1968 2521 Comma*

1100 2549 1209 2581 genes
1233 2542 1268 2573 et
1290 2541 1326 2572 in
1347 2542 1446 2582 parte
1472 2539 1623 2572 Ciliciae.
1648 2539 1787 2581 loseph.
1814 2541 1892 2572 Ant.
1913 2539 1966 2578 49,

1100 2592 1138 2623 5:
1167 2586 1360 2630 Ἀντίοχον
1389 2588 1429 2622 δὲ
1451 2585 1500 2632 ἢν
1525 2587 1626 2629 εἶχεν
1648 2588 1848 2629 βασιλείαν
1870 2585 1969 2629 οἶφε-

1100 2637 1262 2683 λόμενος
1285 2638 1457 2680 Κιλικίας
1484 2640 1594 2685 μέρει
1617 2640 1690 2673 τινὶ
1716 2640 1781 2672 καὶ
1803 2639 1968 2682 Κομμα-

1099 2689 1196 2736 γηνῇ
1221 2689 1394 2737 δωρεῖται
1417 2688 1619 2731 (Claudius).
1660 2689 1710 2723 Cf.
1737 2690 1789 2730 42,
1815 2691 1868 2722 55.
1905 2689 1967 2721 Dio

1101 2741 1155 2779 60,
1180 2740 1211 2773 8.
1238 2757 1275 2764 -—
1300 2739 1498 2781 Aristobulo]
1522 2740 1661 2781 loseph.
1686 2741 1765 2772 Ant.
1790 2740 1844 2777 20,
1870 2739 1901 2778 8,
1927 2737 1966 2770 4;

1101 2787 1171 2833 τὴν
1186 2788 1256 2832 τῆς
1269 2788 1407 2836 μικρᾶς
1421 2785 1614 2835 Ἀρμενίας
1626 2790 1864 2835 προστασίαν
1875 2784 1969 2834 Ἄρι-

1102 2838 1336 2880 στόβουλος,
1357 2836 1525 2886 Ἡρώδου
1549 2839 1618 2882 τῆς
1639 2838 1831 2881 Χαλκίδος
1853 2838 1969 2879 βασι-

1102 2890 1196 2932 λέως
1211 2893 1312 2931 παῖς,
1328 2887 1403 2923 ὑπὸ
1414 2889 1589 2935 Νέρωνος
1600 2889 1852 2936 ἐγχειρίζεται.
1870 2890 1967 2921 Idem

1104 2940 1218 2980 addit,
1254 2940 1289 2972 id
1313 2939 1444 2972 factum
1468 2948 1547 2973 esse
1570 2938 1621 2983 τῷ
1648 2938 1782 2986 πρώτῳ
1803 2937 1874 2982 τῆς
1894 2938 1969 2970 Νέ-

1102 2999 1225 3037 ρωνος
1247 2986 1372 3036 ἀρχῆς
1394 2999 1479 3023 ετει.
1507 2989 1558 3022 Cf.
1582 2989 1635 3029 44,
1652 2990 1705 3022 26.
1726 3008 1762 3012 —
1790 2987 1966 3030 Sophenen]

1103 3049 1193 3082 quae
1227 3040 1323 3081 regio
1353 3040 1448 3071 iuxta
1470 3040 1672 3072 Armeniam
1702 3040 1849 3072 Masium
1877 3038 1969 3070 inter

1104 3092 1139 3122 et
1160 3090 1383 3122 Antitaurum
1410 3091 1571 3129 montes,
1602 3090 1636 3121 in
1661 3098 1730 3131 qua
1753 3088 1861 3129 Tigris
1887 3088 1968 3129 post

1103 3141 1258 3181 quinque
1281 3140 1319 3172 et
1333 3139 1451 3180 viginti
1474 3138 1567 3171 milia
1590 3147 1759 3181 passuum
1783 3137 1849 3170 sub
1873 3139 1967 3169 terra

1103 3197 1242 3222 mersus
1264 3197 1386 3222 rursus
1410 3189 1576 3230 emergit,
1602 3190 1692 3221 teste
1714 3187 1845 3220 Iustino
1861 3186 1914 3226 42,
1931 3187 1964 3221 3.

1104 3239 1155 3272 Cf.
1190 3238 1275 3272 Plin.
1300 3240 1341 3271 N.
1367 3239 1407 3272 H.
1433 3240 1453 3271 5
1476 3239 1495 3280 S
1519 3238 1575 3271 66.
1609 3255 1642 3260 —
1678 3236 1855 3279 Sohaemo]
1889 3238 1966 3271 Non

1103 3288 1199 3322 idem
1228 3290 1299 3329 est,
1335 3289 1395 3331 qui
1429 3297 1450 3321 a
1474 3289 1556 3321 Gaio
1581 3288 1789 3320 constitutus
1811 3287 1966 3320 Arabum

1103 3339 1321 3372 Ituraeorum
1343 3347 1427 3383 rex:
1453 3339 1482 3371 is
1506 3337 1599 3370 enim
1622 3338 1784 3369 mortuus
1799 3345 1967 3379 regnum-

1104 3397 1173 3430 que
1196 3389 1318 3430 Syriae
1340 3388 1500 3421 additum
1517 3386 1571 3428 (cf.
1589 3387 1645 3426 42,
1662 3386 1715 3419 23.
1740 3386 1804 3418 Dio
1820 3387 1874 3428 59,
1892 3387 1964 3428 ⁴2):

1103 3437 1169 3472 sed
1197 3438 1294 3473 idem
1317 3446 1399 3472 cum
1425 3446 1484 3477 eo,
1522 3437 1582 3480 qui
1611 3436 1819 3480 Vespasiani
1846 3437 1965 3470 socius
