2254 3770
283 254 367 298 556
772 256 815 299 Ρ.
849 254 1098 299 CORNELII
1128 255 1298 300 TACITI
1328 256 1594 302 ANNALIUM

282 359 398 404 idem
429 362 647 406 Annaeum
677 362 894 405 Lucanum
921 367 1144 419 genuerat,
1178 362 1340 420 grande
1361 363 1652 408 adiumentum
1673 363 1949 410 claritudinis.
1981 380 2069 425 quo

283 436 502 481 interfecto
531 436 633 480 dum
663 450 755 480 rem
782 436 1031 481 familiarem
1056 437 1149 481 eius
1171 437 1326 482 acriter
1345 438 1540 496 requirit,
1574 446 1867 484 accusatorem
1891 442 2073 486 concivit

282 511 460 556 Fabium
490 513 743 564 Romanum,
775 526 829 556 ex
858 511 1014 556 intimis
1043 513 1202 557 Lucani
1235 513 1396 558 amicis.
1442 514 1570 558 mixta
1602 514 1710 558 inter
1733 522 1897 573 patrem
1918 516 2072 561 filium-

282 601 369 645 que
399 587 702 632 coniurationis
728 587 906 632 scientia
926 587 1106 645 fingitur,
1139 587 1404 632 adsimulatis
1425 589 1581 634 Lucani
1606 590 1768 635 litteris.
1799 605 1908 650 quas
1929 592 2073 651 inspe-

251 669 373 708 5.ctas
402 664 513 708 Nero
543 663 643 707 ferri
674 663 730 707 ad
759 677 858 707 eum
888 663 1026 715 iussit,
1067 663 1222 721 opibus
1252 664 1346 708 eius
1378 665 1554 709 inhians.
1601 672 1642 709 at
1671 665 1800 719 Mela,
1842 681 1954 726 quae
1983 675 2073 712 tum

283 738 600 797 promptissima
631 739 777 783 mortis
808 739 893 790 via,
926 738 1105 783 exsolvit
1133 753 1284 791 venas,
1318 740 1486 798 scriptis
1511 740 1738 792 codicillis,
1771 742 1928 801 quibus
1948 757 2074 801 gran-

283 813 381 858 dem
420 814 646 872 pecuniam
682 814 724 857 in
761 813 996 872 Tigillinum
1035 828 1330 873 generumque
1371 816 1466 859 eius
1497 816 1794 860 Cossutianum
1826 818 2074 876 Capitonem

284 889 504 947 erogabat,
537 903 624 948 quo
655 896 799 934 cetera
829 896 1060 934 manerent.
1092 890 1263 933 additur
1283 890 1506 942 codicillis,
1540 897 1758 950 tamquam
1778 892 1833 937 de
1855 893 2074 952 iniquitate

283 965 397 1009 exitii
437 979 625 1024 querens
663 965 721 1008 ita
760 965 1024 1023 scripsisset,
1072 980 1119 1010 se
1157 966 1334 1024 quidem
1369 967 1477 1010 mori
1516 967 1643 1011 nullis
1679 967 1875 1026 supplicii
1917 969 2071 1022 causis,
2132 995 2142 999 -

233 1053 270 1084 ιο
284 1040 473 1085 Rufrium
501 1047 643 1085 autem
666 1040 907 1098 Crispinum
938 1047 981 1085 et
1001 1040 1193 1085 Anicium
1215 1041 1422 1085 Cerialem
1443 1042 1528 1086 vita
1556 1043 1636 1086 frui
1662 1043 1850 1087 infensos
1876 1043 2072 1103 principi.

284 1130 396 1176 quae
418 1117 655 1174 composita
676 1115 962 1160 credebantur
983 1116 1038 1160 de
1061 1116 1269 1174 Crispino,
1302 1117 1403 1175 quia
1425 1117 1671 1162 interfectus
1693 1125 1795 1170 erat,
1820 1118 1876 1163 de
1897 1119 2073 1172 Ceriale,

283 1198 330 1236 ut
360 1191 682 1236 interficeretur.
728 1205 871 1249 neque
903 1192 1017 1235 enim
1046 1191 1179 1235 multo
1209 1198 1307 1249 post
1337 1193 1422 1236 vim
1452 1193 1533 1237 sibi
1563 1193 1718 1245 attulit,
1751 1194 1916 1239 minore
1945 1209 2076 1255 quam

285 1268 416 1312 ceteri
445 1267 737 1320 miseratione,
770 1267 871 1325 quia
901 1267 1114 1325 proditam
1144 1268 1188 1312 C.
1217 1268 1388 1312 Caesari
1420 1268 1757 1313 coniurationem
1779 1269 1832 1313 ab
1854 1284 1907 1315 eo
1926 1271 2078 1315 memi-

284 1349 448 1388 nerant.
497 1343 578 1400 (48)
611 1342 665 1386 de
706 1343 751 1387 C.
782 1343 981 1386 Petronio
1020 1357 1159 1401 pauca
1188 1357 1319 1401 supra
1347 1343 1581 1401 repetenda
1612 1351 1721 1388 sunt.
1767 1359 1866 1388 nam
1895 1344 1952 1388 illi
1982 1345 2077 1391 dies

235 1431 271 1460 ⁴5
285 1433 363 1478 per
401 1433 615 1468 somnum,
667 1432 751 1462 nox
787 1417 938 1462 officiis
976 1424 1018 1462 et
1060 1418 1383 1463 oblectamentis
1421 1420 1531 1464 vitae
1571 1420 1904 1479 transigebatur3
1943 1427 2077 1480 utque

284 1495 392 1539 alios
422 1494 645 1547 industria,
679 1495 735 1538 ita
766 1494 878 1538 hunc
906 1494 1076 1552 ignavia
1105 1494 1160 1538 ad
1189 1494 1342 1538 famam
1362 1494 1616 1553 protulerat,
1646 1494 1972 1556 habebaturque
1991 1511 2078 1542 non

285 1585 422 1630 ganeo
453 1577 496 1615 et
523 1567 784 1629 profligator,
816 1576 863 1613 ut
891 1569 1087 1628 plerique
1118 1584 1196 1614 sua
1228 1570 1529 1621 haurientium,
1564 1571 1643 1615 sed
1673 1571 1842 1616 erudito
1871 1572 1985 1617 luxu.
2027 1587 2079 1619 ac

350 1681 381 1713 4.
408 1688 552 1713 anneum
574 1681 607 1713 M
631 1697 667 1703 —
693 1679 724 1713 4.
748 1680 889 1722 tinqitur
911 1677 1140 1712 Puteolanus:
1165 1680 1340 1722 finguntur
1362 1680 1396 1713 M
1421 1696 1457 1702 —
1483 1680 1681 1713 adsimilatis
1702 1681 1747 1715 M.
1773 1680 1860 1714 Vide
1883 1680 1929 1714 ad
1944 1690 1979 1724 p.
1997 1681 2076 1724 349,

287 1738 339 1771 48.
361 1755 396 1761 -
422 1737 520 1778 quasi
541 1737 704 1777 inspectas
727 1736 760 1770 M
786 1754 820 1759 -
847 1736 878 1768 7.
905 1736 1084 1778 tiqillinum
1106 1736 1161 1770 M:
1190 1736 1382 1778 Tigellinum
1395 1735 1512 1778 vulgo.
1538 1736 1626 1769 Vide
1643 1736 1688 1769 ad
1703 1746 1739 1780 p.
1757 1736 1834 1778 475,
1851 1738 1883 1770 7.
1905 1756 1939 1761 —
1966 1737 1998 1771 8.
2015 1738 2080 1771 ad-

285 1794 378 1826 ditur
399 1794 449 1827 M:
475 1793 568 1826 addit
590 1792 662 1833 alii,
687 1794 727 1826 ut
749 1791 960 1834 intelligatur
983 1793 1087 1826 Nero.
1109 1811 1144 1816 -
1171 1796 1337 1835 tanquam
1359 1793 1393 1827 M
1417 1811 1453 1816 —
1480 1793 1511 1825 9.
1537 1793 1716 1835 scripsisset
1737 1794 1791 1828 M:
1820 1793 1988 1835 scripsisse
2008 1792 2077 1828 alii.

289 1868 325 1876 -
352 1851 405 1884 40.
430 1850 578 1892 rufrium
600 1850 651 1884 M:
684 1850 815 1892 Rufium
837 1848 903 1882 alii.
933 1865 969 1873 -
1004 1850 1058 1882 42.
1082 1847 1213 1882 minor&
1235 1850 1270 1884 M
1290 1867 1334 1874 —
1364 1849 1418 1882 43.
1442 1849 1542 1897 ceteri
1564 1850 1598 1882 M
1620 1868 1664 1874 —
1687 1850 1728 1883 G.
1752 1850 1787 1884 M
1812 1867 1848 1873 —-
1878 1849 1933 1885 ⁴4.
1959 1850 2000 1884 G.
2023 1851 2077 1890 M;

286 1906 418 1940 delevit
439 1906 657 1949 Nipperdey.
683 1924 719 1930 —
747 1908 801 1940 45.
825 1916 976 1940 somnum
998 1905 1228 1940 Puteolanus:
1253 1907 1417 1939 somnium
1438 1907 1472 1940 M
1500 1925 1535 1930 —
1559 1906 1627 1939 uite
1649 1906 1694 1940 M.

286 2001 341 2034 59.
363 2019 398 2024 -
425 2001 701 2034 administrandis
720 2010 754 2042 p.
772 2000 921 2042 negotiis]
946 2001 988 2033 Hi
1012 1999 1156 2034 ablativi

286 2060 527 2094 epexegeseos
544 2060 649 2085 causa
666 2051 774 2084 additi
790 2052 884 2092 sunt,
903 2052 942 2084 ut
956 2050 1084 2084 clarius
1101 2052 1156 2084 in·-

286 2103 478 2142 dicaretur,
502 2104 539 2136 in
562 2103 661 2136 cuius
685 2103 823 2143 generis
847 2102 1156 2144 procurationibus

286 2153 375 2188 Mela
386 2154 549 2187 versatus
562 2154 617 2187 sit.
631 2169 666 2177 -
681 2153 855 2185 Annaeum
867 2152 1051 2194 Lucanum]
1069 2153 1156 2186 Vide

287 2204 333 2236 ad
354 2205 407 2244 45,
426 2204 478 2237 49.
501 2221 536 2226 -
555 2204 634 2235 dum
655 2212 726 2235 rem
746 2203 951 2244 familiarem
966 2204 1049 2244 cet]
1074 2204 1158 2236 Hie-

286 2263 459 2295 ronymus
475 2255 510 2287 in
522 2254 722 2287 Eusebiano
740 2253 933 2286 Chronico:
951 2255 989 2286 L.
1002 2253 1159 2286 Annaeus

286 2305 388 2345 Mela,
406 2305 548 2337 Senecae
564 2304 672 2344 frater
686 2307 718 2336 et
732 2304 907 2343 Gallionis,
925 2304 1012 2336 bona
1027 2303 1154 2336 Lucani

284 2356 422 2397 poetae,
445 2355 508 2396 tilii
529 2356 598 2395 sui,
624 2364 647 2386 a
663 2354 792 2387 Nerone
811 2357 1032 2394 promeretur.
1061 2354 1157 2393 Quae

286 2406 316 2439 si
338 2414 424 2438 vera
446 2403 563 2445 lectio,
589 2403 805 2447 opinandum
829 2412 849 2436 a
871 2404 959 2436 fisco
979 2405 1039 2436 aut
1055 2404 1159 2437 fisca-

286 2455 379 2488 libus
402 2454 578 2497 quaedam
603 2454 751 2496 abrepta
775 2454 811 2486 et
832 2454 981 2486 retenta.
1007 2453 1076 2486 Sed
1094 2462 1159 2495 ego

287 2506 429 2547 ambigo
453 2514 569 2547 neque
593 2514 723 2538 censeo
746 2503 924 2547 publicata
944 2504 1050 2544 bona,
1077 2505 1159 2545 quia

287 2566 352 2591 sua
368 2565 477 2589 manu
493 2555 619 2588 cecidit
632 2557 667 2588 et
683 2555 946 2588 damnationem
962 2555 1157 2597 praevenit.

288 2607 389 2646 Quod
417 2607 447 2640 si
478 2607 549 2645 est,
580 2605 673 2638 bene
702 2606 738 2637 in
766 2604 919 2638 Eusebio
944 2605 1100 2646 corrigas
1125 2605 1161 2637 et

288 2657 335 2690 ad
357 2657 446 2690 haec
468 2656 594 2689 Taciti:
621 2655 659 2688 ob
683 2655 769 2688 bona
790 2655 918 2688 Lucani
934 2656 1075 2696 poetae,
1097 2655 1161 2697 filii

286 2707 357 2748 sui,
382 2716 405 2739 a
426 2707 556 2739 Nerone
579 2707 767 2746 perimitur.
794 2706 878 2738 L1Ps.
916 2706 1028 2738 Immo
1053 2706 1159 2738 etiam

288 2758 364 2791 sine
398 2755 458 2789 filii
484 2755 589 2789 bonis
613 2757 688 2788 erat
715 2756 822 2788 homo
845 2755 1057 2794 ditissimus;
1089 2764 1158 2787 non

289 2816 373 2849 ergo
407 2815 450 2839 ea
479 2807 581 2839 unica
613 2806 774 2838 interitus
799 2814 916 2839 causa.
954 2806 1005 2838 De
1031 2805 1159 2838 Lucani

289 2857 415 2891 divitiis
443 2856 486 2889 cf.
513 2854 686 2888 Iuvenalis
709 2856 741 2895 7,
767 2855 826 2888 79:
861 2856 1038 2888 Contentus
1066 2855 1161 2896 fama

287 2908 399 2941 iaceat
426 2907 580 2939 Lucanus
606 2906 642 2937 in
670 2906 773 2938 hortis
803 2906 1014 2938 Marmoreis.
1043 2923 1079 2929 -
1104 2913 1161 2938 re-

262 2990 268 2996 ,
289 2956 403 2999 quirit]
426 2956 555 3002 Lucani
571 2954 750 2988 debitores
767 2954 931 2997 appellat,
950 2954 1069 2988 debita
1086 2956 1161 2987 exi-

290 3009 348 3049 git.
376 3024 413 3031 -
440 3009 667 3038 accusatorem
690 3006 844 3046 concivit]
875 3006 1009 3048 Nempe
1036 3004 1162 3038 Fabius

290 3057 346 3090 ille
369 3055 509 3089 videtur
532 3055 699 3088 debuisse
722 3056 861 3088 Lucano
885 3056 991 3088 certis
1014 3055 1164 3088 nomini-

291 3108 377 3148 bus,
404 3116 495 3149 quae
516 3107 602 3139 dum
617 3106 720 3139 nimis
736 3105 922 3147 diligenter
938 3106 1043 3148 exigit
1059 3105 1159 3147 Mela,

291 3158 367 3191 eius
383 3157 503 3190 odium
520 3157 722 3189 commovit.
749 3156 828 3188 Ean.
851 3173 886 3178 —
911 3156 995 3196 ferri
1015 3156 1061 3188 ad
1075 3155 1161 3198 ewn]

292 3209 331 3239 ut
353 3206 478 3249 culpae
502 3207 785 3245 convinceretur,
811 3213 919 3247 quam
940 3204 1040 3238 aliter
1054 3214 1162 3247 quam

292 3265 441 3299 propera
467 3258 580 3289 morte
604 3255 702 3289 luere
726 3264 796 3288 non
820 3256 953 3297 posset.
973 3272 1008 3278 —·
1038 3255 1162 3297 Tigilli-

291 3315 372 3339 num
399 3315 621 3348 generumque
648 3306 718 3338 eius
746 3305 781 3338 C.
805 3304 854 3347 0.]
884 3304 935 3338 Cf.
962 3304 1015 3344 44,
1040 3304 1094 3338 48.
1122 3321 1157 3328 —-

293 3356 430 3389 additur
451 3355 620 3398 codicillis]
650 3354 724 3389 scil.
751 3364 769 3388 a
793 3353 944 3395 falsario,
970 3354 1068 3387 iussu
1090 3356 1162 3388 Ne—

292 3406 407 3447 ronis,
433 3415 476 3439 eo
498 3405 569 3440 fine
592 3407 631 3439 ut
647 3404 792 3439 Cerialis
816 3406 852 3438 et
867 3404 1016 3447 Crispini
1032 3404 1160 3438 caedes

1204 1999 1314 2035 Melae
1331 2000 1533 2034 testimonio
1550 2001 1637 2033 iusta
1655 2000 1856 2042 appareret.
1879 1999 1945 2040 Qui
1957 2001 2077 2033 contra

1206 2051 1368 2083 codicem
1389 2049 1549 2083 scribunt
1565 2050 1746 2091 scripsisse,
1771 2050 1921 2091 iungunt
1942 2050 2081 2083 additur

1206 2100 1317 2143 (Mela)
1342 2110 1480 2142 querens
1501 2101 1685 2142 scripsisse,
1710 2102 1750 2134 ut
1763 2102 1901 2134 additur
1916 2102 2079 2134 constru-

1205 2153 1302 2184 ctum
1332 2152 1377 2184 sit
1399 2160 1481 2184 cum
1506 2151 1741 2190 nominativo,
1774 2150 2078 2193 quemadmodum

1205 2201 1315 2234 verba
1331 2202 1466 2242 dicitur,
1492 2202 1652 2241 traditur,
1675 2202 1784 2243 fertur
1799 2203 1881 2241 cet.,
1907 2202 1943 2235 et
1961 2200 2007 2234 ad
2021 2209 2080 2234 co-

1205 2251 1324 2284 dicillis
1346 2250 1511 2293 supplent
1532 2252 1586 2291 in,
1616 2253 1808 2293 utrumque
1832 2251 2020 2284 durissime
2043 2251 2082 2284 et

1206 2303 1328 2333 contra
1351 2300 1418 2333 loci
1435 2301 1657 2334 sententiam.
1673 2319 1715 2325 -
1729 2301 1884 2334 Anicium
1907 2299 2079 2343 Cerialem]

1207 2351 1260 2384 Cf.
1287 2352 1340 2391 45,
1365 2351 1419 2385 74.
1446 2368 1481 2375 -
1505 2352 1676 2392 proditam
1699 2351 1733 2385 C.
1760 2351 1897 2384 Caesari
1919 2351 2082 2384 coniura-

1207 2401 1337 2443 tionem]
1363 2402 1517 2435 Zonaras
1540 2410 1574 2444 p.
1600 2402 1663 2434 557
1692 2400 1777 2443 (Vol.
1803 2402 1845 2442 ΙΙ,
1870 2410 1906 2443 p.
1931 2399 1996 2434 454
2019 2399 2078 2434 ed.

1207 2451 1348 2492 Pinder)
1365 2451 1410 2484 de
1424 2451 1594 2494 Caligula:
1622 2450 1769 2485 Τοῦτον
1791 2449 1832 2484 δὲ
1854 2448 1922 2484 τὸν
1936 2447 2082 2498 τρόπον

1207 2499 1319 2543 βιοὺς
1342 2499 1493 2543 πάντως
1516 2499 1917 2546 ἐπιβουλευθήσεσθαι
1934 2496 2078 2544 ἔμελλε.

1208 2552 1272 2585 καὶ
1297 2549 1477 2599 ἐφώρασε
1499 2550 1570 2596 τὴν
1591 2552 1776 2594 ἐπίθεσιν,
1797 2552 1862 2586 καὶ
1879 2547 2082 2592 συλλαβὼν

1208 2602 1343 2636 Νίκιον
1375 2603 1455 2645 (scr.
1480 2599 1650 2644 Ἀνίκιον)
1682 2600 1889 2650 Κερεάλιον
1922 2601 1988 2635 καὶ
2014 2598 2083 2635 τὸν

1209 2649 1295 2685 υἱὸν
1324 2648 1444 2686 αὐτοῦ
1476 2650 1617 2695 Σέξτον
1639 2652 1829 2687 Παπίνιον
1851 2649 2080 2692 ἐβασάνισε·

1208 2703 1273 2735 καὶ
1297 2701 1378 2736 ἐπεὶ
1400 2701 1521 2746 μηδὲν
1544 2700 1783 2747 ἐξελάλησεν,
1815 2700 1993 2736 ἀνέπεισε
2013 2699 2083 2735 τὸν

1208 2753 1409 2793 Παπίνιον,
1432 2754 1624 2800 σωτηρίαν
1639 2749 1741 2798 αὐτῷ
1758 2753 1824 2786 καὶ
1839 2747 1971 2785 ἄδειαν
1986 2747 2083 2785 ὕπο-

1209 2801 1420 2846 σχόμενος,
1455 2807 1646 2849 κατειπεῖν
1673 2801 1787 2837 τινῶν
1815 2797 1844 2846 ἢ
1872 2798 2028 2846 ἀληθῶς
2056 2797 2084 2844 ἢ

1209 2852 1380 2896 ψευδῶς,
1405 2854 1471 2887 καὶ
1494 2853 1642 2887 ἐκεῖνον
1665 2850 1804 2887 αὖτίκα
1826 2853 1892 2886 καὶ
1907 2849 1999 2893 τοὺς
2013 2846 2082 2885 ἄλ-

1210 2903 1301 2946 λους
1325 2903 1365 2937 ἑν
1389 2899 1613 2947 ὀφθαλμοῖς
1636 2899 1756 2937 αὐτοῦ
1780 2899 2010 2936 ἀπέκτεινεν.
2043 2903 2080 2935 ln

1210 2955 1263 2988 his
1283 2955 1436 2988 Zonaras
1452 2954 1640 2996 proditoris
1659 2962 1850 2997 personam
1865 2953 2009 2995 Papinio
2024 2951 2084 2985 tri·

1210 3005 1302 3044 buit,
1334 3012 1442 3045 quam
1472 3004 1610 3037 Tacitus
1634 3002 1783 3037 Cereali.
1817 3003 1984 3036 Ceterum
2007 3001 2084 3035 Rei-

1210 3062 1331 3088 marus
1362 3053 1408 3086 ad
1437 3054 1537 3086 Dion.
1565 3054 1619 3094 59,
1644 3054 1686 3086 25
1718 3054 1815 3086 recte
1847 3052 1949 3092 dicit,
1981 3051 2015 3084 in
2038 3059 2082 3084 eo

1211 3103 1337 3137 salsum
1361 3111 1441 3136 esse
1465 3104 1656 3144 Zonaram,
1685 3102 1781 3145 quod
1806 3102 1989 3144 Papinium
2012 3101 2082 3134 Ce-

1210 3153 1304 3187 rialis
1321 3153 1430 3186 filium
1444 3153 1536 3186 facit.
1562 3153 1698 3195 Lipsius
1710 3151 1846 3185 Aemilii
1859 3151 1978 3193 Lepidi
1994 3159 2083 3184 con·

1211 3205 1441 3244 iurationem,
1475 3203 1520 3236 de
1545 3211 1615 3245 qua
1639 3203 1825 3236 Suetonius
1849 3200 1956 3243 Calig.
1980 3200 2022 3234 24
2046 3202 2082 3233 et

1212 3254 1275 3287 Dio
1300 3255 1353 3294 59,
1379 3255 1421 3286 22
1445 3253 1664 3286 mentionem
1688 3252 1835 3292 faciunt,
1858 3250 2036 3294 proditam
2059 3259 2081 3284 a

1213 3303 1348 3338 Ceriale
1373 3304 1561 3337 existimat.

1255 3355 1308 3388 48.
1335 3354 1370 3387 C.
1395 3353 1564 3396 Petronio]
1595 3354 1814 3386 praenomen
1845 3350 1878 3383 ei
1907 3349 1996 3383 Titus
2025 3351 2081 3384 est

1210 3404 1305 3448 apud
1329 3403 1477 3438 Plinium
1500 3404 1542 3438 37
1564 3403 1584 3446 S
1606 3403 1672 3437 20:
1708 3402 1743 3435 T.
1766 3401 1938 3435 Petronius
1959 3408 2080 3435 eonsu-
