2254 3770
271 271 356 317 328
755 272 801 316 Ρ.
833 270 1085 316 CORNELII
1113 271 1284 317 TACITI
1312 270 1581 317 ANNALIUM

274 378 443 424 nobiles
484 379 595 423 inter
632 377 881 424 candidatos
917 384 1161 436 praeturam
1190 378 1395 437 principis
1425 378 1627 436 suffragio
1656 379 1919 438 assequitur,
1965 393 2064 424 cum

273 454 395 500 hisce
423 454 567 499 verbis
597 454 791 499 Tiberius
822 453 1013 499 dedecus
1051 453 1253 499 natalium
1283 454 1376 498 eius
1405 453 1655 499 velavisset:
1699 455 1906 500 «Curtius
1932 455 2065 499 Rufus

274 530 445 575 videtur
472 530 574 574 mihi
605 543 658 574 ex
687 543 735 574 se
764 535 927 573 natus.»
969 529 1097 588 longa
1131 536 1230 588 post
1254 520 1366 574 ‘haec
1395 535 1591 582 senecta,
1616 535 1666 574 et
1695 531 1906 576 adversus
1935 544 2068 589 supe-

275 606 413 651 riores
441 605 548 649 tristi
578 604 838 657 adulatione,
871 619 1075 664 arrogans
1106 605 1361 658 minoribus,
1394 606 1503 650 inter
1526 620 1654 665 pares
1675 606 1878 659 difficilis,
1910 620 2068 651 consu-

227 681 365 727 'slare
405 681 652 740 imperium,
692 680 894 739 triumphi
931 681 1113 739 insignia
1143 695 1194 726 ac
1236 687 1454 740 postremo
1484 682 1666 727 Africam
1694 682 1897 736 obtinuit3
1937 688 2066 741 atque

276 757 335 802 ibi
364 757 589 802 defunctus
619 756 744 801 fatale
774 757 1046 816 praesagium
1075 757 1279 816 implevit.

389 833 471 890 (22)
511 833 679 877 Interea
707 834 888 887 Romae,
928 833 1053 877 nullis
1089 833 1228 891 palam
1260 847 1403 892 neque
1434 833 1612 891 cognitis
1650 847 1751 878 mox
1789 833 1948 885 causis,
1991 833 2067 878 Cn.

273 909 452 960 Nonius,
494 922 630 968 eques
668 910 903 961 Romanus,
947 909 1061 954 ferro
1092 909 1308 954 accinctus
1341 909 1554 967 reperitur
1583 909 1626 952 in
1656 915 1781 954 coetu
1811 908 2067 953 salutantum

273 985 525 1044 principem.
568 998 666 1029 nam
705 990 933 1043 postquam
976 985 1198 1029 tormentis
1238 984 1538 1037 dilaniabatur,
1581 985 1635 1029 de
1676 999 1724 1030 se
1754 999 1840 1029 non
1867 984 2068 1043 infitiatus

225 1075 263 1106 ιο
275 1061 474 1106 conscios
504 1075 589 1105 non
619 1060 773 1112 edidit,
805 1061 1015 1106 incertum
1045 1075 1099 1105 an
1130 1060 1362 1105 occultans.

387 1136 530 1181 Isdem
560 1138 646 1181 ctis.
676 1137 721 1180 P.
753 1135 973 1181 Dolabella
1003 1137 1169 1181 censuit
1197 1135 1490 1194 spectaculum
1520 1135 1800 1194 gladiatorum
1830 1150 1910 1195 per
1929 1136 2069 1181 omnis

275 1226 410 1257 annos
440 1211 746 1257 celebrandum
775 1212 958 1270 pecunia
989 1226 1140 1257 eorum
1170 1212 1243 1270 qui
1265 1218 1541 1270 quaesturam
1570 1211 1923 1270 adipiscerentur.
1954 1211 2070 1270 apud

273 1289 459 1333 maiores
489 1288 655 1332 virtutis
684 1287 728 1331 id
757 1287 995 1346 praemium
1024 1287 1179 1339 fuerat,
1212 1288 1463 1346 cunctisque
1485 1288 1664 1339 civium,
1697 1288 1733 1331 si
1762 1287 1887 1332 bonis
1909 1288 2071 1332 artibus

274 1363 475 1416 fiderent,
506 1363 667 1408 licitum
695 1371 843 1422 petere
874 1364 1165 1422 magistratus3
1197 1377 1248 1407 ac
1278 1377 1332 1407 ne
1363 1369 1480 1407 aetas
1510 1363 1685 1422 quidem
1716 1363 2069 1421 distinguebatur,

225 1439 380 1499 usquin
417 1439 555 1498 prima
589 1439 760 1483 iuventa
800 1438 1067 1483 consulatum
1107 1445 1150 1483 et
1188 1438 1419 1483 dictaturas
1468 1438 1634 1482 inirent.
1694 1439 1772 1483 sed
1814 1445 2069 1498 quaestores

273 1515 448 1574 regibus
479 1515 608 1560 etiam
637 1523 726 1559 tum
755 1514 1063 1572 imperantibus
1094 1514 1270 1558 instituti
1301 1521 1421 1567 sunt3
1453 1514 1570 1573 quod
1597 1514 1667 1558 lex
1687 1515 1849 1559 curiata
1869 1513 2068 1567 ostendit,

275 1592 329 1637 ab
366 1592 412 1636 L.
442 1592 572 1636 Bruto
614 1591 807 1649 repetita.
856 1591 1097 1648 mansitque
1137 1590 1385 1634 consulibus
1420 1596 1610 1648 potestas
1649 1589 1881 1648 deligendi,
1928 1590 2070 1635 donec

276 1682 376 1713 eum
420 1681 596 1727 quoque
638 1667 847 1711 honorem
887 1667 1072 1725 populus
1107 1666 1342 1711 mandaret.
1402 1666 1623 1724 creatique
1660 1667 1845 1724 primum
1875 1665 2068 1711 Valerius

341 1790 374 1824 3.
399 1798 443 1823 ec
464 1798 497 1823 se
519 1798 610 1823 corr.
636 1789 688 1823 M:
714 1798 776 1822 exe
799 1798 852 1832 pr.
878 1790 912 1823 M
941 1807 975 1814 -
1007 1789 1038 1821 7.
1065 1787 1137 1831 Cn.]
1163 1789 1203 1822 G.
1227 1789 1270 1821 N.
1296 1789 1329 1822 M
1355 1805 1391 1811 —
1423 1787 1456 1821 8.
1480 1787 1633 1820 romanis
1655 1796 1709 1830 pr.
1735 1789 1769 1821 M
1793 1788 1934 1831 (roman'
1959 1788 2071 1822 erasis

274 1846 399 1881 litteris
423 1847 468 1887 is,
493 1846 515 1879 i.
542 1855 574 1879 e.
599 1855 776 1887 romanus,
803 1855 894 1879 corr.
921 1845 964 1887 M)
991 1862 1026 1869 -
1060 1845 1250 1887 repperitur
1273 1845 1305 1877 M
1328 1863 1371 1868 —
1393 1847 1467 1890 cetu
1489 1845 1522 1878 M
1549 1862 1584 1868 —
1609 1845 1816 1876 salutantum
1840 1845 1892 1878 M:
1918 1845 2074 1877 salutan-

276 1904 359 1936 tium
379 1901 496 1944 vulgo.
523 1902 574 1936 Cf.
599 1901 631 1943 t,
658 1902 711 1935 tt.
741 1920 774 1927 -
810 1903 841 1935 9.
866 1912 933 1936 non
961 1903 1126 1945 infitiatus
1155 1903 1226 1935 Iac.
1250 1902 1466 1935 Gronovius:
1498 1903 1579 1935 noni
1603 1903 1683 1935 ante
1712 1901 1876 1935 lacunam
1898 1901 2072 1934 tredecim

274 1959 473 1994 litterarum
496 1960 529 1994 M
555 1977 592 1984 —
619 1960 671 1993 Μ.
689 1961 800 1993 censui
821 1969 875 2002 pr.
893 1960 927 1994 M
942 1978 986 1984 —
1010 1957 1080 1993 oms
1101 1960 1134 1994 M
1154 1978 1189 1984 —
1216 1960 1269 1993 ⁴2.
1288 1962 1482 2001 questuram
1496 1959 1530 1993 M
1548 1977 1585 1983 -
1604 1959 1656 1992 43.
1674 1958 1720 2001 id]
1737 1958 1779 1991 sit
1794 1959 1828 1992 M
1846 1975 1881 1984 -
1909 1958 1962 1991 45.
1980 1956 2072 2000 quin]

277 2016 641 2058 quiinM-etM:
669 2017 772 2049 acG.

276 2117 349 2150 nati
377 2116 542 2149 dicuntur
573 2116 633 2158 qui
663 2116 816 2150 maiores
845 2116 939 2149 ciere
963 2125 1033 2150 non
1064 2126 1150 2159 pos-

277 2168 371 2207 sunt,
390 2166 533 2199 obscuri
548 2166 712 2199 homines
728 2175 858 2208 genere
872 2177 878 2206 ;
901 2175 1027 2200 verum
1043 2168 1149 2199 etiam

1199 2120 1416 2158 quaesturam
1438 2115 1710 2158 adipiscerentur]
1734 2115 1756 2147 i.
1783 2123 1817 2148 e.
1844 2114 2074 2156 quaestorum

1200 2167 1475 2209 designatorum.
1498 2166 1548 2199 Cf.
1569 2165 1622 2203 43.
1641 2167 1672 2199 5.
1694 2183 1730 2189 —-
1747 2174 1790 2197 ne
1812 2168 1907 2198 aetas
1929 2164 2071 2206 quidemJ

278 2218 338 2260 qui
361 2218 427 2260 ipsi
451 2217 517 2250 sibi
541 2226 671 2250 nomen
696 2226 889 2260 peperere,
915 2227 984 2251 non
1001 2227 1020 2250 a
1037 2219 1150 2250 maio-

277 2267 377 2301 ribus
393 2276 580 2308 accepere.
614 2268 704 2309 Ergo
721 2268 888 2300 indicavit
904 2267 1063 2300 Tiberius
1081 2269 1150 2300 Ru-

277 2318 352 2352 fum
376 2317 528 2351 obscuro
553 2317 697 2359 quidem
722 2316 799 2350 loco
822 2319 964 2357 natum,
997 2317 1060 2350 sed
1085 2317 1151 2349 sibi

278 2367 410 2410 aliquid
433 2368 585 2400 nominis
608 2368 802 2409 peperisse.
821 2368 901 2400 Eas.
929 2368 1053 2400 Cicero
1070 2368 1151 2401 Phi-

277 2417 362 2460 lipp.
388 2418 408 2451 6
433 2418 452 2460 5
478 2418 517 2450 ⁴7
542 2417 586 2450 de
611 2419 726 2450 semet
748 2419 845 2460 ipso:
878 2426 974 2458 quem
995 2427 1052 2450 vos
1077 2427 1099 2450 a
1121 2426 1153 2450 se

278 2471 391 2501 ortum
412 2467 595 2500 hominibus
615 2467 824 2500 nobilissimis
846 2469 995 2501 omnibus
1017 2468 1153 2500 honori-

280 2519 340 2552 bus
355 2518 574 2560 praetulistis.

323 2569 378 2602 22.
403 2568 580 2610 reperitur]
609 2569 699 2601 Nam
732 2567 916 2609 Claudius,
948 2570 1041 2602 teste
1064 2571 1152 2602 Sue-

280 2619 376 2652 tonio
389 2617 512 2650 Claud.
527 2618 580 2658 35,
599 2618 839 2650 salutatoribus
853 2622 1058 2652 scrutatores
1073 2628 1154 2651 sem·

276 2677 341 2711 per
362 2669 533 2710 apposuit,
559 2671 589 2700 et
612 2669 744 2709 quidem
766 2669 917 2702 omnibus
933 2672 964 2701 et
979 2670 1153 2702 acerbissi-

279 2728 362 2760 mos,
388 2727 477 2761 quos
493 2718 730 2760 Vespasianus
746 2727 871 2752 rursus
888 2719 1039 2760 sustulit,
1065 2721 1153 2752 Sue-

281 2771 354 2803 ton.
379 2769 485 2811 Vesp.
512 2769 564 2801 ⁴2.
594 2787 628 2793 —
666 2769 763 2808 nam]
796 2769 949 2802 refertur
980 2770 1025 2802 ad
1050 2779 1154 2810 neque

281 2820 423 2862 coqnitis
443 2827 525 2851 mox
545 2820 666 2852 causis.
694 2837 731 2843 —
756 2829 824 2851 non
845 2820 1019 2861 infitiatus]
1056 2820 1153 2852 Hanc

282 2869 471 2904 lectionem
505 2869 637 2901 tutatur
659 2869 924 2911 quodammodo
950 2870 1031 2902 Livii
1055 2869 1154 2902 loeus

282 2919 342 2958 24.
359 2920 398 2952 5:
425 2919 464 2951 de
485 2926 518 2951 se
539 2919 610 2959 ipso
632 2919 722 2951 haud
745 2922 940 2952 cunctanter
953 2920 1064 2961 fassus
1078 2928 1154 2952 con-

282 2971 367 3003 scios
389 2968 528 3002 celabat.
556 2985 592 2992 —
627 2969 661 3000 P.
687 2968 872 3011 Dolabella]
898 2969 948 3002 Cf.
975 2970 1006 3010 3,
1032 2969 1086 3002 47.
1113 2986 1150 2992 -

283 3020 408 3052 censuit
429 3019 653 3060 spectaculum
675 3018 904 3059 gladiatorum
919 3019 1002 3061 cet.]
1027 3020 1153 3052 Sueto-

284 3070 364 3103 nius
381 3067 503 3102 Claud.
516 3067 580 3102 24:
606 3068 747 3109 Colleyio
764 3072 979 3108 quaestorum
987 3078 1053 3110 pro
1067 3072 1156 3102 stra-

284 3122 364 3151 tura
397 3119 533 3151 viarum
566 3117 807 3160 yladiatorium
839 3127 960 3150 munus
992 3120 1152 3152 iniunaeit.

285 3167 429 3201 Sustulit
452 3168 487 3200 id
510 3176 640 3201 munus
656 3169 748 3200 Nero
772 3167 805 3198 in
830 3168 1000 3210 principio
1018 3171 1154 3212 imperii

286 3220 391 3260 atque
426 3219 604 3251 coustituit
643 3227 684 3250 ne
717 3218 896 3259 designatis
930 3221 1157 3259 quaestoribus

286 3270 399 3302 edendi
422 3270 626 3311 gladiatores
647 3270 823 3301 necessitas
837 3271 918 3300 esset
933 3269 999 3310 (13,
1017 3270 1059 3311 5).
1087 3272 1155 3303 Re-

286 3321 425 3352 vocavit
447 3320 664 3353 Domitianus
688 3318 851 3352 Suetonio
869 3321 957 3351 teste
975 3321 1100 3353 Domit.
1119 3321 1151 3354 t:

288 3370 483 3410 quaestoriis
511 3369 719 3409 muneribus,
752 3376 838 3410 quae
860 3369 940 3401 olim
962 3370 1083 3401 omissa
1104 3379 1156 3402 re-

286 3423 485 3460 vocaverat,
520 3429 646 3462 semper
676 3419 840 3460 interfuit.
874 3434 910 3442 -—
949 3422 1064 3451 eorum
1098 3421 1154 3460 qui

1199 2220 1238 2250 ut
1259 2220 1382 2260 postea
1406 2217 1538 2249 factum
1555 2217 1611 2249 est
1628 2214 1765 2256 legibus
1783 2214 1980 2255 annalibus,
2005 2214 2075 2248 Vil-

1201 2268 1244 2300 lia
1269 2269 1312 2308 (a.
1338 2276 1373 2300 u.
1400 2266 1474 2307 753)
1506 2267 1542 2298 et
1565 2266 1701 2298 Pinaria
1725 2265 1818 2307 (anui
1843 2265 1996 2306 incerti),
2026 2264 2072 2298 de

1201 2317 1330 2359 quibus
1354 2316 1433 2349 vide
1458 2317 1587 2349 Baiteri
1610 2315 1766 2348 Iudicem
1789 2314 1907 2357 legum
1930 2315 1966 2348 in
1984 2315 2074 2348 Ono-

1201 2369 1340 2401 mastici
1364 2366 1508 2400 Tulliani
1531 2366 1711 2399 volumine
1735 2367 1850 2399 tertio.
1873 2384 1909 2390 —
1935 2365 1992 2398 lex
2012 2373 2074 2398 eu—

1199 2418 1302 2460 rialo]
1326 2419 1360 2451 in
1386 2418 1492 2451 curiis
1516 2416 1582 2449 lata
1607 2417 1652 2449 de
1677 2417 1826 2459 imperio
1843 2418 1878 2449 et
1897 2417 2073 2459 potestate

1201 2478 1337 2510 regum.
1363 2469 1523 2511 Repetita
1548 2469 1602 2500 est
1625 2476 1643 2499 a
1661 2467 1789 2507 Bruto,
1813 2468 1854 2499 ut
1868 2465 2074 2500 consulibus

1203 2519 1331 2552 eadem
1358 2520 1515 2560 potestas
1533 2519 1645 2557 esset,
1671 2526 1762 2559 quae
1778 2516 1921 2558 regibus
1937 2516 2073 2550 suisset.

1203 2570 1253 2603 Cf.
1279 2568 1438 2602 Niebuhr
1461 2570 1497 2601 R.
1523 2568 1563 2601 G.
1589 2569 1619 2608 1,
1646 2576 1681 2610 p.
1706 2567 1768 2600 373
1785 2569 1820 2600 et
1835 2567 1910 2600 380.
1937 2567 2010 2600 Cic.
2028 2566 2074 2600 de

1202 2620 1286 2661 Rep.
1305 2620 1339 2657 2,
1359 2618 1421 2651 ⁴3:
1446 2619 1576 2658 Numa,
1601 2621 1637 2649 ut
1658 2618 1722 2649 huc
1739 2618 1845 2656 venit,
1871 2625 2076 2658 quamquam

1198 2670 1341 2710 populus
1364 2669 1505 2701 curiatis
1527 2677 1602 2700 eum
1624 2668 1764 2700 comitiis
1787 2675 1901 2709 reqem
1922 2675 1988 2700 esse
2009 2667 2076 2700 ius·-

1201 2723 1307 2760 serat,
1343 2723 1452 2751 tamen
1485 2719 1556 2759 ipse
1589 2718 1628 2749 do
1658 2726 1717 2749 suo
1747 2717 1884 2757 imperio
1907 2717 2076 2750 curiatam

1201 2771 1304 2811 leyem
1327 2770 1411 2801 tulit.
1441 2786 1477 2792 —-
1509 2768 1716 2810 sexagesimo
1737 2768 1834 2799 tertio
1856 2766 1956 2808 anno]
1979 2776 2011 2799 a.
2037 2776 2071 2800 u.

1202 2820 1278 2859 307,
1310 2819 1412 2860 igitur
1442 2818 1546 2860 paulo
1577 2819 1657 2860 post
1678 2817 1736 2850 XII
1760 2815 1898 2849 tabulas
1922 2815 2075 2858 perlatas

1203 2871 1239 2902 et
1262 2869 1484 2902 decemviros
1509 2877 1528 2900 e
1548 2876 1588 2900 re
1604 2865 1745 2909 publica
1762 2865 1931 2900 sublatos.
1954 2884 1990 2890 -
2008 2867 2076 2899 duo

1201 2920 1320 2959 additi,
1340 2919 1397 2959 qui
1410 2919 1532 2950 Romae
1547 2917 1717 2958 curarent]
1734 2918 1759 2949 A
1777 2917 1896 2949 Tacito
1913 2916 2076 2950 dissentit

1202 2969 1319 3002 Livius
1343 2967 1393 3008 (4,
1419 2967 1503 3008 43),
1537 2967 1597 3008 qui
1627 2975 1657 2999 a.
1686 2975 1719 2999 u.
1745 2966 1808 2999 333
1838 2965 2005 2999 consules
2028 2965 2074 2999 de

1203 3017 1415 3061 duplicando
1450 3019 1682 3059 quaestorum
1711 3025 1860 3050 numero
1891 3018 1939 3049 ita
1961 3017 2075 3048 rettu-

1201 3068 1284 3102 lisse
1308 3069 1449 3107 narrat,
1474 3069 1514 3099 ut
1537 3067 1662 3099 fierent
1682 3069 1819 3107 praeter
1833 3067 1916 3099 duos
1927 3065 2075 3098 urbanos

1203 3121 1391 3159 quaestores
1423 3118 1488 3150 duo
1516 3117 1573 3157 qui
1603 3116 1789 3149 consulibus
1817 3116 1863 3148 ad
1886 3115 2073 3148 ministeria

1202 3170 1274 3201 belli
1302 3172 1436 3209 praesto
1465 3171 1580 3200 essent.
1615 3184 1651 3191 -—
1689 3167 1877 3208 duplicatus
1902 3164 2071 3207 numerus]

1206 3221 1274 3252 Liv.
1295 3220 1382 3261 Epit.
1407 3220 1460 3252 ¹5:
1488 3220 1706 3259 Quaestor-um
1726 3226 1882 3250 numerus
1896 3217 2075 3256 ampliatus

1203 3273 1265 3303 est,
1291 3273 1327 3301 ut
1351 3272 1454 3301 essent
1477 3272 1549 3301 octo
1575 3271 1616 3309 (a.
1644 3277 1676 3299 u.
1697 3267 1784 3308 487).
1805 3283 1840 3289 —
1866 3264 1997 3307 viyintt]
2021 3267 2074 3299 uti

1204 3329 1223 3352 a
1249 3320 1401 3353 Caesare
1426 3319 1595 3352 dictatore
1613 3317 1842 3360 quadraginta
1867 3315 2013 3355 eadem,
2040 3317 2076 3349 ni

1204 3369 1319 3410 fallor,
1345 3378 1463 3402 causa.
1490 3369 1552 3402 Dio
1576 3368 1631 3407 43,
1656 3367 1712 3401 47.
1738 3366 1788 3400 Cf.
1815 3365 1989 3408 Goetuing
2015 3366 2075 3399 Ur-

1201 3421 1333 3454 kunden
1355 3429 1391 3463 p.
1408 3421 1440 3453 7.
1462 3437 1496 3443 -
1515 3419 1692 3461 supplendo
1706 3416 1847 3460 senatui]
1865 3425 1949 3450 nam
1965 3424 2075 3460 quae-
