2254 3770
281 268 368 313 330
759 274 804 318 P.
835 273 1086 319 CORNELII
1114 274 1286 319 TACITI
1312 274 1582 322 ANNALIUM

282 382 433 422 coetus
473 379 809 440 alienigenarum
844 379 962 424 velut
1003 381 1224 439 captivitas
1268 381 1503 426 inferatur?
1547 396 1680 441 quem
1713 382 1825 428 ultra
1860 382 2070 429 honorem

281 453 468 498 residuis
497 456 723 508 nobilium,
755 462 828 501 aut
855 456 892 500 si
922 456 1019 515 quis
1048 471 1216 515 pauper
1245 470 1270 500 e
1298 457 1417 501 Latio
1447 464 1635 510 senator,
1667 458 1790 503 fore?
1819 458 2069 517 oppleturos

281 528 425 572 omnia
467 529 622 575 divites
665 531 779 584 illos,
825 545 1012 590 quorum
1051 533 1118 576 avi
1158 532 1395 591 proavique
1433 533 1649 577 hostilium
1687 534 1906 578 nationum
1935 534 2071 579 duces

282 605 495 649 exercitus
537 612 708 651 nostros
745 606 859 651 ferro
898 607 1028 666 vique
1068 607 1318 660 ceciderint,
1366 608 1513 652 divum
1549 608 1703 653 Iulium
1741 610 1857 668 apud
1886 609 2070 654 Alesiam

247 680 542 725 nobsederint.
588 683 775 726 recentia
805 684 925 727 haec.
969 682 1074 742 quid
1105 683 1141 726 si
1171 683 1380 727 memoria
1409 697 1560 728 eorum
1589 691 1802 734 oreretur,
1833 685 1867 743 †
1894 685 1970 743 qui
1990 686 2072 730 Ca·-

280 755 428 814 pitolio
459 763 502 801 et
530 771 604 802 ara
633 759 824 802 Romana
852 758 1049 802 manibus
1080 758 1319 802 eorundem
1346 773 1427 817 per
1456 773 1504 803 se
1535 759 1675 804 satis?
1703 760 1946 805 fruerentur
1965 775 2071 806 sane

219 880 222 885 ,
279 831 490 876 vocabulo
528 833 730 877 civitatis:
770 834 951 892 insignia
981 840 1169 893 patrum,
1211 833 1370 878 decora
1398 835 1724 892 magistratuum
1751 849 1807 880 ne
1835 836 2072 895 vulgarent.

281 908 362 964 (24)
394 908 459 951 his
490 914 618 967 atque
649 908 803 953 talibus
832 909 947 953 haud
979 916 1200 968 permotus
1231 909 1431 968 princeps
1461 917 1505 954 et
1529 911 1671 955 statim
1700 918 1849 956 contra
1868 911 2073 957 disseruit

280 989 323 1027 et
352 989 503 1028 vocato
533 990 683 1028 senatu
716 984 772 1028 ita
795 998 982 1029 exorsus
1012 991 1099 1029 est:
1143 985 1359 1029 «maiores
1388 986 1491 1037 mei,
1535 1000 1720 1044 quorum
1740 987 2070 1046 antiquissimus

230 1072 268 1103 ιο
283 1057 481 1111 Clausus,
513 1059 677 1117 origine
707 1059 884 1113 Sabina,
917 1060 1043 1104 simul
1073 1060 1116 1103 in
1147 1061 1363 1105 civitatem
1381 1063 1615 1106 Romanam
1643 1067 1686 1106 et
1714 1062 1757 1105 in
1785 1062 1964 1107 familias
1993 1076 2071 1122 pa-

278 1134 498 1179 triciorum
528 1134 719 1179 adscitus
749 1142 833 1188 est,
877 1135 1099 1180 hortantur
1126 1136 1187 1180 uti
1222 1136 1398 1194 paribus
1427 1137 1617 1181 consiliis
1645 1138 1690 1180 in
1718 1151 1765 1182 re
1795 1137 1968 1196 publica
1998 1151 2071 1183 ca-

284 1209 502 1269 pessenda
544 1210 837 1255 transferendo
876 1210 961 1256 huc
990 1211 1107 1269 quod
1143 1225 1328 1270 usquam
1357 1212 1577 1270 egregium
1605 1212 1741 1256 fuerit.
1783 1227 1927 1273 neque
1956 1214 2070 1258 enim

280 1286 429 1344 ignoro
459 1285 590 1330 Iulios
619 1286 743 1339 Alba,
778 1287 1070 1332 Coruncanios
1101 1288 1308 1339 Camerio,
1339 1288 1515 1332 Porcios
1544 1287 1727 1332 Tusculo
1757 1295 1821 1341 et,
1849 1303 1905 1333 ne
1925 1295 2071 1334 vetera

280 1368 537 1414 scrutemur,
577 1363 745 1407 Etruria
782 1363 1057 1421 Lucaniaque
1096 1369 1138 1407 et
1176 1363 1291 1407 omni
1329 1363 1449 1408 Italia
1476 1363 1519 1407 in
1549 1369 1744 1407 senatum
1771 1364 1952 1416 accitOS‚
1992 1378 2073 1423 po-

230 1450 267 1481 ⁴5
280 1443 438 1482 stremo
469 1438 607 1496 ipsam
627 1438 682 1482 ad
702 1437 831 1496 Alpes
850 1445 1102 1496 promotam,
1125 1444 1173 1482 ut
1191 1452 1275 1483 non
1296 1438 1427 1483 modo
1448 1438 1604 1497 singuli
1622 1439 1792 1491 viritim,
1818 1439 1896 1484 scd
1918 1446 2073 1494 terrae,

280 1519 428 1571 gentes
458 1512 500 1556 in
530 1528 688 1558 nomen
716 1520 908 1558 nostrum
940 1514 1246 1559 coalescerent.
1277 1521 1378 1559 tunc
1399 1514 1536 1558 solida
1557 1514 1672 1558 domi
1694 1515 1831 1573 quies,
1854 1521 1901 1560 et
1915 1515 2072 1561 adver-

280 1602 356 1632 sus
385 1595 559 1633 externa
588 1588 830 1642 floruimus,
862 1604 961 1634 cum
981 1590 1271 1648 Transpadani
1291 1591 1333 1634 in
1355 1590 1571 1635 civitatem
1590 1590 1771 1648 recepti,
1806 1604 1905 1636 cum
1923 1591 2071 1649 specie

345 1704 376 1737 t.
401 1704 503 1737 uelud
524 1705 558 1738 M
590 1723 625 1728 -
657 1704 838 1746 captiuitas
865 1705 920 1739 M:
951 1707 1070 1745 captae
1099 1704 1227 1738 civitati
1255 1704 1440 1743 Heinsius;
1477 1703 1617 1744 captivis
1643 1703 1892 1746 (senatoribus)
1914 1704 2069 1746 Urlichs;

278 1764 381 1802 capta
402 1761 444 1794 sil
464 1761 583 1794 civitas
604 1761 730 1795 Haase.
759 1779 795 1786 —
828 1761 861 1795 2.
885 1765 1036 1803 senator,
1059 1761 1157 1803 fore?
1178 1760 1373 1795 Acidalius:
1398 1764 1533 1794 senator
1553 1761 1640 1802 foret
1661 1761 1694 1794 Μ
1719 1778 1756 1784 -
1781 1761 1813 1795 4.
1840 1762 2018 1808 ceciderint
2037 1763 2073 1798 M
2139 1773 2143 1776 ·

281 1834 317 1840 -
343 1818 376 1850 5.
402 1821 553 1850 oreretur
582 1818 732 1851 Bachius
764 1817 825 1859 (cf.
851 1819 939 1851 Anu.
964 1819 998 1858 2,
1022 1817 1095 1859 47):
1120 1821 1307 1851 moreretur
1329 1818 1380 1856 M;
1412 1819 1599 1850 moveretur
1621 1817 1689 1850 Iac.
1718 1818 1923 1852 Gronovius.
1947 1836 1992 1844 -
2014 1819 2077 1860 qai

278 1874 435 1915 capitolio
457 1876 488 1907 et
510 1883 576 1907 ara
597 1882 742 1907 romana
762 1873 915 1907 manibus
933 1875 1113 1908 eorundem
1130 1883 1194 1916 per
1207 1882 1242 1907 se
1255 1874 1335 1906 satis
1351 1873 1545 1916 (corrupte,
1571 1872 1721 1906 fortasse
1737 1874 1843 1908 etiam
1859 1875 1999 1916 mance)
2017 1876 2070 1909 M:

279 1931 353 1972 quis
374 1940 442 1972 pro
465 1931 627 1972 Capitolio
650 1935 680 1964 et
702 1940 780 1964 arce
804 1931 872 1974 (sic
894 1940 960 1974 pro
984 1940 1050 1964 ara
1073 1932 1143 1964 iam
1165 1930 1359 1972 Acidalius)
1385 1931 1536 1963 Romana
1557 1929 1736 1963 manubias
1756 1931 1895 1964 deorum
1909 1932 2074 1973 pensastis

278 1987 459 2026 Heinsius;
491 1988 549 2028 qui
578 1988 740 2029 Capitolio
769 1992 800 2021 el
828 1997 907 2022 arce
939 1990 1090 2022 Romana
1110 1988 1286 2021 manubias
1307 1989 1443 2021 deorum
1465 1988 1674 2028 dempsissent
1702 1987 1855 2027 Urlichs;
1888 1989 1946 2030 qui
1968 1989 2074 2030 Capi-

277 2043 355 2076 tolio
377 2047 408 2076 et
429 2053 508 2077 arce
529 2045 679 2077 Romana
694 2045 870 2078 manubias
891 2046 1028 2078 deorum
1051 2045 1199 2087 deripere
1221 2045 1333 2078 conati
1352 2045 1418 2077 sint
1439 2043 1660 2086 Nipperdey;
1686 2043 1757 2086 qui,
1780 2043 1982 2085 inspectante
2004 2045 2074 2079 Ca-

272 2100 390 2141 pitolio
419 2103 451 2133 et
480 2109 558 2133 arce
581 2101 752 2141 Romana,
779 2102 932 2134 manibus
953 2102 1131 2135 eorundem
1157 2101 1323 2143 prostrati
1343 2101 1408 2133 sint
1430 2100 1595 2134 Ritterus.
1631 2100 1793 2133 Lacunae
1823 2101 1966 2143 signum
1992 2103 2075 2145 post

276 2158 359 2190 satis
386 2157 598 2191 addiderunt
627 2158 824 2199 Bekkerus‚
857 2158 1034 2200 Halmius,
1067 2160 1194 2192 Haase.
1222 2176 1257 2182 -
1285 2159 1338 2192 tl.
1363 2158 1399 2191 in
1420 2167 1458 2191 re
1475 2156 1611 2198 publica
1632 2157 1832 2198 capessenda
1853 2156 2012 2192 Halmius
2036 2159 2074 2192 et

277 2213 551 2247 Weissenborn:
585 2224 657 2248 rem
679 2215 817 2257 publica
844 2218 1044 2258 capessenda
1066 2217 1117 2258 Μ,
1148 2215 1214 2250 sed
1236 2217 1318 2249 ante
1340 2225 1412 2249 rem
1433 2223 1504 2248 una
1525 2214 1642 2248 littera
1664 2222 1785 2254 erasa;
1815 2222 1888 2248 rom
1902 2214 2075 2256 publicam

276 2279 449 2311 capessam
470 2269 538 2304 alii.
567 2289 602 2295 —
629 2272 682 2304 ⁴2.
707 2280 816 2313 usqua
838 2273 884 2307 M.

277 2363 398 2398 δωκεν
430 2363 551 2406 (Iulius
581 2366 714 2398 Caesar
736 2374 768 2398 a.
793 2375 829 2399 u.
855 2366 943 2408 705).
982 2363 1150 2410 ποιήσας

277 2414 319 2448 δὲ
349 2415 470 2448 ταῦτα
500 2416 565 2448 καὶ
591 2412 637 2448 τὸ
662 2412 789 2459 ὄνομα
810 2414 880 2459 τῆς
901 2415 1149 2464 δικτατωρίας

278 2463 450 2499 ἀπεῖπεν.
481 2483 516 2488 -
551 2466 739 2510 captivitas]
775 2466 897 2500 «velut
930 2469 1150 2510 captivorum

278 2517 381 2551 turba
413 2517 656 2550 introducatur
686 2519 722 2550 in
754 2519 953 2551 senatum.»
984 2520 1072 2552 Satis
1095 2520 1151 2552 in-

278 2567 413 2600 vidiose
448 2576 530 2600 cum
564 2566 685 2600 dicunt
715 2571 842 2600 coetum
871 2569 1150 2610 alienigenarum,

282 2617 448 2650 invidiam
472 2618 579 2649 etiam
595 2618 742 2658 augent,
768 2617 916 2651 eosdem
931 2618 1078 2660 insuper
1091 2628 1152 2651 ca-

277 2668 404 2708 ptivos,
440 2667 549 2700 armis
584 2675 709 2700 omnes
738 2676 758 2699 a
788 2668 953 2701 Romanis
977 2668 1148 2708 devictos,

279 2719 459 2751 vocantes.
480 2716 660 2759 (Urlichsio
676 2721 786 2750 coetus
797 2719 853 2751 est
867 2720 1050 2760 genetivus
1067 2728 1152 2761 pen-

280 2769 371 2802 dens
401 2777 420 2801 a
452 2767 672 2801 substantivo
702 2769 898 2809 captivitas,
930 2769 1026 2811 quod
1049 2777 1151 2801 com-

281 2819 378 2851 muni
401 2817 654 2859 significatione
679 2818 927 2861 accipiendum
950 2819 1018 2860 sit.)
1039 2836 1075 2842 —
1100 2827 1152 2851 re-

280 2868 399 2911 siduis]
433 2869 514 2911 quia
547 2868 749 2910 complures
773 2868 923 2902 familiae
946 2869 1077 2902 veteris
1100 2870 1150 2902 rei

280 2918 445 2961 publicae
475 2920 558 2951 tunc
591 2921 652 2951 aut
678 2919 872 2952 exstinctae
897 2921 999 2952 erant
1021 2921 1082 2952 aut
1104 2920 1150 2952 ita

281 2968 408 3011 opibus
432 2968 640 3007 destitutae,
666 2970 705 3000 ut
727 2968 773 3001 ad
788 2970 950 3002 senatum
967 2968 1150 3010 adspirare

283 3027 352 3051 non
369 3019 526 3061 possent.
543 3035 576 3040 -
599 3018 715 3050 divites
729 3018 812 3060 illos]
831 3019 882 3051 Cf.
901 3019 932 3058 3,
947 3018 1007 3052 46:
1026 3021 1152 3059 quanto

277 3069 422 3110 pecunia
444 3068 525 3101 dites
546 3071 578 3101 et
599 3068 826 3108 voluptatibus
844 3069 1032 3109 opulentos,
1057 3071 1151 3102 tanto

280 3119 389 3160 mayis
417 3118 549 3151 inbelles
574 3117 714 3151 Aeduos.
751 3118 805 3158 ll,
832 3119 891 3151 ⁴8:
924 3128 991 3151 non
1011 3120 1153 3161 ignarus

281 3170 363 3202 dites
377 3171 409 3201 et
421 3168 564 3203 imbelles
577 3177 643 3202 esse
659 3166 810 3209 (Gallos).
831 3185 867 3191 -
885 3169 1039 3211 Alesiam]
1058 3170 1152 3202 Man-

283 3219 473 3252 dubiorum
507 3219 695 3261 oppidum,
731 3218 837 3251 hodie
867 3218 964 3251 Alise.
1002 3220 1053 3251 De
1083 3219 1152 3251 hac

283 3269 468 3302 obsidione
491 3278 525 3302 v.
553 3271 655 3303 Caes.
679 3270 717 3302 B.
743 3270 781 3301 G.
806 3269 839 3308 7,
865 3269 906 3301 68
930 3278 1010 3310 sqq.

325 3319 380 3353 24.
405 3320 530 3362 statim]
555 3329 637 3353 cum
660 3318 750 3352 illius
773 3319 949 3361 petitionis
973 3318 1151 3353 Gallorum

283 3369 475 3403 adversarii
506 3371 542 3403 in
571 3369 702 3403 Palatio
725 3369 989 3409 dissuaderent,
1023 3378 1068 3402 ne
1099 3370 1150 3402 eis

283 3420 368 3454 satis
392 3420 536 3454 faceret.
556 3438 594 3445 —
617 3429 760 3455 emersus
773 3419 832 3463 est]
851 3421 936 3453 Pars
950 3419 1053 3453 huius
1069 3427 1150 3452 ora-

1200 2366 1304 2399 tionis
1317 2366 1432 2399 exstat
1443 2364 1560 2398 adhuc
1574 2363 1733 2406 Lugduni
1744 2363 1817 2397 aeri
1829 2363 1953 2404 incisa,
1963 2372 2072 2406 quam

1200 2417 1235 2449 in
1257 2416 1361 2449 huius
1385 2414 1464 2448 libri
1479 2415 1550 2448 fine
1567 2413 1840 2448 exscribendam
1856 2414 2071 2455 curavimus,

1201 2467 1284 2508 quia
1305 2466 1375 2498 hoc
1398 2464 1574 2507 exemplo,
1598 2465 1637 2497 ut
1651 2466 1700 2498 ait
1714 2463 1853 2505 Zellius,
1876 2463 1971 2497 clare
1994 2463 2072 2497 elu-

1201 2518 1276 2556 cet,
1302 2524 1411 2558 quam
1434 2516 1608 2548 rationem
1624 2515 1763 2547 Tacitus
1786 2514 1822 2547 in
1838 2512 2069 2554 orationibus,

1201 2575 1289 2607 quas
1320 2565 1490 2608 operibus
1521 2565 1593 2598 suis
1624 2563 1782 2605 inclusit,
1815 2562 2072 2606 componendis

1202 2618 1346 2649 secutus
1379 2616 1442 2656 sit,
1479 2614 1645 2648 videlicet
1675 2622 1774 2654 eam,
1807 2622 1899 2656 quae
1927 2614 2072 2648 omnino

1201 2666 1353 2707 antiquis
1376 2674 1497 2698 rerum
1513 2664 1745 2707 scriptoribus
1762 2662 1908 2706 placuit,
1933 2663 2072 2697 tabula-

1200 2725 1280 2749 rum
1305 2718 1341 2749 et
1363 2717 1676 2748 monumentorum
1701 2722 1828 2756 parum
1851 2714 2012 2754 curiosis,
2035 2715 2074 2747 et

1202 2768 1261 2808 qui
1285 2767 1462 2799 orationes
1493 2766 1610 2808 potius
1639 2764 1685 2797 ad
1708 2763 1902 2806 elegantiae
1925 2772 2072 2798 sensum

1202 2819 1237 2849 et
1267 2826 1310 2849 ex
1339 2817 1606 2849 convenientiae
1637 2814 1766 2847 iudicio
1789 2813 1900 2847 libere
1923 2812 2073 2855 effinge-

1200 2868 1281 2906 rent
1305 2866 1530 2908 (proprioque
1553 2874 1619 2899 suo
1635 2863 1775 2897 dicendi
1794 2864 1915 2905 generi
1932 2871 2074 2897 accom-

1202 2916 1413 2957 modarent),
1432 2924 1540 2957 quam
1556 2916 1761 2948 accuratam
1775 2914 1811 2947 in
1827 2913 2072 2956 conquirendo

1202 2969 1238 3000 et
1267 2965 1503 2999 describendo
1535 2965 1752 3007 diligentiam
1781 2963 2004 2998 adhiberent.
2031 2981 2068 2988 —

1201 3016 1356 3058 Clausus]
1392 3015 1443 3049 Cf.
1469 3015 1502 3055 4,
1527 3015 1559 3048 9.
1587 3033 1623 3039 -
1660 3015 1696 3047 in
1724 3023 1763 3048 re
1791 3023 1829 3055 p.
1860 3014 2070 3058 capessenda]

1203 3067 1254 3101 Cf.
1281 3067 1335 3108 43,
1352 3066 1392 3100 4:
1416 3066 1557 3098 consilia
1577 3065 1639 3098 sibi
1662 3068 1694 3098 et
1715 3065 1868 3106 eoeonupza
1882 3065 2071 3106 capessendi

1201 3118 1330 3159 eqreqt‘e
1357 3117 1489 3158 imperii
1518 3115 1729 3149 memoravit.
1774 3115 1828 3155 46,
1852 3115 1912 3148 26:
1942 3123 2071 3156 σωρη-

1201 3168 1307 3207 deret,
1343 3168 1431 3208 quod
1458 3167 1519 3199 tali
1546 3166 1582 3198 in
1612 3169 1757 3206 tempore
1786 3165 1999 3206 capessendae
2019 3166 2070 3214 'joi

1197 3227 1233 3258 p.
1259 3218 1322 3251 iter·
1343 3218 1584 3260 ingrederetur.
1608 3234 1643 3239 -
1670 3213 1832 3256 Camerio]
1857 3214 1982 3247 Cicero
2003 3222 2070 3256 pro

1201 3267 1342 3301 Plancio
1365 3267 1384 3309 ἓ
1408 3268 1450 3300 20
1473 3265 1689 3301 Tusculanos
1711 3265 1794 3298 facit
1815 3264 2069 3305 Coruncanios,

1201 3319 1286 3351 item
1309 3327 1373 3361 pro
1397 3317 1489 3351 Sulla
1513 3317 1604 3360 523.
1628 3333 1665 3339 —
1690 3314 1832 3349 Eam-ia
1854 3314 1936 3357 cet]
1960 3313 2074 3348 Paulo

1201 3370 1324 3402 durius
1352 3369 1409 3402 hic
1432 3369 1605 3402 omissum
1628 3366 1683 3400 est
1705 3365 1866 3407 quosdam
1886 3364 1944 3398 vel
1970 3365 2068 3399 alios.

1201 3419 1253 3453 Cf.
1278 3428 1309 3453 c.
1336 3418 1398 3453 ⁴4:
1426 3426 1562 3460 paucae
1587 3418 1739 3459 priimam
1760 3415 1854 3457 tuere
1882 3414 2064 3458 (litteraen
