2254 3770
0 917 24 970 i.

0 973 16 1021 ,Ξ

0 1039 3 1049 ,

0 1051 13 1122 ξ’

0 1127 11 1166 z

746 303 903 348 maan
929 303 996 348 v1.
1031 302 1144 360 cap.
1174 302 1244 348 32.
1274 303 1350 352 33.-
1375 303 1443 348 34.
1916 301 2000 350 295

213 411 492 457 familiaritate
522 409 688 456 Claudii
706 415 860 467 turpe.
877 409 921 452 in
950 408 1170 453 servitium
1207 415 1392 455 mutatus
1423 410 1642 470 exemplar
1669 416 1772 470 aput
1798 417 1998 469 posteros

211 486 434 533 adulatorii
456 485 686 530 dedecoris
714 484 910 535 habetur,
941 490 1254 542 cesseruntque
1282 485 1420 542 prima
1446 485 1687 544 postremis,
1718 492 1771 530 et·
1790 485 1904 530 bona
1931 486 1998 529 iu-

211 569 361 607 ventae
376 567 589 606 *sanemus
619 559 829 618 flagitiosa
857 558 1120 605 obliteravit..
1139 559 1227 616 (33)
1247 566 1300 603 at
1327 573 1381 604 ex
1410 560 1569 619 regulis
1598 560 1717 619 prior
1736 560 1996 606 Mithridates

209 636 539 682 Pharasmanem
560 634 754 693 »perpulit
781 634 882 679 dolo
911 640 957 678 et
982 635 1024 678 vi
1050 640 1229 690 conatus
1258 649 1362 679 suos
1390 635 1550 687 iuvare,
1581 636 1826 695 repertique
1847 650 1997 681 corru-

208 719 354 771 ptores
395 711 611 756 ministros
650 710 818 754 Arsacis
862 709 995 754 multo
1037 723 1145 754 auro
1163 709 1237 760 „ad
1276 709 1418 754 scelus
1458 717 1636 769 cogunt;
1678 710 1807 756 simul
1846 711 2027 756 Hiberis

206 787 375 845 magnis
409 786 545 844 copiis
582 785 824 830 Armeniam
863 785 1110 843 inrumpunt
1146 791 1190 829 et
1216 785 1335 829 urbe
1371 787 1569 830 Artaxata
1606 787 1837 844 potiuntur.
1881 800 1994 845 quae

206 869 436 921 postquam
454 861 667 906 Artabano
687 861 867 919 cognita,
899 859 1033 904 filium
1053 860 1245 905 Orodem
1271 860 1453 905 ultorem
1482 867 1623 919 parat;
1650 861 1726 906 dat
1743 861 1995 907 Parthorum

206 938 373 997 copias,
410 936 534 981 mittit
562 937 637 994 qui
666 935 824 980 auxilia
851 935 1056 981 mercede
1084 935 1283 980 facerent.
1329 942 1476 980 contra
1504 936 1817 982 Pharasmanes
1842 937 1995 981 adiun-

205 1026 310 1071 gere
327 1011 526 1063 Albanos,
556 1012 698 1056 accire
718 1012 946 1062 SarmataS‚
977 1025 1162 1069 quorum
1182 1011 1406 1069 sceptuchi
1427 1011 1640 1070 utrimque
1660 1011 1786 1056 donis
1805 1013 1994 1071 acceptis

204 1087 529 1146 more=2gentico
560 1087 743 1132 diversa·
767 1086 960 1130 induere.
1004 1085 1084 1131 sed
1113 1086 1260 1131 Hiberi
1294 1086 1490 1131 locorum
1516 1093 1714 1145 potentes
1743 1087 1900 1146 Caspia
1926 1088 2045 1132 viam

205 1165 439 1208 Sarmatam
467 1163 510 1207 in
540 1162 762 1207 Armenios
791 1161 946 1219 raptim
971 1161 1210 1206 effundunt.
1240 1168 1284 1206 at
1311 1163 1386 1221 qni
1409 1161 1575 1206 Parthis
1604 1162 1902 1215 adventabant,
1932 1163 1995 1208 fa-

203 1239 286 1284 eile
320 1238 596 1288 arcebantur,
637 1251 736 1282 cum
775 1237 880 1282 alios
917 1237 1113 1282 incessus
1149 1237 1285 1294 hostis
1314 1237 1557 1290 clausisset,
1598 1252 1731 1281 unum
1766 1237 1992 1296 reliquum,

202 1328 321 1360 mare
340 1314 449 1358 inter
468 1320 511 1358 et
530 1319 746 1358 extremos
764 1312 1023 1357 Albanorum
1051 1318 1231 1363 montes,
1262 1319 1405 1357 aestas
1419 1313 1669 1371 ¹impediret,
1700 1314 1803 1372 quia
1821 1313 1993 1358 flatibus

204 1390 435 1435 etesiarum
463 1388 694 1447 implentur
722 1387 850 1432 vada:
880 1387 1085 1432 hibernus
1116 1394 1262 1432 auster
1289 1387 1469 1433 revolvit
1487 1388 1656 1443 fluctus,
1684 1388 1900 1447 pulsoque
1930 1390 1993 1432 in·-

203 1473 369 1510 trorsus
406 1464 523 1508 freto.
555 1464 706 1508 brevia
744 1463 916 1507 litorum
952 1464 1178 1508 nudantur.
1229 1464 1311 1521 (34)
1352 1464 1519 1508 interim
1558 1464 1736 1509 Oroden
1775 1465 1994 1509 sociorum
2005 1474 2044 1505 ⁴⁵

204 1541 379 1599 inopem
405 1546 558 1587 auctus
586 1539 745 1583 auxilio
774 1539 1085 1583 Pharasmanes
1114 1553 1270 1584 vocare
1305 1539 1361 1583 ad
1398 1553 1587 1598 pugnam
1614 1547 1659 1584 et
1686 1539 1993 1585 detrectantem

205 1617 432 1667 incessere,
465 1615 718 1673 adequitare
747 1615 910 1666 castris,
943 1615 1155 1659 infensare
1183 1614 1372 1673 pabula,
1395 1629 1448 1659 ac
1476 1629 1609 1674 saepe
1637 1616 1682 1659 in
1709 1615 1886 1661 modum
1915 1616 1993 1661 ob-

267 1751 300 1783 5.
324 1727 439 1782 haberi
464 1746 539 1791 (sic)
562 1748 594 1780 M
620 1765 656 1771 -
682 1748 714 1780 7.
740 1748 799 1780 dat
821 1748 1018 1780 Parthorum
1042 1725 1232 1781 Duebneri
1255 1728 1322 1780 'dat
1340 1748 1605 1789 parthorumque
1627 1749 1679 1788 Μ;
1704 1749 1828 1789 datque
1848 1750 1993 1782 Partho-

201 1804 513 1851 ru'm‘Beroaldus:
538 1804 597 1836 dat
618 1804 817 1836 Parthorum
830 1804 1053 1845 Ariorumque
1074 1803 1350 1846 Bezzenberger.
1371 1822 1407 1828 -
1432 1804 1464 1837 8.
1481 1805 1645 1853 mittitque
1667 1805 1725 1846 qui
1746 1805 1882 1838 auxilia
1901 1815 1994 1839 mer-

203 1863 280 1896 cede
307 1861 454 1894 accirent
480 1859 589 1893 idem.
622 1876 659 1883 -
697 1859 727 1892 9.
754 1860 864 1893 accire
890 1861 916 1893 Ι.
942 1861 978 1893 F.
1005 1860 1219 1894 Gronovius:
1253 1860 1405 1901 accipere
1432 1858 1467 1894 Μ
1498 1879 1534 1884 -
1571 1862 1626 1894 Η.
1651 1862 1756 1903 effunt
1785 1861 1868 1903 (sic)
1892 1862 1927 1896 M
1951 1881 1988 1887 —

203 1919 256 1952 ⁴5.
280 1918 447 1951 nudante»-
467 1924 522 1972 pr.
547 1916 582 1949 M
606 1932 642 1939 —
670 1916 724 1948 ⁴7.
748 1916 784 1949 in
806 1916 979 1951 Muretus:
1006 1925 1076 1950 om.
1101 1917 1146 1951 M.

203 2039 254 2071 De
290 2037 366 2070 eius
401 2037 438 2069 et
470 2034 639 2068 vilissima
667 2033 867 2068 adulatione
899 2037 935 2068 et
963 2035 1072 2070 rebus

202 2088 338 2122 fortiter
360 2086 467 2128 gestis
491 2085 636 2119 consule
659 2086 810 2118 Dionem
833 2086 888 2126 59,
913 2087 967 2118 27.

244 2137 299 2171 33.
330 2137 377 2169 ad
404 2136 508 2168 scelus
532 2134 673 2177 cogunt]
708 2135 754 2167 ad
785 2135 1070 2169 interficiendum

200 2195 340 2221 veneno
361 2187 531 2219 Arsacen.
556 2202 601 2211 ---
621 2184 809 2226 Artamata]
833 2185 884 2218 Cf.
905 2186 937 2224 2,
955 2187 1010 2219 56.
1027 2203 1072 2211 —-

197 2239 305 2281 filium
319 2237 460 2270 Orodem
481 2236 564 2278 σει]
587 2237 655 2269 Res
677 2236 743 2268 has
758 2236 938 2269 Parthicas
953 2238 990 2269 et
1003 2238 1072 2270 Ar-

200 2289 381 2322 meniacus
419 2287 576 2320 breviter
614 2287 726 2328 tangit
758 2287 867 2320 etiam
899 2288 1072 2329 Iosephus

199 2338 318 2379 Autiq.
342 2338 397 2377 ⁴8,
414 2336 506 2378 zi».
527 2353 561 2360 —·
580 2336 719 2368 auxilia
737 2345 784 2369 m.
807 2337 967 2379 facerent]
991 2338 1012 2370 i.
1033 2346 1069 2378 q.

200 2386 460 2429 compararent,
486 2385 531 2419 ad
552 2386 665 2420 instar
685 2385 871 2419 locutionis
886 2387 1072 2420 exercitum

198 2437 319 2478 facere.
346 2435 526 2473 Ct.„Corte
549 2435 596 2468 ad
619 2434 757 2469 Sallust.
776 2436 914 2477 Fragm.
940 2445 974 2478 p.
993 2437 1069 2470 998.

201 2489 311 2521 Baua..
328 2503 365 2513 -
392 2485 546 2527 Albanos]
583 2485 634 2519 Cf.
667 2487 709 2526 2,
741 2486 795 2520 68.
822 2503 860 2510 —-
896 2487 1070 2529 sceptuchi]

201 2539 258 2572 Sic
280 2537 476 2579 Xenophon
499 2535 683 2578 aliquoties
705 2537 751 2577 (v.
777 2545 808 2569 c.
827 2537 961 2579 Exped.
987 2538 1070 2579 Cyri

202 2590 236 2629 4,
252 2589 285 2628 6.
303 2588 356 2629 Η)
381 2596 443 2620 eos
458 2588 582 2626 vocat,
606 2587 666 2629 qui
689 2588 839 2620 summis
861 2587 1070 2623 muneribus

200 2639 236 2672 in
258 2640 448 2671 Persarum
463 2635 657 2677 aulai-ogia
673 2636 920 2677 fungebantur,
945 2639 1072 2679 grands

200 2688 421 2730 divnitairos,
441 2686 807 2728 Grosmvurdentrayer.
847 2687 922 2719 Hoc
951 2688 1071 2720 autem

201 2737 281 2781 loco
303 2739 387 2770 sunt
407 2734 595 2770 δυνάσται
610 2735 748 2777 (Strabo
763 2737 800 2768 44
829 2744 864 2778 p.
882 2736 970 2776 495),
995 2737 1069 2768 sive

201 2785 387 2833 ἡγεμόγες
400 2787 523 2827 (ἰωὰ),
537 2787 729 2828 principes,
745 2786 842 2828 chors,
858 2787 1068 2829 Hauptlinye.

201 2837 329 2871 Strabo
345 2838 382 2871 ⁴⁴
403 2845 440 2878 p.
455 2836 524 2871 496.
537 2836 582 2869 de
598 2837 831 2878 Bosporanis:
855 2834 1073 2870 Δυιάστεύ-

203 2897 312 2921 omar
353 2887 425 2920 zoa
451 2878 565 2923 οὗτοι»
599 2882 675 2919 ὑπὸ
713 2884 788 2919 τῶν
825 2885 1073 2929 καλουμένων

204 2934 478 2980 σκηπτούῃον·
498 2937 571 2971 καὶ
591 2931 704 2976 αὐτοὶ
727 2934 769 2968 δὲ
791 2929 901 2971 οὗτοι
915 2933 992 2970 ὑπὸ
1007 2947 1073 2970 τυ-

203 2986 358 3035 ράννοις
379 2983 407 3029 ἢ
427 2984 653 3026 βασιλεῦσίν
673 2987 784 3020 εἰσιν.
810 3004 847 3011 -
877 2997 971 3020 more
991 2997 1074 3030 yen-

204 3038 279 3078 tico]
304 3037 356 3070 Cf.
374 3037 408 3076 3,
425 3035 480 3069 43.
501 3054 538 3061 —
564 3037 698 3071 diversa
718 3037 1072 3079 induerekdiversam

205 3089 382 3127 mentem,
418 3087 466 3119 ita
495 3090 535 3120 ut
565 3087 666 3120 alteri
694 3086 852 3120 auxiliari
880 3089 1076 3121 statuerent

204 3137 455 3177 Pharasmani,
480 3136 537 3169 alii
560 3137 677 3170 Orodi.
698 3155 732 3160 —
753 3138 875 3178 Caspia
894 3138 965 3180 via]
990 3139 1076 3170 Sunt

205 3188 346 3229 Caspiae
358 3190 477 3228 portae
492 3187 648 3219 Suetonii
659 3188 741 3220 Ner.
757 3187 810 3219 49.
828 3187 983 3220 Dicenda
1000 3190 1077 3220 erat

205 3238 264 3271 via
278 3238 443 3270 Caucasia
457 3237 586 3279 potius.
610 3235 716 3278 Pylae
734 3236 868 3270 scilicet
885 3238 1075 3271 Caucasiae

209 3288 376 3321 Sarmatis
402 3296 467 3329 per
489 3286 640 3320 Hiberos
662 3287 699 3319 in
722 3288 924 3321 Armeniam
947 3288 1077 3320 transi-

208 3339 283 3370 tum
315 3337 459 3371 dabant.
495 3336 625 3371 Plinius
649 3338 688 3370 N.
715 3338 756 3370 H.
781 3338 802 3370 6
824 3337 845 3380 5
867 3339 930 3371 30:
960 3340 1079 3371 Portae

211 3387 413 3428 Caucasiae,
444 3396 569 3429 mano
590 3396 706 3420 errore
729 3387 842 3420 multis
863 3388 1004 3428 Caspiae
1026 3388 1079 3420 di-

211 3438 302 3476 ctae,
324 3436 440 3478 ingens
454 3441 599 3470 naturae
613 3445 695 3479 opus
708 3437 873 3471 montibus
886 3437 1079 3479 interruptis

1120 2040 1268 2078 repente,
1303 2036 1359 2069 ubi
1385 2036 1477 2077 fores
1506 2035 1636 2069 obditae
1663 2036 1802 2077 ferratis
1830 2036 1991 2079 trabibus,

1121 2087 1230 2120 subter
1244 2088 1370 2120 medias
1388 2096 1486 2120 amne
1500 2087 1568 2119 diri
1583 2088 1694 2120 odoris
1707 2089 1828 2130 fluente
1842 2089 1994 2129 citraque

1120 2139 1158 2170 in
1170 2147 1255 2179 rupe
1268 2138 1421 2178 castello,
1446 2138 1534 2179 quod
1548 2141 1690 2170 vocatur
1705 2138 1882 2180 Cumania,
1905 2148 1993 2173 com-

1120 2189 1248 2221 munito
1267 2189 1314 2221 ad
1328 2189 1493 2221 arcendas
1507 2188 1654 2221 transitu
1666 2190 1772 2231 qenais
1784 2191 1992 2231 innumeras,

1120 2238 1166 2270 ibi
1188 2238 1252 2271 loci
1273 2241 1445 2271 terrai-mn
1467 2237 1545 2271 orbe
1563 2239 1671 2279 portis
1692 2240 1847 2280 discluso,
1870 2249 1914 2272 ex
1928 2241 1994 2273 ad-

1119 2297 1216 2321 verso
1237 2288 1595 2328 maximeHermastis,
1619 2289 1731 2329 oppidi
1744 2289 1911 2323 Hiberum.
1938 2290 1991 2323 Cf.

1123 2339 1209 2372 Hist.
1235 2340 1267 2377 4,
1298 2339 1338 2372 6:
1377 2339 1534 2371 claustrav
1557 2339 1772 2380 Caspiarum.
1810 2358 1846 2364 —
1879 2341 1991 2383 mare]

1122 2389 1301 2430 Caspium.
1322 2407 1356 2412 —
1375 2388 1564 2430 etesiarum]
1587 2388 1830 2431 intelliguntur
1843 2389 1994 2433 ἐτησίαι

1119 2437 1268 2484 βορέαι,
1293 2437 1338 2471 de
1361 2437 1491 2479 quibus
1508 2438 1638 2472 Herod.
1654 2439 1688 2478 2,
1705 2440 1761 2472 20.
1784 2439 1870 2473 Plin.
1888 2442 1930 2474 N.
1946 2441 1990 2474 H.

1120 2489 1141 2520 2
1165 2488 1184 2530 S
1210 2489 1285 2522 ⁴27.
1310 2486 1502 2521 Columella
1525 2489 1581 2528 Η,
1605 2488 1639 2529 2,
1658 2488 1721 2521 56:
1745 2489 1822 2522 Kal.
1838 2490 1995 2532 Augustis

1119 2538 1248 2570 etesiae.
1284 2538 1336 2570 De
1367 2537 1496 2570 iisdem
1524 2536 1612 2570 locis
1637 2538 1777 2572 Curtius
1799 2539 1838 2579 6,
1863 2538 1904 2580 4,
1929 2539 1989 2572 49:

1119 2587 1148 2620 A
1176 2587 1394 2628 septentrione
1422 2588 1538 2629 iuveris
1561 2588 1599 2620 in
1620 2587 1699 2620 litus
1718 2597 1814 2621 mare
1834 2588 1995 2622 incumbit

1119 2638 1280 2680 longeque
1308 2638 1382 2679 ayit
1407 2638 1527 2679 fluctus
1554 2641 1586 2671 et
1614 2646 1742 2680 mayna
1765 2642 1867 2679 parte
1887 2648 1993 2672 αωο-

1119 2691 1235 2720 stuans
1262 2690 1408 2728 staynat.
1442 2687 1533 2720 Idem
1561 2688 1630 2720 alio
1663 2688 1748 2720 caeli
1768 2692 1859 2722 stata
1878 2690 1996 2730 recipit

1120 2738 1157 2770 in
1186 2746 1221 2770 se
1246 2737 1370 2778 fretum
1392 2737 1568 2778 eodemque
1593 2738 1734 2779 impetu,
1767 2747 1832 2781 quo
1853 2739 1994 2780 effusum

1121 2791 1186 2827 est,
1210 2787 1373 2827 relabens,
1397 2790 1526 2820 tanam
1546 2791 1692 2820 naturae
1711 2797 1794 2822 suae
1814 2789 1934 2822 reddit.
1953 2807 1990 2813 -

1121 2837 1275 2870 hibernus
1290 2854 1310 2861 -
1320 2855 1340 2861 -
1353 2837 1538 2879 nudantur]
1561 2838 1638 2871 Non
1657 2837 1816 2880 pendent
1829 2838 1931 2879 haec,
1954 2839 1995 2871 ut

1122 2889 1221 2921 recte
1251 2888 1360 2920 Ritter
1389 2887 1589 2927 adnotavit,
1619 2896 1641 2920 a
1670 2890 1760 2930 part.
1791 2889 1892 2929 quia;
1928 2888 1994 2921 sed

1124 2939 1236 2972 status
1270 2937 1380 2970 maris
1411 2937 1583 2972 hibernus
1617 2937 1857 2980 explicationis
1887 2946 1994 2971 causa

1125 2988 1314 3030 opponitur
1341 2987 1442 3021 vadis
1470 2997 1536 3030 per
1564 2990 1740 3022 aestatem
1762 2988 1927 3031 impletis,
1954 3006 1991 3014 -—

1124 3038 1301 3080 introrsus]
1331 3038 1366 3071 in
1396 3037 1507 3072 altum
1534 3047 1646 3071 mare.
1674 3057 1711 3064 —-
1742 3039 1856 3072 brevia
1881 3039 1905 3071 l.
1927 3048 1996 3072 nu-

1125 3089 1260 3131 dantur]
1286 3090 1361 3122 tum
1383 3087 1530 3122 demum
1546 3091 1704 3132 apparet,
1729 3085 1790 3122 ubi
1805 3089 1894 3122 vada
1910 3090 1992 3131 sint,

1125 3147 1191 3180 per
1212 3146 1303 3179 quae
1313 3160 1322 3178 ,
1346 3137 1408 3172 ubi
1424 3146 1535 3180 rupes
1550 3138 1754 3172 adiacentes
1769 3139 1873 3172 nimis
1887 3147 1996 3181 prae-

1126 3190 1251 3231 ruptae
1263 3189 1358 3223 viam
1371 3197 1443 3222 non
1455 3188 1620 3230 offerunt,
1637 3190 1812 3222 exercitus
1827 3189 1994 3224 incedere

1127 3239 1254 3279 queat;
1290 3237 1406 3272 brevia
1435 3238 1656 3272 substantive
1689 3241 1729 3271 ut
1755 3235 1805 3271 τὰ
1832 3236 1993 3286 βράχεσι.

1171 3338 1225 3372 34.
1251 3339 1418 3381 infensare
1444 3339 1583 3380 pabula]
1613 3337 1839 3381 pabulatores
1866 3339 1996 3374 identi-

1129 3387 1213 3421 dem
1243 3389 1453 3431 aggrediens
1481 3397 1523 3421 ac
1552 3387 1766 3430 proturbans
1796 3398 1859 3424 eos
1880 3390 1997 3433 impe-

1130 3437 1260 3472 diebat.
1283 3457 1330 3464 —
1349 3440 1525 3482 feruntque
1544 3447 1580 3472 sa
1600 3438 1683 3482 oet]
1705 3440 1859 3475 Iustinus
1878 3440 1934 3483 42,
1951 3442 1990 3475 2:
