2254 3770
750 270 906 317 LIBER
934 273 999 318 lv.
1043 273 1145 332 Cap.
1176 273 1242 317 ⁴9.
1272 274 1340 319 20.
1369 273 1438 319 2⁴.
1919 268 2003 314 2⁴9

221 378 484 438 temporibus
514 377 596 422 illis
626 391 801 437 gravem
829 385 872 422 et
901 379 1138 437 sapientem
1167 379 1304 423 virum
1335 380 1465 424 fuisse
1493 378 1755 438 comperior3
1786 391 1884 421 nam
1913 376 2005 435 ple-

219 468 354 514 raque
392 453 447 498 ab
482 455 622 498 saevis
661 452 975 498 adulationibus
1014 453 1195 498 aliorum
1229 454 1272 497 in
1311 455 1464 499 melius
1504 453 1633 499 flexit.
1682 467 1824 511 neque
1863 459 2004 495 tamen

218 529 539 587 temperamenti
569 529 740 587 egebat,
773 542 871 573 cum
900 528 1113 587 aequabili
1144 529 1393 573 auctoritate
1425 536 1467 574 et
1495 529 1630 588 gratia
1660 534 1763 587 aput
1791 526 2005 572 Tiberium

218 603 410 662 viguerit.
439 602 555 648 unde
580 602 776 647 dubitare
808 617 950 661 cogor,
982 604 1064 647 fato
1089 610 1132 647 et
1160 610 1274 648 sorte
1304 605 1521 656 nascendi,
1552 610 1599 648 ut
1619 610 1774 654 cetera,
1804 603 1861 646 ita
1890 601 2006 659 prin-

219 679 361 737 cipum
391 677 603 723 inclinatio
633 678 676 722 in
706 678 796 729 hos,
828 678 1008 723 offensio
1038 679 1081 722 in
1111 678 1217 728 illos,
1250 693 1302 723 an
1327 680 1381 723 sit
1400 679 1560 738 aliquid
1591 679 1635 722 in
1671 677 1828 722 nostris
1865 676 2037 721 consi-5

217 754 302 804 liis,
343 754 557 812 liceatque
599 754 707 798 inter
735 754 959 813 abruptam
990 754 1300 798 contumaciam
1329 761 1371 798 et
1400 754 1591 798 deforme
1621 753 1879 812 obsequium
1907 765 2006 810 per-

217 843 319 889 gere
349 829 429 873 iter
456 829 686 873 ambitione
717 843 769 874 ac
796 829 998 887 periculis
1018 843 1214 873 vacuum.
1250 837 1292 873 at
1310 829 1562 873 Messalinus
1584 830 1703 874 Cotta
1724 827 1837 872 haud
1867 827 2006 870 minus

218 903 344 949 claris
372 903 618 956 maioribus,
650 904 728 948 sed
755 905 896 948 animo
918 904 1128 952 diversus,
1161 905 1326 948 censuit
1345 905 1582 949 cavendum
1604 910 1777 948 senatus
1798 901 2005 952 consulto,

218 985 264 1024 ut
283 993 544 1038 quamquam
571 980 761 1023 insontes
791 980 1059 1036 magistratus
1080 986 1122 1023 et
1141 979 1293 1037 culpae
1318 979 1483 1023 alienae
1513 979 1644 1023 nescii
1674 976 2007 1037 provincialibus

219 1068 400 1099 uxorum
429 1053 678 1098 criminibus
707 1054 886 1112 perinde
916 1068 1045 1113 quam
1076 1055 1166 1098 suis
1196 1054 1496 1112 plecterentur.
2021 1063 2057 1094 ιο

332 1129 413 1186 (2⁴)
445 1130 595 1173 Actum
624 1129 777 1173 dehinc
813 1129 868 1176 de
907 1129 1136 1188 Calpurnio
1173 1130 1346 1180 Pisone,
1389 1129 1520 1172 nobili
1561 1142 1611 1172 ac
1651 1128 1782 1172 feroci
1821 1128 1925 1171 viro.
1970 1127 2007 1171 is

218 1217 415 1263 namque,
447 1211 493 1247 ut
521 1203 673 1253 rettuli,
706 1218 929 1248 cessurum
950 1218 997 1248 se
1018 1204 1127 1248 urbe
1148 1205 1203 1248 ob
1225 1204 1428 1248 factiones
1458 1211 1757 1248 accusatorum
1786 1203 1827 1246 in
1857 1209 2007 1246 senatu

219 1279 507 1324 clamitaverat
535 1286 577 1322 et
607 1286 752 1337 spreta
781 1280 969 1337 potentia
997 1282 1213 1338 Augustae
1249 1280 1417 1323 trahere
1454 1279 1496 1322 in
1533 1279 1599 1322 ius
1629 1278 1901 1335 Urgulaniam
1931 1277 2009 1321 do-

217 1368 377 1413 moque
414 1354 619 1412 principis
649 1355 790 1398 excire
830 1368 961 1398 ausus
991 1361 1095 1398 erat.
1140 1368 1253 1413 quae
1289 1355 1331 1397 in
1367 1368 1576 1412 praesens
1608 1353 1801 1397 Tiberius
1832 1352 2009 1396 civiliter

219 1430 385 1482 habuit;
425 1429 502 1473 sed
541 1429 584 1472 in
625 1430 766 1473 animo
807 1430 1052 1474 revolvente
1090 1430 1192 1479 iras,
1232 1430 1397 1473 etiamsi
1427 1430 1612 1487 impetus
1642 1428 1889 1472 offensionis
1919 1427 2008 1471 lan-
2022 1438 2059 1468 ⁴5

219 1512 380 1564 guerat‚
412 1505 618 1549 memoria
649 1504 827 1548 valebat.
861 1496 1147 1563 Pisonemque
1169 1505 1351 1548 Granius
1377 1505 1530 1548 secreti
1562 1504 1772 1547 sermonis
1802 1504 2010 1547 incusavit

220 1581 448 1626 adversum
470 1581 734 1624 maiestatem
757 1579 898 1630 habiti,
926 1580 1169 1637 adiecitque
1190 1580 1232 1623 in
1252 1580 1380 1624 domo
1401 1579 1494 1624 eius
1515 1593 1727 1622 venenum
1748 1593 1856 1627 esse,
1890 1592 2010 1622 eum-

222 1670 308 1715 que
339 1656 480 1714 gladio
511 1656 748 1699 accinctum
779 1655 951 1699 introire
974 1656 1147 1699 curiam.
1184 1655 1300 1713 quod
1330 1662 1377 1698 ut
1406 1654 1591 1698 atrocius
1611 1668 1714 1697 vero
1743 1654 2007 1698 tremissum:

221 1738 473 1781 ceterorum,
506 1744 619 1789 quae
647 1730 780 1774 multa
810 1731 1146 1782 cumulabantur,
1177 1737 1378 1789 receptus
1404 1737 1469 1774 est
1496 1743 1608 1778 reus,
1640 1743 1781 1788 neque
1810 1736 2009 1787 peractus

221 1807 276 1852 ob
309 1814 485 1851 mortem
516 1812 812 1864 opportunam.
1584 1808 1586 1810 ’
2020 1821 2060 1851 20

284 1923 314 1955 ⁴.
340 1921 525 1962 comperior
547 1921 597 1954 M:
622 1922 787 1961 comperio
810 1921 1011 1955 Rhenanus.
1033 1938 1068 1944 —
1095 1921 1128 1954 2.
1146 1922 1233 1954 seuis
1255 1921 1288 1954 M
1307 1938 1343 1944 —
1366 1921 1399 1953 5.
1415 1920 1472 1953 illo
1495 1929 1547 1962 pr.
1566 1920 1600 1954 M
1619 1937 1654 1942 —
1673 1920 1705 1952 6.
1722 1919 1961 1952 contumatiam
1976 1919 2010 1953 M

222 1996 256 2001 —-
275 1978 307 2010 7.
325 1976 371 2019 at]
387 1977 438 2009 Ad
453 1977 485 2010 M
503 1994 538 1999 -
563 1976 615 2009 40.
634 1977 778 2017 proinde
802 1977 935 2018 (rursus
951 1986 1016 2019 per
1033 1976 1162 2018 notam)
1181 1978 1213 2009 M
1231 1994 1267 1999 —
1292 1977 1346 2009 ⁴2.
1364 1977 1464 2008 retuli
1479 1985 1531 2018 pr.
1551 1977 1583 2008 M
1601 1993 1637 1999 —
1657 1978 1905 2008 accussatorum
1919 1976 1953 2008 M
1970 1993 2005 1998 -

220 2034 272 2067 ⁴6.
297 2035 508 2075 Pisonemque
528 2032 671 2074 grauius
695 2033 746 2071 M;
771 2034 918 2065 Pisonem
943 2034 980 2074 Q.
1000 2034 1147 2066 Grani-us
1170 2033 1317 2075 Lipsius.
1344 2032 1464 2065 Granii
1480 2032 1550 2064 duo
1574 2040 1594 2064 a
1610 2032 1728 2064 Tacito
1753 2032 2007 2070 memorantur,

217 2090 397 2124 Marcellus
413 2090 457 2131 (⁴,
471 2088 523 2130 74)
537 2090 572 2122 et
583 2089 781 2122 Marcianus
794 2089 837 2130 (6,
851 2089 903 2130 38)
917 2099 925 2128 ;
942 2088 1052 2122 latere
1074 2092 1191 2123 tamen
1205 2090 1321 2132 potest
1337 2090 1372 2122 in
1391 2087 1587 2130 corruptela
1604 2089 1747 2130 grauius
1760 2088 1865 2121 etiam
1879 2097 2007 2121 nomen

219 2146 358 2180 Gavius.
375 2163 410 2170 -
427 2146 558 2178 secretis
572 2154 626 2188 pr.
640 2145 673 2179 M
688 2163 724 2168 —
744 2145 795 2178 48.
811 2146 1001 2188 accinthm
1016 2147 1049 2180 M
1064 2164 1099 2170 —-
1120 2146 1174 2181 49.
1190 2150 1438 2187 ceterontmque
1451 2146 1560 2178 multa
1575 2145 1608 2179 M
1622 2162 1659 2169 -
1678 2145 1732 2177 20.
1747 2147 1946 2186 oportunam
1961 2145 2005 2178 M.

220 2251 412 2294 Caligulam
435 2251 564 2291 servis,
590 2251 651 2294 qui
667 2251 828 2284 dominos
844 2254 1085 2294 accusassent,

219 2303 362 2346 praeter
383 2301 583 2335 libertatem
603 2302 759 2343 praemia
776 2304 1003 2344 proposuisse
1019 2301 1088 2345 τὰς

220 2350 360 2397 ὀγδόας
393 2351 468 2385 τῶν
503 2348 646 2385 οὐσιῶν
676 2352 1007 2386 condemnatorum.
1048 2356 1089 2388 Ut

196 2407 344 2437 -octava
374 2412 498 2443 servo,
530 2404 575 2435 ita
601 2403 657 2435 bic
682 2402 794 2436 libero
819 2406 959 2445 quarta,
993 2405 1088 2437 unde

220 2454 307 2488 tales
330 2455 399 2486 iam
423 2453 555 2486 liberae
570 2454 622 2486 rei
644 2453 807 2495 publicae
824 2456 984 2497 tempore
1002 2465 1089 2496 qua-

221 2503 431 2545 druplatores
453 2503 536 2535 dicti
558 2504 651 2536 sunt.
677 2504 728 2536 Cf.
755 2504 787 2543 6,
812 2503 866 2537 47.
894 2505 946 2544 46,
966 2505 1019 2538 33.
1045 2505 1086 2538 Η.

219 2553 258 2594 h,
283 2552 336 2586 42.
365 2571 401 2576 —
435 2552 634 2594 comperior]
670 2553 743 2585 Hac
773 2554 908 2586 rariore
940 2556 975 2587 et
998 2555 1089 2587 anti-

220 2605 343 2646 quiore
359 2603 459 2636 verbi
484 2603 597 2636 forma
618 2604 671 2636 usi
688 2603 769 2636 sunt
785 2604 890 2636 etiam
908 2603 1088 2638 Sallustius

220 2654 292 2694 lug.
318 2652 360 2686 45
384 2654 420 2686 et
443 2653 522 2693 408,
549 2653 730 2685 Terentius
754 2653 860 2685 Andr.
880 2654 911 2691 5,
939 2653 970 2693 3,
996 2653 1032 2686 34
1055 2655 1090 2686 et

221 2702 349 2736 Gellius
373 2703 405 2742 3,
430 2702 463 2742 3,
487 2703 520 2734 4.
545 2720 580 2724 -
607 2703 693 2734 unde
715 2702 866 2734 dubitare
889 2711 990 2744 coyor
1005 2704 1087 2743 cet.]

221 2753 272 2786 cf.
299 2753 441 2785 omnino
470 2753 584 2793 Agric.
611 2752 664 2785 42.
690 2771 733 2776 --
762 2753 895 2794 offensio
930 2755 964 2785 in
998 2753 1087 2794 illos]

220 2801 294 2836 scil.
313 2796 445 2835 oriatur
462 2803 686 2844 maneatque.
706 2820 741 2825 —
770 2803 967 2835 Messalinus
983 2802 1087 2845 Cotta]

221 2853 272 2886 Cf.
297 2854 336 2893 2,
362 2852 415 2885 32.
442 2870 476 2875 —
503 2854 687 2885 cavendum
708 2856 841 2886 senatus
863 2853 1029 2895 consulto}
1054 2854 1089 2885 et

221 2905 364 2936 cautum
388 2911 457 2935 non
481 2901 587 2935 dubie
612 2903 680 2935 hoc
695 2912 798 2936 anno.
831 2904 865 2936 Si
882 2904 975 2936 enim
993 2905 1086 2943 ante,

221 2960 393 2994 quorsum
422 2952 511 2984 haec
533 2953 734 2985 sententia?
768 2953 899 2986 Tamen
924 2952 1088 2995 Ulpianus

222 3002 267 3034 de
291 3000 405 3034 officio
429 3001 646 3042 proconsulis
663 3002 700 3040 4,
718 3002 738 3034 ‘2
762 3002 947 3034 decretum
971 3002 1005 3034 id
1028 3011 1088 3034 re-

222 3051 290 3084 fert
319 3050 364 3083 ad
394 3051 532 3083 Cottam
563 3052 598 3083 et
626 3050 810 3084 Messalam
834 3050 1015 3089 consules,
1052 3050 1087 3082 id

223 3103 277 3135 est
299 3101 345 3133 ad
369 3102 534 3142 quartum
557 3101 637 3133 ante
658 3110 801 3133 annum.
829 3102 914 3133 Lirs.
941 3101 1026 3133 Vide
1043 3101 1087 3133 ad

266 3202 319 3233 2⁴.
336 3200 451 3241 feroci]
476 3200 510 3232 in
527 3198 658 3231 bonam
676 3200 830 3240 partem,
856 3198 933 3231 forti
951 3201 986 3231 et
1002 3201 1087 3232 recti

222 3250 416 3292 pervicaci,
447 3250 507 3290 qui
535 3257 605 3281 non
638 3249 759 3281 timeat
781 3247 993 3281 offensiones
1023 3258 1088 3290 po-

224 3301 391 3339 tentium,
417 3300 480 3332 sed
503 3299 614 3332 libere
638 3298 812 3340 loquatur.
843 3317 878 3321 —
903 3302 942 3331 ut
963 3299 1086 3341 rettuli]

226 3349 277 3382 Cf.
294 3351 332 3390 2,
350 3349 404 3383 34.
425 3367 460 3372 —
487 3350 697 3389 Pisonemque
721 3348 879 3390 Granius]
905 3350 986 3381 Post
1002 3357 1086 3381 cau-

224 3405 282 3430 sas
309 3399 485 3440 expositas
512 3408 576 3432 cur
602 3399 815 3431 irasceretur
841 3397 1001 3431 Tiberius
1029 3398 1086 3431 Pi-

1140 2253 1233 2293 soni,
1267 2261 1360 2285 novo
1391 2251 1569 2284 enuntiato
1600 2253 1636 2284 et
1665 2251 1814 2292 augente
1838 2249 2007 2293 particula

1139 2302 1229 2345 (que)
1254 2302 1367 2344 primo
1393 2300 1564 2334 vocabulo
1588 2300 1725 2333 adnexa
1746 2301 1909 2333 narratur
1925 2299 2008 2341 quid

1140 2353 1348 2392 accesserit,
1383 2354 1421 2384 ut
1443 2351 1604 2384 Tiberius
1627 2352 1716 2384 iram
1739 2360 1839 2384 suam
1865 2350 2008 2393 explere

1140 2402 1272 2435 facilius
1309 2403 1439 2444 posset.
1485 2402 1633 2442 Granius
1667 2403 1848 2442 tamquam
1884 2409 2008 2443 parum

1140 2454 1244 2486 notus
1270 2454 1304 2485 et
1327 2452 1402 2485 vilis
1433 2454 1617 2485 accusator
1639 2461 1709 2485 uno
1733 2452 1874 2484 nomine
1898 2462 1916 2484 a
1941 2448 2008 2484 ra-

1141 2505 1209 2536 cito
1240 2504 1395 2536 vocatur.
1433 2503 1489 2536 Sic
1514 2503 1567 2543 ⁴3,
1592 2503 1654 2536 23:
1687 2503 1757 2535 eius
1787 2503 2009 2535 accusationis

1140 2557 1259 2586 auctor
1281 2553 1394 2587 extitit
1414 2554 1532 2585 Paetus
1554 2553 1700 2593 quidam.
1727 2553 1860 2584 errsn.
1890 2571 1925 2575 —-
1949 2561 2008 2584 ve-

1139 2604 1270 2645 nenum]
1295 2604 1442 2646 principi
1464 2604 1636 2645 paratum.
1670 2603 1766 2635 Hanc
1783 2605 1878 2635 certe
1896 2604 2009 2644 suspi-

1141 2654 1279 2686 cionem
1303 2662 1448 2686 movere
1466 2652 1607 2686 volebat
1623 2654 1818 2685 accusator.
1842 2670 1873 2675 —
1893 2653 2007 2693 ,qladto

1141 2703 1335 2744 accinctum]
1360 2704 1457 2745 atqui
1479 2704 1515 2735 in
1538 2701 1627 2735 urbe
1652 2711 1732 2735 cum
1754 2701 1823 2735 telo
1841 2710 1920 2735 esse
1938 2710 2006 2734 non

1140 2751 1280 2785 licebat.
1318 2752 1368 2785 Cf.
1395 2754 1448 2792 ⁴⁴,
1474 2753 1527 2786 ⁶22.
1552 2770 1587 2775 —
1625 2754 1773 2785 atrocius
1803 2751 1897 2793 vero]
1934 2752 2005 2783 tam

1141 2805 1258 2842 atrox,
1295 2803 1334 2835 ut
1362 2811 1487 2835 verum
1520 2811 1598 2835 esse
1628 2811 1698 2835 non
1722 2802 1939 2835 crederetur.
1970 2820 2003 2824 —

1139 2861 1244 2893 neque
1259 2851 1428 2893 peractus]
1453 2852 1517 2884 sed
1541 2853 1738 2891 accusatio,
1767 2861 1830 2884 reo
1854 2851 2004 2891 mortuo,

1140 2911 1209 2935 non
1240 2903 1352 2944 potuit
1382 2901 1424 2934 ad
1451 2902 1581 2935 exitum
1612 2901 1777 2944 perduci,
1808 2903 1847 2934 ut
1868 2902 1897 2934 is
1921 2909 2008 2933 con-

1140 2952 1379 2984 demnaretur.
1417 2952 1466 2983 Ita
1491 2952 1561 2984 Liv.
1587 2951 1627 2991 4,
1653 2951 1713 2984 42:
1742 2953 1803 2984 Vos
1825 2953 1954 2990 autem,
1979 2951 2007 2983 si

1138 3011 1234 3035 rewm
1250 3010 1397 3043 pemqo,
1422 3003 1503 3042 quid
1525 3003 1635 3035 acturi
1656 3001 1757 3035 estis?
1780 3001 1864 3034 Plin.
1891 3002 1952 3042 Ep.
1971 3001 2004 3040 3,

1139 3052 1171 3090 9,
1198 3051 1256 3083 3οε
1294 3051 1353 3082 Est
1373 3051 1442 3093 leae
1464 3055 1617 3092 cautum,
1647 3055 1686 3084 ut
1707 3060 1785 3084 reus
1807 3053 1883 3083 ante
1900 3059 2007 3090 pera-

1138 3103 1257 3142 qatur,
1300 3104 1378 3133 tunc
1418 3102 1456 3133 dc
1488 3104 1767 3142 praevaricatore
1807 3103 2004 3141 quaeratur.

1138 3149 1228 3182 Alibi
1244 3151 1299 3183 est
1314 3159 1414 3183 reum
1432 3151 1560 3191 tacere,
1578 3159 1758 3183 accusare.
1786 3149 1883 3182 Ovid.
1901 3150 2004 3183 Trist.

1140 3200 1171 3238 ⁴,
1191 3200 1221 3239 ⁴,
1239 3199 1297 3233 24:
1323 3201 1367 3232 Et
1382 3210 1534 3243 peragar
1544 3201 1659 3242 populi
1676 3200 1831 3241 publicus
1845 3209 1903 3232 ore
1915 3210 2004 3234 reus.

1141 3249 1188 3281 Tu
1208 3258 1287 3281 cave
1309 3250 1518 3291 defendas.
1556 3249 1709 3282 Iulianus
1732 3249 1765 3281 in
1789 3249 1864 3290 Dig.
1891 3249 1944 3289 ⁴8,
1970 3251 2005 3290 ὅ,

1139 3300 1176 3332 5:
1202 3299 1271 3341 le9e
1293 3300 1380 3333 Iulia
1402 3302 1441 3333 de
1463 3300 1638 3332 adulteriis
1652 3302 1807 3339 cavetur,
1832 3301 2006 3340 siquidem

1137 3349 1242 3381 vidua
1263 3351 1323 3390 sit,
1355 3351 1394 3382 de
1415 3351 1509 3382 cuius
1531 3349 1694 3381 adulterio
1717 3351 1858 3390 aqetur,
1886 3353 1924 3382 ut
1946 3359 2006 3382 ac-

1138 3402 1274 3432 cusator
1296 3399 1435 3433 liberum
1457 3398 1635 3433 arbitrium
1653 3398 1790 3440 habeat,
1816 3400 2005 3433 adulterum
