2254 3770
290 280 373 324 368
788 283 834 326 P.
858 282 1109 327 CORNELII
1138 283 1308 327 TACITI
1338 283 1606 329 ANNALIUM

290 387 433 444 pinam
469 401 663 446 quoque,
711 387 823 431 haud
861 388 1011 446 procul
1048 388 1131 432 alio
1174 396 1378 447 suggestu
1411 391 1708 448 conspicuam,
1756 391 1891 436 isdem
1923 394 2080 451 quibus

289 462 525 520 principem
565 462 763 506 laudibus
801 463 1079 522 gratibusque
1111 465 1298 508 venerati
1343 472 1452 508 sunt.
1497 480 1655 510 novum
1685 481 1788 511 sane
1819 475 1862 511 et
1890 469 2081 513 moribus

288 544 482 581 veterum
511 538 743 586 insolitum,
778 538 975 582 feminam
1006 540 1138 597 signis
1168 540 1368 583 Romanis
1399 541 1670 599 praesidere:
1701 542 1794 600 ipsa
1816 551 1953 587 semet
1971 545 2079 602 parti

287 626 312 656 a
342 613 576 656 maioribus
607 613 696 656 suis
728 613 894 672 imperii
927 615 1089 659 sociam
1116 615 1290 659 ferebat.
1324 616 1403 672 (38)
1427 617 1566 660 vocati
1588 617 1765 675 posthac
1786 625 1929 676 patres
1949 619 2081 663 multa

255 695 329 732 set
359 689 583 746 magnifica
613 703 744 746 super
775 690 1016 743 captivitate
1048 691 1238 734 Carataci
1271 691 1536 743 disseruere,
1581 706 1721 751 neque
1749 694 1891 737 minus
1921 695 1962 738 id
1995 694 2081 739 cla-

286 779 378 806 rum
410 778 539 821 quam
569 764 686 822 quod
725 764 970 823 Syphacem
1005 767 1050 809 P.
1083 766 1244 823 Scipio,
1285 767 1444 809 Persen
1484 768 1527 810 L.
1558 767 1734 820 Paulus,
1769 775 1810 812 et
1840 769 1874 812 si
1906 770 1978 827 qui
2010 770 2078 813 alii

285 840 448 883 vinctos
479 854 605 896 reges
635 839 795 898 populo
826 842 1015 884 Romano
1046 840 1289 884 ostendere.
1337 848 1566 885 censentur
1587 843 1758 887 Ostorio
1790 844 1990 902 triumphi
2017 845 2080 888 in-

285 915 440 971 signia,
473 916 694 973 prosperis
725 916 777 959 ad
810 916 852 960 id
884 915 1015 959 rebus
1046 916 1158 967 eius,
1193 930 1291 959 mox
1322 917 1551 975 ambiguis,
1584 918 1674 962 sive
1696 925 1837 962 amoto
1860 919 2078 971 Carataco,

284 991 407 1048 quasi
439 989 701 1034 debellatum
730 990 857 1042 foret,
891 992 1030 1034 minus
1061 992 1219 1035 intenta
1250 992 1363 1049 apud
1395 1007 1473 1036 nos
1507 993 1653 1038 militia
1682 994 1777 1046 fuit,
1810 995 1902 1038 sive
1934 994 2080 1040 hostes

235 1077 271 1106 ιο
283 1065 556 1109 miseratione
588 1066 687 1109 tanti
720 1066 832 1124 regis
864 1067 1006 1110 acrius
1043 1067 1095 1110 ad
1128 1066 1334 1111 ultionem
1366 1081 1579 1112 exarsere.
1624 1069 1887 1127 praesectum
1918 1078 2080 1114 castro-

284 1156 378 1183 rum
417 1147 459 1184 et
494 1140 751 1199 legionarias
796 1141 994 1185 cohortes
1035 1143 1281 1186 extruendis
1314 1143 1428 1201 apud
1459 1143 1622 1187 Siluras
1652 1145 1879 1202 praesidiis
1908 1146 2078 1190 relictas

284 1216 638 1260 circumfundunt.
685 1231 735 1260 ac
771 1217 812 1260 ni
845 1218 926 1261 cito
958 1217 1116 1260 nuntiis
1147 1231 1200 1261 ex
1231 1218 1415 1262 castellis
1445 1219 1650 1276 proximis
1681 1220 1937 1264 subventum
1970 1221 2078 1265 foret

282 1292 503 1350 copiarum
534 1292 767 1343 obsidioni,
800 1291 1120 1336 obcubuissent.
1165 1293 1408 1350 praefectus
1437 1301 1578 1338 tamen
1609 1302 1651 1338 et
1681 1301 1776 1339 octo
1805 1297 2076 1341 centuriones

282 1382 333 1412 ac
369 1367 713 1426 promptissimus
753 1368 938 1426 quisque
969 1382 993 1411 e
1023 1368 1250 1425 manipulis
1289 1369 1500 1413 cecidere.
1545 1383 1625 1413 nec
1654 1370 1785 1413 multo
1815 1379 1912 1428 post
1940 1372 2075 1430 pabu-

231 1443 405 1487 tslantis
436 1450 605 1487 nostros
636 1443 878 1500 missasque
909 1442 963 1486 ad
994 1442 1233 1486 subsidium
1265 1451 1425 1488 turmas
1455 1444 1694 1502 profligant.
1733 1445 1813 1502 (39)
1838 1454 1925 1490 tum
1947 1448 2075 1492 Osto-

282 1520 370 1562 rius
409 1518 608 1563 cohortes
646 1518 867 1576 expeditas
904 1519 1126 1576 opposuit;
1165 1533 1246 1563 nec
1282 1520 1379 1564 ideo
1410 1520 1552 1578 fugam
1582 1520 1778 1572 sistebat,
1810 1522 1851 1564 ni
1882 1522 2075 1580 legiones

280 1593 492 1653 proelium
522 1594 805 1651 excepissent.
852 1607 1002 1637 earum
1031 1594 1187 1638 robore
1219 1602 1402 1653 aequata
1424 1610 1585 1654 pugna,
1619 1596 1717 1640 dein
1739 1597 1863 1641 nobis
1883 1612 1963 1655 pro
1984 1612 2074 1642 me·-

279 1670 385 1714 liore
416 1669 503 1713 fuit.
549 1669 738 1727 effugere
769 1669 915 1712 hostes
944 1669 1060 1712 tenui
1087 1668 1264 1722 damno,
1298 1671 1397 1729 quia
1419 1671 1647 1715 inclinabat
1667 1671 1773 1716 dies.
1804 1672 1956 1717 crebra
1975 1672 2074 1718 hinc
2124 1683 2127 1684 ’

279 1744 463 1803 proelia,
497 1751 539 1788 et
568 1744 741 1802 saepius
771 1744 812 1786 in
844 1744 1019 1787 modum
1040 1744 1246 1789 latrocinii
1268 1759 1347 1803 per
1366 1745 1499 1790 saltus
1519 1760 1598 1804 per
1617 1746 1818 1804 paludes,
1850 1754 1896 1791 ut
1915 1748 2072 1807 cuique

227 1831 373 1864 aosors
404 1827 476 1864 aut
504 1820 657 1871 virtus,
690 1827 851 1864 temere
883 1820 1068 1878 proviso,
1102 1820 1157 1864 ob
1178 1821 1282 1864 iram
1311 1821 1367 1865 ob
1394 1821 1612 1879 praedam,
1636 1823 1756 1866 iussu
1778 1830 1820 1866 et
1840 1823 2070 1881 aliquando

277 1897 436 1954 ignaris
466 1895 662 1940 ducibus.
708 1909 759 1939 ac
787 1895 1019 1953 praecipua
1051 1895 1237 1939 Silurum
1267 1897 1530 1954 pervicacia,
1563 1911 1673 1955 quos
1694 1898 1958 1942 accendebat
1977 1898 2071 1943 vul-

277 1980 374 2030 gata
404 1971 657 2030 inperatoris
687 1971 862 2014 Romani
896 1984 993 2022 vox,
1025 1976 1072 2014 ut
1101 1971 1318 2029 quondam
1350 1972 1575 2031 Sygambri
1604 1973 1734 2017 excisi
1756 1974 1888 2018 autin
1913 1973 2068 2018 Gallias

277 2047 440 2091 traiecti
484 2046 639 2098 forent,
685 2046 742 2089 ita
779 2045 964 2090 Silurum
1004 2060 1161 2090 nomen
1199 2047 1369 2105 penitus
1410 2047 1756 2105 extinguendum.
1802 2049 1929 2106 igitur
1957 2049 2066 2093 duas

277 2122 504 2167 auxiliares
524 2121 724 2166 cohortes
740 2121 917 2165 avaritia
936 2121 1253 2179 praefectorum
1273 2123 1484 2167 incautius
1504 2122 1759 2181 populantes
1779 2124 2066 2182 intercepere3

341 2252 372 2285 3.
397 2251 525 2292 partim
547 2250 581 2284 M
607 2267 642 2273 -
668 2250 699 2282 6.
725 2250 814 2282 Ante
838 2250 926 2290 quod
948 2258 1051 2283 erasa
1076 2251 1132 2283 est
1153 2248 1266 2283 littera
1291 2258 1360 2282 una
1384 2249 1420 2282 in
1442 2250 1476 2283 M
1502 2267 1537 2273 —
1562 2250 1698 2292 sifacem
1720 2251 1754 2284 M
1776 2268 1812 2274 —-
1838 2251 1870 2285 8.
1887 2251 1955 2285 sibe
1976 2252 2011 2286 M
2028 2239 2064 2275 ‘-

275 2309 329 2342 ⁴⁴.
353 2308 470 2341 situlas
492 2308 524 2342 M
549 2324 585 2330 —
610 2306 729 2339 relicta
751 2307 784 2339 M
811 2324 846 2330 —
871 2307 925 2339 ⁴2.
951 2307 1017 2339 cito
1038 2308 1165 2340 nuntiis
1187 2308 1238 2340 M:
1272 2307 1345 2339 citis
1366 2307 1492 2340 nuntiis
1513 2307 1669 2349 Lipsius;
1694 2307 1758 2340 cito
1780 2309 1906 2341 nuntiis
1927 2309 2070 2342 dimissis

274 2366 475 2404 Wurmius;
500 2365 566 2398 cito
589 2373 606 2397 e
626 2363 708 2396 vicis
722 2364 888 2396 Faernus.
909 2381 944 2387 —
963 2373 1008 2396 ex
1022 2364 1227 2406 Rupertius:
1254 2367 1284 2396 et
1306 2365 1356 2403 M;
1382 2372 1400 2396 e
1414 2363 1562 2406 Lipsius.
1583 2382 1619 2387 —
1641 2364 1810 2404 proximis
1831 2364 1880 2397 M:
1898 2364 2068 2405 proximis

272 2423 380 2455 missis
407 2421 623 2464 Nipperdey.
652 2439 687 2445 -
720 2420 806 2461 foret
827 2422 1001 2461 copiarum
1025 2421 1186 2454 obsidioni
1207 2420 1491 2462 Bezzenberger:
1523 2421 1610 2462 foret
1631 2422 1804 2462 copiarum
1825 2421 1991 2454 obsidione
2011 2421 2064 2461 M3

272 2481 375 2522 foret,
399 2480 514 2520 copiae
536 2482 606 2511 tum
629 2478 795 2510 occidione
817 2479 992 2516 Muretus;
1017 2478 1102 2519 foret
1124 2479 1299 2519 copiarum
1314 2478 1449 2518 obsidio,
1467 2478 1633 2510 occidione
1648 2477 1816 2510 Halmius.
1837 2494 1872 2500 —
1900 2476 1953 2510 ⁴4.
1971 2478 2066 2518 quis-

273 2544 335 2576 que
351 2544 368 2567 e
381 2535 561 2575 manipulis
583 2535 737 2576 Lipsius:
765 2535 901 2575 quisque
922 2535 1116 2576 manipulus
1137 2535 1189 2574 M;
1215 2535 1352 2576 quisque
1371 2535 1596 2575 manipularis
1617 2535 1782 2568 Pichena.
1803 2551 1839 2558 —·
1867 2534 1919 2567 ⁴5.
1937 2537 2067 2567 nostros

272 2590 502 2625 Puteolanus:
534 2599 593 2623 nos
621 2591 708 2631 ipsos
735 2591 785 2627 M;
816 2599 877 2622 nos
900 2589 1008 2631 [ipsos]
1033 2591 1204 2629 Ritteru83
1235 2594 1365 2623 nostros
1385 2591 1475 2631 ipsos
1497 2589 1564 2623 alii.
1593 2608 1627 2613 —
1655 2590 1708 2623 ⁴6.
1733 2590 1884 2631 opposuit
1905 2589 2061 2632 Lipsius:

272 2647 427 2688 exposuit
450 2647 586 2688 (errore
611 2647 687 2678 orto
712 2654 754 2677 ex
784 2645 1030 2687 praecedentis
1053 2645 1216 2678 vocabuli
1239 2646 1346 2687 initio)
1371 2647 1404 2679 M
1430 2663 1464 2670 --
1497 2646 1629 2679 sistebat
1657 2647 1708 2679 M:
1743 2645 1898 2678 sistebant
1925 2644 1994 2679 alii.
2017 2663 2062 2669 —

273 2704 326 2737 ⁴7.
348 2704 492 2751 prelium
515 2703 548 2736 M
575 2720 609 2726 —
637 2702 690 2734 ⁴9.
712 2702 824 2748 prelia
846 2703 879 2735 M
898 2720 933 2725 —
959 2703 1013 2735 20.
1036 2703 1172 2743 prouisa
1195 2703 1245 2736 M:
1269 2703 1409 2744 provisu
1430 2702 1578 2744 Lipsius.
1600 2719 1635 2726 -
1652 2702 1706 2735 2⁴.
1725 2700 1860 2734 ducibus
1875 2701 1939 2743 [ac]
1955 2709 2063 2742 prae-

271 2761 372 2801 cipua
394 2759 633 2792 Freinshemio
657 2760 801 2792 auctore
825 2759 951 2792 Haase.
972 2777 1008 2783 —
1033 2760 1088 2792 22.
1113 2760 1218 2800 inper.
1238 2760 1300 2799 (sic
1317 2759 1457 2792 omissis
1480 2759 1608 2792 ceteris
1630 2756 1792 2791 vocabuli
1814 2756 1948 2799 litteris)
1972 2758 2005 2792 M
2021 2773 2058 2781 —

271 2817 375 2849 excisi
397 2819 458 2848 aut
480 2816 652 2848 Faernus:
678 2815 806 2848 excisio
826 2818 865 2848 ut
887 2816 935 2854 M3
962 2816 1082 2848 excissi
1105 2819 1166 2848 aut
1187 2814 1356 2848 Halmius.
1385 2833 1423 2840 —
1447 2815 1501 2848 24.
1526 2814 1698 2847 auxiliare
1718 2814 1763 2848 M.

273 2940 342 2963 non
358 2930 526 2963 affectum
542 2930 594 2961 iri.
616 2947 650 2952 —
668 2929 771 2970 sionis
786 2931 822 2962 R.
839 2928 1039 2971 praesidere]
1063 2930 1086 2961 i.
1105 2938 1138 2962 e.
1191 2926 1283 2968 gem)
1307 2935 1382 2959 cwm
1405 2926 1510 2959 tribus
1531 2926 1612 2968 filiis
1633 2929 1711 2958 ante
1733 2934 1872 2958 currum
1893 2925 1991 2957 duxit
2014 2925 2058 2966 (a.

271 2981 362 3013 inter
392 2981 491 3022 signa
524 2978 685 3012 militaria
709 2977 786 3010 loeo
811 2979 924 3018 edito,
961 2977 1138 3019 tribunali,
1190 2986 1226 3009 u.
1250 2976 1338 3018 587).
1366 2994 1402 3000 —
1436 2976 1579 3018 nuntiis]
1619 2975 1778 3009 absolute
1813 2976 1835 3007 i.
1865 2984 1899 3017 q.
1931 2975 2060 3007 nuntiis

270 3030 496 3072 imperatoris
519 3027 625 3061 modo
650 3027 790 3060 sedere.
825 3027 875 3060 Cf.
902 3029 1044 3061 Sueton.
1063 3027 1138 3062 Tib.
1191 3026 1318 3059 missis.
1341 3026 1392 3060 Cf.
1413 3026 1464 3066 ⁴3,
1483 3026 1519 3058 9:
1545 3029 1684 3068 uterque
1699 3026 1743 3058 ad
1762 3025 1935 3067 Voloyesen
1949 3033 2059 3066 regem

271 3081 302 3113 6.
330 3081 410 3113 Eun.
1188 3078 1316 3110 nuntiis
1336 3076 1523 3109 monebant.

316 3132 369 3165 38.
395 3130 578 3171 Syphacem
598 3129 634 3161 P.
658 3127 786 3168 Scipio]
816 3128 1035 3169 Syphacem,
1066 3129 1140 3160 Nu-

270 3181 447 3214 midarum
470 3187 593 3221 regem
608 3179 643 3210 in
660 3176 838 3218 triumpho
856 3176 953 3209 duxit
967 3179 1004 3210 P.
1023 3177 1138 3219 Scipio
1232 3176 1286 3209 39.
1309 3185 1372 3216 pro
1395 3176 1530 3209 meliore
1550 3175 1624 3217 fuit]
1649 3173 1876 3217 Singulariter
1898 3173 2051 3207 dietum:

270 3231 453 3264 Africanus
477 3239 508 3261 a.
535 3238 569 3261 u.
594 3227 669 3261 553.
697 3226 748 3260 Cf.
766 3226 837 3258 Liv.
856 3226 909 3266 30,
928 3226 981 3259 45.
1003 3245 1038 3250 —
1059 3228 1138 3259 Per·
1189 3226 1452 3258 «existimatum
1485 3226 1539 3258 est
1562 3225 1663 3258 nobis
1686 3233 1764 3257 rem
1787 3225 1820 3256 in
1845 3221 1970 3256 melius
1994 3231 2055 3256 ce-

268 3289 324 3312 sen
347 3281 382 3312 L.
402 3278 533 3320 Paulus]
558 3279 630 3311 Liv.
649 3277 737 3319 Epit.
756 3275 778 3309 l.
797 3275 857 3308 45:
883 3276 1040 3308 Aemilius
1055 3277 1139 3308 Pau·
1188 3275 1336 3314 cidisse,
1370 3284 1434 3308 nos
1465 3276 1668 3318 superiores
1690 3274 1834 3307 fuisse.»
1869 3272 1986 3306 Simile
2011 3281 2054 3306 ex

266 3330 320 3361 lus
342 3328 603 3370 repugnantibus
625 3325 784 3359 militibus
805 3325 907 3366 ipsius
924 3328 1063 3365 propter
1076 3327 1139 3358 mi·
1187 3326 1286 3367 parte
1310 3324 1393 3357 illud
1417 3323 1554 3358 Sallust.
1579 3326 1651 3366 lug.
1678 3324 1736 3356 22:
1756 3323 1918 3363 populum
1940 3323 1977 3355 R.
1994 3331 2054 3355 ne·

268 3387 382 3410 norem
398 3379 564 3418 praedam
583 3381 613 3410 et
629 3379 747 3409 contra
761 3375 885 3408 dicente
899 3374 972 3406 Ser.
990 3375 1136 3415 Sulpicio
1186 3383 1248 3415 que
1269 3378 1357 3407 recte
1371 3383 1476 3415 neque
1493 3383 1558 3415 pro
1573 3374 1657 3406 bono
1670 3374 1861 3415 facturum,
1885 3373 1914 3404 si
1929 3374 1997 3405 cet.
2013 3389 2050 3396 —

269 3427 377 3461 Galba
399 3428 614 3468 mmnphavtt
635 3430 665 3460 et
679 3427 796 3459 Persen
816 3423 1062 3467 (Macedonum
1075 3433 1135 3456 re·
1181 3423 1326 3465 proviso]
1359 3424 1433 3456 Hoc
1456 3431 1598 3466 quoque
1623 3423 1678 3455 vix
1701 3421 1782 3454 alibi
1805 3422 1964 3464 reperies
1987 3429 2052 3464 pro

2247 3060 2254 3128 -..-.
2249 2988 2254 3042 ...-
