<?xml version="1.0" encoding="UTF-8"?>
<!DOCTYPE html PUBLIC "-//W3C//DTD XHTML 1.0 Transitional//EN"
    "http://www.w3.org/TR/xhtml1/DTD/xhtml1-transitional.dtd">
<html xmlns="http://www.w3.org/1999/xhtml" xml:lang="en" lang="en">
 <head>
  <title>
</title>
<meta http-equiv="Content-Type" content="text/html;charset=utf-8" />
  <meta name='ocr-system' content='tesseract 3.04.00' />
  <meta name='ocr-capabilities' content='ocr_page ocr_carea ocr_par ocr_line ocrx_word'/>
</head>
<body>
  <div class='ocr_page' id='page_1' title='image "./pcorneliitacitio01taciuoft_0601.png"; bbox 0 0 2254 3770; ppageno 0'>
   <div class='ocr_carea' id='block_1_1' title="bbox 628 304 1350 362">
    <p class='ocr_par' dir='ltr' id='par_1_1' title="bbox 628 304 1350 362">
     <span class='ocr_line' id='line_1_1' title="bbox 628 304 1350 362; baseline -0.003 -14"><span class='ocrx_word' id='word_1_1' title='bbox 628 305 780 349; x_wconf 76' lang='lat' dir='ltr'>LmEn</span> <span class='ocrx_word' id='word_1_2' title='bbox 810 305 911 349; x_wconf 91' lang='lat' dir='ltr'><strong>XVI.</strong></span> <span class='ocrx_word' id='word_1_3' title='bbox 956 305 1057 362; x_wconf 87' lang='lat' dir='ltr'>Cap.</span> <span class='ocrx_word' id='word_1_4' title='bbox 1087 304 1154 348; x_wconf 75' lang='lat'>26.</span> <span class='ocrx_word' id='word_1_5' title='bbox 1184 305 1254 347; x_wconf 78' lang='lat'>27.</span> <span class='ocrx_word' id='word_1_6' title='bbox 1284 304 1350 347; x_wconf 74' lang='lat'>28.</span> 
     </span>
    </p>
   </div>
   <div class='ocr_carea' id='block_1_2' title="bbox 1810 301 1891 344">
    <p class='ocr_par' dir='ltr' id='par_1_2' title="bbox 1810 301 1891 344">
     <span class='ocr_line' id='line_1_2' title="bbox 1810 301 1891 344; baseline 0 0"><span class='ocrx_word' id='word_1_7' title='bbox 1810 301 1891 344; x_wconf 81' lang='lat'>563</span> 
     </span>
    </p>
   </div>
   <div class='ocr_carea' id='block_1_3' title="bbox 111 410 1892 622">
    <p class='ocr_par' dir='ltr' id='par_1_3' title="bbox 111 410 1892 622">
     <span class='ocr_line' id='line_1_3' title="bbox 113 410 1892 468; baseline -0.004 -10"><span class='ocrx_word' id='word_1_8' title='bbox 113 413 305 458; x_wconf 81' lang='lat' dir='ltr'>ordinem</span> <span class='ocrx_word' id='word_1_9' title='bbox 327 426 408 456; x_wconf 91' lang='lat' dir='ltr'>non</span> <span class='ocrx_word' id='word_1_10' title='bbox 433 411 743 456; x_wconf 89' lang='lat' dir='ltr'>deserendum:</span> <span class='ocrx_word' id='word_1_11' title='bbox 766 410 821 454; x_wconf 92' lang='lat' dir='ltr'>illi</span> <span class='ocrx_word' id='word_1_12' title='bbox 843 411 1005 455; x_wconf 91' lang='lat' dir='ltr'>initium</span> <span class='ocrx_word' id='word_1_13' title='bbox 1027 411 1347 468; x_wconf 80' lang='lat' dir='ltr'><strong>magistratuum</strong></span> <span class='ocrx_word' id='word_1_14' title='bbox 1369 417 1411 454; x_wconf 88' lang='lat' dir='ltr'>et</span> <span class='ocrx_word' id='word_1_15' title='bbox 1430 410 1593 467; x_wconf 88' lang='lat' dir='ltr'>integra</span> <span class='ocrx_word' id='word_1_16' title='bbox 1607 421 1720 466; x_wconf 89' lang='lat' dir='ltr'>quae</span> <span class='ocrx_word' id='word_1_17' title='bbox 1742 422 1892 465; x_wconf 91' lang='lat' dir='ltr'>super-</span> 
     </span>
     <span class='ocr_line' id='line_1_4' title="bbox 111 483 1891 544; baseline -0.004 -12"><span class='ocrx_word' id='word_1_18' title='bbox 111 489 206 533; x_wconf 86' lang='lat' dir='ltr'><strong>sint.</strong></span> <span class='ocrx_word' id='word_1_19' title='bbox 237 487 415 532; x_wconf 83' lang='lat' dir='ltr'>multum</span> <span class='ocrx_word' id='word_1_20' title='bbox 442 494 540 531; x_wconf 89' lang='lat' dir='ltr'>ante</span> <span class='ocrx_word' id='word_1_21' title='bbox 570 500 719 531; x_wconf 89' lang='lat' dir='ltr'>secum</span> <span class='ocrx_word' id='word_1_22' title='bbox 747 486 1030 544; x_wconf 84' lang='lat' dir='ltr'>expenderet,</span> <span class='ocrx_word' id='word_1_23' title='bbox 1061 486 1176 544; x_wconf 91' lang='lat' dir='ltr'>quod</span> <span class='ocrx_word' id='word_1_24' title='bbox 1209 486 1277 529; x_wconf 90' lang='lat' dir='ltr'>tali</span> <span class='ocrx_word' id='word_1_25' title='bbox 1310 486 1351 529; x_wconf 94' lang='lat' dir='ltr'>in</span> <span class='ocrx_word' id='word_1_26' title='bbox 1382 492 1574 543; x_wconf 88' lang='lat' dir='ltr'>tempore</span> <span class='ocrx_word' id='word_1_27' title='bbox 1600 483 1891 541; x_wconf 85' lang='lat' dir='ltr'>capessendae</span> 
     </span>
     <span class='ocr_line' id='line_1_5' title="bbox 111 558 1890 622; baseline -0.003 -15"><span class='ocrx_word' id='word_1_28' title='bbox 111 564 173 608; x_wconf 91' lang='lat' dir='ltr'>rei</span> <span class='ocrx_word' id='word_1_29' title='bbox 210 578 250 622; x_wconf 88' lang='lat' dir='ltr'>p.</span> <span class='ocrx_word' id='word_1_30' title='bbox 281 563 363 607; x_wconf 90' lang='lat' dir='ltr'>iter</span> <span class='ocrx_word' id='word_1_31' title='bbox 400 563 708 621; x_wconf 80' lang='lat' dir='ltr'>ingrederetur.</span> <span class='ocrx_word' id='word_1_32' title='bbox 749 568 939 606; x_wconf 89' lang='lat' dir='ltr'>ceterum</span> <span class='ocrx_word' id='word_1_33' title='bbox 976 563 1087 620; x_wconf 83' lang='lat' dir='ltr'>ipse,</span> <span class='ocrx_word' id='word_1_34' title='bbox 1134 575 1186 604; x_wconf 90' lang='lat' dir='ltr'>an</span> <span class='ocrx_word' id='word_1_35' title='bbox 1227 561 1372 604; x_wconf 89' lang='lat' dir='ltr'>venire</span> <span class='ocrx_word' id='word_1_36' title='bbox 1410 561 1452 603; x_wconf 92' lang='lat' dir='ltr'>in</span> <span class='ocrx_word' id='word_1_37' title='bbox 1482 566 1674 604; x_wconf 89' lang='lat' dir='ltr'>senatum</span> <span class='ocrx_word' id='word_1_38' title='bbox 1706 558 1890 608; x_wconf 86' lang='lat' dir='ltr'>deceret,</span> 
     </span>
    </p>
   </div>
   <div class='ocr_carea' id='block_1_4' title="bbox 110 637 718 695">
    <p class='ocr_par' dir='ltr' id='par_1_4' title="bbox 110 637 718 695">
     <span class='ocr_line' id='line_1_6' title="bbox 110 637 718 695; baseline -0.005 -12"><span class='ocrx_word' id='word_1_39' title='bbox 110 638 370 683; x_wconf 84' lang='lat' dir='ltr'>meditationi</span> <span class='ocrx_word' id='word_1_40' title='bbox 402 652 507 682; x_wconf 90' lang='lat' dir='ltr'>suae</span> <span class='ocrx_word' id='word_1_41' title='bbox 535 637 718 695; x_wconf 88' lang='lat' dir='ltr'>reliquit.</span> 
     </span>
    </p>
   </div>
   <div class='ocr_carea' id='block_1_5' title="bbox 773 633 1893 694">
    <p class='ocr_par' dir='ltr' id='par_1_5' title="bbox 773 633 1893 694">
     <span class='ocr_line' id='line_1_7' title="bbox 773 633 1893 694; baseline -0.005 -13"><span class='ocrx_word' id='word_1_42' title='bbox 773 637 854 694; x_wconf 74' lang='lat'>(27)</span> <span class='ocrx_word' id='word_1_43' title='bbox 884 644 926 680; x_wconf 91' lang='lat' dir='ltr'>at</span> <span class='ocrx_word' id='word_1_44' title='bbox 955 643 1127 694; x_wconf 89' lang='lat' dir='ltr'>postera</span> <span class='ocrx_word' id='word_1_45' title='bbox 1157 635 1252 679; x_wconf 89' lang='lat' dir='ltr'>luce</span> <span class='ocrx_word' id='word_1_46' title='bbox 1283 636 1395 680; x_wconf 92' lang='lat' dir='ltr'>duae</span> <span class='ocrx_word' id='word_1_47' title='bbox 1425 635 1664 693; x_wconf 84' lang='lat' dir='ltr'>praetoriae</span> <span class='ocrx_word' id='word_1_48' title='bbox 1695 633 1893 677; x_wconf 91' lang='lat' dir='ltr'>cobortes</span> 
     </span>
    </p>
   </div>
   <div class='ocr_carea' id='block_1_6' title="bbox 109 707 1945 1446">
    <p class='ocr_par' dir='ltr' id='par_1_6' title="bbox 109 707 1945 1446">
     <span class='ocr_line' id='line_1_8' title="bbox 111 707 1924 771; baseline -0.005 -13"><span class='ocrx_word' id='word_1_49' title='bbox 111 720 298 758; x_wconf 86' lang='lat' dir='ltr'>armatae</span> <span class='ocrx_word' id='word_1_50' title='bbox 339 713 543 771; x_wconf 91' lang='lat' dir='ltr'>templum</span> <span class='ocrx_word' id='word_1_51' title='bbox 586 712 824 757; x_wconf 87' lang='lat' dir='ltr'>Genetricis</span> <span class='ocrx_word' id='word_1_52' title='bbox 860 712 1038 756; x_wconf 86' lang='lat' dir='ltr'>Veneris</span> <span class='ocrx_word' id='word_1_53' title='bbox 1082 710 1294 755; x_wconf 88' lang='lat' dir='ltr'>insedere..</span> <span class='ocrx_word' id='word_1_54' title='bbox 1343 710 1502 754; x_wconf 85' lang='lat' dir='ltr'>aditum</span> <span class='ocrx_word' id='word_1_55' title='bbox 1537 717 1711 754; x_wconf 89' lang='lat' dir='ltr'>senatus</span> <span class='ocrx_word' id='word_1_56' title='bbox 1741 707 1924 766; x_wconf 67' lang='lat' dir='ltr'>globust»</span> 
     </span>
     <span class='ocr_line' id='line_1_9' title="bbox 110 783 1894 847; baseline -0.004 -14"><span class='ocrx_word' id='word_1_57' title='bbox 110 795 350 847; x_wconf 88' lang='lat' dir='ltr'>togatorum</span> <span class='ocrx_word' id='word_1_58' title='bbox 378 787 607 832; x_wconf 85' lang='lat' dir='ltr'>obsederat</span> <span class='ocrx_word' id='word_1_59' title='bbox 636 801 720 831; x_wconf 90' lang='lat' dir='ltr'>non</span> <span class='ocrx_word' id='word_1_60' title='bbox 751 786 928 831; x_wconf 90' lang='lat' dir='ltr'>occultis</span> <span class='ocrx_word' id='word_1_61' title='bbox 958 785 1130 843; x_wconf 73' lang='lat' dir='ltr'>gladiis,</span> <span class='ocrx_word' id='word_1_62' title='bbox 1172 785 1443 843; x_wconf 86' lang='lat' dir='ltr'>dispersique</span> <span class='ocrx_word' id='word_1_63' title='bbox 1471 799 1551 843; x_wconf 82' lang='lat' dir='ltr'>per</span> <span class='ocrx_word' id='word_1_64' title='bbox 1580 785 1671 828; x_wconf 82' lang='lat' dir='ltr'>sora</span> <span class='ocrx_word' id='word_1_65' title='bbox 1700 797 1751 828; x_wconf 90' lang='lat' dir='ltr'>ac</span> <span class='ocrx_word' id='word_1_66' title='bbox 1779 783 1894 827; x_wconf 91' lang='lat' dir='ltr'>basi-</span> 
     </span>
     <span class='ocr_line' id='line_1_10' title="bbox 111 859 1893 919; baseline -0.003 -13"><span class='ocrx_word' id='word_1_67' title='bbox 111 863 214 908; x_wconf 87' lang='lat' dir='ltr'>licas</span> <span class='ocrx_word' id='word_1_68' title='bbox 253 864 378 908; x_wconf 90' lang='lat' dir='ltr'>cunei</span> <span class='ocrx_word' id='word_1_69' title='bbox 414 863 628 907; x_wconf 87' lang='lat' dir='ltr'>militares.</span> <span class='ocrx_word' id='word_1_70' title='bbox 677 863 787 905; x_wconf 90' lang='lat' dir='ltr'>inter</span> <span class='ocrx_word' id='word_1_71' title='bbox 821 875 1003 919; x_wconf 88' lang='lat' dir='ltr'>quorum</span> <span class='ocrx_word' id='word_1_72' title='bbox 1039 867 1240 918; x_wconf 89' lang='lat' dir='ltr'>aspectus</span> <span class='ocrx_word' id='word_1_73' title='bbox 1282 868 1323 904; x_wconf 91' lang='lat' dir='ltr'>et</span> <span class='ocrx_word' id='word_1_74' title='bbox 1355 861 1491 904; x_wconf 91' lang='lat' dir='ltr'>minas</span> <span class='ocrx_word' id='word_1_75' title='bbox 1522 861 1701 917; x_wconf 88' lang='lat' dir='ltr'>ingressi</span> <span class='ocrx_word' id='word_1_76' title='bbox 1734 859 1893 904; x_wconf 89' lang='lat' dir='ltr'>curiam</span> 
     </span>
     <span class='ocr_line' id='line_1_11' title="bbox 110 934 1894 995; baseline -0.004 -12"><span class='ocrx_word' id='word_1_77' title='bbox 110 945 350 990; x_wconf 86' lang='lat' dir='ltr'>senatores,</span> <span class='ocrx_word' id='word_1_78' title='bbox 397 946 440 982; x_wconf 88' lang='lat' dir='ltr'>et</span> <span class='ocrx_word' id='word_1_79' title='bbox 477 938 612 982; x_wconf 90' lang='lat' dir='ltr'>oratio</span> <span class='ocrx_word' id='word_1_80' title='bbox 650 937 855 995; x_wconf 90' lang='lat' dir='ltr'>principis</span> <span class='ocrx_word' id='word_1_81' title='bbox 883 950 964 994; x_wconf 88' lang='lat' dir='ltr'>per</span> <span class='ocrx_word' id='word_1_82' title='bbox 990 942 1263 994; x_wconf 87' lang='lat' dir='ltr'>quaestorem</span> <span class='ocrx_word' id='word_1_83' title='bbox 1295 936 1389 980; x_wconf 91' lang='lat' dir='ltr'>eius</span> <span class='ocrx_word' id='word_1_84' title='bbox 1418 935 1561 979; x_wconf 90' lang='lat' dir='ltr'>audita</span> <span class='ocrx_word' id='word_1_85' title='bbox 1591 942 1679 979; x_wconf 89' lang='lat' dir='ltr'>est:</span> <span class='ocrx_word' id='word_1_86' title='bbox 1725 934 1894 978; x_wconf 92' lang='lat' dir='ltr'>nemine</span> 
     </span>
     <span class='ocr_line' id='line_1_12' title="bbox 111 1010 1894 1071; baseline -0.003 -14"><span class='ocrx_word' id='word_1_87' title='bbox 111 1014 357 1058; x_wconf 89' lang='lat' dir='ltr'>nominatim</span> <span class='ocrx_word' id='word_1_88' title='bbox 378 1012 632 1071; x_wconf 89' lang='lat' dir='ltr'>compellato</span> <span class='ocrx_word' id='word_1_89' title='bbox 653 1018 797 1070; x_wconf 91' lang='lat' dir='ltr'>patres</span> <span class='ocrx_word' id='word_1_90' title='bbox 817 1011 1024 1070; x_wconf 88' lang='lat' dir='ltr'>arguebat</span> <span class='ocrx_word' id='word_1_91' title='bbox 1039 1011 1154 1069; x_wconf 92' lang='lat' dir='ltr'>quod</span> <span class='ocrx_word' id='word_1_92' title='bbox 1178 1011 1349 1068; x_wconf 91' lang='lat' dir='ltr'>publica</span> <span class='ocrx_word' id='word_1_93' title='bbox 1371 1011 1515 1054; x_wconf 91' lang='lat' dir='ltr'>munia</span> <span class='ocrx_word' id='word_1_94' title='bbox 1535 1010 1798 1060; x_wconf 87' lang='lat' dir='ltr'>desererent,</span> <span class='ocrx_word' id='word_1_95' title='bbox 1821 1023 1894 1052; x_wconf 93' lang='lat' dir='ltr'>eo-</span> 
     </span>
     <span class='ocr_line' id='line_1_13' title="bbox 111 1083 1945 1147; baseline -0.004 -15"><span class='ocrx_word' id='word_1_96' title='bbox 111 1102 295 1147; x_wconf 87' lang='lat' dir='ltr'>rumque</span> <span class='ocrx_word' id='word_1_97' title='bbox 325 1088 522 1146; x_wconf 88' lang='lat' dir='ltr'>exemplo</span> <span class='ocrx_word' id='word_1_98' title='bbox 553 1088 720 1146; x_wconf 87' lang='lat' dir='ltr'>equites</span> <span class='ocrx_word' id='word_1_99' title='bbox 750 1088 926 1131; x_wconf 90' lang='lat' dir='ltr'>Romani</span> <span class='ocrx_word' id='word_1_100' title='bbox 956 1087 1010 1130; x_wconf 91' lang='lat' dir='ltr'>ad</span> <span class='ocrx_word' id='word_1_101' title='bbox 1042 1086 1263 1145; x_wconf 82' lang='lat' dir='ltr'>segnitiam</span> <span class='ocrx_word' id='word_1_102' title='bbox 1294 1092 1572 1130; x_wconf 90' lang='lat' dir='ltr'>verterentur.</span> <span class='ocrx_word' id='word_1_103' title='bbox 1604 1083 1759 1129; x_wconf 86' lang='lat' dir='ltr'>etenim</span> <span class='ocrx_word' id='word_1_104' title='bbox 1791 1084 1945 1142; x_wconf 80' lang='lat' dir='ltr'>quidm</span> 
     </span>
     <span class='ocr_line' id='line_1_14' title="bbox 111 1160 1896 1221; baseline -0.003 -13"><span class='ocrx_word' id='word_1_105' title='bbox 111 1165 266 1208; x_wconf 87' lang='lat' dir='ltr'>mirum</span> <span class='ocrx_word' id='word_1_106' title='bbox 294 1177 320 1207; x_wconf 90' lang='lat' dir='ltr'>e</span> <span class='ocrx_word' id='word_1_107' title='bbox 349 1162 591 1221; x_wconf 82' lang='lat' dir='ltr'>longinquis</span> <span class='ocrx_word' id='word_1_108' title='bbox 621 1163 852 1220; x_wconf 91' lang='lat' dir='ltr'>provinciis</span> <span class='ocrx_word' id='word_1_109' title='bbox 883 1161 994 1206; x_wconf 88' lang='lat' dir='ltr'>haud</span> <span class='ocrx_word' id='word_1_110' title='bbox 1025 1162 1178 1210; x_wconf 90' lang='lat' dir='ltr'>veniri,</span> <span class='ocrx_word' id='word_1_111' title='bbox 1211 1175 1310 1205; x_wconf 91' lang='lat' dir='ltr'>cum</span> <span class='ocrx_word' id='word_1_112' title='bbox 1339 1160 1535 1219; x_wconf 90' lang='lat' dir='ltr'>plerique</span> <span class='ocrx_word' id='word_1_113' title='bbox 1566 1160 1708 1218; x_wconf 90' lang='lat' dir='ltr'>adepti</span> <span class='ocrx_word' id='word_1_114' title='bbox 1740 1173 1896 1203; x_wconf 89' lang='lat' dir='ltr'>consu-</span> 
     </span>
     <span class='ocr_line' id='line_1_15' title="bbox 109 1234 1898 1295; baseline -0.003 -12"><span class='ocrx_word' id='word_1_115' title='bbox 109 1238 242 1283; x_wconf 89' lang='lat' dir='ltr'>latum</span> <span class='ocrx_word' id='word_1_116' title='bbox 271 1245 314 1283; x_wconf 92' lang='lat' dir='ltr'>et</span> <span class='ocrx_word' id='word_1_117' title='bbox 343 1237 582 1283; x_wconf 88' lang='lat' dir='ltr'>sacerdotia</span> <span class='ocrx_word' id='word_1_118' title='bbox 612 1237 832 1281; x_wconf 87' lang='lat' dir='ltr'>hortorum</span> <span class='ocrx_word' id='word_1_119' title='bbox 863 1238 1004 1295; x_wconf 91' lang='lat' dir='ltr'>potius</span> <span class='ocrx_word' id='word_1_120' title='bbox 1035 1236 1275 1280; x_wconf 87' lang='lat' dir='ltr'>amoenitati</span> <span class='ocrx_word' id='word_1_121' title='bbox 1309 1237 1595 1280; x_wconf 80' lang='lat' dir='ltr'>inservirent?</span> <span class='ocrx_word' id='word_1_122' title='bbox 1635 1235 1750 1293; x_wconf 91' lang='lat' dir='ltr'>quod</span> <span class='ocrx_word' id='word_1_123' title='bbox 1781 1234 1898 1278; x_wconf 89' lang='lat' dir='ltr'>velut</span> 
     </span>
     <span class='ocr_line' id='line_1_16' title="bbox 110 1311 1895 1371; baseline -0.003 -13"><span class='ocrx_word' id='word_1_124' title='bbox 110 1314 243 1358; x_wconf 90' lang='lat' dir='ltr'>telum</span> <span class='ocrx_word' id='word_1_125' title='bbox 271 1314 520 1371; x_wconf 90' lang='lat' dir='ltr'>corripuere</span> <span class='ocrx_word' id='word_1_126' title='bbox 546 1320 832 1357; x_wconf 90' lang='lat' dir='ltr'>accusatores.</span> <span class='ocrx_word' id='word_1_127' title='bbox 879 1313 961 1369; x_wconf 77' lang='lat'>(28)</span> <span class='ocrx_word' id='word_1_128' title='bbox 983 1318 1026 1356; x_wconf 90' lang='lat' dir='ltr'>et</span> <span class='ocrx_word' id='word_1_129' title='bbox 1052 1312 1215 1355; x_wconf 88' lang='lat' dir='ltr'>initium</span> <span class='ocrx_word' id='word_1_130' title='bbox 1238 1311 1415 1355; x_wconf 76' lang='lat' dir='ltr'>faciente</span> <span class='ocrx_word' id='word_1_131' title='bbox 1436 1312 1702 1362; x_wconf 86' lang='lat' dir='ltr'>Cossutiano,</span> <span class='ocrx_word' id='word_1_132' title='bbox 1733 1311 1895 1354; x_wconf 88' lang='lat' dir='ltr'>maiore</span> 
     </span>
     <span class='ocr_line' id='line_1_17' title="bbox 110 1385 1896 1446; baseline -0.002 -14"><span class='ocrx_word' id='word_1_133' title='bbox 110 1389 151 1432; x_wconf 90' lang='lat' dir='ltr'>vi</span> <span class='ocrx_word' id='word_1_134' title='bbox 182 1388 405 1434; x_wconf 83' lang='lat' dir='ltr'>Marcellus</span> <span class='ocrx_word' id='word_1_135' title='bbox 433 1402 643 1432; x_wconf 91' lang='lat' dir='ltr'>summam</span> <span class='ocrx_word' id='word_1_136' title='bbox 662 1402 754 1431; x_wconf 91' lang='lat' dir='ltr'>rem</span> <span class='ocrx_word' id='word_1_137' title='bbox 773 1403 814 1446; x_wconf 92' lang='lat' dir='ltr'>p.</span> <span class='ocrx_word' id='word_1_138' title='bbox 836 1388 903 1444; x_wconf 90' lang='lat' dir='ltr'>agi</span> <span class='ocrx_word' id='word_1_139' title='bbox 927 1387 1186 1438; x_wconf 87' lang='lat' dir='ltr'>clamitabat;</span> <span class='ocrx_word' id='word_1_140' title='bbox 1218 1387 1485 1431; x_wconf 89' lang='lat' dir='ltr'>contumacia</span> <span class='ocrx_word' id='word_1_141' title='bbox 1514 1387 1758 1431; x_wconf 80' lang='lat' dir='ltr'>inferiorum</span> <span class='ocrx_word' id='word_1_142' title='bbox 1789 1385 1896 1430; x_wconf 88' lang='lat' dir='ltr'>leni-</span> 
     </span>
    </p>
   </div>
   <div class='ocr_carea' id='block_1_7' title="bbox 110 1463 794 1521">
    <p class='ocr_par' dir='ltr' id='par_1_7' title="bbox 110 1463 794 1521">
     <span class='ocr_line' id='line_1_18' title="bbox 110 1463 794 1521; baseline -0.004 -12"><span class='ocrx_word' id='word_1_143' title='bbox 110 1471 238 1509; x_wconf 82' lang='lat' dir='ltr'>tatem</span> <span class='ocrx_word' id='word_1_144' title='bbox 277 1464 555 1521; x_wconf 89' lang='lat' dir='ltr'>imperitantis</span> <span class='ocrx_word' id='word_1_145' title='bbox 592 1463 794 1507; x_wconf 87' lang='lat' dir='ltr'>deminui.</span> 
     </span>
    </p>
   </div>
   <div class='ocr_carea' id='block_1_8' title="bbox 853 1461 1947 1519">
    <p class='ocr_par' dir='ltr' id='par_1_8' title="bbox 853 1461 1947 1519">
     <span class='ocr_line' id='line_1_19' title="bbox 853 1461 1947 1519; baseline -0.004 -13"><span class='ocrx_word' id='word_1_146' title='bbox 853 1463 1028 1506; x_wconf 90' lang='lat' dir='ltr'>nimium</span> <span class='ocrx_word' id='word_1_147' title='bbox 1068 1463 1192 1506; x_wconf 91' lang='lat' dir='ltr'>mites</span> <span class='ocrx_word' id='word_1_148' title='bbox 1229 1462 1282 1505; x_wconf 91' lang='lat' dir='ltr'>ad</span> <span class='ocrx_word' id='word_1_149' title='bbox 1322 1475 1417 1506; x_wconf 89' lang='lat' dir='ltr'>eam</span> <span class='ocrx_word' id='word_1_150' title='bbox 1457 1462 1573 1506; x_wconf 66' lang='lat' dir='ltr'>diem</span> <span class='ocrx_word' id='word_1_151' title='bbox 1612 1468 1775 1519; x_wconf 90' lang='lat' dir='ltr'>patres,</span> <span class='ocrx_word' id='word_1_152' title='bbox 1822 1461 1947 1517; x_wconf 67' lang='lat' dir='ltr'>quim</span> 
     </span>
    </p>
   </div>
   <div class='ocr_carea' id='block_1_9' title="bbox 112 1536 1896 1671">
    <p class='ocr_par' dir='ltr' id='par_1_9' title="bbox 112 1536 1896 1671">
     <span class='ocr_line' id='line_1_20' title="bbox 112 1536 1896 1596; baseline -0.002 -13"><span class='ocrx_word' id='word_1_153' title='bbox 112 1538 339 1583; x_wconf 83' lang='lat' dir='ltr'>Thraseam</span> <span class='ocrx_word' id='word_1_154' title='bbox 371 1538 692 1589; x_wconf 88' lang='lat' dir='ltr'>desciscentem,</span> <span class='ocrx_word' id='word_1_155' title='bbox 727 1538 799 1596; x_wconf 91' lang='lat' dir='ltr'>qui</span> <span class='ocrx_word' id='word_1_156' title='bbox 830 1551 1035 1596; x_wconf 92' lang='lat' dir='ltr'>generum</span> <span class='ocrx_word' id='word_1_157' title='bbox 1065 1538 1160 1581; x_wconf 90' lang='lat' dir='ltr'>eius</span> <span class='ocrx_word' id='word_1_158' title='bbox 1189 1537 1431 1580; x_wconf 90' lang='lat' dir='ltr'>Helvidium</span> <span class='ocrx_word' id='word_1_159' title='bbox 1462 1539 1656 1581; x_wconf 91' lang='lat' dir='ltr'>Priscum</span> <span class='ocrx_word' id='word_1_160' title='bbox 1685 1537 1726 1579; x_wconf 93' lang='lat' dir='ltr'>in</span> <span class='ocrx_word' id='word_1_161' title='bbox 1760 1536 1896 1579; x_wconf 90' lang='lat' dir='ltr'>isdem</span> 
     </span>
     <span class='ocr_line' id='line_1_21' title="bbox 112 1611 1893 1671; baseline -0.001 -15"><span class='ocrx_word' id='word_1_162' title='bbox 112 1614 339 1665; x_wconf 82' lang='lat' dir='ltr'>furoribus,</span> <span class='ocrx_word' id='word_1_163' title='bbox 370 1613 495 1658; x_wconf 91' lang='lat' dir='ltr'>simul</span> <span class='ocrx_word' id='word_1_164' title='bbox 515 1614 744 1659; x_wconf 88' lang='lat' dir='ltr'>Paconium</span> <span class='ocrx_word' id='word_1_165' title='bbox 766 1613 1053 1671; x_wconf 88' lang='lat' dir='ltr'>Agrippinum,</span> <span class='ocrx_word' id='word_1_166' title='bbox 1083 1613 1248 1670; x_wconf 90' lang='lat' dir='ltr'>paterni</span> <span class='ocrx_word' id='word_1_167' title='bbox 1271 1612 1312 1655; x_wconf 92' lang='lat' dir='ltr'>in</span> <span class='ocrx_word' id='word_1_168' title='bbox 1334 1613 1549 1670; x_wconf 88' lang='lat' dir='ltr'>principes</span> <span class='ocrx_word' id='word_1_169' title='bbox 1570 1612 1655 1656; x_wconf 91' lang='lat' dir='ltr'>odii</span> <span class='ocrx_word' id='word_1_170' title='bbox 1677 1611 1893 1662; x_wconf 89' lang='lat' dir='ltr'>heredem,</span> 
     </span>
    </p>
   </div>
   <div class='ocr_carea' id='block_1_10' title="bbox 109 1745 1898 1963">
    <p class='ocr_par' dir='ltr' id='par_1_10' title="bbox 109 1745 1898 1963">
     <span class='ocr_line' id='line_1_22' title="bbox 176 1745 1892 1789; baseline -0.002 -9"><span class='ocrx_word' id='word_1_171' title='bbox 176 1749 210 1781; x_wconf 91' lang='grc'>2.</span> <span class='ocrx_word' id='word_1_172' title='bbox 235 1747 429 1789; x_wconf 74' lang='lat' dir='ltr'>capessendo</span> <span class='ocrx_word' id='word_1_173' title='bbox 450 1748 484 1780; x_wconf 92' lang='lat' dir='ltr'>M</span> <span class='ocrx_word' id='word_1_174' title='bbox 508 1765 544 1771; x_wconf 93' lang='lat'>—</span> <span class='ocrx_word' id='word_1_175' title='bbox 569 1748 601 1780; x_wconf 85' lang='lat'>5.</span> <span class='ocrx_word' id='word_1_176' title='bbox 626 1750 758 1780; x_wconf 86' lang='lat' dir='ltr'>armate</span> <span class='ocrx_word' id='word_1_177' title='bbox 780 1747 813 1780; x_wconf 89' lang='lat' dir='ltr'>M</span> <span class='ocrx_word' id='word_1_178' title='bbox 840 1765 873 1770; x_wconf 90' lang='lat'>—</span> <span class='ocrx_word' id='word_1_179' title='bbox 900 1747 1046 1779; x_wconf 75' lang='lat' dir='ltr'>insedere</span> <span class='ocrx_word' id='word_1_180' title='bbox 1068 1745 1297 1779; x_wconf 85' lang='lat' dir='ltr'>Puteolanus:</span> <span class='ocrx_word' id='word_1_181' title='bbox 1322 1746 1464 1779; x_wconf 77' lang='lat' dir='ltr'>insidere</span> <span class='ocrx_word' id='word_1_182' title='bbox 1486 1747 1530 1780; x_wconf 90' lang='lat' dir='ltr'>M.</span> <span class='ocrx_word' id='word_1_183' title='bbox 1556 1746 1643 1779; x_wconf 89' lang='lat' dir='ltr'>Vide</span> <span class='ocrx_word' id='word_1_184' title='bbox 1668 1746 1714 1778; x_wconf 89' lang='lat' dir='ltr'>ad</span> <span class='ocrx_word' id='word_1_185' title='bbox 1738 1746 1768 1786; x_wconf 90' lang='grc'>4,</span> <span class='ocrx_word' id='word_1_186' title='bbox 1787 1745 1839 1778; x_wconf 91' lang='grc'>30.</span> <span class='ocrx_word' id='word_1_187' title='bbox 1858 1763 1892 1768; x_wconf 92' lang='grc'>-</span> 
     </span>
     <span class='ocr_line' id='line_1_23' title="bbox 113 1793 1894 1845; baseline -0.002 -8"><span class='ocrx_word' id='word_1_188' title='bbox 113 1804 166 1837; x_wconf 96' lang='grc'>40.</span> <span class='ocrx_word' id='word_1_189' title='bbox 190 1806 399 1838; x_wconf 74' lang='lat' dir='ltr'>verterentur</span> <span class='ocrx_word' id='word_1_190' title='bbox 422 1805 465 1836; x_wconf 90' lang='lat' dir='ltr'>G:</span> <span class='ocrx_word' id='word_1_191' title='bbox 490 1806 663 1836; x_wconf 76' lang='lat' dir='ltr'>uterentur</span> <span class='ocrx_word' id='word_1_192' title='bbox 686 1804 762 1845; x_wconf 89' lang='lat' dir='ltr'>(pro</span> <span class='ocrx_word' id='word_1_193' title='bbox 784 1800 966 1844; x_wconf 66' lang='lat' dir='ltr'>uterentur)</span> <span class='ocrx_word' id='word_1_194' title='bbox 991 1802 1025 1836; x_wconf 90' lang='lat' dir='ltr'>M</span> <span class='ocrx_word' id='word_1_195' title='bbox 1051 1821 1085 1826; x_wconf 97' lang='lat'><strong>—</strong></span> <span class='ocrx_word' id='word_1_196' title='bbox 1117 1803 1171 1835; x_wconf 95' lang='grc'>44.</span> <span class='ocrx_word' id='word_1_197' title='bbox 1195 1803 1286 1835; x_wconf 80' lang='lat' dir='ltr'>haud</span> <span class='ocrx_word' id='word_1_198' title='bbox 1307 1793 1416 1835; x_wconf 73' lang='lat' dir='ltr'>ueniri</span> <span class='ocrx_word' id='word_1_199' title='bbox 1439 1803 1595 1845; x_wconf 87' lang='lat' dir='ltr'>Lipsius:</span> <span class='ocrx_word' id='word_1_200' title='bbox 1621 1803 1689 1835; x_wconf 82' lang='lat' dir='ltr'>had</span> <span class='ocrx_word' id='word_1_201' title='bbox 1710 1802 1820 1835; x_wconf 76' lang='lat' dir='ltr'>ueniri</span> <span class='ocrx_word' id='word_1_202' title='bbox 1842 1802 1894 1839; x_wconf 81' lang='lat' dir='ltr'>M;</span> 
     </span>
     <span class='ocr_line' id='line_1_24' title="bbox 110 1857 1898 1900; baseline -0.002 -7"><span class='ocrx_word' id='word_1_203' title='bbox 110 1860 201 1893; x_wconf 78' lang='lat' dir='ltr'>haud</span> <span class='ocrx_word' id='word_1_204' title='bbox 221 1860 374 1893; x_wconf 65' lang='lat' dir='ltr'>adventu·</span> <span class='ocrx_word' id='word_1_205' title='bbox 395 1858 581 1892; x_wconf 80' lang='lat' dir='ltr'>Acidalius.</span> <span class='ocrx_word' id='word_1_206' title='bbox 611 1877 645 1883; x_wconf 88' lang='lat'>—</span> <span class='ocrx_word' id='word_1_207' title='bbox 673 1860 725 1892; x_wconf 92' lang='grc'>42.</span> <span class='ocrx_word' id='word_1_208' title='bbox 751 1859 925 1891; x_wconf 76' lang='lat' dir='ltr'>amenitati</span> <span class='ocrx_word' id='word_1_209' title='bbox 947 1859 980 1892; x_wconf 89' lang='lat' dir='ltr'>M</span> <span class='ocrx_word' id='word_1_210' title='bbox 1003 1876 1039 1882; x_wconf 91' lang='lat'>—</span> <span class='ocrx_word' id='word_1_211' title='bbox 1067 1858 1120 1891; x_wconf 89' lang='grc'>43.</span> <span class='ocrx_word' id='word_1_212' title='bbox 1144 1859 1335 1899; x_wconf 72' lang='lat' dir='ltr'>corripuere</span> <span class='ocrx_word' id='word_1_213' title='bbox 1356 1859 1410 1892; x_wconf 86' lang='lat' dir='ltr'>M:</span> <span class='ocrx_word' id='word_1_214' title='bbox 1438 1860 1615 1900; x_wconf 78' lang='lat' dir='ltr'>arripuere</span> <span class='ocrx_word' id='word_1_215' title='bbox 1637 1857 1704 1891; x_wconf 89' lang='lat' dir='ltr'>alii.</span> <span class='ocrx_word' id='word_1_216' title='bbox 1726 1875 1759 1882; x_wconf 90' lang='lat'>—</span> <span class='ocrx_word' id='word_1_217' title='bbox 1786 1859 1898 1890; x_wconf 76' lang='lat' dir='ltr'>maior</span> 
     </span>
     <span class='ocr_line' id='line_1_25' title="bbox 109 1913 1660 1963; baseline -0.001 -13"><span class='ocrx_word' id='word_1_218' title='bbox 109 1917 164 1963; x_wconf 65' lang='lat' dir='ltr'>qui</span> <span class='ocrx_word' id='word_1_219' title='bbox 185 1917 219 1950; x_wconf 87' lang='lat' dir='ltr'>M</span> <span class='ocrx_word' id='word_1_220' title='bbox 243 1933 279 1940; x_wconf 92' lang='grc'>-</span> <span class='ocrx_word' id='word_1_221' title='bbox 306 1916 359 1949; x_wconf 88' lang='grc'>46.</span> <span class='ocrx_word' id='word_1_222' title='bbox 383 1915 507 1949; x_wconf 79' lang='lat' dir='ltr'>hisdem</span> <span class='ocrx_word' id='word_1_223' title='bbox 527 1916 561 1949; x_wconf 88' lang='lat' dir='ltr'>M</span> <span class='ocrx_word' id='word_1_224' title='bbox 586 1934 622 1939; x_wconf 98' lang='lat'><strong>—</strong></span> <span class='ocrx_word' id='word_1_225' title='bbox 650 1916 701 1949; x_wconf 84' lang='grc'>47.</span> <span class='ocrx_word' id='word_1_226' title='bbox 726 1916 906 1949; x_wconf 80' lang='lat' dir='ltr'>Paconium</span> <span class='ocrx_word' id='word_1_227' title='bbox 927 1915 1117 1948; x_wconf 87' lang='lat' dir='ltr'>Rhenanus</span> <span class='ocrx_word' id='word_1_228' title='bbox 1139 1913 1233 1957; x_wconf 83' lang='lat' dir='ltr'>(coll.</span> <span class='ocrx_word' id='word_1_229' title='bbox 1259 1924 1291 1947; x_wconf 91' lang='lat' dir='ltr'>c.</span> <span class='ocrx_word' id='word_1_230' title='bbox 1316 1914 1389 1955; x_wconf 84' lang='lat'>33):</span> <span class='ocrx_word' id='word_1_231' title='bbox 1415 1916 1594 1957; x_wconf 72' lang='lat' dir='ltr'>raqonium</span> <span class='ocrx_word' id='word_1_232' title='bbox 1612 1916 1660 1959; x_wconf 87' lang='grc' dir='ltr'>Μ.</span> 
     </span>
    </p>
   </div>
   <div class='ocr_carea' id='block_1_11' title="bbox 110 2039 981 3485">
    <p class='ocr_par' dir='ltr' id='par_1_11' title="bbox 110 2039 980 3485">
     <span class='ocr_line' id='line_1_26' title="bbox 111 2039 979 2084; baseline 0 -10"><span class='ocrx_word' id='word_1_233' title='bbox 111 2041 279 2084; x_wconf 81' lang='lat' dir='ltr'>principis</span> <span class='ocrx_word' id='word_1_234' title='bbox 301 2039 413 2074; x_wconf 89' lang='lat' dir='ltr'>salute</span> <span class='ocrx_word' id='word_1_235' title='bbox 436 2040 660 2074; x_wconf 85' lang='lat' dir='ltr'>defendenda</span> <span class='ocrx_word' id='word_1_236' title='bbox 687 2040 805 2084; x_wconf 90' lang='lat' dir='ltr'>palam</span> <span class='ocrx_word' id='word_1_237' title='bbox 829 2041 979 2074; x_wconf 90' lang='lat' dir='ltr'>demon-</span> 
     </span>
     <span class='ocr_line' id='line_1_27' title="bbox 111 2091 978 2134; baseline -0.001 -9"><span class='ocrx_word' id='word_1_238' title='bbox 111 2093 223 2126; x_wconf 82' lang='lat' dir='ltr'>strare</span> <span class='ocrx_word' id='word_1_239' title='bbox 245 2091 429 2132; x_wconf 86' lang='lat' dir='ltr'>volebant,</span> <span class='ocrx_word' id='word_1_240' title='bbox 456 2091 632 2134; x_wconf 88' lang='lat' dir='ltr'>simulque</span> <span class='ocrx_word' id='word_1_241' title='bbox 655 2092 838 2126; x_wconf 79' lang='lat' dir='ltr'>senatores</span> <span class='ocrx_word' id='word_1_242' title='bbox 860 2094 978 2125; x_wconf 88' lang='lat' dir='ltr'>exter-</span> 
     </span>
     <span class='ocr_line' id='line_1_28' title="bbox 111 2142 979 2185; baseline 0.001 -10"><span class='ocrx_word' id='word_1_243' title='bbox 111 2151 210 2183; x_wconf 88' lang='lat' dir='ltr'>rere,</span> <span class='ocrx_word' id='word_1_244' title='bbox 234 2143 264 2176; x_wconf 90' lang='lat' dir='ltr'>si</span> <span class='ocrx_word' id='word_1_245' title='bbox 286 2143 347 2184; x_wconf 85' lang='lat' dir='ltr'>qui</span> <span class='ocrx_word' id='word_1_246' title='bbox 370 2143 488 2176; x_wconf 90' lang='lat' dir='ltr'>minus</span> <span class='ocrx_word' id='word_1_247' title='bbox 509 2143 664 2185; x_wconf 87' lang='lat' dir='ltr'>prompti</span> <span class='ocrx_word' id='word_1_248' title='bbox 686 2144 807 2176; x_wconf 89' lang='lat' dir='ltr'>essent</span> <span class='ocrx_word' id='word_1_249' title='bbox 828 2142 873 2176; x_wconf 85' lang='lat' dir='ltr'>ad</span> <span class='ocrx_word' id='word_1_250' title='bbox 892 2151 979 2176; x_wconf 91' lang='lat' dir='ltr'>con-</span> 
     </span>
     <span class='ocr_line' id='line_1_29' title="bbox 111 2192 979 2236; baseline 0.001 -11"><span class='ocrx_word' id='word_1_251' title='bbox 111 2192 353 2226; x_wconf 88' lang='lat' dir='ltr'>demnandum</span> <span class='ocrx_word' id='word_1_252' title='bbox 369 2193 572 2226; x_wconf 83' lang='lat' dir='ltr'>Thraseam.</span> <span class='ocrx_word' id='word_1_253' title='bbox 591 2211 628 2216; x_wconf 94' lang='lat'>—</span> <span class='ocrx_word' id='word_1_254' title='bbox 645 2193 787 2236; x_wconf 66' lang='lat' dir='ltr'>cur-iarn]</span> <span class='ocrx_word' id='word_1_255' title='bbox 803 2194 826 2226; x_wconf 91' lang='lat' dir='ltr'>i.</span> <span class='ocrx_word' id='word_1_256' title='bbox 841 2202 873 2226; x_wconf 90' lang='lat' dir='ltr'>e.</span> <span class='ocrx_word' id='word_1_257' title='bbox 892 2202 979 2226; x_wconf 88' lang='lat' dir='ltr'>con-</span> 
     </span>
     <span class='ocr_line' id='line_1_30' title="bbox 111 2241 976 2285; baseline 0.001 -10"><span class='ocrx_word' id='word_1_258' title='bbox 111 2251 251 2276; x_wconf 80' lang='lat' dir='ltr'>sessum</span> <span class='ocrx_word' id='word_1_259' title='bbox 266 2243 408 2285; x_wconf 85' lang='lat' dir='ltr'>patrum</span> <span class='ocrx_word' id='word_1_260' title='bbox 420 2243 455 2275; x_wconf 88' lang='lat' dir='ltr'>in</span> <span class='ocrx_word' id='word_1_261' title='bbox 467 2241 600 2285; x_wconf 90' lang='lat' dir='ltr'>templo</span> <span class='ocrx_word' id='word_1_262' title='bbox 611 2243 758 2277; x_wconf 88' lang='lat' dir='ltr'>Veneris</span> <span class='ocrx_word' id='word_1_263' title='bbox 769 2244 976 2277; x_wconf 87' lang='lat' dir='ltr'>Genetricis.</span> 
     </span>
     <span class='ocr_line' id='line_1_31' title="bbox 115 2291 978 2336; baseline 0.002 -11"><span class='ocrx_word' id='word_1_264' title='bbox 115 2309 151 2316; x_wconf 91' lang='lat'><strong>—</strong></span> <span class='ocrx_word' id='word_1_265' title='bbox 167 2295 201 2326; x_wconf 79' lang='lat' dir='ltr'>et</span> <span class='ocrx_word' id='word_1_266' title='bbox 221 2292 343 2335; x_wconf 77' lang='lat' dir='ltr'>oratio]</span> <span class='ocrx_word' id='word_1_267' title='bbox 367 2291 495 2326; x_wconf 86' lang='lat' dir='ltr'>Sustuli</span> <span class='ocrx_word' id='word_1_268' title='bbox 518 2294 687 2335; x_wconf 88' lang='lat' dir='ltr'>punctum</span> <span class='ocrx_word' id='word_1_269' title='bbox 706 2295 787 2336; x_wconf 89' lang='lat' dir='ltr'>post</span> <span class='ocrx_word' id='word_1_270' title='bbox 800 2298 978 2335; x_wconf 78' lang='lat' dir='ltr'>senatores,</span> 
     </span>
     <span class='ocr_line' id='line_1_32' title="bbox 110 2342 979 2384; baseline 0.002 -9"><span class='ocrx_word' id='word_1_271' title='bbox 110 2344 151 2375; x_wconf 92' lang='lat' dir='ltr'>ut</span> <span class='ocrx_word' id='word_1_272' title='bbox 164 2342 275 2375; x_wconf 83' lang='lat' dir='ltr'>verba</span> <span class='ocrx_word' id='word_1_273' title='bbox 289 2344 377 2376; x_wconf 71' lang='lat' dir='ltr'>inter</span> <span class='ocrx_word' id='word_1_274' title='bbox 387 2351 530 2384; x_wconf 87' lang='lat' dir='ltr'>quorum</span> <span class='ocrx_word' id='word_1_275' title='bbox 542 2347 692 2384; x_wconf 52' lang='lat' dir='ltr'>affectus</span> <span class='ocrx_word' id='word_1_276' title='bbox 705 2347 736 2377; x_wconf 79' lang='lat' dir='ltr'>et</span> <span class='ocrx_word' id='word_1_277' title='bbox 749 2345 858 2377; x_wconf 74' lang='lat' dir='ltr'>minas</span> <span class='ocrx_word' id='word_1_278' title='bbox 872 2345 979 2377; x_wconf 87' lang='lat' dir='ltr'>etiam</span> 
     </span>
     <span class='ocr_line' id='line_1_33' title="bbox 111 2392 979 2427; baseline 0.002 -2"><span class='ocrx_word' id='word_1_279' title='bbox 111 2392 158 2425; x_wconf 84' lang='lat' dir='ltr'>ad</span> <span class='ocrx_word' id='word_1_280' title='bbox 179 2393 300 2426; x_wconf 75' lang='lat' dir='ltr'>audita</span> <span class='ocrx_word' id='word_1_281' title='bbox 319 2396 367 2426; x_wconf 88' lang='lat' dir='ltr'>est</span> <span class='ocrx_word' id='word_1_282' title='bbox 391 2392 621 2426; x_wconf 69' lang='lat' dir='ltr'>referrentur.</span> <span class='ocrx_word' id='word_1_283' title='bbox 656 2394 744 2427; x_wconf 86' lang='lat' dir='ltr'>Nam</span> <span class='ocrx_word' id='word_1_284' title='bbox 769 2403 840 2427; x_wconf 90' lang='lat' dir='ltr'>non</span> <span class='ocrx_word' id='word_1_285' title='bbox 863 2393 979 2427; x_wconf 86' lang='lat' dir='ltr'>solum</span> 
     </span>
     <span class='ocr_line' id='line_1_34' title="bbox 111 2442 979 2491; baseline 0.003 -16"><span class='ocrx_word' id='word_1_286' title='bbox 111 2442 199 2476; x_wconf 88' lang='lat' dir='ltr'>dum</span> <span class='ocrx_word' id='word_1_287' title='bbox 221 2442 556 2491; x_wconf 68' lang='lat' dir='ltr'>ipgrediuntur,</span> <span class='ocrx_word' id='word_1_288' title='bbox 578 2442 643 2476; x_wconf 89' lang='lat' dir='ltr'>sed</span> <span class='ocrx_word' id='word_1_289' title='bbox 659 2444 764 2477; x_wconf 90' lang='lat' dir='ltr'>etiam</span> <span class='ocrx_word' id='word_1_290' title='bbox 780 2444 865 2477; x_wconf 91' lang='lat' dir='ltr'>dum</span> <span class='ocrx_word' id='word_1_291' title='bbox 882 2453 979 2478; x_wconf 92' lang='lat' dir='ltr'>con-</span> 
     </span>
     <span class='ocr_line' id='line_1_35' title="bbox 111 2492 974 2537; baseline 0.001 -10"><span class='ocrx_word' id='word_1_292' title='bbox 111 2492 264 2527; x_wconf 86' lang='lat' dir='ltr'>sident</span> <span class='ocrx_word' id='word_1_293' title='bbox 285 2494 487 2534; x_wconf 77' lang='lat' dir='ltr'>senatores,</span> <span class='ocrx_word' id='word_1_294' title='bbox 512 2492 659 2527; x_wconf 89' lang='lat' dir='ltr'>militem</span> <span class='ocrx_word' id='word_1_295' title='bbox 681 2495 917 2537; x_wconf 87' lang='lat' dir='ltr'>aspiciebant;</span> <span class='ocrx_word' id='word_1_296' title='bbox 944 2505 974 2529; x_wconf 90' lang='lat' dir='ltr'>c.</span> 
     </span>
     <span class='ocr_line' id='line_1_36' title="bbox 110 2543 980 2589; baseline 0.007 -14"><span class='ocrx_word' id='word_1_297' title='bbox 110 2543 172 2576; x_wconf 76' lang='lat'>29:</span> <span class='ocrx_word' id='word_1_298' title='bbox 205 2544 271 2577; x_wconf 82' lang='lat' dir='ltr'>tela</span> <span class='ocrx_word' id='word_1_299' title='bbox 299 2544 444 2577; x_wconf 70' lang='lat' dir='ltr'>militum</span> <span class='ocrx_word' id='word_1_300' title='bbox 469 2545 683 2589; x_wconf 61' lang='lat' dir='ltr'>ementibus.</span> <span class='ocrx_word' id='word_1_301' title='bbox 716 2547 825 2580; x_wconf 74' lang='lat' dir='ltr'>Dono.</span> <span class='ocrx_word' id='word_1_302' title='bbox 853 2566 889 2572; x_wconf 92' lang='lat'>—</span> <span class='ocrx_word' id='word_1_303' title='bbox 916 2557 980 2589; x_wconf 79' lang='lat' dir='ltr'>per</span> 
     </span>
     <span class='ocr_line' id='line_1_37' title="bbox 111 2594 978 2641; baseline 0.006 -14"><span class='ocrx_word' id='word_1_304' title='bbox 111 2597 321 2634; x_wconf 75' lang='lat' dir='ltr'>quaestorem</span> <span class='ocrx_word' id='word_1_305' title='bbox 348 2594 435 2636; x_wconf 71' lang='lat' dir='ltr'>eius]</span> <span class='ocrx_word' id='word_1_306' title='bbox 466 2595 499 2628; x_wconf 87' lang='lat' dir='ltr'>Is</span> <span class='ocrx_word' id='word_1_307' title='bbox 530 2603 573 2628; x_wconf 85' lang='lat' dir='ltr'>ex</span> <span class='ocrx_word' id='word_1_308' title='bbox 596 2595 789 2631; x_wconf 87' lang='lat' dir='ltr'>candidatis</span> <span class='ocrx_word' id='word_1_309' title='bbox 812 2599 978 2641; x_wconf 82' lang='lat' dir='ltr'>principis</span> 
     </span>
     <span class='ocr_line' id='line_1_38' title="bbox 111 2644 976 2691; baseline 0.005 -13"><span class='ocrx_word' id='word_1_310' title='bbox 111 2646 198 2678; x_wconf 88' lang='lat' dir='ltr'>erat.</span> <span class='ocrx_word' id='word_1_311' title='bbox 223 2644 357 2687; x_wconf 85' lang='lat' dir='ltr'>Ulpian.</span> <span class='ocrx_word' id='word_1_312' title='bbox 382 2645 447 2679; x_wconf 78' lang='lat' dir='ltr'>Off.</span> <span class='ocrx_word' id='word_1_313' title='bbox 472 2646 614 2685; x_wconf 89' lang='lat' dir='ltr'>Quaest.</span> <span class='ocrx_word' id='word_1_314' title='bbox 631 2647 667 2679; x_wconf 91' lang='lat' dir='ltr'>in</span> <span class='ocrx_word' id='word_1_315' title='bbox 689 2647 764 2690; x_wconf 86' lang='lat' dir='ltr'>Dig.</span> <span class='ocrx_word' id='word_1_316' title='bbox 783 2650 815 2681; x_wconf 98' lang='grc'>4.</span> <span class='ocrx_word' id='word_1_317' title='bbox 840 2650 904 2682; x_wconf 88' lang='lat' dir='ltr'>Tit.</span> <span class='ocrx_word' id='word_1_318' title='bbox 923 2649 976 2691; x_wconf 83' lang='lat'>⁴3,</span> 
     </span>
     <span class='ocr_line' id='line_1_39' title="bbox 111 2695 981 2738; baseline 0.005 -10"><span class='ocrx_word' id='word_1_319' title='bbox 111 2695 151 2728; x_wconf 78' lang='lat'>2:</span> <span class='ocrx_word' id='word_1_320' title='bbox 176 2695 265 2729; x_wconf 79' lang='lat' dir='ltr'>Sane</span> <span class='ocrx_word' id='word_1_321' title='bbox 285 2704 353 2728; x_wconf 77' lang='lat' dir='ltr'>non</span> <span class='ocrx_word' id='word_1_322' title='bbox 371 2704 482 2728; x_wconf 78' lang='lat' dir='ltr'>omnes</span> <span class='ocrx_word' id='word_1_323' title='bbox 495 2700 684 2736; x_wconf 76' lang='lat' dir='ltr'>quaestores</span> <span class='ocrx_word' id='word_1_324' title='bbox 698 2698 896 2738; x_wconf 59' lang='lat' dir='ltr'>provincia</span> <span class='ocrx_word' id='word_1_325' title='bbox 909 2708 981 2732; x_wconf 87' lang='lat' dir='ltr'>sor-</span> 
     </span>
     <span class='ocr_line' id='line_1_40' title="bbox 110 2745 979 2790; baseline 0.005 -13"><span class='ocrx_word' id='word_1_326' title='bbox 110 2745 294 2786; x_wconf 74' lang='lat' dir='ltr'>tiebantur,</span> <span class='ocrx_word' id='word_1_327' title='bbox 317 2753 435 2778; x_wconf 82' lang='lat' dir='ltr'>verum</span> <span class='ocrx_word' id='word_1_328' title='bbox 449 2746 576 2787; x_wconf 72' lang='lat' dir='ltr'>excepti</span> <span class='ocrx_word' id='word_1_329' title='bbox 589 2750 687 2779; x_wconf 86' lang='lat' dir='ltr'>erant</span> <span class='ocrx_word' id='word_1_330' title='bbox 700 2748 871 2781; x_wconf 75' lang='lat' dir='ltr'>candidati</span> <span class='ocrx_word' id='word_1_331' title='bbox 880 2749 979 2790; x_wconf 76' lang='lat' dir='ltr'>prin-</span> 
     </span>
     <span class='ocr_line' id='line_1_41' title="bbox 111 2795 979 2839; baseline 0.006 -12"><span class='ocrx_word' id='word_1_332' title='bbox 111 2795 213 2836; x_wconf 74' lang='lat' dir='ltr'>cipis;</span> <span class='ocrx_word' id='word_1_333' title='bbox 235 2795 269 2828; x_wconf 69' lang='lat' dir='ltr'>hi</span> <span class='ocrx_word' id='word_1_334' title='bbox 291 2796 410 2829; x_wconf 77' lang='lat' dir='ltr'>etenim</span> <span class='ocrx_word' id='word_1_335' title='bbox 426 2796 505 2829; x_wconf 74' lang='lat' dir='ltr'>solis</span> <span class='ocrx_word' id='word_1_336' title='bbox 518 2796 611 2829; x_wconf 75' lang='lat' dir='ltr'>libris</span> <span class='ocrx_word' id='word_1_337' title='bbox 621 2798 863 2839; x_wconf 72' lang='lat' dir='ltr'>po-incipaubus</span> <span class='ocrx_word' id='word_1_338' title='bbox 876 2800 912 2832; x_wconf 73' lang='lat' dir='ltr'>in</span> <span class='ocrx_word' id='word_1_339' title='bbox 926 2808 979 2832; x_wconf 88' lang='lat' dir='ltr'>se-</span> 
     </span>
     <span class='ocr_line' id='line_1_42' title="bbox 110 2844 978 2890; baseline 0.008 -14"><span class='ocrx_word' id='word_1_340' title='bbox 110 2848 195 2877; x_wconf 78' lang='lat' dir='ltr'>natu</span> <span class='ocrx_word' id='word_1_341' title='bbox 215 2844 358 2887; x_wconf 65' lang='lat' dir='ltr'>leyendis</span> <span class='ocrx_word' id='word_1_342' title='bbox 369 2845 546 2879; x_wconf 79' lang='lat' dir='ltr'>vacabant.</span> <span class='ocrx_word' id='word_1_343' title='bbox 572 2847 713 2880; x_wconf 84' lang='lat' dir='ltr'>Sueten.</span> <span class='ocrx_word' id='word_1_344' title='bbox 730 2849 817 2890; x_wconf 83' lang='lat' dir='ltr'>Aug.</span> <span class='ocrx_word' id='word_1_345' title='bbox 834 2849 888 2882; x_wconf 85' lang='lat'>65.</span> <span class='ocrx_word' id='word_1_346' title='bbox 913 2850 978 2883; x_wconf 92' lang='lat' dir='ltr'>Dio</span> 
     </span>
     <span class='ocr_line' id='line_1_43' title="bbox 111 2894 979 2936; baseline 0.005 -9"><span class='ocrx_word' id='word_1_347' title='bbox 111 2894 166 2934; x_wconf 75' lang='lat'>54,</span> <span class='ocrx_word' id='word_1_348' title='bbox 184 2894 239 2927; x_wconf 76' lang='lat'>25.</span> <span class='ocrx_word' id='word_1_349' title='bbox 263 2895 442 2928; x_wconf 80' lang='lat' dir='ltr'>Vocantur</span> <span class='ocrx_word' id='word_1_350' title='bbox 463 2899 653 2936; x_wconf 80' lang='lat' dir='ltr'>quaestores</span> <span class='ocrx_word' id='word_1_351' title='bbox 672 2898 843 2931; x_wconf 77' lang='lat' dir='ltr'>candidati</span> <span class='ocrx_word' id='word_1_352' title='bbox 864 2899 900 2931; x_wconf 91' lang='lat' dir='ltr'>in</span> <span class='ocrx_word' id='word_1_353' title='bbox 921 2900 979 2931; x_wconf 83' lang='lat' dir='ltr'>ln-</span> 
     </span>
     <span class='ocr_line' id='line_1_44' title="bbox 112 2945 976 2986; baseline 0.004 -8"><span class='ocrx_word' id='word_1_354' title='bbox 112 2945 246 2986; x_wconf 86' lang='lat' dir='ltr'>scriptt.</span> <span class='ocrx_word' id='word_1_355' title='bbox 271 2945 344 2978; x_wconf 87' lang='lat' dir='ltr'>Lat.</span> <span class='ocrx_word' id='word_1_356' title='bbox 362 2953 423 2978; x_wconf 87' lang='lat' dir='ltr'>nn.</span> <span class='ocrx_word' id='word_1_357' title='bbox 442 2945 516 2978; x_wconf 89' lang='grc'><strong>433.</strong></span> <span class='ocrx_word' id='word_1_358' title='bbox 536 2946 632 2980; x_wconf 94' lang='grc'><strong>4430.</strong></span> <span class='ocrx_word' id='word_1_359' title='bbox 650 2947 746 2980; x_wconf 92' lang='grc'><strong>4434.</strong></span> <span class='ocrx_word' id='word_1_360' title='bbox 764 2947 861 2981; x_wconf 82' lang='grc'><strong>3454.</strong></span> <span class='ocrx_word' id='word_1_361' title='bbox 878 2949 976 2982; x_wconf 81' lang='grc'><strong>3459.</strong></span> 
     </span>
     <span class='ocr_line' id='line_1_45' title="bbox 111 2994 976 3038; baseline 0.005 -11"><span class='ocrx_word' id='word_1_362' title='bbox 111 2994 211 3028; x_wconf 88' lang='grc'><strong>3462.</strong></span> <span class='ocrx_word' id='word_1_363' title='bbox 231 3011 268 3018; x_wconf 93' lang='grc'>-</span> <span class='ocrx_word' id='word_1_364' title='bbox 285 2994 377 3027; x_wconf 74' lang='lat' dir='ltr'>haud</span> <span class='ocrx_word' id='word_1_365' title='bbox 388 2995 507 3037; x_wconf 73' lang='lat' dir='ltr'>veniri]</span> <span class='ocrx_word' id='word_1_366' title='bbox 531 2996 564 3028; x_wconf 93' lang='lat' dir='ltr'>iu</span> <span class='ocrx_word' id='word_1_367' title='bbox 581 2998 755 3030; x_wconf 85' lang='lat' dir='ltr'>senatum.</span> <span class='ocrx_word' id='word_1_368' title='bbox 781 2998 831 3030; x_wconf 80' lang='lat' dir='ltr'>Cf.</span> <span class='ocrx_word' id='word_1_369' title='bbox 850 2999 904 3038; x_wconf 89' lang='grc'>42,</span> <span class='ocrx_word' id='word_1_370' title='bbox 921 2998 976 3031; x_wconf 94' lang='grc'>23.</span> 
     </span>
     <span class='ocr_line' id='line_1_46' title="bbox 113 3044 980 3090; baseline 0.005 -14"><span class='ocrx_word' id='word_1_371' title='bbox 113 3044 323 3077; x_wconf 80' lang='lat' dir='ltr'>Coniectura</span> <span class='ocrx_word' id='word_1_372' title='bbox 341 3052 429 3077; x_wconf 85' lang='lat' dir='ltr'>vero</span> <span class='ocrx_word' id='word_1_373' title='bbox 450 3045 541 3077; x_wconf 78' lang='lat' dir='ltr'>haud</span> <span class='ocrx_word' id='word_1_374' title='bbox 561 3046 712 3078; x_wconf 75' lang='lat' dir='ltr'>adveniri</span> <span class='ocrx_word' id='word_1_375' title='bbox 733 3046 813 3079; x_wconf 90' lang='lat' dir='ltr'>ideo</span> <span class='ocrx_word' id='word_1_376' title='bbox 836 3047 980 3090; x_wconf 87' lang='lat' dir='ltr'>probari</span> 
     </span>
     <span class='ocr_line' id='line_1_47' title="bbox 112 3092 980 3137; baseline 0.006 -12"><span class='ocrx_word' id='word_1_377' title='bbox 112 3094 247 3135; x_wconf 88' lang='lat' dir='ltr'>nequit,</span> <span class='ocrx_word' id='word_1_378' title='bbox 264 3092 361 3135; x_wconf 89' lang='lat' dir='ltr'>quod</span> <span class='ocrx_word' id='word_1_379' title='bbox 375 3093 465 3126; x_wconf 72' lang='lat' dir='ltr'>haud</span> <span class='ocrx_word' id='word_1_380' title='bbox 479 3094 592 3127; x_wconf 75' lang='lat' dir='ltr'>venire</span> <span class='ocrx_word' id='word_1_381' title='bbox 602 3094 791 3129; x_wconf 86' lang='lat' dir='ltr'>voluntatis</span> <span class='ocrx_word' id='word_1_382' title='bbox 806 3098 872 3137; x_wconf 89' lang='lat' dir='ltr'>est,</span> <span class='ocrx_word' id='word_1_383' title='bbox 888 3097 980 3130; x_wconf 79' lang='lat' dir='ltr'>haud</span> 
     </span>
     <span class='ocr_line' id='line_1_48' title="bbox 112 3143 978 3185; baseline 0.003 -9"><span class='ocrx_word' id='word_1_384' title='bbox 112 3143 270 3176; x_wconf 73' lang='lat' dir='ltr'>advenire</span> <span class='ocrx_word' id='word_1_385' title='bbox 285 3151 432 3176; x_wconf 86' lang='lat' dir='ltr'>casuum</span> <span class='ocrx_word' id='word_1_386' title='bbox 447 3151 490 3176; x_wconf 85' lang='lat' dir='ltr'>ac</span> <span class='ocrx_word' id='word_1_387' title='bbox 503 3143 741 3185; x_wconf 88' lang='lat' dir='ltr'>periculorum</span> <span class='ocrx_word' id='word_1_388' title='bbox 760 3147 854 3178; x_wconf 87' lang='lat' dir='ltr'>terra</span> <span class='ocrx_word' id='word_1_389' title='bbox 868 3147 978 3179; x_wconf 87' lang='lat' dir='ltr'>mari-</span> 
     </span>
     <span class='ocr_line' id='line_1_49' title="bbox 113 3194 977 3239; baseline 0.003 -13"><span class='ocrx_word' id='word_1_390' title='bbox 113 3201 184 3234; x_wconf 85' lang='lat' dir='ltr'>que</span> <span class='ocrx_word' id='word_1_391' title='bbox 206 3194 422 3227; x_wconf 86' lang='lat' dir='ltr'>instantium.</span> <span class='ocrx_word' id='word_1_392' title='bbox 447 3211 480 3217; x_wconf 88' lang='lat'>-</span> <span class='ocrx_word' id='word_1_393' title='bbox 505 3194 536 3226; x_wconf 78' lang='lat' dir='ltr'>h.</span> <span class='ocrx_word' id='word_1_394' title='bbox 556 3196 669 3234; x_wconf 73' lang='lat' dir='ltr'>potius</span> <span class='ocrx_word' id='word_1_395' title='bbox 684 3203 751 3227; x_wconf 90' lang='lat' dir='ltr'>am.</span> <span class='ocrx_word' id='word_1_396' title='bbox 768 3196 977 3239; x_wconf 71' lang='lat' dir='ltr'>inservirent]</span> 
     </span>
     <span class='ocr_line' id='line_1_50' title="bbox 112 3243 980 3288; baseline 0.003 -12"><span class='ocrx_word' id='word_1_397' title='bbox 112 3252 236 3277; x_wconf 84' lang='lat' dir='ltr'>curam</span> <span class='ocrx_word' id='word_1_398' title='bbox 248 3252 466 3286; x_wconf 84' lang='lat' dir='ltr'>operamque</span> <span class='ocrx_word' id='word_1_399' title='bbox 479 3243 589 3277; x_wconf 85' lang='lat' dir='ltr'>hortis</span> <span class='ocrx_word' id='word_1_400' title='bbox 600 3245 718 3287; x_wconf 87' lang='lat' dir='ltr'>potius</span> <span class='ocrx_word' id='word_1_401' title='bbox 731 3245 980 3288; x_wconf 86' lang='lat' dir='ltr'>impenderent</span> 
     </span>
     <span class='ocr_line' id='line_1_51' title="bbox 113 3292 978 3336; baseline 0.003 -11"><span class='ocrx_word' id='word_1_402' title='bbox 113 3301 221 3335; x_wconf 85' lang='lat' dir='ltr'>quam</span> <span class='ocrx_word' id='word_1_403' title='bbox 235 3293 286 3326; x_wconf 89' lang='lat' dir='ltr'>rei</span> <span class='ocrx_word' id='word_1_404' title='bbox 302 3292 477 3336; x_wconf 87' lang='lat' dir='ltr'>publicae.</span> <span class='ocrx_word' id='word_1_405' title='bbox 494 3310 530 3316; x_wconf 99' lang='lat'><strong>—</strong></span> <span class='ocrx_word' id='word_1_406' title='bbox 543 3294 743 3335; x_wconf 76' lang='lat' dir='ltr'>corripuere]</span> <span class='ocrx_word' id='word_1_407' title='bbox 758 3295 820 3328; x_wconf 88' lang='lat' dir='ltr'>Hic</span> <span class='ocrx_word' id='word_1_408' title='bbox 835 3303 978 3336; x_wconf 89' lang='lat' dir='ltr'>quoque</span> 
     </span>
     <span class='ocr_line' id='line_1_52' title="bbox 113 3341 979 3384; baseline 0.002 -10"><span class='ocrx_word' id='word_1_409' title='bbox 113 3342 253 3376; x_wconf 81' lang='lat' dir='ltr'>Tacitus</span> <span class='ocrx_word' id='word_1_410' title='bbox 267 3343 428 3376; x_wconf 87' lang='lat' dir='ltr'>meminit</span> <span class='ocrx_word' id='word_1_411' title='bbox 439 3341 577 3384; x_wconf 83' lang='lat' dir='ltr'>Vergilii</span> <span class='ocrx_word' id='word_1_412' title='bbox 592 3344 658 3376; x_wconf 89' lang='lat' dir='ltr'>sui.</span> <span class='ocrx_word' id='word_1_413' title='bbox 675 3344 762 3376; x_wconf 86' lang='lat' dir='ltr'>Aen.</span> <span class='ocrx_word' id='word_1_414' title='bbox 777 3345 899 3384; x_wconf 86' lang='grc'><strong>4,487;</strong></span> <span class='ocrx_word' id='word_1_415' title='bbox 916 3353 979 3376; x_wconf 82' lang='lat' dir='ltr'>ar-</span> 
     </span>
     <span class='ocr_line' id='line_1_53' title="bbox 114 3392 978 3435; baseline 0.003 -11"><span class='ocrx_word' id='word_1_416' title='bbox 114 3400 252 3433; x_wconf 72' lang='lat' dir='ltr'>mque</span> <span class='ocrx_word' id='word_1_417' title='bbox 267 3400 371 3425; x_wconf 67' lang='lat' dir='ltr'>niam</span> <span class='ocrx_word' id='word_1_418' title='bbox 391 3392 571 3434; x_wconf 74' lang='lat' dir='ltr'>celeresque</span> <span class='ocrx_word' id='word_1_419' title='bbox 588 3393 729 3435; x_wconf 75' lang='lat' dir='ltr'>saqiuas</span> <span class='ocrx_word' id='word_1_420' title='bbox 745 3393 925 3435; x_wconf 69' lang='lat' dir='ltr'>Corripuit,</span> <span class='ocrx_word' id='word_1_421' title='bbox 941 3394 978 3427; x_wconf 90' lang='lat' dir='ltr'>id</span> 
     </span>
     <span class='ocr_line' id='line_1_54' title="bbox 114 3439 978 3485; baseline 0.003 -11"><span class='ocrx_word' id='word_1_422' title='bbox 114 3441 180 3482; x_wconf 83' lang='lat' dir='ltr'>est,</span> <span class='ocrx_word' id='word_1_423' title='bbox 205 3439 411 3475; x_wconf 80' lang='lat' dir='ltr'>«celerrime</span> <span class='ocrx_word' id='word_1_424' title='bbox 425 3441 607 3484; x_wconf 75' lang='lat' dir='ltr'>arripuit».</span> <span class='ocrx_word' id='word_1_425' title='bbox 629 3441 690 3476; x_wconf 85' lang='lat' dir='ltr'>Est</span> <span class='ocrx_word' id='word_1_426' title='bbox 704 3450 806 3485; x_wconf 79' lang='lat' dir='ltr'>ergo:</span> <span class='ocrx_word' id='word_1_427' title='bbox 832 3450 978 3477; x_wconf 76' lang='lat' dir='ltr'>«omnes</span> 
     </span>
    </p>
   </div>
   <div class='ocr_carea' id='block_1_12' title="bbox 1026 2040 1924 2654">
    <p class='ocr_par' dir='ltr' id='par_1_12' title="bbox 1027 2040 1897 2184">
     <span class='ocr_line' id='line_1_55' title="bbox 1027 2040 1897 2083; baseline -0.001 -9"><span class='ocrx_word' id='word_1_428' title='bbox 1027 2041 1290 2083; x_wconf 88' lang='lat' dir='ltr'>promptissime</span> <span class='ocrx_word' id='word_1_429' title='bbox 1307 2049 1377 2073; x_wconf 91' lang='lat' dir='ltr'>una</span> <span class='ocrx_word' id='word_1_430' title='bbox 1390 2042 1605 2083; x_wconf 77' lang='lat' dir='ltr'>arripuere».</span> <span class='ocrx_word' id='word_1_431' title='bbox 1623 2040 1807 2083; x_wconf 84' lang='lat' dir='ltr'>vulgarius</span> <span class='ocrx_word' id='word_1_432' title='bbox 1819 2049 1897 2074; x_wconf 86' lang='lat' dir='ltr'>ver-</span> 
     </span>
     <span class='ocr_line' id='line_1_56' title="bbox 1027 2090 1895 2137; baseline 0.001 -14"><span class='ocrx_word' id='word_1_433' title='bbox 1027 2090 1116 2126; x_wconf 85' lang='lat' dir='ltr'>bum</span> <span class='ocrx_word' id='word_1_434' title='bbox 1144 2090 1228 2124; x_wconf 91' lang='lat' dir='ltr'>olim</span> <span class='ocrx_word' id='word_1_435' title='bbox 1255 2090 1495 2137; x_wconf 64' lang='lat' dir='ltr'>praetulerunt</span> <span class='ocrx_word' id='word_1_436' title='bbox 1517 2092 1710 2134; x_wconf 88' lang='lat' dir='ltr'>scriptores</span> <span class='ocrx_word' id='word_1_437' title='bbox 1733 2091 1895 2124; x_wconf 90' lang='lat' dir='ltr'>codicum</span> 
     </span>
     <span class='ocr_line' id='line_1_57' title="bbox 1027 2140 1288 2184; baseline 0 -10"><span class='ocrx_word' id='word_1_438' title='bbox 1027 2140 1288 2184; x_wconf 90' lang='lat' dir='ltr'>pseudocritici.</span> 
     </span>
    </p>

    <p class='ocr_par' dir='ltr' id='par_1_13' title="bbox 1026 2191 1924 2644">
     <span class='ocr_line' id='line_1_58' title="bbox 1071 2191 1894 2235; baseline 0.002 -11"><span class='ocrx_word' id='word_1_439' title='bbox 1071 2191 1125 2224; x_wconf 92' lang='grc'>28.</span> <span class='ocrx_word' id='word_1_440' title='bbox 1149 2200 1314 2224; x_wconf 85' lang='lat' dir='ltr'>summam</span> <span class='ocrx_word' id='word_1_441' title='bbox 1334 2200 1406 2225; x_wconf 83' lang='lat' dir='ltr'>rem</span> <span class='ocrx_word' id='word_1_442' title='bbox 1426 2201 1460 2232; x_wconf 77' lang='lat' dir='ltr'>p.</span> <span class='ocrx_word' id='word_1_443' title='bbox 1479 2191 1548 2235; x_wconf 68' lang='lat' dir='ltr'>aqi]</span> <span class='ocrx_word' id='word_1_444' title='bbox 1571 2191 1659 2225; x_wconf 90' lang='lat' dir='ltr'>Vide</span> <span class='ocrx_word' id='word_1_445' title='bbox 1675 2192 1720 2227; x_wconf 86' lang='lat' dir='ltr'>ad</span> <span class='ocrx_word' id='word_1_446' title='bbox 1737 2193 1790 2232; x_wconf 88' lang='grc'>42,</span> <span class='ocrx_word' id='word_1_447' title='bbox 1808 2194 1839 2226; x_wconf 84' lang='lat'>5.</span> <span class='ocrx_word' id='word_1_448' title='bbox 1859 2211 1894 2217; x_wconf 84' lang='lat'>-</span> 
     </span>
     <span class='ocr_line' id='line_1_59' title="bbox 1027 2242 1924 2288; baseline 0 -12"><span class='ocrx_word' id='word_1_449' title='bbox 1027 2243 1193 2276; x_wconf 75' lang='lat' dir='ltr'>lenitatem</span> <span class='ocrx_word' id='word_1_450' title='bbox 1206 2243 1285 2284; x_wconf 81' lang='lat' dir='ltr'>imp.</span> <span class='ocrx_word' id='word_1_451' title='bbox 1302 2242 1460 2285; x_wconf 66' lang='lat' dir='ltr'>deminui]</span> <span class='ocrx_word' id='word_1_452' title='bbox 1475 2244 1673 2286; x_wconf 89' lang='lat' dir='ltr'>principem</span> <span class='ocrx_word' id='word_1_453' title='bbox 1693 2244 1897 2277; x_wconf 87' lang='lat' dir='ltr'>necessario</span> <span class='ocrx_word' id='word_1_454' title='bbox 1920 2285 1924 2288; x_wconf 21' lang='grc' dir='ltr'>ι</span> 
     </span>
     <span class='ocr_line' id='line_1_60' title="bbox 1028 2292 1897 2335; baseline 0.002 -10"><span class='ocrx_word' id='word_1_455' title='bbox 1028 2301 1072 2325; x_wconf 92' lang='lat' dir='ltr'>eo</span> <span class='ocrx_word' id='word_1_456' title='bbox 1094 2292 1223 2334; x_wconf 83' lang='lat' dir='ltr'>redigi,</span> <span class='ocrx_word' id='word_1_457' title='bbox 1248 2294 1287 2326; x_wconf 90' lang='lat' dir='ltr'>ut</span> <span class='ocrx_word' id='word_1_458' title='bbox 1309 2292 1548 2335; x_wconf 88' lang='lat' dir='ltr'>asperioribus</span> <span class='ocrx_word' id='word_1_459' title='bbox 1569 2293 1737 2327; x_wconf 90' lang='lat' dir='ltr'>remediis</span> <span class='ocrx_word' id='word_1_460' title='bbox 1753 2294 1897 2327; x_wconf 85' lang='lat' dir='ltr'>tandem</span> 
     </span>
     <span class='ocr_line' id='line_1_61' title="bbox 1027 2343 1898 2386; baseline 0 -10"><span class='ocrx_word' id='word_1_461' title='bbox 1027 2343 1199 2376; x_wconf 91' lang='lat' dir='ltr'>utendum</span> <span class='ocrx_word' id='word_1_462' title='bbox 1223 2343 1278 2376; x_wconf 90' lang='lat' dir='ltr'>sit.</span> <span class='ocrx_word' id='word_1_463' title='bbox 1298 2361 1335 2368; x_wconf 89' lang='lat'>-—</span> <span class='ocrx_word' id='word_1_464' title='bbox 1358 2343 1544 2377; x_wconf 78' lang='lat' dir='ltr'>Helvidium</span> <span class='ocrx_word' id='word_1_465' title='bbox 1564 2344 1724 2386; x_wconf 72' lang='lat' dir='ltr'>Priscum]</span> <span class='ocrx_word' id='word_1_466' title='bbox 1749 2343 1835 2377; x_wconf 87' lang='lat' dir='ltr'>Vide</span> <span class='ocrx_word' id='word_1_467' title='bbox 1852 2344 1898 2376; x_wconf 88' lang='lat' dir='ltr'>ad</span> 
     </span>
     <span class='ocr_line' id='line_1_62' title="bbox 1029 2392 1899 2435; baseline 0.001 -9"><span class='ocrx_word' id='word_1_468' title='bbox 1029 2394 1087 2434; x_wconf 90' lang='grc'>42,</span> <span class='ocrx_word' id='word_1_469' title='bbox 1112 2392 1165 2426; x_wconf 88' lang='grc'>49.</span> <span class='ocrx_word' id='word_1_470' title='bbox 1199 2394 1344 2435; x_wconf 87' lang='lat' dir='ltr'>Saepius</span> <span class='ocrx_word' id='word_1_471' title='bbox 1360 2394 1419 2426; x_wconf 85' lang='lat' dir='ltr'>bic</span> <span class='ocrx_word' id='word_1_472' title='bbox 1434 2395 1653 2426; x_wconf 89' lang='lat' dir='ltr'>memoratur</span> <span class='ocrx_word' id='word_1_473' title='bbox 1668 2403 1688 2426; x_wconf 92' lang='lat' dir='ltr'>a</span> <span class='ocrx_word' id='word_1_474' title='bbox 1705 2395 1835 2435; x_wconf 89' lang='lat' dir='ltr'>Tacito,</span> <span class='ocrx_word' id='word_1_475' title='bbox 1859 2397 1899 2427; x_wconf 88' lang='lat' dir='ltr'>ut</span> 
     </span>
     <span class='ocr_line' id='line_1_63' title="bbox 1027 2442 1898 2486; baseline 0.002 -10"><span class='ocrx_word' id='word_1_476' title='bbox 1027 2444 1081 2476; x_wconf 88' lang='lat' dir='ltr'>vir</span> <span class='ocrx_word' id='word_1_477' title='bbox 1103 2445 1139 2476; x_wconf 90' lang='lat' dir='ltr'>et</span> <span class='ocrx_word' id='word_1_478' title='bbox 1160 2442 1313 2476; x_wconf 86' lang='lat' dir='ltr'>disertus</span> <span class='ocrx_word' id='word_1_479' title='bbox 1338 2442 1435 2485; x_wconf 88' lang='lat' dir='ltr'>(Dial.</span> <span class='ocrx_word' id='word_1_480' title='bbox 1453 2445 1485 2486; x_wconf 79' lang='grc' dir='ltr'>ὅ)</span> <span class='ocrx_word' id='word_1_481' title='bbox 1514 2446 1550 2477; x_wconf 91' lang='lat' dir='ltr'>et</span> <span class='ocrx_word' id='word_1_482' title='bbox 1572 2445 1737 2478; x_wconf 90' lang='lat' dir='ltr'>omnibus</span> <span class='ocrx_word' id='word_1_483' title='bbox 1760 2446 1898 2478; x_wconf 91' lang='lat' dir='ltr'>virtuti-</span> 
     </span>
     <span class='ocr_line' id='line_1_64' title="bbox 1026 2494 1896 2538; baseline 0.003 -11"><span class='ocrx_word' id='word_1_484' title='bbox 1026 2494 1095 2528; x_wconf 92' lang='lat' dir='ltr'>bus</span> <span class='ocrx_word' id='word_1_485' title='bbox 1117 2494 1312 2537; x_wconf 88' lang='lat' dir='ltr'>praeditus.</span> <span class='ocrx_word' id='word_1_486' title='bbox 1344 2496 1531 2528; x_wconf 82' lang='lat' dir='ltr'>Accusavit</span> <span class='ocrx_word' id='word_1_487' title='bbox 1553 2498 1676 2538; x_wconf 90' lang='lat' dir='ltr'>postea</span> <span class='ocrx_word' id='word_1_488' title='bbox 1692 2497 1896 2530; x_wconf 87' lang='lat' dir='ltr'>Marcellum</span> 
     </span>
     <span class='ocr_line' id='line_1_65' title="bbox 1028 2545 1892 2590; baseline 0.006 -13"><span class='ocrx_word' id='word_1_489' title='bbox 1028 2545 1184 2587; x_wconf 89' lang='lat' dir='ltr'>Eprium.</span> <span class='ocrx_word' id='word_1_490' title='bbox 1203 2545 1254 2578; x_wconf 82' lang='lat' dir='ltr'>Cf.</span> <span class='ocrx_word' id='word_1_491' title='bbox 1269 2545 1356 2578; x_wconf 90' lang='lat' dir='ltr'>Hist.</span> <span class='ocrx_word' id='word_1_492' title='bbox 1374 2545 1407 2587; x_wconf 91' lang='grc'>4,</span> <span class='ocrx_word' id='word_1_493' title='bbox 1421 2547 1454 2579; x_wconf 91' lang='grc'>6.</span> <span class='ocrx_word' id='word_1_494' title='bbox 1466 2546 1520 2579; x_wconf 90' lang='grc'>43.</span> <span class='ocrx_word' id='word_1_495' title='bbox 1538 2546 1624 2580; x_wconf 88' lang='lat' dir='ltr'>Plin.</span> <span class='ocrx_word' id='word_1_496' title='bbox 1643 2549 1730 2590; x_wconf 87' lang='lat' dir='ltr'>Epp.</span> <span class='ocrx_word' id='word_1_497' title='bbox 1746 2549 1778 2588; x_wconf 89' lang='lat'>3,</span> <span class='ocrx_word' id='word_1_498' title='bbox 1793 2550 1846 2582; x_wconf 89' lang='grc'>44.</span> <span class='ocrx_word' id='word_1_499' title='bbox 1860 2549 1892 2588; x_wconf 92' lang='lat'>7,</span> 
     </span>
     <span class='ocr_line' id='line_1_66' title="bbox 1029 2594 1895 2654; baseline 0.005 -27"><span class='ocrx_word' id='word_1_500' title='bbox 1029 2595 1082 2628; x_wconf 89' lang='grc'>49.</span> <span class='ocrx_word' id='word_1_501' title='bbox 1101 2596 1133 2636; x_wconf 89' lang='grc'>9,</span> <span class='ocrx_word' id='word_1_502' title='bbox 1153 2596 1205 2628; x_wconf 87' lang='grc'>43.</span> <span class='ocrx_word' id='word_1_503' title='bbox 1230 2596 1295 2628; x_wconf 88' lang='lat' dir='ltr'>Dio</span> <span class='ocrx_word' id='word_1_504' title='bbox 1307 2596 1361 2636; x_wconf 88' lang='grc'>66,</span> <span class='ocrx_word' id='word_1_505' title='bbox 1377 2597 1437 2628; x_wconf 74' lang='lat'>⁴2:</span> <span class='ocrx_word' id='word_1_506' title='bbox 1462 2595 1635 2654; x_wconf 78' lang='grc' dir='ltr'><strong><em>Πρίσκος</em></strong></span> <span class='ocrx_word' id='word_1_507' title='bbox 1647 2594 1895 2639; x_wconf 76' lang='grc' dir='ltr'>Ἕλουῖδιοςὸ</span> 
     </span>
    </p>
   </div>
   <div class='ocr_carea' id='block_1_13' title="bbox 1028 2643 1952 2693">
    <p class='ocr_par' dir='ltr' id='par_1_14' title="bbox 1028 2643 1952 2693">
     <span class='ocr_line' id='line_1_67' title="bbox 1028 2643 1952 2693; baseline 0.004 -16"><span class='ocrx_word' id='word_1_508' title='bbox 1028 2643 1096 2678; x_wconf 81' lang='grc' dir='ltr'>τοῦ</span> <span class='ocrx_word' id='word_1_509' title='bbox 1125 2644 1300 2691; x_wconf 75' lang='grc' dir='ltr'><strong><em>Θρασέου</em></strong></span> <span class='ocrx_word' id='word_1_510' title='bbox 1331 2643 1507 2693; x_wconf 80' lang='grc' dir='ltr'><strong><em>γαμβρὸς</em></strong></span> <span class='ocrx_word' id='word_1_511' title='bbox 1534 2650 1619 2689; x_wconf 82' lang='grc' dir='ltr'><strong><em>τοῖς</em></strong></span> <span class='ocrx_word' id='word_1_512' title='bbox 1648 2658 1688 2681; x_wconf 79' lang='grc' dir='ltr'>τε</span> <span class='ocrx_word' id='word_1_513' title='bbox 1713 2648 1897 2689; x_wconf 81' lang='grc' dir='ltr'><strong><em>Στωικοῖς</em></strong></span> <span class='ocrx_word' id='word_1_514' title='bbox 1950 2660 1952 2662; x_wconf 94' lang='grc'><em>·</em></span> 
     </span>
    </p>
   </div>
   <div class='ocr_carea' id='block_1_14' title="bbox 1027 2692 1895 2755">
    <p class='ocr_par' dir='ltr' id='par_1_15' title="bbox 1027 2692 1895 2755">
     <span class='ocr_line' id='line_1_68' title="bbox 1027 2692 1895 2755; baseline 0.007 -28"><span class='ocrx_word' id='word_1_515' title='bbox 1027 2692 1216 2739; x_wconf 81' lang='grc' dir='ltr'><strong><em>δόγμασιν</em></strong></span> <span class='ocrx_word' id='word_1_516' title='bbox 1238 2694 1436 2755; x_wconf 59' lang='grc' dir='ltr'><strong><em>ἐντραφεὶς</em></strong></span> <span class='ocrx_word' id='word_1_517' title='bbox 1458 2697 1524 2730; x_wconf 80' lang='grc' dir='ltr'>καὶ</span> <span class='ocrx_word' id='word_1_518' title='bbox 1543 2695 1614 2741; x_wconf 81' lang='grc' dir='ltr'>τὴν</span> <span class='ocrx_word' id='word_1_519' title='bbox 1635 2697 1704 2732; x_wconf 84' lang='grc' dir='ltr'>τοῦ</span> <span class='ocrx_word' id='word_1_520' title='bbox 1721 2699 1895 2746; x_wconf 78' lang='grc' dir='ltr'><strong><em>Θρασέου</em></strong></span> 
     </span>
    </p>
   </div>
   <div class='ocr_carea' id='block_1_15' title="bbox 1027 2741 1897 2838">
    <p class='ocr_par' dir='ltr' id='par_1_16' title="bbox 1027 2741 1893 2838">
     <span class='ocr_line' id='line_1_69' title="bbox 1028 2741 1893 2795; baseline 0.005 -17"><span class='ocrx_word' id='word_1_521' title='bbox 1028 2741 1244 2795; x_wconf 74' lang='grc' dir='ltr'><strong><em>παῤῥησὶαν</em></strong></span> <span class='ocrx_word' id='word_1_522' title='bbox 1267 2755 1313 2779; x_wconf 89' lang='grc' dir='ltr'>ου</span> <span class='ocrx_word' id='word_1_523' title='bbox 1337 2743 1410 2780; x_wconf 83' lang='grc' dir='ltr'>σὺν</span> <span class='ocrx_word' id='word_1_524' title='bbox 1431 2746 1551 2793; x_wconf 77' lang='grc' dir='ltr'><strong><em>καιρῷ</em></strong></span> <span class='ocrx_word' id='word_1_525' title='bbox 1577 2748 1829 2792; x_wconf 78' lang='grc' dir='ltr'><strong><em>μιμούμενος.</em></strong></span> <span class='ocrx_word' id='word_1_526' title='bbox 1858 2767 1893 2773; x_wconf 91' lang='lat'><em>-</em></span> 
     </span>
     <span class='ocr_line' id='line_1_70' title="bbox 1027 2796 1897 2838; baseline 0.006 -10"><span class='ocrx_word' id='word_1_527' title='bbox 1027 2796 1207 2829; x_wconf 76' lang='lat' dir='ltr'>Paconium</span> <span class='ocrx_word' id='word_1_528' title='bbox 1228 2797 1458 2838; x_wconf 59' lang='lat' dir='ltr'>Agrippinum]</span> <span class='ocrx_word' id='word_1_529' title='bbox 1483 2797 1594 2831; x_wconf 89' lang='lat' dir='ltr'>filium</span> <span class='ocrx_word' id='word_1_530' title='bbox 1616 2800 1661 2832; x_wconf 88' lang='lat' dir='ltr'>M.</span> <span class='ocrx_word' id='word_1_531' title='bbox 1687 2800 1826 2832; x_wconf 88' lang='lat' dir='ltr'>Paconii</span> <span class='ocrx_word' id='word_1_532' title='bbox 1849 2799 1897 2832; x_wconf 91' lang='lat' dir='ltr'>le-</span> 
     </span>
    </p>
   </div>
   <div class='ocr_carea' id='block_1_16' title="bbox 1025 2846 1897 3492">
    <p class='ocr_par' dir='ltr' id='par_1_17' title="bbox 1025 2846 1897 3492">
     <span class='ocr_line' id='line_1_71' title="bbox 1028 2846 1897 2892; baseline 0.003 -14"><span class='ocrx_word' id='word_1_533' title='bbox 1028 2847 1098 2888; x_wconf 88' lang='lat' dir='ltr'>gati</span> <span class='ocrx_word' id='word_1_534' title='bbox 1122 2846 1172 2888; x_wconf 89' lang='lat'>(3,</span> <span class='ocrx_word' id='word_1_535' title='bbox 1197 2847 1263 2887; x_wconf 90' lang='lat'>67).</span> <span class='ocrx_word' id='word_1_536' title='bbox 1310 2848 1389 2889; x_wconf 90' lang='lat' dir='ltr'>lpse</span> <span class='ocrx_word' id='word_1_537' title='bbox 1421 2847 1566 2881; x_wconf 89' lang='lat' dir='ltr'>Claudio</span> <span class='ocrx_word' id='word_1_538' title='bbox 1598 2849 1797 2891; x_wconf 86' lang='lat' dir='ltr'>imperante</span> <span class='ocrx_word' id='word_1_539' title='bbox 1831 2858 1897 2892; x_wconf 88' lang='lat' dir='ltr'>per</span> 
     </span>
     <span class='ocr_line' id='line_1_72' title="bbox 1027 2896 1895 2940; baseline 0.006 -12"><span class='ocrx_word' id='word_1_540' title='bbox 1027 2896 1210 2929; x_wconf 86' lang='lat' dir='ltr'>biennium</span> <span class='ocrx_word' id='word_1_541' title='bbox 1227 2897 1353 2929; x_wconf 83' lang='lat' dir='ltr'>Cretae</span> <span class='ocrx_word' id='word_1_542' title='bbox 1375 2898 1567 2940; x_wconf 88' lang='lat' dir='ltr'>proconsul</span> <span class='ocrx_word' id='word_1_543' title='bbox 1585 2901 1662 2932; x_wconf 89' lang='lat' dir='ltr'>erat</span> <span class='ocrx_word' id='word_1_544' title='bbox 1683 2899 1782 2932; x_wconf 92' lang='lat' dir='ltr'>titulo</span> <span class='ocrx_word' id='word_1_545' title='bbox 1805 2902 1895 2933; x_wconf 88' lang='lat' dir='ltr'>teste</span> 
     </span>
     <span class='ocr_line' id='line_1_73' title="bbox 1029 2946 1895 2990; baseline 0.002 -12"><span class='ocrx_word' id='word_1_546' title='bbox 1029 2946 1067 2978; x_wconf 93' lang='lat' dir='ltr'>C.</span> <span class='ocrx_word' id='word_1_547' title='bbox 1092 2947 1204 2979; x_wconf 88' lang='lat' dir='ltr'>Inscr.</span> <span class='ocrx_word' id='word_1_548' title='bbox 1222 2947 1279 2978; x_wconf 93' lang='lat' dir='ltr'>Gr.</span> <span class='ocrx_word' id='word_1_549' title='bbox 1298 2955 1331 2979; x_wconf 91' lang='lat' dir='ltr'>n.</span> <span class='ocrx_word' id='word_1_550' title='bbox 1350 2947 1453 2980; x_wconf 79' lang='lat'>2570:</span> <span class='ocrx_word' id='word_1_551' title='bbox 1480 2947 1562 2987; x_wconf 84' lang='grc' dir='ltr'><strong>Τιβ.</strong></span> <span class='ocrx_word' id='word_1_552' title='bbox 1587 2947 1776 2990; x_wconf 81' lang='grc' dir='ltr'><strong><em>Κλαύδιος</em></strong></span> <span class='ocrx_word' id='word_1_553' title='bbox 1799 2949 1895 2981; x_wconf 88' lang='grc' dir='ltr'>Καῖ-</span> 
     </span>
     <span class='ocr_line' id='line_1_74' title="bbox 1028 2992 1895 3054; baseline 0.006 -27"><span class='ocrx_word' id='word_1_554' title='bbox 1028 3005 1103 3041; x_wconf 80' lang='grc' dir='ltr'>σαρ</span> <span class='ocrx_word' id='word_1_555' title='bbox 1124 2992 1322 3037; x_wconf 81' lang='grc' dir='ltr'><strong><em>Σεβαστὸς</em></strong></span> <span class='ocrx_word' id='word_1_556' title='bbox 1343 2995 1579 3054; x_wconf 79' lang='grc' dir='ltr'><strong><em>Γερμανικὸς</em></strong></span> <span class='ocrx_word' id='word_1_557' title='bbox 1599 2996 1669 3039; x_wconf 82' lang='grc' dir='ltr'>τὰς</span> <span class='ocrx_word' id='word_1_558' title='bbox 1693 2996 1808 3040; x_wconf 78' lang='grc' dir='ltr'><strong><em>ὁδοὺς</em></strong></span> <span class='ocrx_word' id='word_1_559' title='bbox 1830 2999 1895 3031; x_wconf 79' lang='grc' dir='ltr'>καὶ</span> 
     </span>
     <span class='ocr_line' id='line_1_75' title="bbox 1027 3042 1892 3102; baseline 0.004 -24"><span class='ocrx_word' id='word_1_560' title='bbox 1027 3043 1119 3087; x_wconf 77' lang='grc' dir='ltr'><strong><em>τοὺς</em></strong></span> <span class='ocrx_word' id='word_1_561' title='bbox 1133 3042 1464 3102; x_wconf 70' lang='grc' dir='ltr'><strong><em>ἀνδροβάμονας’</em></strong></span> <span class='ocrx_word' id='word_1_562' title='bbox 1441 3049 1754 3091; x_wconf 80' lang='grc' dir='ltr'><strong><em>αποκατέστησεν</em></strong></span> <span class='ocrx_word' id='word_1_563' title='bbox 1770 3045 1832 3081; x_wconf 86' lang='grc' dir='ltr'>διὰ</span> <span class='ocrx_word' id='word_1_564' title='bbox 1847 3049 1892 3082; x_wconf 89' lang='grc' dir='ltr'>Κ.</span> 
     </span>
     <span class='ocr_line' id='line_1_76' title="bbox 1027 3091 1893 3143; baseline 0.005 -16"><span class='ocrx_word' id='word_1_565' title='bbox 1027 3095 1231 3129; x_wconf 79' lang='grc' dir='ltr'><strong><em>Πακωνιου</em></strong></span> <span class='ocrx_word' id='word_1_566' title='bbox 1250 3091 1487 3143; x_wconf 74' lang='grc' dir='ltr'><strong><em>Ἀγριππίνου</em></strong></span> <span class='ocrx_word' id='word_1_567' title='bbox 1510 3095 1556 3130; x_wconf 84' lang='grc' dir='ltr'>τὸ</span> <span class='ocrx_word' id='word_1_568' title='bbox 1574 3096 1624 3137; x_wconf 78' lang='grc' dir='ltr'><strong>β’.</strong></span> <span class='ocrx_word' id='word_1_569' title='bbox 1648 3099 1744 3131; x_wconf 87' lang='lat' dir='ltr'>Inter</span> <span class='ocrx_word' id='word_1_570' title='bbox 1758 3099 1893 3132; x_wconf 88' lang='lat' dir='ltr'>Stoicos</span> 
     </span>
     <span class='ocr_line' id='line_1_77' title="bbox 1027 3145 1893 3190; baseline 0.003 -12"><span class='ocrx_word' id='word_1_571' title='bbox 1027 3145 1190 3179; x_wconf 85' lang='lat' dir='ltr'>laudatur</span> <span class='ocrx_word' id='word_1_572' title='bbox 1212 3145 1258 3179; x_wconf 91' lang='lat' dir='ltr'>ab</span> <span class='ocrx_word' id='word_1_573' title='bbox 1282 3147 1440 3189; x_wconf 89' lang='lat' dir='ltr'>Epicteto</span> <span class='ocrx_word' id='word_1_574' title='bbox 1464 3149 1499 3181; x_wconf 91' lang='lat' dir='ltr'>et</span> <span class='ocrx_word' id='word_1_575' title='bbox 1520 3149 1679 3181; x_wconf 82' lang='lat' dir='ltr'>Arriano.</span> <span class='ocrx_word' id='word_1_576' title='bbox 1714 3149 1893 3190; x_wconf 88' lang='lat' dir='ltr'>Epictetus</span> 
     </span>
     <span class='ocr_line' id='line_1_78' title="bbox 1028 3195 1890 3240; baseline 0.002 -12"><span class='ocrx_word' id='word_1_577' title='bbox 1028 3195 1124 3238; x_wconf 87' lang='lat' dir='ltr'>apud</span> <span class='ocrx_word' id='word_1_578' title='bbox 1145 3195 1336 3230; x_wconf 80' lang='lat' dir='ltr'>stobaeum</span> <span class='ocrx_word' id='word_1_579' title='bbox 1359 3198 1392 3237; x_wconf 90' lang='lat'>7,</span> <span class='ocrx_word' id='word_1_580' title='bbox 1418 3198 1459 3230; x_wconf 88' lang='grc'>47</span> <span class='ocrx_word' id='word_1_581' title='bbox 1483 3198 1604 3240; x_wconf 89' lang='lat' dir='ltr'>(Epict.</span> <span class='ocrx_word' id='word_1_582' title='bbox 1630 3198 1753 3239; x_wconf 86' lang='lat' dir='ltr'>fragm.</span> <span class='ocrx_word' id='word_1_583' title='bbox 1774 3198 1817 3230; x_wconf 77' lang='lat'>56</span> <span class='ocrx_word' id='word_1_584' title='bbox 1834 3199 1890 3231; x_wconf 89' lang='lat' dir='ltr'>ed.</span> 
     </span>
     <span class='ocr_line' id='line_1_79' title="bbox 1028 3243 1892 3292; baseline 0.002 -14"><span class='ocrx_word' id='word_1_585' title='bbox 1028 3246 1135 3278; x_wconf 82' lang='lat' dir='ltr'>Paris.</span> <span class='ocrx_word' id='word_1_586' title='bbox 1160 3255 1196 3288; x_wconf 90' lang='lat' dir='ltr'>p.</span> <span class='ocrx_word' id='word_1_587' title='bbox 1219 3246 1293 3288; x_wconf 88' lang='grc'><strong>24).</strong></span> <span class='ocrx_word' id='word_1_588' title='bbox 1322 3244 1395 3280; x_wconf 88' lang='grc' dir='ltr'>Διὰ</span> <span class='ocrx_word' id='word_1_589' title='bbox 1423 3246 1539 3280; x_wconf 84' lang='grc' dir='ltr'><strong><em>τοῦτο</em></strong></span> <span class='ocrx_word' id='word_1_590' title='bbox 1561 3247 1728 3280; x_wconf 81' lang='grc' dir='ltr'><strong><em>ἐπαινεῖν</em></strong></span> <span class='ocrx_word' id='word_1_591' title='bbox 1748 3243 1892 3292; x_wconf 78' lang='grc' dir='ltr'><strong><em>Ἀγριπ-</em></strong></span> 
     </span>
     <span class='ocr_line' id='line_1_80' title="bbox 1028 3292 1893 3344; baseline 0.003 -17"><span class='ocrx_word' id='word_1_592' title='bbox 1028 3297 1139 3328; x_wconf 82' lang='grc' dir='ltr'><strong><em>πῖνον</em></strong></span> <span class='ocrx_word' id='word_1_593' title='bbox 1168 3293 1333 3337; x_wconf 79' lang='grc' dir='ltr'>δίκαιον,</span> <span class='ocrx_word' id='word_1_594' title='bbox 1363 3292 1422 3330; x_wconf 84' lang='grc' dir='ltr'>ὅτι</span> <span class='ocrx_word' id='word_1_595' title='bbox 1453 3296 1631 3330; x_wconf 80' lang='grc' dir='ltr'><strong><em>πλείστου</em></strong></span> <span class='ocrx_word' id='word_1_596' title='bbox 1658 3293 1768 3339; x_wconf 79' lang='grc' dir='ltr'><strong><em>ἄξιος</em></strong></span> <span class='ocrx_word' id='word_1_597' title='bbox 1793 3294 1893 3344; x_wconf 78' lang='grc' dir='ltr'><strong><em>ἀνὴρ</em></strong></span> 
     </span>
     <span class='ocr_line' id='line_1_81' title="bbox 1026 3342 1889 3392; baseline 0.005 -15"><span class='ocrx_word' id='word_1_598' title='bbox 1026 3342 1230 3388; x_wconf 78' lang='grc' dir='ltr'><strong><em>γενόμενος</em></strong></span> <span class='ocrx_word' id='word_1_599' title='bbox 1260 3342 1503 3380; x_wconf 71' lang='grc' dir='ltr'><strong><em>οὐδεπώποτε</em></strong></span> <span class='ocrx_word' id='word_1_600' title='bbox 1529 3345 1713 3392; x_wconf 82' lang='grc' dir='ltr'><strong><em>ἑπήνεσεν</em></strong></span> <span class='ocrx_word' id='word_1_601' title='bbox 1739 3346 1889 3387; x_wconf 81' lang='grc' dir='ltr'>ἑαυτόν,</span> 
     </span>
     <span class='ocr_line' id='line_1_82' title="bbox 1025 3390 1891 3454; baseline 0.005 -28"><span class='ocrx_word' id='word_1_602' title='bbox 1025 3390 1106 3427; x_wconf 83' lang='grc' dir='ltr'><strong><em>ἀλλ’</em></strong></span> <span class='ocrx_word' id='word_1_603' title='bbox 1130 3395 1167 3428; x_wconf 77' lang='grc' dir='ltr'>εἰ</span> <span class='ocrx_word' id='word_1_604' title='bbox 1185 3396 1251 3429; x_wconf 77' lang='grc' dir='ltr'>καὶ</span> <span class='ocrx_word' id='word_1_605' title='bbox 1273 3391 1389 3437; x_wconf 87' lang='grc' dir='ltr'>αλλος</span> <span class='ocrx_word' id='word_1_606' title='bbox 1411 3406 1467 3436; x_wconf 79' lang='grc' dir='ltr'>τις</span> <span class='ocrx_word' id='word_1_607' title='bbox 1489 3393 1607 3429; x_wconf 74' lang='grc' dir='ltr'><strong><em>αὐτὸν</em></strong></span> <span class='ocrx_word' id='word_1_608' title='bbox 1614 3394 1773 3453; x_wconf 79' lang='grc' dir='ltr'>ἐπῄνει,</span> <span class='ocrx_word' id='word_1_609' title='bbox 1797 3407 1891 3454; x_wconf 80' lang='grc' dir='ltr'><em>ηρυ-</em></span> 
     </span>
     <span class='ocr_line' id='line_1_83' title="bbox 1026 3436 1891 3492; baseline 0.002 -16"><span class='ocrx_word' id='word_1_610' title='bbox 1026 3442 1128 3491; x_wconf 75' lang='grc' dir='ltr'><strong>θρία.</strong></span> <span class='ocrx_word' id='word_1_611' title='bbox 1160 3436 1281 3486; x_wconf 80' lang='grc' dir='ltr'><strong><em>Ουτος</em></strong></span> <span class='ocrx_word' id='word_1_612' title='bbox 1302 3443 1334 3477; x_wconf 82' lang='grc' dir='ltr'>δ’</span> <span class='ocrx_word' id='word_1_613' title='bbox 1358 3441 1382 3478; x_wconf 81' lang='grc' dir='ltr'>ὁ</span> <span class='ocrx_word' id='word_1_614' title='bbox 1403 3440 1503 3492; x_wconf 74' lang='grc' dir='ltr'>ἀνὴρ</span> <span class='ocrx_word' id='word_1_615' title='bbox 1523 3443 1699 3486; x_wconf 80' lang='grc' dir='ltr'><strong><em>τοιοῦτος</em></strong></span> <span class='ocrx_word' id='word_1_616' title='bbox 1720 3439 1769 3489; x_wconf 80' lang='grc' dir='ltr'>ἦν</span> <span class='ocrx_word' id='word_1_617' title='bbox 1791 3441 1891 3478; x_wconf 78' lang='grc' dir='ltr'><em>ὥστε</em></span> 
     </span>
    </p>
   </div>
  </div>
 </body>
</html>
