2254 3770
311 297 396 343 5⁴0
799 300 844 342 P.
876 298 1125 345 CORNELII
1154 298 1324 343 TACITI
1352 298 1620 344 ANNALIUM

311 404 421 448 inter
450 404 687 463 voluptates
708 405 883 463 quidem
903 419 928 449 a
949 405 1185 450 sceleribus
1207 405 1470 450 cessabatur.
1502 405 1640 449 isdem
1659 406 1820 464 quippe
1841 405 1921 449 illis
1940 405 2094 451 diebus

311 480 550 538 Torquatus
581 480 748 524 Silanus
778 482 885 524 mori
915 481 1107 538 adigitur,
1140 482 1242 539 quia
1271 494 1403 538 super
1431 481 1575 536 Iuniae
1601 480 1782 525 familiae
1802 480 2095 525 claritudinem

311 555 456 599 divum
495 558 730 613 Augustum
775 555 958 599 abavum
993 556 1167 600 ferebat.
1218 556 1323 600 iussi
1357 563 1630 601 accusatores
1665 556 1838 602 obicere
1872 555 2097 614 prodigum

311 630 622 688 largitionibus,
661 645 803 689 neque
843 631 969 675 aliam
1006 646 1126 690 spem
1157 646 1287 690 quam
1325 635 1366 675 in
1399 633 1529 676 rebus
1559 632 1680 676 novis
1710 646 1821 676 esse.
1867 632 1968 690 quin
2000 645 2099 677 eum

279 705 509 765 5[nobiles]
552 707 711 751 habere
741 721 852 765 quos
887 707 942 751 ab
971 707 1164 765 epistulis
1194 715 1236 752 et
1264 706 1419 751 libellis
1449 714 1492 751 et
1518 707 1753 751 rationibus
1783 706 1985 765 appellet,
2023 720 2101 752 no·

311 781 426 825 mina
465 796 657 826 summae
681 796 829 827 curae
866 790 909 825 et
942 781 1258 828 meditamenta.
1302 790 1388 826 tum
1427 783 1598 826 intimus
1629 783 1814 841 quisque
1852 781 2101 827 libertorum

311 857 439 902 vincti
469 857 743 915 abreptique:
776 864 818 901 et
842 871 940 902 cum
959 857 1173 902 damnatio
1195 859 1385 909 instaret,
1419 857 1690 902 brachiorum
1709 871 1842 902 venas
1862 858 2100 915 Torquatus

311 932 568 986 interscidit3
607 939 843 991 secutaque
879 933 1059 978 Neronis
1099 934 1234 978 oratio
1266 948 1319 977 ex
1349 947 1490 985 more,
1530 934 1726 992 quamvis
1756 939 1922 977 sontem
1952 939 1996 978 et
2023 931 2102 979 de-

312 1008 492 1052 fensioni
528 1009 679 1052 merito
718 1008 904 1052 diffisum
942 1009 1151 1053 victurum
1192 1016 1332 1053 tamen
1372 1010 1524 1060 fuisse,
1571 1010 1606 1053 si
1642 1009 1912 1053 clementiam
1948 1008 2100 1055 iudicis

262 1095 299 1126 ιο
313 1090 593 1142 expectasset.

425 1160 506 1216 (36)
543 1161 630 1204 Nec
659 1159 791 1203 multo
826 1167 941 1217 post,
980 1161 1139 1204 omissa
1168 1162 1209 1204 in
1239 1174 1447 1218 praesens
1478 1159 1633 1204 Achaia
1664 1159 1835 1215 (causae
1866 1159 1906 1203 in
1936 1160 2100 1204 incerto

312 1235 444 1293 fuere)
483 1235 637 1279 urbem
676 1235 840 1287 revisit,
879 1235 1120 1293 provincias
1160 1236 1366 1287 Orientis,
1411 1235 1592 1279 maxime
1622 1238 1880 1294 Aegyptum,
1923 1234 2102 1279 secretis

314 1311 684 1368 imaginationibus
714 1310 889 1367 agitans.
922 1310 1077 1355 dehinc
1107 1311 1247 1355 edicto
1278 1310 1527 1355 testificatus
1556 1324 1641 1354 non
1670 1310 1838 1368 longam
1859 1310 1926 1354 sui
1947 1310 2102 1356 absen-

313 1387 413 1432 tiam
442 1394 484 1430 et
512 1392 664 1430 cuncta
694 1386 736 1428 in
766 1399 813 1430 re
843 1400 884 1444 p.
914 1386 1091 1443 perinde
1124 1388 1296 1430 immota
1327 1400 1378 1430 ac
1406 1399 1615 1444 prospera
1635 1386 1745 1437 fore,
1779 1399 1910 1444 super
1930 1399 1983 1433 ea
2001 1399 2103 1443 pro-

263 1470 300 1501 45
313 1461 494 1506 sectione
523 1461 625 1505 adiit
654 1460 920 1518 Capitolium.
968 1461 1052 1505 illic
1081 1468 1310 1505 veneratus
1340 1461 1464 1512 deos,
1498 1475 1594 1505 cum
1614 1462 1767 1505 Vestae
1798 1475 1973 1519 quoque
1996 1468 2103 1505 tem-

311 1537 430 1595 plum
459 1537 627 1588 inisset,
659 1543 838 1594 repente
869 1543 1044 1582 cunctos
1074 1551 1153 1594 per
1178 1543 1295 1581 artus
1316 1544 1525 1585 tremens,
1558 1551 1633 1580 seu
1656 1537 1830 1581 numine
1850 1542 2101 1587 exterrente,

313 1627 392 1657 seu
420 1612 656 1657 facinorum
684 1611 981 1656 recordatione
1012 1626 1243 1670 numquam
1274 1613 1426 1657 timore
1443 1626 1628 1663 vacuus,
1660 1612 1852 1656 deseruit
1873 1612 2101 1670 inceptum,

378 1758 410 1792 3.
435 1758 580 1791 abavum
601 1759 776 1800 Rupertus
800 1757 856 1799 (ad
878 1758 1017 1791 Reines.
1044 1766 1099 1800 ep.
1120 1758 1194 1799 60):
1221 1761 1362 1791 atauum
1376 1758 1410 1792 M
1428 1776 1464 1782 —
1490 1758 1587 1790 iussis
1603 1758 1655 1797 M;
1679 1757 1807 1790 inmissi
1823 1757 2101 1799 Bezzenberger.

315 1833 351 1839 —
373 1814 548 1857 prodiciam
570 1816 603 1848 M
627 1831 662 1838 -
695 1814 725 1848 4.
754 1814 834 1855 quin
856 1823 931 1848 eum
952 1814 1075 1847 nobiles
1098 1814 1303 1848 Rhenanus:
1336 1815 1394 1857 qui
1416 1823 1457 1847 ne
1478 1814 1636 1847 innobiles
1658 1814 1710 1854 M;
1744 1814 1825 1855 quin
1854 1823 1921 1846 non
1947 1813 2106 1856 iqnobiloe

313 1872 483 1912 Ritterus;
509 1872 590 1913 quin
604 1880 678 1904 eum
700 1871 832 1904 libertos
845 1871 1036 1914 Bipontini;
1062 1871 1142 1912 quin
1157 1872 1192 1904 in
1206 1872 1294 1904 villis
1314 1872 1353 1904 R.
1373 1871 1541 1912 Seyffert;
1567 1871 1647 1912 quin
1669 1879 1744 1904 eum
1765 1871 1801 1902 in
1822 1870 1909 1902 villis
1924 1867 2102 1910 Halmius;

313 1930 396 1972 quin
416 1938 458 1962 ne
479 1928 617 1962 occultet
637 1927 857 1970 Nipperdey3
883 1937 964 1969 esse,
990 1929 1044 1961 cui
1065 1928 1225 1961 innoxiae
1245 1928 1343 1967 viles,·
1366 1928 1485 1961 habere
1507 1928 1633 1961 Haase.
1653 1945 1688 1950 —
1715 1927 1795 1968 eplis
1810 1935 1892 1959 cum
1906 1925 1967 1959 lin.
1986 1927 2102 1960 traus-

313 1994 418 2019 versa
441 1986 475 2018 in
499 1984 563 2018 litt.
581 1985 593 2017 l
614 1985 667 2024 M;
692 1984 837 2026 epistolis
856 1983 1015 2026 vulgo.-
1042 1985 1075 2018 7.
1093 1985 1281 2026 abrectique
1303 1986 1337 2019 M
1354 2003 1390 2008 —
1415 1985 1447 2018 8.
1473 1985 1638 2017 intercidit
1652 1985 1780 2026 Zumpt
1794 1983 1839 2016 ad
1856 1983 1953 2017 Curt.
1970 1991 2006 2025 p.
2024 1981 2103 2024 438,

313 2043 353 2075 ut
375 2043 430 2077 est
452 2042 506 2083 46,
530 2041 571 2076 44
595 2042 630 2075 et
651 2041 687 2074 in
711 2040 796 2074 Plin.
821 2042 863 2073 N.
888 2041 930 2074 H.
956 2042 991 2073 44
1020 2041 1040 2083 g
1065 2040 1141 2075 ⁴74.
1176 2042 1219 2075 At
1241 2041 1327 2074 dixit
1349 2041 1487 2073 Tacitus
1508 2049 1611 2073 venas
1632 2040 1822 2073 abscindere
1844 2040 1898 2080 45,
1923 2039 1965 2073 69
1989 2040 2026 2073 et
2047 2039 2103 2080 46,

314 2100 368 2132 44.
393 2099 502 2132 HALM.
524 2116 560 2122 —
587 2098 641 2131 43.
666 2098 770 2130 edicto
784 2098 992 2131 Rhenanus:
1018 2098 1104 2131 dicto
1126 2099 1160 2132 M
1186 2116 1222 2122 —
1249 2097 1302 2132 ⁴4.
1326 2099 1362 2131 in
1383 2107 1421 2131 re
1439 2107 1475 2139 p.
1489 2098 1627 2139 perinde
1641 2098 1810 2131 Pichena:
1835 2098 1873 2130 in
1892 2095 2106 2137 repperiendo

314 2156 348 2189 M
372 2173 409 2180 -
431 2163 588 2196 prospere
609 2155 643 2189 M
666 2170 703 2178 —
730 2154 783 2188 45.
807 2157 897 2188 ueste
918 2155 952 2188 M
977 2172 1013 2177 —
1040 2154 1094 2187 46.
1119 2157 1236 2187 cuncto
1259 2155 1292 2188 M
1317 2171 1352 2178 —
1377 2157 1544 2187 exterente
1565 2154 1609 2187 M.

314 2289 421 2321 esset.
459 2286 560 2320 Haud
584 2286 746 2329 exiguam
775 2286 882 2321 fuisse
906 2287 1030 2319 Vatinii
1057 2288 1185 2329 poten-

313 2339 398 2371 tiam
420 2336 538 2380 prodit
560 2346 603 2369 ex
626 2337 712 2370 Hist.
740 2338 770 2376 4,
796 2336 856 2370 37:
885 2338 954 2369 iam
971 2337 1050 2378 plus
1071 2338 1186 2378 rapuit

313 2389 416 2422 Icelus
439 2397 540 2429 quam
564 2388 651 2429 quod
665 2387 812 2427 Polycliti
828 2391 859 2420 et
878 2388 1019 2428 Vatinii,
1045 2390 1080 2421 et
1095 2387 1181 2421 Dial.

316 2438 374 2471 it:
405 2447 481 2471 cum
504 2438 631 2482 (inquit
653 2437 846 2478 Maternus)
878 2438 914 2469 in
939 2437 1097 2470 Neroneis
1120 2439 1185 2470 im-

312 2488 455 2531 probam
477 2491 508 2522 et
529 2489 717 2521 studiorum
732 2496 861 2529 quoque
881 2496 982 2521 sacra
998 2489 1186 2529 profanan-

315 2542 380 2572 tem
404 2538 527 2572 Vatinii
553 2539 735 2580 potentiam
763 2539 850 2582 freqi
873 2540 941 2571 cet.
978 2539 1103 2572 Tribus
1130 2540 1185 2573 his

314 2588 401 2623 locis
417 2591 635 2623 memoratur
651 2598 670 2621 a
687 2589 819 2630 Tacito,
839 2588 951 2623 semel
968 2598 988 2622 a
1002 2590 1113 2623 Dione
1130 2590 1184 2631 63,

317 2641 371 2680 ⁴5,
396 2649 417 2673 a
440 2640 604 2673 Suetonio
627 2649 822 2682 nunquam.

359 2690 414 2724 35.
446 2690 633 2731 Torquatus
660 2690 813 2732 Silanus]
849 2688 972 2723 consul
1003 2699 1035 2722 a.
1061 2699 1095 2722 u.
1120 2689 1185 2722 806

318 2742 383 2782 (42,
408 2740 467 2781 58,
493 2739 555 2773 ubi
577 2741 621 2773 D.
637 2740 753 2772 Iunius
770 2741 946 2781 vocatur),
972 2740 1079 2773 frater
1094 2740 1131 2772 L.
1150 2741 1186 2772 et

315 2791 360 2824 M.
378 2789 594 2830 Silanorum,
619 2789 690 2822 divi
710 2791 856 2832 Augusti
879 2789 1097 2832 abnepotum
1118 2789 1183 2830 (43.

317 2841 368 2882 4),
399 2842 546 2883 patruus
577 2840 613 2872 L.
640 2839 744 2873 Silani
776 2840 918 2882 (46,,8).
954 2841 1018 2873 Dio
1042 2840 1096 2879 62,
1120 2839 1180 2871 27:

312 2886 470 2932 Ἰούνιος
487 2888 728 2936 Τορκουᾶτος
745 2886 939 2934 ἀπόγονος
953 2887 1022 2922 τοῦ
1035 2885 1185 2932 Αὐγού-

316 2951 411 2976 στου
435 2936 489 2973 ὢν
503 2938 716 2984 θαυμαστῷ
733 2937 781 2982 δή
797 2949 870 2974 τινι
885 2937 1097 2984 ἐγκλήματι
1112 2949 1185 2971 πα-

316 2988 470 3039 ρεδόθη.
496 2986 624 3033 ἐπειδὴ
648 2987 721 3036 γὰρ
736 2986 977 3036 ἀσωτότερον
991 2988 1037 3036 τῇ
1055 2985 1183 3033 οὐσίᾳ,

317 3039 392 3076 εἴτε
415 3040 458 3076 ἐκ
480 3038 636 3082 φύσεως
658 3039 731 3073 εἴτε
755 3040 820 3073 καὶ
841 3038 882 3083 ἐξ
897 3037 1184 3084 ἐπιτηδεύσεως,

319 3086 423 3134 ὅπως
454 3087 510 3134 μὴ
540 3087 640 3123 πάνυ
664 3089 868 3133 πλουτοίη,
904 3087 1183 3136 κατεχρήσατο,

317 3139 393 3179 τῶν
410 3151 451 3174 τε
466 3137 673 3188 ἀλλοτρίων
689 3135 808 3173 αὐτὸν
823 3139 1022 3182 ἐπιθυμεῖν
1037 3135 1105 3172 ἅτε
1119 3139 1185 3172 καὶ

319 3190 469 3225 πολλῶν
490 3189 674 3235 δεόμενον
696 3187 719 3223 ὁ
734 3190 864 3236 Νέρων
881 3185 980 3233 ἔφη,
1004 3186 1079 3223 κάκ
1093 3187 1186 3223 τού-

318 3252 387 3276 του
414 3241 481 3274 καὶ
508 3239 578 3285 τῆς
612 3236 897 3286 αὐτοκράτορος
927 3235 1050 3285 ἀρχῆς
1079 3239 1185 3280 ἐφιέ-

318 3302 436 3335 μενον
452 3289 798 3335 συκοφαντηθῆναι
812 3287 1004 3332 ἐποίησεν.
1021 3307 1057 3314 -
1075 3291 1107 3322 d.
1120 3289 1187 3322 Au-

319 3345 452 3384 gustum
474 3341 620 3375 abavum
639 3340 778 3384 ferebat]
802 3339 854 3375 Cf.
871 3339 905 3379 2,
922 3339 984 3373 43:
1011 3348 1115 3386 avum
1136 3341 1183 3373 M.

320 3392 515 3432 Antonium,
554 3390 759 3424 avmiculum
784 3389 968 3433 Auaustum
995 3387 1120 3429 ferens.
1148 3406 1183 3412 —

322 3441 403 3488 quin
424 3449 500 3480 eum
520 3440 641 3478 nobiles
662 3439 745 3484 cet]
770 3439 868 3477 Hunc
890 3437 1046 3475 Rhenani
1067 3446 1188 3472 emen-

1235 2286 1433 2326 dationem,
1459 2287 1526 2319 etsi
1549 2284 1695 2319 multam
1712 2294 1756 2318 ex
1777 2283 1974 2318 litterarum
1987 2282 2105 2317 ducti-

1234 2337 1302 2370 bus
1326 2337 1672 2370 commendationem
1704 2335 1830 2375 habet,
1864 2336 1960 2368 recte
1984 2335 2105 2370 tamen

1234 2388 1450 2430 impugnavit
1468 2388 1622 2430 Lipsius:
1643 2387 1729 2426 -Qui
1745 2387 1842 2419 enim
1858 2386 1914 2419 isti
1929 2386 2002 2418 tam
2017 2383 2105 2417 viles

1235 2437 1390 2477 nobiles,
1424 2438 1483 2479 qui
1506 2436 1605 2470 alteri
1629 2445 1715 2469 suae
1738 2436 1843 2470 sortis
1865 2435 1912 2468 ad
1934 2433 2002 2468 tale
2026 2433 2106 2467 offl-

1236 2489 1329 2521 cium
1353 2496 1392 2520 se
1416 2487 1694 2520 submitterent?
1717 2487 1829 2519 lmmo
1846 2494 1912 2518 nec
1927 2484 2105 2527 principes

1236 2539 1301 2581 ipsi
1333 2537 1469 2571 nobiles
1499 2537 1544 2570 ad
1568 2546 1609 2570 ea
1633 2545 1783 2570 munera
1807 2535 2006 2574 habebant,
2039 2531 2106 2567 sed

1235 2588 1393 2621 libertos.
1418 2588 1556 2621 Primus
1578 2585 1735 2619 Vitellius
1759 2587 1857 2628 (Hist.
1875 2587 1908 2626 4,
1932 2585 1984 2626 58)
2008 2582 2107 2617 «1ιὸηό-

1234 2639 1336 2673 steria
1365 2639 1577 2679 principatus
1605 2646 1668 2678 per
1702 2636 1833 2669 libertos
1866 2636 1925 2678 aqi
1953 2634 2051 2667 solita
2070 2633 2108 2669 in

1235 2690 1357 2730 equites
1379 2689 1543 2721 Romanos
1565 2687 1734 2728 disposuit.
1759 2686 1828 2719 Sed
1851 2694 1919 2719 nec
1934 2693 1977 2718 ea
1991 2683 2108 2727 dispo-

1236 2740 1315 2773 sitio
1338 2738 1459 2777 firma;
1491 2738 1549 2770 vix
1571 2739 1695 2779 coepta
1723 2735 1826 2776 abiit,
1860 2744 1975 2778 eoque
1999 2735 2108 2778 Spar-

1235 2790 1351 2822 tianus
1374 2798 1406 2822 c.
1426 2789 1468 2821 22
1491 2787 1707 2821 Hadrianum
1730 2787 1983 2828 imperatorem
2006 2783 2108 2827 quasi

1235 2840 1391 2882 primum
1413 2839 1597 2871 auctorem
1621 2837 1696 2870 eius
1719 2837 1772 2868 rei
1794 2834 1934 2868 laudat:
1965 2834 2008 2867 ab
2035 2833 2108 2875 epi-

1234 2890 1347 2929 stulis,
1372 2898 1396 2921 a
1417 2888 1550 2928 libellis,
1571 2888 1703 2928 primus
1724 2886 1848 2927 equites
1864 2886 2026 2918 Romanos
2047 2883 2108 2917 lta·

1235 2940 1339 2972 buit.»
1355 2937 1502 2972 Accedit
1517 2937 1613 2979 quod
1636 2937 1711 2979 ipse
1728 2936 1869 2969 Tacitus
1883 2934 1973 2968 intra
1990 2933 2055 2975 (46,
2073 2932 2104 2975 8)

1235 2989 1300 3022 hos
1323 2996 1560 3021 amanuenses
1582 2986 1713 3020 libertos
1732 2986 1856 3018 vocat:
1882 2984 2037 3018 Silanum
2057 2983 2106 3016 in-

1235 3040 1362 3080 crepuit
1391 3039 1509 3078 isdem,
1542 3037 1660 3078 quibus
1675 3039 1841 3082 patruum
1862 3036 1932 3068 eius
1954 3034 2106 3075 Torqua-

1235 3094 1327 3130 tum,
1356 3093 1528 3130 tamquam
1557 3088 1741 3129 disponeret
1763 3087 1833 3119 iam
1854 3085 1985 3127 imperii
2005 3091 2107 3118 curas

1232 3141 1490 3183 praeficeretque
1511 3137 1697 3171 rationibus
1718 3140 1749 3170 et
1770 3136 1884 3169 libellis
1905 3139 1937 3169 et
1958 3133 2106 3176 epistulis

1234 3190 1377 3223 libertos.
1403 3191 1525 3230 ltaque
1549 3196 1613 3221 nos
1628 3195 1755 3220 vocem
1779 3185 1900 3219 nobiles
1917 3186 1956 3218 ut
1978 3191 2105 3226 parum

1235 3241 1355 3282 aptam
1376 3237 1598 3272 seclusimus.
1618 3253 1654 3261 -
1677 3235 1835 3278 summae]
1859 3235 1881 3267 i.
1900 3243 1932 3267 e.
1954 3233 2106 3276 impera·

1236 3290 1359 3324 toriae.
1386 3305 1422 3311 —
1448 3286 1696 3329 meditamenta]
1728 3284 2015 3328 praeparationes
2040 3283 2106 3317 im·

1236 3339 1324 3382 perii
1357 3347 1440 3372 mox
1473 3336 1668 3371 obtinendi.
1703 3353 1738 3359 —
1775 3334 1928 3375 quamvis
1960 3331 2104 3376 sontem]

1237 3388 1422 3431 quantavis
1444 3386 1546 3429 culpa
1562 3387 1759 3420 oneratum.
1780 3399 1816 3407 —
1833 3381 2106 3416 clementiamiu-

1237 3436 1335 3480 dicis]
1364 3437 1387 3470 i.
1413 3445 1445 3470 e.
1470 3443 1585 3471 suam.
1617 3435 1766 3472 Senatus
1789 3432 1903 3473 enim,
1936 3431 2035 3466 cuiun
2057 3430 2104 3468 de
