2254 3770
246 298 327 343 460

719 299 764 342 Ρ.
797 296 1046 342 CORNELII
1075 296 1245 341 TACITI
1274 295 1541 341 ANNALIUM

244 411 296 457 et,
330 419 590 464 quamquam
623 403 856 448 transfosso
888 403 1036 455 oculo,
1078 403 1307 447 adversum
1337 398 1386 447 os
1415 403 1457 446 in
1486 402 1652 448 hostem
1681 403 1858 448 intendit
1886 416 2028 461 neque

243 480 454 539 proelium
488 481 646 532 omisit,
685 480 823 524 donec
861 479 1059 524 desertus
1100 479 1188 523 suis
1229 478 1414 523 caderet.
1457 478 1538 535 (24)
1572 492 1686 537 quae
1720 485 1948 538 postquam
1983 479 2028 523 L.

242 557 427 615 Apronio
467 557 578 614 (nam
620 555 794 600 Camillo
830 555 1113 612 successerat)
1154 560 1388 612 comperta,
1428 553 1564 612 magis
1599 553 1815 600 dedecore
1853 568 2031 599 suorum

242 646 371 690 quam
411 631 544 690 gloria
583 630 717 675 hostis
756 631 922 682 anxius,
968 642 1063 675 raro
1102 643 1154 674 ea
1195 635 1448 687 tempestate
1489 635 1532 674 et
1570 643 1594 675 e
1632 636 1779 676 vetere
1824 618 2031 674 memoria

210 707 429 752 sfacinore
468 707 696 752 decumum
735 720 952 765 quemque
997 705 1303 764 ignominiosae
1349 704 1534 749 cohortis
1579 711 1693 750 sorte
1738 705 1889 750 ductos
1932 704 2030 749 fusti

241 790 378 832 necat.
419 789 665 841 tantumque
708 782 934 827 severitate
976 782 1211 840 profectum
1252 787 1298 824 ut
1337 780 1536 825 vexillum
1581 787 1899 831 veteranorum,
1945 795 2030 825 non

242 859 423 918 amplius
453 873 580 917 quam
610 858 820 917 quingenti
842 871 1040 908 numero,
1073 857 1249 902 easdem
1289 856 1560 901 Tacfarinatis
1591 858 1738 916 copias
1766 856 2031 916 praesidium

243 936 312 981 cui
341 935 467 979 Thala
490 948 646 978 nomen
670 934 897 992 adgressas
919 933 1114 978 fuderint.
1147 946 1233 992 quo
1253 931 1418 991 proelio
1438 932 1568 977 Rufus
1590 933 1779 987 Helvius,
1809 932 2029 991 gregarius

242 1011 383 1063 miles,
422 1010 577 1055 servati
615 1010 718 1054 civis
749 1009 883 1054 decus
920 1008 1078 1053 rettulit
1107 1008 1378 1066 donatusque
1408 1015 1473 1052 est
1506 1007 1560 1053 ab
1589 1009 1775 1067 Apronio
1806 1008 2031 1067 torquibus

193 1098 228 1129 io
242 1094 285 1132 et
313 1087 443 1132 hasta.
492 1087 650 1131 Caesar
678 1084 841 1129 addidit
870 1085 1046 1130 civicam
1077 1098 1289 1135 coronam,
1322 1083 1439 1142 quod
1470 1098 1554 1128 non
1585 1098 1680 1129 eam
1701 1098 1875 1143 quoque
1895 1086 2032 1143 Apro-

243 1163 338 1207 nius
372 1163 463 1207 iure
491 1161 761 1221 proconsulis
791 1161 1021 1212 tribuisset,
1055 1167 1232 1219 questus
1265 1160 1398 1218 magis
1428 1173 1557 1218 quam
1583 1159 1786 1204 offensus.
1818 1159 1896 1203 sed
1927 1161 2031 1204 Tac-

240 1239 395 1283 farinas
434 1238 645 1297 perculsis
681 1236 874 1282 Numidis
904 1243 946 1280 et
975 1236 1143 1281 obsidia
1172 1235 1499 1294 aspernantibus
1540 1235 1701 1294 spargit
1738 1234 1915 1286 bellum,
1954 1234 2029 1279 ubi

240 1315 478 1364 instaretur,
511 1313 670 1359 cedens
701 1327 752 1357 ac
781 1327 951 1356 rursum
981 1312 1024 1355 in
1055 1319 1174 1370 terga
1201 1325 1411 1356 remeans.
1443 1317 1485 1355 et
1508 1310 1610 1354 dum
1631 1324 1683 1355 ea
1711 1311 1816 1356 ratio
1846 1310 2029 1355 barbaro

239 1390 332 1442 fuit,
374 1390 545 1433 inritum
583 1390 831 1448 fessumque
871 1390 1105 1433 Romanum
1141 1388 1314 1446 impune
1343 1386 1660 1431 ludificabatur:
1698 1392 1923 1445 postquam
1953 1386 2030 1431 de-

190 1478 226 1508 ⁴5
240 1465 357 1511 flexit
384 1465 438 1510 ad
469 1465 702 1509 maritimos
731 1464 851 1509 locos
881 1463 1157 1523 inligatusque
1195 1462 1356 1522 praeda
1386 1462 1547 1507 stativis
1578 1462 1727 1507 castris
1758 1461 2028 1514 adhaerebat,

305 1582 336 1614 5.
362 1580 444 1614 eusti
466 1579 538 1622 (sic)
563 1579 597 1613 M
631 1596 667 1603 -
700 1578 732 1612 7.
759 1579 903 1620 amplius
925 1587 1028 1620 quam
1051 1578 1220 1620 quinyenti
1242 1576 1520 1611 Weissenborn:
1553 1578 1698 1619 amplius
1727 1575 1954 1620 quamllyenti
1974 1576 2028 1617 M3

239 1637 382 1678 amplius
410 1636 579 1679 quingenti
608 1634 724 1677 vulgo.
752 1653 789 1659 -
821 1635 854 1667 8.
872 1644 939 1676 pro
962 1634 1040 1677 (per
1061 1633 1191 1675 notam)
1214 1634 1284 1677 filio
1306 1634 1340 1668 M
1364 1634 1480 1675 (prelio
1502 1633 1636 1676 margo)
1663 1651 1698 1657 —
1727 1634 1913 1677 qraqarius
1932 1634 1966 1668 M
1990 1650 2028 1658 -

240 1695 293 1727 44.
318 1697 449 1740 questus
477 1694 512 1727 M
542 1711 579 1716 —
615 1693 668 1726 45.
692 1692 917 1744 inliqatusque
945 1690 1167 1726 Waltherus:
1198 1691 1358 1734 inliyatus
1384 1692 1437 1732 M;
1469 1694 1500 1725 et
1527 1691 1686 1733 inliqatus
1712 1690 1840 1725 Haase.
1877 1690 1928 1725 Cf.
1952 1698 2027 1724 var.

238 1749 319 1784 lect.
346 1750 383 1792 3,
410 1749 462 1783 44.
487 1749 525 1792 4,
551 1750 605 1783 25.
631 1750 663 1792 6,
689 1748 743 1783 45.
771 1767 808 1773 -
833 1748 1011 1783 adherebat
1031 1749 1076 1783 M.

237 1848 330 1887 terqo
362 1845 510 1878 Bellator
541 1845 633 1877 timet
663 1843 848 1884 Ausonius,
876 1852 941 1885 per
967 1846 1108 1885 pectora

236 1904 354 1929 saevas
386 1896 598 1936 Exceptat
632 1898 784 1928 mortes
816 1897 848 1928 et
877 1895 941 1927 leto
971 1895 1108 1927 dedecus

237 1950 341 1980 arcet.
370 1965 405 1969 —
438 1947 584 1979 desertus
610 1945 688 1988 suis]
721 1946 805 1985 Quis
835 1945 1049 1987 praestiterit
1070 1946 1105 1977 in

237 1997 359 2030 codice
383 2006 453 2029 non
478 1996 650 2030 excidisse
673 2005 711 2037 a,
735 1997 774 2028 ut
788 1995 883 2037 apud
900 1995 1034 2028 Livium
1049 1995 1103 2035 35,

237 2047 297 2088 30,
325 2049 337 2080 4
365 2047 401 2079 in
424 2050 455 2079 et
476 2056 498 2079 a
520 2048 590 2079 suis
610 2055 644 2079 se
667 2047 810 2079 desertos
833 2044 987 2078 nonnulli
1012 2045 1107 2078 codi-

237 2106 298 2131 ces
321 2106 344 2130 a
366 2097 532 2130 omittunt
560 2096 613 2138 (ab
643 2105 675 2129 se
703 2097 845 2129 desertos
874 2096 945 2129 Liv.
970 2095 1023 2136 26,
1049 2095 1103 2134 43,

238 2149 278 2180 49
302 2157 325 2180 a
345 2148 415 2180 suis
436 2148 600 2179 desertum
622 2145 706 2179 Bell.
727 2146 798 2179 Afr.
817 2145 899 2186 93)‘?
922 2146 1060 2178 Tacitus
1076 2146 1105 2178 si

236 2199 312 2241 ipse
336 2197 633 2240 praepositionem
657 2205 727 2229 non
746 2196 877 2239 posuit,
903 2197 972 2229 suis
987 2195 1104 2228 dativo

237 2257 323 2282 casu
346 2248 530 2290 scripsisse
554 2248 685 2290 potest,
720 2255 790 2290 quo
817 2247 846 2279 is
869 2245 1013 2280 liberius
1036 2246 1106 2278 uti-

235 2300 304 2332 tur.
329 2300 419 2332 Ann.
445 2299 477 2338 4,
504 2299 534 2330 4.
562 2298 614 2330 40.
641 2298 693 2337 45,
719 2297 772 2331 34.
791 2298 844 2330 50.
872 2298 924 2338 46,
944 2297 995 2330 48.
1024 2297 1105 2330 WE—

235 2358 390 2382 SENBERG.
417 2348 503 2381 Vide
528 2348 573 2380 ad
595 2349 632 2388 2,
658 2348 712 2380 50.

279 2401 333 2432 24.
360 2400 396 2432 L.
421 2397 577 2440 Apronio]
603 2397 653 2430 Cf.
674 2398 704 2438 4,
723 2398 776 2430 56.
802 2398 839 2430 In
855 2396 983 2430 Tiberii
999 2405 1105 2430 num-

236 2458 295 2483 mo
326 2450 361 2482 in
392 2449 578 2490 Zeugitana
610 2456 694 2481 cuso
726 2447 819 2490 apud
842 2446 972 2482 Eokhel
997 2448 1036 2480 D.
1062 2448 1102 2480 N.

165 2484 189 2506 ’·
235 2501 292 2541 iv,
309 2508 344 2542 p.
365 2499 446 2532 ⁴39:
470 2497 1101 2532 PERMISSVL.APRON1.PROCOS.

234 2551 291 2583 ΙΙΙ.
307 2550 341 2582 C.
360 2549 453 2581 SEX.
470 2549 571 2581 POM.
586 2548 730 2581 CELSO.
752 2566 788 2572 —
806 2549 980 2581 deewnwn
994 2556 1104 2588 quem-

236 2609 299 2643 que
329 2599 567 2642 iqnominiosae
600 2599 753 2641 cohortis]
786 2599 971 2640 Sexaginta
1001 2599 1104 2640 igitur

236 2652 351 2685 necati
375 2652 467 2684 sunt.
489 2667 522 2673 —
549 2654 636 2683 sorte
658 2650 771 2682 ductos
792 2650 817 2691 f.
840 2649 947 2691 necat]
972 2650 1010 2682 In
1034 2647 1103 2681 Sal-

235 2702 316 2736 lust.
342 2702 396 2734 Fr.
422 2701 489 2733 inc.
509 2700 562 2733 96.
589 2699 679 2733 Gerl.
706 2700 832 2733 eadem
847 2699 957 2733 verba
979 2698 1103 2741 legun-

236 2755 294 2786 tur
316 2755 402 2785 sorte
426 2752 543 2783 ductos
563 2750 642 2792 fusti
665 2753 778 2791 necat,
811 2750 906 2793 quod
929 2749 975 2782 ad
999 2750 1104 2782 Cras-

236 2810 316 2835 sum
338 2801 497 2835 referunt
514 2801 549 2832 in
566 2801 669 2833 unius
686 2801 840 2834 cohortis
857 2800 1102 2834 decimatione.

236 2852 358 2894 Polyb.
385 2852 416 2892 6,
442 2851 501 2884 37:
540 2850 592 2883 Τὸ
615 2849 656 2883 δὲ
677 2851 747 2894 τῆς
770 2848 1000 2893 ξυλοκοπίας
1023 2849 1104 2883 ἐστὶ

235 2900 412 2936 τοιοῦτον
424 2910 431 2917 ·
457 2897 586 2940 λαβών
605 2898 719 2942 ξύλον
735 2897 758 2933 ὁ
773 2900 988 2946 χιλίαρχος,
1012 2898 1104 2933 τού-

236 2962 287 2996 τῳ
310 2949 379 2985 τοῦ
402 2950 698 2997 κατακριθέντος
717 2946 801 2983 οἷον
817 2948 952 2994 ἥψατο
966 2947 1100 2994 μόνον.

237 2995 291 3035 Οὗ
314 3001 522 3046 γενομένου
546 2998 683 3042 πάντες
699 3000 739 3032 οἱ
760 3001 827 3034 τοῦ
844 2998 1103 3048 στρατοπέδου

236 3050 439 3093 τύπτοντες
457 3054 538 3092 τοῖς
553 3047 681 3093 ξύλοις
696 3050 761 3083 καὶ
776 3054 860 3092 τοῖς
875 3051 999 3092 λίθοις
1013 3047 1105 3091 τοὺς

236 3103 307 3147 μὲν
336 3102 536 3144 πλείστους
565 3101 606 3135 ἐν
635 3097 732 3148 αὐτῇ
763 3100 810 3149 τῇ
834 3099 1105 3149 στρατοπεδείᾳ

236 3152 524 3194 καταβάλλουσι
537 3162 545 3171 ·
580 3155 662 3194 τοῖς
695 3152 726 3184 δ’
762 3150 990 3185 ἐκπεσοῦσιν
1025 3147 1103 3185 οὐδ’

237 3201 289 3245 ὥς
312 3200 475 3251 ὑπάρχει
497 3203 677 3250 σωτηρία.
713 3202 802 3244 App.
830 3201 994 3235 Claudius
1011 3201 1105 3243 apud

237 3255 309 3288 Liv.
334 3257 366 3296 5,
396 3256 435 3288 6:
470 3254 688 3287 Fustuarium
719 3255 881 3293 meretur,
919 3252 976 3293 qui
1007 3253 1106 3294 siqua

236 3305 395 3345 relinquit
415 3307 476 3338 aut
490 3304 661 3345 praesidio
683 3302 818 3335 decedit.
846 3301 895 3334 Cf.
924 3302 976 3342 44,
994 3300 1047 3334 44.
1066 3319 1099 3324 ——

241 3371 276 3377 -
293 3355 456 3387 veoeillum
476 3351 720 3395 veteranorum]
738 3351 789 3385 Cf.
809 3351 840 3392 4,
859 3351 913 3384 47.
931 3369 965 3374 -
989 3351 1103 3393 Thala]

238 3402 449 3436 Situs=“urbis
472 3403 639 3436 incertus.
676 3400 851 3444 oppidum
877 3408 1046 3441 magnum
1069 3401 1104 3432 et

237 3450 441 3496 opulentum
474 3453 579 3486 vocat
611 3450 793 3485 Sallustius
825 3450 899 3492 lug.
933 3450 987 3483 75.
1026 3450 1103 3485 Non

1154 1844 1275 1876 tamen
1297 1840 1407 1874 ullum
1430 1840 1523 1874 aliud
1547 1841 1622 1875 eius
1637 1841 1824 1883 vestigium
1848 1840 1943 1884 apud
1965 1849 2029 1884 po-

1155 1894 1323 1927 steriores
1357 1892 1548 1935 scriptores
1583 1893 1740 1935 repperit
1771 1891 1973 1926 Morcellius
1990 1892 2027 1925 in

1153 1944 1287 1986 Africae
1308 1953 1426 1977 sacrae
1445 1952 1529 1977 cura
1552 1943 1802 1976 eruditissima.
1823 1961 1859 1966 —
1883 1943 2027 1976 civicam

1154 1995 1322 2037 eoronam]
1359 1993 1410 2026 Cf.
1440 1994 1480 2034 2,
1512 1993 1567 2027 83.
1594 1993 1654 2034 45,
1680 1994 1734 2026 42.
1780 1992 1907 2027 Rufum
1941 1992 2023 2026 inde

1154 2053 1353 2086 cognomen
1376 2043 1491 2077 Civica
1513 2043 1654 2077 duxisse
1678 2043 1784 2076 docet
1812 2043 2025 2085 Borghesius

1155 2104 1197 2127 ex
1230 2095 1457 2137 inscriptione
1490 2095 1526 2127 in
1554 2093 1691 2127 Tiburis
1724 2094 1850 2127 vicinia
1879 2094 2024 2136 reperta

1155 2145 1290 2187 (Murat.
1315 2144 1391 2185 476,
1417 2144 1486 2186 44);
1519 2145 1567 2178 Μ.
1590 2145 1726 2178 Helvius
1747 2145 1795 2177 M.
1820 2144 1845 2186 f.
1871 2142 2023 2186 Camfflia

1155 2194 1258 2236 tribu)
1283 2194 1396 2236 Rufus.
1423 2194 1538 2228 Civica
1560 2195 1663 2235 prim.
1683 2194 1746 2235 pil.
1771 2194 1925 2227 balneum
1945 2187 2051 2226 mit-¹

1152 2245 1317 2286 nicipibus
1337 2248 1367 2278 et
1387 2245 1504 2277 ineolis
1517 2245 1616 2277 dedit.
1638 2262 1675 2268 —
1696 2245 1784 2285 quod
1804 2254 1872 2277 non
1887 2262 1906 2269 -
1918 2245 2027 2277 -iare

1151 2295 1358 2337 proconsulis
1380 2294 1558 2335 tribuisset]
1582 2295 1725 2328 Sueton.
1750 2294 1825 2328 Tib.
1845 2295 1909 2328 32:
1942 2294 2027 2327 Gor-

1153 2346 1257 2387 ripuit
1271 2345 1461 2378 consulares
1476 2345 1676 2378 exercitibus
1685 2346 1913 2387 praepositos,
1938 2344 2027 2387 quod

1154 2397 1193 2429 de
1215 2395 1397 2429 tribuendis
1419 2395 1617 2437 quibusdam
1644 2396 1844 2429 militaribus
1865 2397 1960 2429 donis
1981 2395 2027 2428 ad

1153 2456 1187 2480 se
1207 2447 1386 2488 referrent,
1411 2446 1510 2487 quasi
1532 2455 1599 2479 non
1613 2447 1761 2479 omnium
1776 2446 2026 2479 tribuendorum

1151 2498 1215 2538 ipsi
1237 2497 1290 2529 ius
1310 2496 1477 2531 haberent.
1505 2514 1542 2519 —
1566 2498 1697 2539 sparyit
1718 2496 1847 2538 bellum]
1875 2497 2024 2531 diversis

1152 2546 1239 2579 loeis
1261 2545 1317 2578 vel
1341 2545 1452 2579 diviso
1477 2547 1633 2579 exercitu
1657 2545 1712 2580 vel
1734 2546 1895 2588 vagando
1915 2546 2021 2588 εει-ἥς

1153 2596 1260 2630 modo
1290 2597 1377 2638 huc,
1414 2597 1522 2630 modo
1545 2596 1627 2630 illuc
1648 2597 1825 2630 transfert.
1865 2598 1926 2630 Est
1948 2596 2022 2630 fere

1151 2647 1343 2690 poeticum.
1374 2642 1685 2680 Cf.'Burmannum
1707 2647 1751 2680 ad
1774 2648 1904 2680 Lucan.
1929 2646 1962 2688 3,
1979 2645 2022 2680 64

1153 2697 1324 2740 (Bellaque
1345 2698 1496 2730 Sardoas
1517 2699 1616 2732 etiam
1637 2700 1845 2740 sparguntur
1861 2698 1898 2730 in
1910 2695 2022 2740 urbes)

1153 2748 1189 2780 et
1211 2747 1255 2780 ad
1279 2746 1394 2781 Valer.
1419 2746 1467 2781 Fl.
1492 2749 1527 2788 5,
1552 2747 1626 2781 488.
1656 2766 1691 2772 —
1720 2748 1860 2780 inritum
1887 2747 2023 2788 fessum-

1153 2798 1224 2840 que]
1249 2799 1326 2831 Non
1349 2799 1405 2831 est
1427 2794 1468 2830 ἓν
1490 2794 1552 2831 διὰ
1574 2795 1698 2838 δυοῖν,
1722 2798 1762 2830 ut
1775 2795 1849 2830 vult
1863 2797 2020 2838 Rothius,

1154 2849 1282 2882 nimius
1305 2857 1389 2882 sane
1411 2848 1514 2881 huius
1531 2848 1663 2890 figurae
1680 2848 1835 2887 amator3
1860 2847 1925 2881 sed
1941 2847 2023 2889 quia

1153 2900 1392 2932 Romanorum
1433 2898 1678 2940 aggressiones
1722 2905 1866 2939 semper
1900 2897 2024 2930 inritae

1153 2948 1410 2990 reddebantur,
1435 2948 1516 2981 ideo
1536 2947 1772 2989 fatigabantur
1787 2956 1830 2980 ac
1845 2946 1924 2981 talis
1938 2945 2022 2980 belli

1153 2999 1236 3033 lassi
1260 2999 1404 3033 fiebant.
1426 3014 1462 3023 -
1487 2998 1659 3041 inligatus]
1684 2997 1886 3040 impeditus,
1913 3005 2021 3030 onere

1155 3050 1333 3084 detentus.
1359 3067 1394 3073 —
1427 3048 1644 3091 adhaerebat]
1676 3048 1751 3081 Hoc
1772 3046 2022 3090 imperfectum

1155 3109 1237 3134 cum
1271 3109 1384 3142 aeque
1418 3099 1574 3143 pendeat
1607 3107 1627 3132 a
1656 3097 1825 3141 particula
1841 3100 2022 3139 postquam

1155 3153 1260 3194 atque
1285 3150 1483 3193 perfectum
1506 3149 1641 3192 defleaeit
1665 3150 1759 3191 (nam
1782 3149 1866 3181 tuuc
1888 3148 2018 3190 ipsum,

1155 3210 1238 3235 cum
1261 3200 1476 3241 adhaerebat,
1502 3201 1538 3233 et
1560 3198 1689 3232 diutius
1712 3197 1873 3241 quidem,
1896 3195 2020 3240 pulsus

1155 3253 1211 3285 est
1238 3250 1283 3284 ab
1314 3250 1467 3293 Apronio
1490 3248 1590 3291 filio),
1621 3247 1822 3282 necessario
1844 3255 1886 3280 ea
1909 3245 2020 3280 verba

1154 3300 1329 3344 iungenda
1350 3302 1451 3333 erant
1473 3297 1641 3342 particula
1665 3296 1875 3341 copulativa,
1905 3305 1949 3330 ne
1965 3295 2020 3329 le-

1154 3353 1231 3385 ctor
1253 3349 1425 3394 apodosin
1443 3348 1488 3382 ab
1507 3349 1669 3391 inligatus
1682 3347 1847 3381 inchoare
1863 3347 2014 3389 putaret.

1156 3418 1192 3423 —
1216 3401 1383 3442 Apronius
1405 3399 1596 3439 Caesianus]
1619 3405 1713 3431 nunc
1734 3396 1843 3440 patris
1866 3395 2015 3438 legatus,

1150 3451 1275 3493 postea
1317 3448 1490 3484 inferioris
1527 3446 1734 3482 Germaniae
1775 3445 1910 3489 legatus
1949 3453 2016 3489 pro
