2254 3770
286 292 369 337 2¹12
763 294 808 338 Ρ.
840 293 1090 359 CORNELII
1119 295 1290 339 TACITI
1318 295 1588 341 ANNALIUM

287 400 420 444 filium
458 399 645 459 epulanti
679 399 917 444 offerretur.
961 415 1013 446 ea
1050 401 1199 445 fraude
1236 408 1323 445 tum
1365 415 1530 453 senem,
1570 407 1798 461 postquam
1834 401 2075 447 convivium

287 476 455 531 inierat,
492 482 719 534 exceptum
747 475 950 533 poculum
979 478 1119 521 Druso
1155 476 1408 529 tradidisse;
1446 483 1575 535 atque
1605 476 1676 522 illo
1707 477 1854 536 ignaro
1885 483 1927 522 et
1955 477 2076 522 iuve-

285 552 426 597 niliter
454 551 677 596 hauriente
706 557 875 596 auctam
903 553 1200 611 suspitionem,
1239 558 1456 611 tamquam
1492 558 1610 597 metu
1639 559 1682 598 et
1709 553 1876 612 pudore
1907 553 2077 598 sibimet
2131 580 2133 583 .

287 629 499 686 inrogaret
534 634 713 672 mortem
743 641 873 686 quam
912 628 1020 686 patri
1058 635 1282 672 struxerat.
1329 628 1411 685 (Μ)
1441 627 1550 673 haec
1577 628 1706 687 vulgo
1735 629 1903 680 iactata,
1945 641 2077 687 super

254 703 329 747 sid
359 703 477 762 quod
514 703 628 747 nullo
667 709 844 748 auctore
875 710 991 748 certo
1021 703 1258 755 firmantur,
1296 710 1493 762 prompte
1531 704 1793 748 refutaveris.
1834 704 1933 763 quis
1963 704 2077 748 enim

286 780 492 825 mediocri
521 779 759 837 prudentia,
791 780 950 824 nedum
981 779 1173 824 Tiberius
1203 780 1329 823 tantis
1359 779 1489 824 rebus
1513 781 1738 832 exercitus,
1771 779 1960 824 inaudito
1989 778 2076 822 filio

285 856 460 900 exitium
498 855 687 908 offerret,
730 855 861 914 idque
898 869 976 900 sua
1015 870 1143 900 manu
1181 862 1224 900 et
1259 855 1375 899 nullo
1411 855 1466 900 ad
1501 855 1807 914 paenitendum
1843 854 2078 913 regressu?

284 932 387 990 quin
426 931 566 990 potius
605 931 843 975 ministrum
879 932 1033 976 veneni
1073 931 1356 984 excruciaret,
1398 937 1616 976 auctorem
1651 931 1914 990 exquireret,
1953 930 2078 974 insita

283 1006 471 1066 denique
511 1007 638 1051 etiam
674 1008 717 1050 in
757 1013 983 1052 extraneos
1022 1007 1290 1051 cunctatione
1327 1013 1369 1051 et
1405 1020 1527 1051 mora
1563 1007 1794 1051 adversum
1830 1006 2005 1051 unicum
2034 1011 2078 1050 et

233 1095 270 1126 ιο
282 1082 438 1127 nullius
478 1089 576 1127 ante
614 1082 759 1141 flagitii
798 1089 1049 1141 conpertum
1090 1083 1315 1127 uteretur?
1363 1083 1441 1127 sed
1480 1083 1582 1141 quia
1620 1083 1803 1127 Seianus
1841 1082 2076 1126 facinorum

282 1159 472 1203 omnium
500 1165 697 1217 repertor
725 1158 981 1210 habebatur,
1016 1173 1068 1203 ex
1097 1159 1227 1203 nimia
1257 1159 1430 1204 caritate
1460 1160 1503 1203 in
1533 1174 1631 1205 eum
1663 1160 1859 1205 Caesaris
1889 1165 1931 1204 et
1960 1165 2076 1204 cete-

281 1249 428 1279 rorum
456 1235 499 1278 in
529 1241 759 1293 utrumque
780 1234 879 1279 odio
900 1237 1095 1293 quamvis
1125 1235 1318 1280 fabulosa
1345 1241 1387 1280 et
1415 1236 1614 1280 immania
1635 1235 1931 1287 credebantur,
1963 1231 2077 1279 atro-

282 1311 398 1356 ciore
437 1324 610 1369 semper
648 1311 759 1355 fama
797 1324 899 1369 erga
930 1310 1237 1354 dominantium
1266 1311 1416 1355 exitus.
1462 1312 1570 1356 ordo
1605 1311 1765 1370 alioqui
1795 1310 1970 1356 sceleris
1998 1324 2078 1369 per

278 1387 499 1445 Apicatam
529 1387 672 1431 Seiani
702 1386 896 1445 proditus
926 1387 1147 1431 tormentis
1167 1386 1347 1431 Eudemi
1377 1401 1428 1431 ac
1446 1387 1583 1446 Lygdi
1613 1387 1848 1446 patefactus
1879 1392 1957 1432 est.
2001 1400 2078 1430 ne-

230 1475 267 1506 ⁴5
279 1477 366 1521 que
388 1463 619 1521 quisquam
638 1462 820 1520 scriptor
840 1468 923 1506 tam
946 1462 1135 1506 infensus
1152 1463 1284 1506 extitit
1305 1469 1351 1506 ut
1367 1463 1536 1507 Tiberio
1552 1463 1798 1515 obiectaret‚
1822 1476 1920 1507 cum
1936 1463 2078 1507 omnia

279 1538 362 1583 alia
377 1538 681 1597 conquirerent
699 1538 1068 1596 intenderentque.
1101 1538 1202 1581 mihi
1224 1537 1419 1582 tradendi
1434 1539 1731 1597 arguendique
1746 1538 1930 1582 rumoris
1946 1551 2078 1583 causa

278 1613 372 1666 fuit,
411 1620 458 1658 ut
489 1614 603 1659 claro
634 1614 715 1658 sub
747 1613 943 1672 exemplo
973 1613 1100 1658 falsas
1134 1613 1375 1659 auditiones
1406 1614 1667 1672 depellerem
1703 1620 1985 1673 peteremque
2021 1613 2075 1658 ab

278 1690 342 1742 iis,
373 1704 559 1749 quorum
588 1691 630 1734 in
661 1704 812 1734 manus
843 1704 946 1734 cura
975 1696 1121 1734 nostra
1149 1691 1324 1742 venerit,
1356 1705 1406 1733 ne
1426 1689 1641 1748 divulgata
1660 1696 1790 1749 atque
1811 1688 2076 1734 incredibilia

280 1765 405 1811 avide
436 1773 613 1824 accepta
642 1767 754 1810 veris
785 1780 927 1825 neque
959 1766 1002 1809 in
1031 1765 1283 1811 miraculum
1313 1766 1524 1824 corruptis
1555 1765 1849 1810 antehabeant.

229 1856 267 1888 20
393 1841 474 1898 (42)
508 1842 706 1887 Ceterum
735 1842 936 1887 laudante
956 1841 1089 1885 filium
1119 1856 1197 1900 pro
1228 1842 1376 1886 rostris
1397 1842 1566 1886 Tiberio
1597 1847 1771 1885 senatus
1802 1840 2075 1899 populusque

278 1917 468 1964 habitum
493 1933 544 1964 ac
563 1933 693 1964 voces
714 1917 933 1963 dolentum
964 1918 1232 1963 simulatione
1263 1918 1399 1976 magis
1421 1932 1551 1976 quam
1582 1917 1718 1962 libens
1747 1916 1964 1969 induebat,
1996 1915 2074 1961 do-

343 2061 375 2093 t.
401 2061 559 2102 offeretur
580 2060 614 2094 M
632 2077 668 2083 —
695 2068 771 2093 eum
785 2060 819 2093 M
836 2059 917 2102 (tum
932 2059 1085 2100 margo);
1110 2062 1245 2099 captum
1267 2058 1444 2098 Muretus;
1471 2058 1640 2099 deceptum
1663 2058 1840 2090 Heinsius.
1861 2074 1898 2080 -
1924 2056 1956 2089 7.
1977 2057 2077 2097 peni-

276 2117 410 2150 tendwm
432 2117 466 2151 M
491 2133 526 2139 —
554 2116 608 2149 45.
634 2113 710 2149 on‘za
733 2117 767 2150 Μ
793 2133 829 2139 -
855 2116 909 2149 48.
934 2124 975 2148 ne
997 2116 1203 2148 Rhenanus:
1236 2123 1308 2147 om.
1334 2115 1384 2154 M;
1411 2115 1493 2147 ante
1517 2114 1613 2147 avide
1634 2114 1752 2156 posuit
1774 2113 1945 2152 Ritterus;
1978 2111 2075 2145 idem

277 2172 360 2207 olim
383 2174 464 2206 ante
486 2173 576 2206 veris
596 2173 829 2207 inserendum
852 2174 1034 2206 statuerat.
1063 2191 1099 2197 -
1125 2172 1235 2215 atque]
1260 2181 1363 2214 aeque
1386 2173 1514 2205 Haase.
1541 2189 1577 2195 —
1601 2170 1787 2205 incredibili
1809 2179 1863 2214 pr.
1887 2170 1940 2209 Μ;
1964 2169 2075 2203 incre-

276 2230 391 2264 dibilia
414 2229 559 2264 seclusit
582 2230 801 2273 Nipperdey.

1202 2349 1380 2388 ciceronis,
1406 2347 1522 2380 Clodia
1545 2346 1632 2389 Ofili.
1657 2345 1742 2380 Plin.
1764 2346 1852 2389 Epp.
1871 2346 1904 2387 2,
1922 2346 1984 2380 2οε
2013 2346 2075 2380 Ve-

1200 2400 1303 2432 rania
1316 2399 1455 2431 Pisonis.
1481 2396 1533 2430 Cf.
1551 2398 1680 2430 Inscrr.
1700 2397 1789 2429 Latt.
1806 2405 1841 2429 n.
1859 2395 1958 2430 2445.
1973 2396 2072 2430 29⁴⁴.

275 2359 355 2384 rem
377 2350 471 2383 tecte
495 2349 727 2392 significante.
757 2368 792 2374 —
817 2349 1019 2392 iuveniliter]
1047 2348 1149 2383 avide

277 2401 524 2443 celeriterque.

321 2454 374 2486 Η.
398 2452 479 2485 haec
499 2452 600 2494 vulgo
622 2450 765 2494 iactata]
796 2452 832 2485 et
855 2452 989 2486 credita
1012 2453 1147 2493 orosio,

276 2503 337 2546 qui
359 2503 396 2543 7,
422 2501 442 2534 3
477 2501 582 2535 tradit
611 2503 767 2536 Drusum
796 2510 816 2535 a
846 2502 985 2535 Tiberio
1009 2511 1148 2536 veneno

276 2552 500 2586 exstinctum.
525 2552 613 2585 Lnxs.
635 2570 671 2576 —
697 2552 839 2586 exitium
854 2552 998 2595 offerret]
1023 2553 1078 2586 Sic
1096 2553 1150 2586 Ci-

276 2611 360 2637 cero
384 2611 419 2645 p.
437 2602 563 2636 Roscio
585 2604 705 2635 Amer.
724 2602 743 2644 ἓ
761 2602 801 2635 37
819 2603 854 2636 et
869 2601 924 2644 40,
949 2611 1013 2645 pro
1037 2602 1149 2636 Sestio

276 2654 295 2697 5
319 2652 361 2687 48
383 2654 523 2685 mortem
545 2654 675 2694 offerre.
705 2670 739 2676 -
772 2653 816 2685 ad
831 2653 1078 2695 paenitendum]
1104 2653 1149 2686 ad

277 2702 506 2743 mutandum,
527 2703 558 2736 si
571 2703 780 2746 paeniteret.
806 2703 880 2736 Liv.
898 2702 957 2744 24,
975 2703 1037 2736 26;
1064 2704 1151 2744 quod

277 2754 360 2787 adeo
390 2753 583 2795 festinatum
617 2754 663 2786 ad
694 2754 891 2795 supplicium
923 2762 1027 2794 neque
1060 2754 1151 2786 locus

269 2803 462 2846 paenitendi
488 2805 548 2835 aut
568 2812 739 2846 regressus
760 2803 801 2836 ab
824 2803 879 2836 ira
900 2804 1036 2836 relictus
1056 2806 1148 2837 esset.

276 2853 377 2887 Idem
391 2852 452 2894 42,
471 2852 532 2885 43:
558 2862 595 2887 eo
613 2862 850 2895 processuras,
875 2854 961 2886 unde
983 2857 1149 2895 receptum

276 2905 321 2937 ad
343 2904 585 2946 paenitentiam
607 2914 675 2937 non
696 2904 862 2938 haberent.
894 2922 928 2927 —
959 2904 1149 2946 facinorum

275 2955 422 2987 omnium
442 2953 606 2996 repertor]
634 2955 822 2995 sumptum
843 2955 969 2996 putant
993 2963 1036 2987 ex
1058 2954 1148 2987 Ver-

274 3003 345 3046 gilii
364 3005 455 3038 -Aen.
479 3004 517 3044 2,
545 3003 626 3037 ⁴64:
653 3004 877 3045 scelerumque
899 3005 1053 3038 inventor
1078 3004 1148 3037 Uli-

272 3062 352 3095 oees,
377 3053 440 3087 ubi
463 3052 541 3087 cod.
561 3054 685 3087 Graev.
700 3056 863 3094 repertor.
890 3054 1057 3087 Ceterum
1075 3063 1148 3087 om—

272 3105 368 3138 nium
398 3102 534 3147 explica
557 3103 697 3136 «omnis
726 3104 907 3145 generis».
936 3122 971 3127 —
1005 3103 1147 3146 alioqui]

272 3156 480 3197 praeterea,
511 3154 551 3187 ut
581 3154 635 3195 Μ,
661 3154 693 3187 6.
718 3153 803 3186 Hist.
830 3155 867 3194 2,
893 3155 953 3193 27;
986 3156 1149 3197 praeter-

275 3212 383 3246 quam
414 3203 511 3246 quod
540 3211 664 3237 rumor
691 3201 747 3236 ille
779 3211 844 3245 per
869 3212 908 3236 se
932 3203 1147 3237 incredibilis

276 3255 367 3294 erat,
392 3255 539 3297 insuper
562 3254 630 3287 cet.
659 3270 695 3276 -
719 3252 896 3294 Apicatam
918 3253 1041 3295 Seiani]
1070 3254 1145 3288 scil.

272 3311 441 3343 uxorem;
468 3312 560 3346 quae
586 3303 717 3346 ellipsis
740 3301 835 3345 apud
859 3303 982 3344 poetas
1002 3305 1037 3335 et
1053 3304 1147 3347 apud

273 3353 468 3395 scriptores
492 3354 683 3396 argenteae
707 3352 832 3386 aetatis
856 3352 979 3385 usitata
1001 3354 1065 3386 est.
1093 3353 1144 3387 Cf.

271 3403 402 3445 Vergil.
432 3406 521 3437 Aen.
547 3404 587 3445 3,
614 3403 697 3437 3⁴9:
729 3402 879 3436 Hectoris
906 3402 1143 3436 Andromache.

273 3450 361 3486 Plin.
386 3453 426 3487 N.
452 3454 495 3488 H.
520 3453 540 3486 7
564 3453 584 3496 5
611 3453 693 3488 ⁴58:
723 3452 822 3487 Livia
843 3451 962 3493 Rutili,
996 3451 1147 3487 Terentia

1201 2450 1299 2483 5362.
1325 2449 1422 2482 6303.
1453 2448 1538 2481 Post
1559 2447 1676 2480 Seiani
1698 2455 1826 2480 necem
1848 2447 1940 2481 teste
1961 2448 2074 2481 Dione

1201 2501 1260 2540 58,
1287 2500 1322 2532 Μ
1358 2498 1594 2532 condemnata
1625 2497 1771 2540 quidem
1799 2505 1871 2530 non
1901 2498 1975 2538 est,
2008 2496 2075 2530 sed

1201 2550 1241 2592 ἐς
1255 2548 1409 2591 βιβλίον
1425 2546 1617 2595 γράψασα
1631 2548 1715 2596 περὶ
1730 2543 1799 2581 τοῦ
1815 2544 1988 2581 θανάτου
2002 2544 2073 2581 τοῦ

1203 2598 1380 2648 Δρούσου
1411 2596 1510 2632 κατά
1534 2608 1574 2631 τε
1595 2596 1666 2642 τῆς
1687 2595 1893 2641 Λιουίλλης
1914 2593 1985 2640 τῆς
2005 2607 2075 2641 yv-

1201 2647 1336 2692 ναικὸς
1358 2646 1498 2691 αὐτοῦ,
1523 2648 1569 2683 δι’
1594 2643 1712 2696 ἤνπερ
1734 2658 1809 2682 που
1825 2648 1891 2681 καὶ
1906 2642 2005 2691 αὐτὴ
2021 2645 2073 2692 τῷ

1202 2698 1309 2749 ἀνδρὶ
1343 2696 1664 2748 προσεκεκρούκει
1676 2693 1793 2739 ὥστε
1819 2697 1958 2742 μηκέτι
1982 2706 2075 2731 συν-

1202 2753 1322 2785 οικεῖν
1333 2775 1342 2792 ,
1368 2748 1413 2783 τὸ
1431 2749 1504 2794 μὲν
1518 2748 1570 2794 τῷ
1588 2748 1747 2796 Τιβερίῳ
1761 2743 1949 2791 ε.ἐ’π«ε,ιιψ«εν,
1973 2742 2073 2790 αὓτὴ

1201 2801 1242 2836 δὲ
1265 2798 1406 2844 ἑαυτὴν
1429 2798 1673 2848 διεχρήσατο.
1694 2816 1730 2822 -
1750 2799 1855 2841 falsas
1876 2797 2072 2840 auditiones]

1200 2855 1252 2887 De
1276 2851 1479 2886 rumoribus
1503 2851 1589 2884 dixit
1612 2851 1719 2884 etiam
1743 2849 1814 2883 Cic.
1839 2847 1957 2882 Plano.
1974 2847 1994 2890 g
2010 2847 2070 2881 56:

1197 2905 1285 2948 fictis
1307 2902 1546 2937 auditionibus.
1575 2919 1610 2925 —
1636 2899 1735 2943 cura]
1769 2899 1813 2932 de
1836 2898 1945 2939 libro,
1976 2899 2017 2931 ut
2037 2897 2070 2938 3,

1200 2955 1255 2989 24.
1299 2955 1354 2987 Sic
1382 2954 1454 2987 iam
1484 2951 1627 2986 Ovidius
1657 2960 1701 2984 ex
1729 2951 1840 2983 Ponto
1866 2950 1905 2991 2,
1935 2948 1976 2990 4,
2011 2948 2070 2981 ⁴6:

1199 3005 1269 3039 Hoc
1284 3004 1431 3047 pretium
1453 3011 1556 3037 curae
1578 3001 1671 3035 dulce
1691 3001 1831 3035 recentis
1852 3002 1938 3033 erat.

1246 3104 1299 3138 42.
1331 3103 1489 3137 laudante
1518 3101 1628 3144 fllium
1654 3108 1721 3142 pro
1757 3097 1890 3140 rostris]
1933 3098 2070 3131 Seneca

1202 3154 1307 3187 cons.
1343 3151 1388 3186 ad
1411 3153 1518 3187 Mare.
1544 3151 1605 3192 ⁴5,
1630 3149 1669 3183 3:
1707 3147 1852 3182 Tiberius
1885 3146 2010 3181 Caesar
2040 3149 2072 3180 et

1201 3211 1297 3244 quem
1328 3204 1491 3245 genuerat
1518 3204 1549 3234 et
1577 3208 1673 3242 quem
1703 3198 1924 3240 adoptaverat
1945 3196 2069 3238 mnisit,

1199 3253 1267 3294 ipse
1288 3255 1400 3286 tamen
1418 3260 1483 3293 pro
1504 3250 1623 3284 rostris
1635 3248 1787 3282 laudaoet
1798 3247 1906 3290 fllium
1920 3246 2071 3287 stetitque

1198 3304 1234 3336 in
1267 3305 1439 3344 conspeetu
1465 3301 1575 3343 posito
1609 3307 1764 3341 corpore,
1799 3297 1969 3330 interiecto
1991 3299 2071 3330 tan-

1198 3353 1364 3387 tummodo
1394 3353 1594 3392 velamento,
1625 3350 1713 3392 quod
1730 3348 1894 3391 pontificis
1915 3347 2026 3380 oculos
2045 3354 2069 3379 a

1195 3403 1311 3445 funere
1333 3405 1461 3435 arceret
1483 3405 1514 3435 et
1537 3401 1634 3444 flente
1651 3398 1774 3441 populo
1795 3405 1862 3431 non
1881 3397 1980 3440 {texit
1998 3394 2069 3429 eol·

1196 3456 1287 3487 tum:
1317 3451 1554 3494 experiendum
1582 3458 1616 3486 se
1645 3449 1734 3485 dedit
1761 3448 1881 3484 Seiano
1911 3448 1957 3482 ad
1979 3447 2069 3482 lam
