2254 3770
758 289 912 334 LIBER
940 288 1028 331 XII.
1074 287 1175 345 Cap.
1206 288 1273 332 26.
1304 288 1371 332 27.
1889 282 1963 327 36⁴

185 414 339 459 expers
371 397 689 442 misericordiae
719 395 805 446 fuit,
838 395 966 453 quem
997 407 1082 437 non
1112 394 1339 438 Britannici
1366 394 1530 438 fortuna
1553 406 1748 437 maerore
1770 391 1971 435 afficeret.

184 474 401 519 desolatus
430 472 632 531 paulatim
663 472 791 515 etiam
821 469 1048 514 servilibus
1078 468 1320 513 ministeriis
1352 469 1728 527 perintempestiva
1758 480 1971 511 novercae

184 549 320 594 officia
354 549 392 591 in
426 547 606 591 ludibria
628 547 839 596 vertebat,
874 543 1120 601 intellegens
1148 543 1253 587 salsi.
1287 558 1428 601 neque
1450 544 1564 588 enim
1583 557 1759 601 segnem
1781 542 1820 586 ei
1840 541 1972 584 fuisse

183 624 369 669 indolem
397 623 552 673 ferunt,
595 623 685 665 sive
715 635 884 671 verum,
925 634 1002 662 seu
1034 618 1237 677 periculis
1269 619 1590 663 commendatus
1619 618 1791 662 retinuit
1819 617 1970 659 famam

183 700 274 744 sine
304 698 609 757 experimento.
663 696 743 751 (27)
776 695 851 739 sed
885 694 1114 752 Agrippina
1143 708 1230 752 quo
1261 695 1346 737 vim
1380 708 1502 737 suam
1533 693 1662 737 sociis
1692 705 1867 752 quoque
1897 701 2003 735 na-5

182 774 368 819 tionibus
399 778 649 823 ostentaret,
683 771 724 813 in
754 769 962 828 oppidum
987 769 1210 820 Ubiorum,
1245 770 1285 811 in
1316 783 1402 827 quo
1433 769 1574 827 genita
1604 775 1714 819 erat,
1747 774 1973 811 veteranos

184 850 483 906 coloniamque
513 846 669 891 deduci
700 846 918 903 impetrat3
951 845 1020 888 cui
1050 858 1206 888 nomen
1237 843 1416 887 inditum
1447 859 1471 888 e
1502 843 1713 889 vocabulo
1744 843 1891 901 ipsiuS.
1923 856 1974 886 ac

183 925 289 968 forte
320 923 535 968 acciderat
564 927 610 964 ut
639 935 733 965 eam
754 926 925 979 gentem
945 919 1092 964 Rheno
1113 926 1426 977 transgressam
1449 934 1554 963 avus
1576 919 1761 978 Agrippa
1781 919 1822 961 in
1844 917 1972 961 fidem

184 999 412 1057 acciperet.

295 1074 438 1117 Isdem
467 1072 732 1130 temporibus
764 1071 806 1113 in
837 1071 1061 1128 superiore
1093 1071 1319 1114 Germania
1351 1069 1609 1128 trepidatum
1639 1069 1823 1113 adventu
1847 1068 2022 1113 Chat-⁴0

183 1158 320 1194 torum
358 1149 577 1193 latrocinia
614 1146 873 1205 agitantium.
918 1145 1064 1203 deligit
1102 1145 1361 1204 Pomponius
1401 1144 1564 1202 legatus
1602 1144 1829 1188 auxiliares
1864 1145 1973 1187 Van-

251 1310 281 1340 i.
308 1306 478 1339 brittanici
501 1306 533 1339 M
560 1324 595 1329 —
626 1306 763 1347 fortuna
785 1314 937 1337 maerore
959 1305 1159 1337 Ernestius:
1192 1305 1348 1346 fortunae
1370 1313 1481 1336 meror
1504 1304 1536 1337 M
1563 1320 1597 1326 —
1625 1303 1774 1344 affigeret
1796 1310 1850 1344 pr.
1876 1303 1906 1333 M
1934 1319 1969 1325 —-

181 1367 212 1397 2.
236 1363 527 1405 perintempestiva
549 1362 738 1403 Kiessling:
765 1371 830 1403 per
851 1351 1082 1402 intempestiua
1105 1362 1156 1399 M;
1182 1361 1411 1401 intempestiva
1434 1359 1502 1392 alii.
1531 1378 1565 1384 —
1591 1360 1623 1393 3.
1641 1359 1787 1391 ludibria
1807 1359 1858 1391 M:
1883 1358 1973 1389 ludi-

170 1419 290 1453 'brium
311 1418 527 1462 Nipperdey.
553 1436 588 1441 —-
615 1419 646 1450 6.
670 1418 726 1450 ubi
748 1419 860 1450 Iorum
884 1418 915 1450 M
934 1436 970 1441 —
997 1418 1028 1449 7.
1053 1418 1208 1457 impetrat
1231 1417 1280 1449 M:
1307 1416 1451 1456 imperat
1473 1416 1620 1457 Lipsius.
1643 1433 1678 1439 -
1704 1415 1737 1447 8.
1763 1418 1973 1455 transgressa

182 1479 215 1511 M
241 1495 277 1503 —
302 1478 333 1510 9.
358 1476 521 1517 acceperit
543 1474 711 1508 Halmius.
741 1493 775 1498 —
802 1476 855 1507 40.
881 1476 1023 1507 aduectu
1044 1475 1231 1507 catthorum
1253 1475 1286 1507 Μ
1305 1492 1341 1497 -
1369 1474 1420 1505 Η.
1440 1473 1552 1514 detiyit
1567 1473 1737 1506 Ritterus:
1764 1471 1838 1503 dein
1863 1471 1899 1504 .l.
1917 1471 1969 1508 M;

187 1535 261 1567 dein
283 1535 295 1566 t
299 1558 364 1567 .....
389 1532 604 1576 Nipperdey.

185 1678 250 1711 καὶ
272 1675 340 1710 τὸν
362 1675 575 1716 Σωσίβιον,
607 1668 638 1719 ᾦ
671 1671 697 1719 η’
729 1685 771 1708 τε
792 1673 919 1722 τροφὴ
943 1676 1008 1709 καὶ
1031 1673 1055 1719 ἡ

186 1726 336 1761 παιδεία
351 1723 470 1760 αὐτοῦ
488 1726 780 1772 προσετέτακτο,
801 1723 1052 1767 κατέσφαξεν,

185 1774 238 1819 ὦς
272 1778 337 1810 καὶ
371 1775 421 1820 τῷ
451 1777 595 1820 Νέρωνι
626 1774 943 1816 ἐπιβουλεύοντα·
979 1772 1054 1808 κάκ

186 1825 325 1861 τούτου
349 1825 576 1873 παραδοῦσα
598 1823 717 1859 αὐτὸν
738 1821 798 1867 οἷς
813 1821 950 1869 ἢθελεν
965 1824 1055 1858 ἑκά-

186 1880 258 1912 κού
294 1873 390 1911 ὅσον
424 1874 601 1916 ἐδύνατο,
636 1878 701 1909 καὶ
736 1872 825 1910 οὔτε
858 1875 910 1920 τῷ
941 1877 1053 1923 πατρὶ

187 1933 357 1963 συνεῖναι
391 1924 480 1962 οὔτε
514 1927 554 1969 ἐς
586 1925 631 1960 τὸ
660 1925 851 1971 δημόσιον
882 1928 1054 1975 προϊέναι

186 1978 263 2019 εἴα,
288 1975 368 2011 ἀλλ’
392 1978 433 2011 ἐν
455 1974 610 2021 ἀδέσμῳ
633 1976 776 2023 τρόπον
796 1975 881 2011 τινὰ
898 1976 1052 2023 φυλακῇ

185 2026 298 2068 εἶχεν.
323 2030 476 2061 Zonaras
492 2037 526 2069 p.
545 2029 622 2060 565:
655 2025 731 2060 Τὸν
746 2026 786 2061 δὲ
801 2025 1053 2074 Βρεττανικὸν

185 2080 323 2120 συχνοὶ
345 2078 416 2122 μὲν
440 2075 517 2112 οὔδ’
540 2079 576 2111 εἰ
593 2075 658 2121 ἔζη
675 2079 895 2122 ἐγίνωσκον,
921 2079 962 2111 οἱ
975 2078 1054 2111 λοι-

185 2131 250 2163 ποὶ
273 2129 313 2163 δὲ
337 2127 568 2176 παραπλῆγα
590 2130 655 2161 καὶ
678 2128 904 2172 ἐπίληπτον,
934 2128 1054 2162 ταῦτα

185 2177 449 2228 κηρυττούσης
471 2178 541 2222 τῆς
568 2176 828 2226 Ἆγριππίνας,
852 2177 986 2224 ᾤοντο.
1014 2198 1049 2203 -

183 2231 475 2273 perintempestiva
509 2230 621 2271 officia
646 2248 664 2253 -
677 2248 695 2253 -
722 2231 759 2262 in
781 2231 929 2263 ludibria
951 2233 1056 2262 verte-

186 2281 251 2322 bat]
282 2280 485 2313 Waltherus
515 2279 679 2312 codicum
710 2280 920 2322 scripturam
945 2278 1056 2322 expli-

188 2331 276 2370 cuit,
301 2339 338 2362 er
351 2330 468 2362 wurde
485 2338 564 2361 zum
580 2329 728 2369 Gespott:
756 2331 886 2372 quippe
903 2329 1053 2362 verbum

186 2379 333 2412 vertebat
361 2381 484 2412 neutra
517 2379 790 2420 significatione,
822 2382 861 2412 ut
893 2380 929 2418 6,
954 2379 996 2412 46
1021 2380 1081 2411 eti

188 2428 270 2462 alibi
287 2454 294 2467 ‚
321 2429 519 2471 praeditum
542 2430 652 2470 putat.
679 2429 747 2461 Sed
764 2430 917 2471 primum
935 2430 1057 2461 miser-

189 2479 298 2511 rimus
330 2487 419 2519 puer
448 2487 491 2510 εο
522 2478 615 2520 quod
648 2479 848 2511 ministeriis
877 2477 1055 2511 desolatus

189 2530 244 2561 est
267 2529 300 2560 in
324 2527 475 2560 ludibria
499 2527 594 2560 haud
619 2528 796 2568 vertebat,
822 2529 931 2560 immo
955 2537 1055 2560 mae—

188 2579 277 2611 roris
312 2580 347 2610 et
381 2577 644 2610 misericordiae
679 2586 783 2610 causa
815 2578 942 2617 extitit,
979 2580 1054 2609 tum

190 2636 274 2660 vero
308 2637 378 2660 non
411 2627 557 2659 ludibria
587 2627 649 2660 sed
681 2628 861 2659 ludibrium
883 2628 1054 2668 scriptum

189 2677 358 2719 oportuit:
393 2685 474 2709 nam
504 2677 537 2709 in
562 2677 682 2710 verbis
705 2678 737 2715 6,
762 2676 804 2709 46
833 2685 874 2708 ne
895 2677 1057 2709 memoria

187 2728 342 2769 Augusti,
374 2735 415 2759 ne
443 2735 561 2759 nomen
596 2727 779 2760 Caesarum
800 2729 836 2760 in
857 2726 1005 2759 ludibria
1026 2729 1057 2759 et

188 2777 402 2809 contumelias
422 2779 602 2817 verterent,
632 2785 801 2809 numerus
826 2776 1056 2809 multitudinis

189 2827 234 2859 de
258 2826 396 2859 duabus
418 2826 527 2860 rebus
550 2828 684 2869 positus
707 2829 803 2859 recte
820 2836 859 2860 se
877 2826 995 2866 habet,
1020 2826 1054 2858 in

190 2877 244 2909 his
266 2877 311 2908 de
328 2876 457 2917 quibus
480 2876 658 2918 loquimur
681 2877 774 2909 haud
799 2877 956 2919 perinde.
983 2877 1057 2908 Per-

189 2927 417 2966 intempestiva
447 2934 536 2958 nove
567 2926 632 2959 sed
655 2929 752 2959 recte
777 2927 928 2965 dictum,
961 2928 999 2957 ut
1022 2926 1054 2965 4,

193 2977 232 3008 42
249 2976 466 3016 peridoneus,
491 2977 545 3015 ⁴5,
562 2976 604 3009 45
627 2977 845 3017 per-simplex,
872 2977 903 3014 4,
921 2977 962 3007 65
980 2984 1058 3016 per-

190 3026 316 3067 viqites.
353 3025 473 3067 Officia
495 3025 550 3058 illa
574 3027 864 3066 perintempestiva
886 3034 969 3057 vere
994 3034 1057 3056 vo-

193 3076 335 3114 cantur,
371 3074 530 3115 graviore
564 3084 652 3108 voce
682 3075 878 3116 prudenter
906 3074 1054 3112 delecta,

193 3123 289 3165 quod
323 3125 483 3157 Caesaris
517 3126 642 3156 coniux
677 3127 713 3157 et
743 3124 886 3156 maximi
920 3124 1057 3164 imperii

193 3183 340 3207 consors
363 3174 438 3215 ipsa
462 3182 567 3215 agere
592 3176 716 3206 conata
742 3176 797 3206 est
820 3182 910 3214 quae
935 3182 1058 3205 servo-

193 3232 271 3256 rum
289 3225 374 3255 erat.
401 3225 620 3256 Britannicus
643 3226 762 3256 autem
781 3224 870 3256 haec
887 3223 998 3255 officia
1022 3225 1060 3256 in

193 3274 338 3306 ludibria
370 3275 533 3314 vertebat,
569 3274 653 3306 dum
690 3283 730 3306 ea
765 3276 823 3305 aut
857 3273 1059 3306 remittebat

195 3332 368 3356 novercae
393 3327 453 3356 aut
475 3324 634 3357 simulata
659 3325 766 3365 gratia
790 3322 856 3355 sibi
887 3323 1059 3365 praestari

195 3373 403 3415 patiebatur.
441 3376 572 3407 Βιττειι.
601 3392 635 3397 -
669 3374 815 3415 seynem]
849 3373 987 3406 hebetis
1017 3382 1058 3405 ac

197 3424 284 3456 tardi
310 3424 447 3464 ingenii.
475 3442 511 3448 -
537 3423 683 3471 retinuit]
709 3423 790 3456 inde
814 3433 833 3456 a
857 3432 920 3456 sua
943 3425 1058 3457 aetate
1082 3452 1085 3459 .

1104 1685 1218 1717 usque
1235 1675 1280 1707 ad
1295 1676 1437 1716 tempus
1449 1699 1456 1712 ,
1482 1682 1552 1715 quo
1569 1673 1708 1705 Tacitus
1723 1672 1864 1713 scripsit
1878 1673 1973 1704 hunc

1104 1725 1288 1759 Annalium
1312 1725 1457 1764 librum,
1483 1724 1578 1765 apud
1601 1725 1775 1765 post-eros.
1800 1723 1904 1755 BAcu.
1934 1740 1969 1746 -

1102 1777 1171 1808 sine
1194 1774 1436 1816 emperimento]
1465 1774 1545 1815 quia
1570 1774 1604 1806 in
1627 1772 1683 1805 illa
1706 1770 1861 1819 φυλακῇ
1885 1767 1972 1804 ἀδέ-

1103 1836 1189 1870 σμῳ
1222 1824 1375 1857 indolem
1405 1832 1507 1856 suam
1535 1823 1781 1857 demonstrare
1809 1832 1878 1855 non
1906 1831 1970 1864 po-

1104 1878 1205 1908 terat.

1147 1934 1200 1964 27.
1225 1936 1399 1965 veteranos
1413 1931 1652 1973 coloniamque]
1677 1930 1711 1963 id
1728 1931 1782 1962 est
1798 1929 1968 1962 coloniam

1102 1984 1372 2018 veteranorum,
1399 1977 1439 2013 ἓν
1462 1979 1524 2013 διὰ
1540 1979 1658 2014 δυοῖν.
1680 1999 1714 2003 -
1742 1990 1858 2012 nomen
1881 1980 1970 2011 indi-

1102 2035 1171 2064 tum
1186 2041 1204 2064 e
1219 2032 1377 2064 vocabulo
1393 2031 1506 2073 ipsius]
1526 2030 1668 2063 Colonia
1686 2029 1828 2063 Claudia
1846 2030 1972 2071 Agrip-

1103 2083 1300 2124 pinensium
1328 2081 1442 2121 (Grut.
1467 2090 1502 2123 p.
1529 2080 1608 2120 436)
1640 2088 1669 2112 s.
1694 2080 1969 2122 Agrippinensis,

1103 2142 1132 2165 s.
1151 2133 1339 2173 Agrippina
1362 2132 1396 2163 in
1414 2131 1594 2163 ltinerario
1611 2131 1787 2163 Antonini.
1810 2147 1844 2152 —
1866 2130 1972 2160 Rheno

1077 2176 1080 2185 ’
1103 2186 1345 2223 transgressam
1368 2190 1451 2213 avus
1465 2181 1616 2222 Agrippa
1638 2181 1674 2212 in
1686 2181 1783 2222 fidem
1799 2179 1972 2219 acciperet]

1104 2232 1229 2265 Strabo
1259 2233 1297 2270 h»,
1328 2231 1361 2270 3,
1392 2231 1412 2264 4
1442 2240 1475 2273 p.
1502 2231 1583 2264 ⁴94:
1621 2231 1739 2276 πέραν
1772 2228 1812 2262 δὲ
1845 2224 1973 2271 ᾤ’κουν

1105 2277 1260 2322 Οὕβιοι,
1285 2278 1383 2314 κατὰ
1407 2279 1545 2314 τοῦτον
1564 2277 1631 2313 τὸν
1646 2278 1788 2319 τόπον,
1814 2276 1883 2319 οὓς
1905 2288 1974 2321 με·

1104 2331 1267 2376 τήγαγεν
1284 2328 1485 2378 Ἀγρίππας
1507 2329 1667 2372 ἑκόντας
1690 2331 1744 2372 εἰς
1770 2327 1840 2373 τὴν
1866 2326 1974 2370 ἐντὸς

1104 2381 1172 2416 τοῦ
1202 2379 1349 2425 Ῥήνου.
1396 2383 1514 2414 Germ.
1551 2382 1611 2414 28:
1646 2391 1687 2414 ne
1724 2381 1794 2412 Ubii
1828 2381 1971 2420 quidem,

1104 2441 1311 2475 quamquam
1335 2433 1484 2464 Roma-na
1507 2432 1637 2464 colonia
1659 2439 1725 2462 esse
1739 2430 1919 2462 meruerint
1935 2438 1975 2461 ac

1103 2483 1255 2515 libentius
1275 2482 1528 2523 Ayrippinenses
1554 2482 1733 2513 conditoris
1762 2481 1813 2511 sui
1843 2480 1975 2511 nomine

1106 2533 1225 2574 (quem
1256 2540 1415 2564 errorem
1445 2531 1480 2563 h.
1507 2530 1528 2563 l.
1555 2531 1708 2563 correxit
1741 2530 1888 2569 Tacitus)
1912 2538 1974 2560 υο-

1104 2585 1238 2621 centur,
1270 2581 1398 2622 origine
1427 2581 1640 2620 erubescunt,
1675 2580 1872 2621 transqressi
1896 2579 1974 2610 olim

1104 2636 1135 2665 et
1157 2633 1381 2673 experimento
1402 2632 1477 2673 fidei
1501 2640 1600 2672 super
1620 2632 1727 2671 ipsam
1746 2630 1844 2662 Rheni
1863 2630 1974 2669 ripam

1104 2682 1274 2720 collocati,
1305 2685 1342 2712 ut
1366 2685 1539 2721 arcerent,
1570 2690 1636 2712 non
1658 2683 1696 2712 ut
1719 2680 1972 2712 custodirentur.

1105 2733 1249 2764 Factum
1272 2731 1308 2763 id
1329 2731 1469 2763 videtur
1490 2739 1522 2762 a.
1541 2740 1574 2762 ιι.
1593 2731 1668 2762 746.
1696 2730 1748 2763 Cf.
1767 2730 1830 2762 Dio
1847 2728 1900 2766 48,
1919 2727 1972 2760 49.

1107 2800 1142 2805 —
1170 2782 1382 2823 Chattorum]
1415 2781 1463 2813 Cf.
1493 2782 1526 2819 t,
1551 2781 1607 2813 56.
1637 2799 1671 2804 —
1703 2780 1817 2821 deligit
1838 2780 1975 2818 Pompo-

1104 2833 1180 2864 nius
1202 2831 1285 2873 εει]
1318 2830 1474 2863 Verbum
1507 2830 1603 2872 quod
1638 2830 1762 2862 deerat
1785 2839 1825 2861 ex
1851 2836 1975 2860 corru-

1105 2884 1186 2924 ptae
1210 2883 1404 2923 scripturae
1431 2881 1583 2922 vestigiis
1601 2881 1676 2912 dein
1694 2881 1727 2913 .l.
1747 2879 1864 2912 elicui:
1892 2886 1972 2911 nam

1104 2932 1175 2963 vitii
1200 2931 1305 2963 sedes
1330 2931 1363 2963 in
1389 2931 1442 2963 his
1460 2930 1662 2972 quaerenda
1689 2932 1761 2969 est,
1788 2938 1867 2961 cum
1884 2930 1976 2960 Pom-

1101 2981 1223 3022 ponius
1246 2980 1474 3021 praenomine
1491 2982 1638 3012 vocatus
1659 2980 1703 3012 sit
1717 2979 1849 3012 Publius
1866 2979 1908 3017 (ὅ,
1927 2978 1972 3017 8),

1107 3039 1175 3063 non
1206 3030 1344 3062 Lucius:
1379 3031 1415 3061 et
1443 3030 1478 3062 in
1510 3030 1654 3062 homine
1681 3030 1749 3061 iam
1774 3028 1915 3069 saepius
1938 3028 1972 3059 in

1106 3081 1160 3112 his
1175 3079 1366 3112 Annalibus
1391 3081 1588 3111 memorato
1606 3087 1716 3111 unum
1737 3087 1865 3110 nomen
1889 3077 1974 3109 satis

1107 3131 1193 3162 erat.
1221 3129 1284 3160 Cui
1306 3130 1357 3161 rei
1375 3128 1500 3161 delecti
1525 3129 1594 3161 sint
1610 3127 1813 3166 auxiliares,
1838 3127 1974 3159 indica-

1108 3181 1182 3210 tum
1206 3181 1260 3211 est
1282 3178 1401 3211 verbis
1423 3180 1564 3212 monitos
1586 3182 1624 3210 ut
1647 3178 1808 3210 anteirent
1828 3177 1973 3216 popula—

1107 3231 1194 3259 tores
1222 3229 1289 3260 cet.
1328 3227 1424 3260 Idem
1457 3227 1537 3260 alibi
1568 3227 1683 3260 dativo
1713 3225 1768 3258 vel
1792 3226 1974 3267 praeposi-

1108 3278 1201 3309 tione
1225 3286 1306 3310 cum
1331 3278 1531 3310 accusativo
1554 3277 1786 3317 significatum
1811 3284 1844 3307 ν.
1866 3276 1899 3315 4,
1916 3274 1970 3308 64.

1108 3328 1140 3364 5,
1158 3326 1190 3359 4.
1216 3327 1247 3365 6,
1266 3327 1318 3359 32.
1343 3326 1505 3368 Plerique
1530 3327 1673 3358 auctore
1697 3323 1886 3357 Puteolano
1899 3334 1973 3357 mo-

1107 3377 1181 3408 nuit
1195 3376 1372 3409 scribunt:
1399 3377 1464 3409 sed
1481 3378 1531 3408 sic
1547 3378 1582 3407 et
1598 3376 1672 3407 dein
1688 3373 1777 3406 male
1794 3373 1970 3407 adiectum

1109 3427 1181 3467 est,
1206 3429 1242 3460 et
1262 3428 1475 3469 Pomponius
1498 3425 1584 3458 falso
1611 3425 1839 3467 praenomine
1863 3434 1970 3457 voca-
