2254 3770
306 268 389 312 ’1-’16

780 271 826 315 Ρ.
858 269 1109 315 CORNELII
1138 270 1309 315 TACITI
1337 271 1607 318 ANNALIUM

307 376 479 436 oblique
511 376 807 421 Germanicum
837 377 1149 435 perstringens,
1193 377 1310 436 quod
1351 385 1498 423 contra
1528 379 1662 425 decus
1692 381 1867 426 Romani
1910 381 2094 426 nominis

307 466 390 497 non
420 452 700 497 Athenienses
738 458 800 496 tot
836 451 1029 496 cladibus
1068 453 1297 506 extinctos,
1338 455 1415 499 sed
1446 455 1687 500 conluviem
1723 456 1839 501 illam
1875 458 2094 502 nationum

306 528 503 573 comitate
544 529 670 571 nimia
707 527 929 571 coluisset:
975 527 1054 572 hos
1091 528 1205 572 enim
1243 543 1342 574 esse
1381 529 1630 575 Mithridatis
1672 532 1881 577 adversus
1919 532 2090 586 Sullam,

304 604 470 648 Antonii
501 603 708 648 adversus
738 602 881 646 divum
904 604 1140 661 Augustum
1170 604 1324 648 socios.
1375 605 1501 649 etiam
1522 613 1666 651 vetera
1687 607 1946 660 oblectabat,
1980 623 2092 667 quae

273 679 348 723 sin
367 679 624 724 Macedones
656 679 924 737 inprospere,
956 678 1165 723 violenter
1194 680 1236 723 in
1267 694 1370 724 suos
1398 680 1616 734 fecissent,
1649 682 1839 728 offensus
1868 684 1965 729 urbi
1991 698 2094 743 pro-

302 755 396 813 pria
416 769 591 813 quoque
621 754 701 805 ira,
734 754 836 812 quia
867 753 1148 812 Theophilum
1177 756 1394 814 quendam
1415 758 1525 801 Areo
1553 757 1712 802 iudicio
1732 759 1825 803 falsi
1846 760 2093 804 damnatum

303 830 506 889 precibus
537 830 625 874 suis
655 844 742 874 non
772 829 1071 874 concederent.
1124 831 1236 874 exim
1266 832 1535 889 navigatione
1565 833 1694 878 celeri
1715 849 1796 893 per
1816 835 2029 895 Cycladas
2049 842 2093 880 et

304 905 558 964 compendia
588 906 718 950 maris
752 905 1004 964 adsequitur
1034 905 1334 951 Germanicum
1372 914 1475 966 aput
1512 908 1695 953 insulam
1724 909 1937 963 Rhodum,
1979 910 2094 955 haud

301 982 495 1026 nescium
516 981 674 1039 quibus
694 980 1044 1025 insectationibus
1064 981 1221 1039 petitus
1242 982 1366 1027 foret:
1399 982 1477 1027 sed
1498 989 1611 1028 tanta
1642 986 1969 1030 mansuetudine
1992 1000 2094 1044 age-

253 1071 290 1101 40
302 1058 374 1103 bat
402 1064 465 1108 ut,
498 1072 596 1102 cum
626 1064 719 1102 orta
746 1062 980 1115 tempestas
1009 1063 1182 1114 raperet
1200 1058 1242 1100 in
1263 1058 1444 1117 abrupta
1464 1066 1699 1118 possetque
1719 1060 1913 1106 interitus
1935 1062 2092 1106 inimici

302 1134 357 1179 ad
387 1148 534 1179 casum
558 1133 725 1185 referri,
759 1133 923 1177 miserit
943 1132 1126 1176 triremis
1147 1147 1329 1192 quarum
1351 1134 1545 1179 subsidio
1566 1135 1798 1179 discrimini
1821 1137 2092 1182 eximeretur.

299 1224 443 1269 neque
471 1217 614 1255 tamen
643 1209 858 1267 mitigatus
886 1208 984 1252 Piso
1016 1215 1058 1252 et
1087 1208 1157 1253 vix
1184 1208 1270 1253 diei
1298 1223 1461 1254 moram
1487 1223 1724 1268 perpessus
1746 1211 1896 1270 linquit
1916 1212 2093 1257 Germa—

298 1287 442 1331 nicum
470 1285 793 1344 praevenitque.
843 1290 886 1329 et
913 1290 1141 1342 postquam
1169 1284 1339 1343 Syriam
1368 1299 1419 1329 ac
1447 1284 1639 1343 legiones
1669 1287 1822 1345 attigit,
1853 1287 2089 1346 largitione,

301 1362 478 1414 ambitu,
510 1361 679 1405 infimos
701 1359 1028 1418 manipularium
1047 1359 1252 1412 iuvando,
1276 1374 1374 1405 cum
1396 1367 1565 1405 veteres
1587 1362 1880 1414 centuriones,
1913 1377 2092 1408 severos

251 1438 494 1483 istribunos
524 1438 774 1481 demoveret
804 1436 986 1494 locaque
1017 1449 1169 1480 eorum
1201 1435 1427 1480 clientibus
1459 1436 1548 1479 suis
1579 1436 1646 1481 vel
1678 1436 1909 1482 deterrimo
1930 1439 2089 1498 cuique

298 1514 568 1566 attribueret,
610 1512 822 1558 desidiam
851 1512 895 1555 in
924 1511 1093 1563 castris,
1133 1510 1348 1556 licentiam
1386 1511 1429 1555 in
1457 1511 1658 1565 urbibus,
1696 1527 1853 1571 vagum
1883 1527 1935 1559 ac
1962 1514 2094 1560 lasci-

295 1582 484 1636 vientem
511 1603 591 1648 per
620 1602 748 1647 agros
777 1588 954 1632 militem
981 1587 1158 1637 sineret,
1191 1601 1245 1631 eo
1274 1601 1415 1645 usque
1444 1588 1730 1646 corruptionis
1759 1595 1989 1646 provectus
2021 1597 2088 1635 est

295 1673 344 1710 ut
372 1679 573 1710 sermone
601 1664 716 1722 vulgi
746 1677 903 1722 parens
932 1662 1149 1721 legionum
1179 1661 1422 1707 haberetur.
1469 1677 1549 1708 nec
1569 1663 1769 1708 Plancina
1796 1678 1844 1709 se
1874 1665 1982 1709 intra
2013 1665 2092 1710 de-

296 1755 399 1787 cora
426 1741 594 1786 feminis
623 1739 812 1791 tenebat,
845 1738 922 1783 sed
951 1738 1154 1783 exercitio
1175 1738 1390 1796 equitum,
1422 1737 1679 1783 decursibus
1700 1739 1940 1785 cohortium
1961 1740 2092 1786 inter-

246 1830 284 1863 20
296 1832 412 1871 esse,
436 1818 479 1862 in
498 1816 790 1875 Agrippinam,
814 1816 857 1858 in
879 1814 1179 1859 Germanicum
1197 1813 1476 1859 contumelias
1497 1815 1656 1867 iacere,
1681 1814 1942 1873 quibusdam
1958 1817 2088 1863 etiam

361 1953 396 1986 2.
419 1951 572 1985 conluuie
591 1950 721 1983 milium
742 1949 777 1983 M
802 1966 839 1972 --
864 1949 897 1982 ὅ.
921 1948 957 1981 in
978 1956 1037 1981 suo
1059 1948 1093 1982 M
1116 1948 1162 1990 (in
1183 1956 1259 1981 suos
1280 1946 1420 1990 margo)
1446 1965 1483 1971 -
1508 1947 1540 1981 7.
1558 1947 1738 1989 praecibus
1758 1950 1805 1983 M.

296 2067 406 2100 noan.
433 2082 468 2089 —
495 2062 633 2105 oblique]
658 2062 776 2104 ipsum
799 2060 945 2103 quidem
969 2061 1169 2094 Germanici

296 2118 429 2150 nomen
462 2123 534 2148 non
567 2112 766 2156 proferens.
813 2112 870 2144 Sic
893 2112 932 2153 5,
960 2112 1001 2144 2:
1037 2112 1170 2154 Fufium

295 2166 460 2200 consulem
490 2163 617 2205 oblique
641 2163 879 2204 perstringens.
915 2179 951 2185 --
986 2161 1170 2194 conluviem

293 2217 390 2251 illam
403 2213 588 2256 nationum]
606 2213 718 2246 Nimis
733 2211 852 2245 faciles
869 2211 963 2244 enim
980 2211 1171 2261 Athenien-

296 2277 355 2302 ses
373 2265 581 2300 iamdudum
597 2264 736 2298 fuerant
750 2264 787 2296 in
802 2262 920 2295 danda
934 2262 1168 2296 vendendave

296 2317 500 2360 alienigenis
529 2315 687 2355 civitate,
724 2314 966 2356 conquerente
995 2314 1066 2346 iam
1095 2313 1169 2346 De-

296 2369 485 2402 mosthene
521 2366 605 2413 περὶ
640 2361 855 2407 συντάξεως
886 2363 991 2406 ἓ24ε
1028 2361 1097 2397 νῦν
1120 2361 1166 2404 δ’,

297 2412 329 2451 ὦ
351 2414 486 2465 ἄνδρες
500 2412 706 2460 Ἀθηναῖοι,
731 2412 909 2462 φθόρους
923 2409 1165 2461 ἀνθρώπους,

298 2468 526 2517 οἰκοτρίβων
550 2465 791 2514 οἰκότριβας,
815 2462 931 2509 τιμὴν
954 2461 1084 2512 ὥσπερ
1099 2460 1168 2496 ἄλ-

296 2519 366 2554 λου
382 2529 450 2553 του
466 2517 542 2552 τῶν
557 2514 681 2551 ὠνίων
696 2513 976 2560 λαμβάνοντες,
994 2514 1169 2548 ποιεῖσθε

298 2570 467 2612 πολίτας.
519 2568 761 2609 Quamobrem
801 2567 979 2608 Augustus
1016 2561 1168 2609 ἀπηγό-

296 2631 410 2671 ρευσε
447 2620 562 2661 σφίσι
598 2616 747 2662 μηδένα
783 2615 944 2659 πολίτην
984 2612 1166 2663 ἀργυρίου

298 2671 508 2707 ποιεῖσθαι.
533 2671 597 2703 Dio
613 2670 674 2711 54,
699 2670 732 2702 7.
753 2686 789 2692 —-
814 2668 872 2700 hos
893 2667 981 2707 enim
1002 2676 1068 2700 esse
1085 2668 1167 2710 cet.]

297 2726 396 2759 Hanc
412 2724 475 2757 Cn.
492 2722 628 2756 Pisonis
645 2719 928 2754 criminationem
943 2717 1071 2751 refutat
1085 2717 1169 2751 Vel-

296 2775 385 2809 leius
408 2774 545 2808 Patere.
570 2774 608 2814 2,
633 2771 694 2805 23:
729 2771 767 2804 Si
798 2770 872 2810 quis
899 2769 959 2801 hoc
987 2768 1169 2802 rebellandi

297 2831 441 2869 tempus,
464 2834 528 2866 quo
543 2824 688 2857 Athenae
703 2824 917 2863 oppugnatae
931 2829 954 2852 a
969 2819 1065 2852 Sulla
1079 2823 1167 2861 sunt,

295 2879 439 2920 imputat
458 2873 722 2914 Atheniensibus,
746 2872 907 2905 nimirum
927 2871 1000 2904 veri
1020 2873 1169 2904 vetusta,

294 2929 401 2972 cisque
421 2928 563 2970 iqnarus
584 2928 630 2958 est
636 2933 648 2965 ;
673 2925 755 2957 adeo
777 2923 866 2956 enim
887 2925 980 2956 certa
993 2921 1169 2954 Athenien-

295 2980 382 3012 sium
409 2978 446 3011 in
474 2977 640 3010 Romanos
659 2975 739 3016 sides
759 2973 844 3015 fuit,
874 2975 911 3004 ut
932 2980 1060 3013 semper
1081 2974 1111 3005 et
1131 2971 1168 3004 in

296 3029 386 3062 omni
415 3036 453 3061 re
481 3025 638 3068 quicquid
667 3025 798 3057 sincera
824 3023 890 3066 fide
911 3025 1101 3066 gereretur,
1134 3021 1169 3054 id
1195 3054 1204 3064 ,

296 3079 438 3115 Romani
451 3077 561 3111 Attica
574 3075 649 3118 fleri
661 3074 917 3116 praedicarent:
940 3076 1084 3106 ceterum
1098 3075 1168 3105 twm

296 3130 442 3172 oppressi
454 3127 660 3162 Mithridatis
674 3125 780 3158 armis
801 3125 946 3158 homines
959 3123 1170 3157 miserrimae

295 3179 492 3213 conditionis
519 3185 595 3211 cum
623 3175 665 3209 ab
693 3174 836 3208 inimicis
865 3177 1070 3214 tenerentur,
1107 3181 1168 3214 op·-

292 3228 534 3272 pugnabantur
556 3225 599 3260 ab
621 3224 739 3258 amicis
762 3227 792 3257 et
814 3223 945 3256 animos
960 3226 1061 3256 extra
1081 3231 1170 3255 moe-

295 3279 373 3319 nia,
397 3286 542 3320 corpora
561 3275 746 3309 necessitati
760 3273 936 3307 servientes
950 3273 1042 3305 intra
1055 3280 1170 3304 muros

295 3327 469 3360 habebant.
490 3345 526 3351 —
549 3325 709 3359 violenter
723 3324 759 3357 in
776 3323 863 3366 suos]
880 3319 1166 3363 Themistoclem,

295 3378 502 3418 Aristidem,
532 3377 732 3415 Socratem,
762 3373 990 3408 Phocionem.
1020 3389 1055 3394 —
1080 3372 1168 3404 inse-

294 3427 502 3472 ctationibus]
542 3427 660 3461 Oratio
695 3424 832 3460 Pisonis
869 3422 1015 3458 Athenis
1049 3420 1169 3455 habita

1220 2060 1454 2103 significatur,
1478 2069 1549 2094 non
1571 2061 1854 2095 machinationes
1878 2062 2040 2097 Caesaris
2055 2064 2092 2097 et
2111 2059 2114 2063 '

1219 2112 1354 2151 Liviae;
1387 2110 1542 2153 alioquin
1576 2113 1671 2145 enim
1702 2115 1870 2153 peteretur
1902 2113 2092 2147 dicendum

1219 2162 1354 2196 fuisset.
1380 2163 1489 2196 Doun.
1515 2178 1552 2185 -
1583 2171 1707 2204 parens
1728 2162 1903 2206 legionum]
1931 2162 1990 2197 Sil.
2013 2162 2088 2197 Ital.

1219 2211 1259 2252 8,
1283 2213 1323 2245 2:
1359 2213 1511 2245 Romana
1539 2216 1715 2253 parentem
1744 2213 1860 2246 Solum
1888 2217 2002 2246 castra
2028 2223 2092 2247 vo-

1218 2265 1297 2295 cant
1317 2262 1464 2295 Fabium
1481 2263 1743 2297 Cunctatorem.
1779 2264 1836 2296 Sic
1858 2265 1983 2307 postea
2005 2263 2091 2297 Iulia

1218 2314 1356 2346 Domna
1385 2317 1495 2346 mater
1516 2317 1706 2347 castrorum
1728 2313 1834 2347 dicta.
1862 2332 1899 2337 —
1932 2315 2092 2349 eeeercitio

1218 2365 1365 2405 equitum
1376 2389 1384 2405 ,
1410 2365 1599 2397 decursibus
1612 2365 1809 2408 cohortium]
1829 2364 1904 2399 Alia
1919 2366 2010 2399 haec
2024 2365 2090 2399 de-

1219 2415 1335 2448 cursio
1358 2414 1403 2447 ab
1427 2414 1484 2448 illa
1506 2415 1646 2448 funebri
1668 2425 1700 2449 c.
1718 2416 1750 2448 7.
1775 2417 1866 2449 Nam
1881 2416 1972 2450 haec
1987 2425 2092 2450 exer-

1218 2467 1289 2499 citii
1312 2465 1394 2507 fuit,
1427 2464 1526 2499 solita
1551 2467 1715 2509 usurpari
1742 2467 1797 2499 ter
1818 2465 1962 2508 singulis
1985 2475 2091 2501 men-

1218 2516 1316 2562 sibus
1339 2525 1382 2549 ex
1406 2516 1622 2550 institutione
1643 2517 1802 2559 Augusti.
1827 2517 1972 2560 Vegetio
1995 2525 2090 2550 earn-

1212 2566 1362 2607 picursio
1403 2566 1531 2599 dicitur
1573 2567 1609 2606 4,
1648 2567 1702 2599 27.
1739 2566 1780 2608 3,
1815 2565 1854 2607 ὃς
1898 2567 2092 2609 campestris

1219 2617 1367 2649 decursio
1397 2616 1562 2649 Suetonio
1590 2616 1688 2650 Galb.
1714 2617 1751 2650 6:
1787 2621 2002 2659 campestrem
2030 2617 2089 2650 de-

1217 2666 1402 2699 cursionem
1427 2669 1518 2699 scuto
1543 2667 1743 2699 moderatus.
1776 2667 1858 2700 Ner.
1874 2667 1914 2700 7:
1941 2667 2089 2700 indicta-

1218 2726 1281 2759 que
1303 2717 1493 2750 decursione
1511 2717 1738 2758 praetorianis
1758 2720 1887 2750 scutum
1908 2726 1970 2750 sua
1983 2726 2089 2752 manu

1212 2766 1385 2808 praetulit.
1403 2767 1491 2799 L1Ps.
1517 2766 1568 2799 Cf.
1587 2765 1632 2799 de
1649 2765 1777 2798 eadem
1792 2774 1832 2798 re
1849 2766 1881 2808 3,
1900 2766 1960 2799 33:
1982 2775 2090 2809 prae-

1216 2817 1334 2850 sedisse
1364 2825 1471 2857 nuper
1509 2816 1668 2858 feminam
1699 2817 1857 2849 exercitio
1890 2817 2086 2860 cohortium,

1217 2869 1357 2901 decursu
1379 2867 1554 2909 legionum.
1582 2883 1618 2889 —
1646 2867 1817 2908 praeverti
1839 2867 1884 2899 ad
1904 2867 2087 2911 Armenios]

1217 2919 1298 2952 ante
1323 2916 1387 2949 alia
1409 2917 1526 2950 omnia
1542 2925 1581 2950 se
1598 2916 1643 2949 ad
1659 2918 1845 2950 Armenios
1862 2920 2085 2952 convertere.

1218 2970 1269 3004 Cf.
1289 2970 1321 3012 4,
1339 2969 1400 3002 32:
1426 2967 1455 2999 si
1471 2967 1604 3009 quando
1623 2967 1668 2999 ad
1682 2967 1815 2999 interna
1825 2970 2085 3008 praeverterent.

1260 3021 1314 3054 56.
1338 3018 1460 3052 nostris
1478 3027 1514 3059 p.
1539 3018 1606 3050 late
1621 3017 1811 3059 praetenta]
1835 3017 1924 3050 fines
1946 3018 2088 3060 provin-

1217 3073 1352 3105 ciarum
1382 3070 1583 3102 nostrarum
1616 3066 1685 3101 late
1723 3068 1880 3109 cingens.
1923 3068 2086 3102 Fortasse

1217 3121 1410 3164 assumpsit
1439 3128 1481 3152 ex
1504 3116 1711 3160 Vergilianis
1738 3116 1804 3151 illis
1825 3117 1912 3150 Aen.
1937 3117 1978 3158 3,
2002 3118 2082 3151 692:

1216 3172 1352 3206 Sicanio
1378 3172 1556 3212 praetenta
1576 3168 1653 3201 sinu
1673 3169 1761 3202 iacet
1780 3167 1903 3201 innata.
1937 3168 2024 3200 Aen.
2049 3167 2082 3208 6,

1218 3224 1279 3257 6οι
1301 3223 1542 3264 praetentaque
1555 3218 1710 3259 Syrtibus
1731 3226 1828 3250 arva.
1848 3234 1885 3240 —
1905 3216 2083 3258 discordes]

1217 3281 1288 3306 non
1313 3272 1425 3304 «inter
1447 3278 1528 3310 se,»
1552 3269 1591 3300 ut
1611 3266 1800 3301 voluerunt
1820 3264 1993 3306 nonnulli,
2018 3265 2083 3299 sed

1217 3321 1313 3365 quod
1334 3319 1434 3353 locus
1457 3319 1533 3361 ipse
1557 3316 1794 3357 demonstrat,
1825 3316 1889 3348 «et
1910 3314 2082 3348 adversus

1216 3371 1392 3404 Romanos
1416 3369 1452 3401 et
1474 3366 1548 3401 aliis
1571 3365 1791 3409 temporibus
1810 3363 1981 3398 adversus
1997 3365 2083 3398 Par-

1216 3420 1336 3462 thos,»
1371 3419 1414 3451 ut
1445 3419 1501 3452 est
1530 3416 1590 3459 ⁴2,
1621 3414 1683 3450 u:
1721 3413 1890 3449 discordia
1921 3413 2083 3448 adversus
