2254 3770
711 273 867 320 LIBER
894 273 978 317 111.·
1009 272 1110 332 Cap.
1140 263 1210 319 ⁴3.
1241 272 1308 318 ⁴4.
1338 273 1407 319 ¹15.
1435 273 1503 318 ⁴6.

1913 269 1994 314 ⁴55

222 381 495 441 scripsissent
512 380 852 439 expostulantes;
881 379 998 439 quod
1017 378 1133 424 haud
1151 380 1291 424 minus
1312 379 1506 425 Tiberius
1525 391 1656 438 quam
1672 378 1771 423 Piso
1791 377 1993 422 abnuere.

222 456 347 502 simul
375 455 523 514 populi
552 461 649 500 ante
678 455 839 500 curiam
858 469 988 499 voces
1018 454 1320 499 audiebantur:
1351 469 1435 499 non
1454 460 1766 513 temperaturos
1786 451 1994 503 manibus,

220 532 256 576 si
284 537 452 590 patrum
480 531 710 575 sententias
740 531 960 575 evasisset.
1007 529 1258 589 effigiesque
1287 530 1455 574 Pisonis
1474 534 1686 574 traxerant
1704 529 1748 572 in
1769 527 1997 573 Gemonias

218 620 270 651 ac
301 604 585 665 ⁸divellebant,
630 606 672 649 ni
710 606 831 650 iussu
867 606 1070 664 principis
1098 611 1316 664 protectae
1343 606 1644 664 repositaeque
1674 604 1822 648 forent.
1872 602 1998 660 igitur

218 681 376 725 inditus
407 680 583 725 lecticae
613 687 656 725 et
684 694 710 725 a
737 681 906 725 tribuno
934 681 1174 740 praetoriae
1205 680 1392 725 cohortis
1422 681 1633 725 deductus
1663 685 1747 730 est,
1778 678 1896 723 vario
1925 687 2029 720 ru-ts

218 770 354 807 more,
386 761 530 800 custos
559 755 683 800 saluti
713 770 767 800 an
795 757 942 801 mortis
973 762 1145 800 exactor
1174 762 1442 815 sequeretur.
1490 755 1522 813 (i
1531 756 1571 812 5)
1593 755 1744 800 eadem
1773 753 1999 798 Plancinae

218 831 394 883 invidia,
433 831 570 875 maior
608 831 762 889 gratia3
804 845 945 890 eoque
979 831 1226 890 ambiguum
1253 831 1490 875 habebatur
1518 837 1724 889 quantum
1754 828 1926 874 Caesari
1955 828 2000 870 in

219 921 314 952 eam
351 906 509 951 liceret.
555 913 683 965 atque
729 907 842 965 ipsa,
883 906 1023 951 donec
1057 907 1225 951 mediae
1254 907 1398 951 Pisoni
1428 921 1550 965 spes,
1590 906 1751 950 sociam
1779 918 1827 949 se
1857 903 2000 948 cuius-

219 996 403 1041 cumque
432 982 624 1026 fortunae
654 988 718 1034 et,
750 982 786 1027 si
816 983 874 1026 ita
902 982 1049 1034 ferret,
1082 982 1280 1026 comitem
1309 982 1422 1026 exitii
1442 981 1725 1040 promittebat.
1755 986 1802 1024 ut
1821 979 1999 1023 secretis

218 1060 431 1115 Augustae
460 1056 662 1115 precibus
682 1058 850 1101 veniam
871 1057 1071 1108 obtinuit,
1102 1058 1306 1115 paulatim
1325 1057 1540 1116 segregari
1561 1071 1588 1100 a
1607 1056 1775 1106 marito,
1807 1054 2049 1099 dividerem

218 1132 512 1177 defensionem
553 1133 705 1191 coepit.
750 1132 868 1191 quod
905 1146 1007 1177 reus
1047 1139 1275 1191 postquam
1314 1132 1394 1176 sibi
1433 1131 1646 1177 exitiabile
1684 1130 1906 1188 intellegit,
1945 1143 2000 1173 an

218 1207 359 1253 adhuc
389 1207 654 1266 experiretur
683 1208 899 1259 dubitans,
931 1208 1195 1252 hortantibus
1223 1207 1321 1252 filiis
1350 1208 1474 1252 durat
1502 1214 1689 1251 mentem
1718 1212 2000 1263 senatumque

216 1298 386 1328 rursum
415 1283 674 1341 ingreditur;
703 1283 1120 1343 redintegratamque
1148 1283 1483 1334 accusationem,
1514 1283 1700 1327 infensas
1729 1288 1895 1340 patrum
1923 1294 2000 1324 vo-

217 1373 311 1411 ceS,
343 1358 526 1403 adversa
547 1365 591 1403 et
618 1372 746 1403 saeva
776 1367 928 1404 cuncta
956 1367 1208 1418 perpessus,
1240 1358 1356 1403 nullo
1387 1359 1520 1416 magis
1541 1359 1763 1402 exterritus
1784 1363 1849 1401 est
1870 1370 2000 1415 quam

216 1434 335 1493 quod
365 1433 578 1478 Tiberium
608 1434 700 1478 sine
729 1435 1023 1487 miseratione,
1055 1435 1148 1479 sine
1177 1435 1258 1486 ira,
1291 1435 1548 1479 obstinatum
1577 1433 1858 1491 clausumque
1881 1431 1997 1482 vidit,
2012 1437 2049 1467 ⁴5

216 1524 271 1554 ne
300 1523 387 1568 quo
427 1509 596 1554 adfectu
634 1517 994 1568 perrumperetur.
1040 1510 1200 1554 relatus
1231 1510 1423 1561 domum,
1460 1516 1677 1568 tamquam
1708 1507 1999 1552 defensionem

216 1585 258 1629 in
287 1591 507 1643 posterum
536 1586 830 1636 meditaretur,
861 1600 1000 1644 pauca
1029 1585 1260 1630 conscribit
1287 1585 1570 1644 obsignatque
1599 1591 1642 1629 et
1669 1584 1821 1628 liberto
1850 1583 1999 1635 tradit;

216 1667 307 1704 tum
336 1660 459 1704 solita
487 1661 676 1705 curando
698 1662 865 1719 corpori
888 1662 1148 1720 exsequitur.
1179 1661 1278 1705 dein
1297 1660 1472 1705 multam
1490 1666 1588 1719 post
1607 1666 1793 1710 noctem,
1826 1671 2001 1716 egressa

218 1735 416 1780 cubiculo
455 1750 607 1787 uxore,
653 1737 811 1795 operiri
850 1737 963 1781 fores
1004 1737 1146 1790 iussit3
1189 1742 1232 1781 et
1277 1742 1429 1794 coepta
1467 1736 1561 1780 luce
1604 1735 1799 1794 perfosso
1841 1733 1997 1791 iugulo,

217 1813 382 1856 iacente
411 1811 527 1856 humi
557 1812 715 1869 gladio,
745 1818 942 1870 repertus
972 1818 1050 1856 est.

330 1887 411 1944 (⁴6)
441 1887 598 1932 Audire
626 1901 696 1931 me
733 1887 904 1932 memini
943 1901 997 1931 ex
1035 1887 1276 1931 senioribus
1315 1887 1453 1931 visum
1494 1886 1667 1944 saepius
1706 1886 1814 1928 inter
1848 1898 2000 1928 manus

217 1963 383 2007 Pisonis
413 1962 622 2014 libellum,
655 1977 786 2021 quem
813 1964 907 2021 ipse
938 1977 1022 2006 non
1052 1963 1311 2020 vulgaverit;
1343 1962 1418 2006 sed
1446 1962 1606 2005 amicos
1627 1962 1720 2005 eius
1742 1961 1999 2004 dictitavisse

282 2077 315 2110 4.
338 2077 534 2111 divellebant
548 2078 599 2111 M:
625 2077 824 2110 devellebant
839 2078 1030 2111 Ernestius.
1051 2096 1086 2101 —-
1101 2077 1278 2118 principiis
1295 2075 1414 2119 (altera
1429 2077 1442 2109 i
1457 2077 1596 2118 punctis
1611 2075 1742 2115 notata)
1758 2076 1791 2109 M
1809 2094 1844 2099 —
1864 2075 1896 2107 6.
1913 2083 2002 2107 mor-

216 2137 264 2167 tes
284 2142 338 2176 pr.
357 2135 391 2167 M
408 2151 444 2157 —
473 2135 524 2167 ⁴0.
551 2137 689 2176 auguste
709 2132 825 2175 ficibus
846 2135 880 2168 M
897 2152 932 2157 —
961 2135 1014 2168 43.
1037 2135 1332 2176 redinteyrataque
1353 2134 1562 2166 accusatione
1578 2133 1769 2166 Ernestius.
1793 2150 1828 2156 -—
1846 2132 2002 2172 anfensas

215 2191 250 2224 M
273 2190 428 2232 (infensas
450 2190 583 2232 margo)
610 2208 646 2214 -
672 2192 763 2223 uocis
785 2191 819 2224 M
844 2209 880 2214 —
908 2191 959 2223 ⁴9.
985 2191 1136 2232 cupiculo
1159 2199 1212 2233 pr.
1230 2191 1265 2224 M
1290 2208 1325 2213 —
1351 2190 1404 2223 20.
1429 2190 1570 2231 refertus
1591 2190 1624 2223 M
1649 2189 1807 2230 (repertus
1830 2187 1977 2229 margo).

215 2308 463 2352 postulassent.
488 2309 616 2341 Danau.
646 2310 770 2342 Manca
791 2308 901 2342 verba
925 2310 977 2343 sic
1000 2318 1086 2352 sup-

216 2358 326 2401 plevit
357 2358 616 2392 Freinshemius
651 2359 687 2391 in
717 2359 943 2401 Paraphrasi:
981 2360 1087 2402 «qui-

218 2409 300 2442 dam
334 2410 440 2442 etiam
476 2408 612 2450 longius
646 2409 953 2450 provehebantur,
991 2411 1087 2443 exhi-

216 2459 295 2491 beri
326 2459 538 2500 recitarique
569 2458 752 2500 epistolas,
789 2468 878 2500 quas
907 2461 1010 2492 amici
1034 2461 1087 2492 Pi-

217 2509 313 2542 sonis
342 2508 387 2541 ad
417 2509 533 2550 ipsum
557 2509 827 2550 scripsissent;=›
857 2518 983 2551 parum
1007 2510 1086 2551 qui-

218 2558 302 2591 dem
334 2557 584 2600 probabiliter:
624 2559 740 2600 potius
775 2558 1005 2592 intellexerim
1040 2559 1084 2592 de

215 2609 352 2642 Pisonis
376 2610 412 2641 et
435 2607 618 2641 Plancinae
643 2608 810 2650 epistolis.
839 2627 875 2632 -
901 2611 1087 2652 effigiesque

217 2658 299 2701 cet.]
322 2660 362 2692 ut
383 2658 519 2692 solebat
542 2661 577 2692 in
593 2659 778 2693 damnatis.
811 2660 931 2693 luven.
952 2661 1004 2698 ⁴0,
1023 2661 1082 2693 58:

217 2709 413 2742 descendunt
435 2712 565 2742 statuae
579 2713 762 2749 restemque
776 2714 970 2750 sequuntur.
997 2711 1083 2743 Lirs.

219 2777 256 2783 -—
281 2762 463 2791 traxerant
482 2760 519 2791 in
539 2760 726 2802 Gemonias]
744 2759 789 2792 ad
806 2761 994 2793 Gemonias
1011 2769 1086 2793 sca—

217 2808 268 2842 las
291 2809 327 2841 in
348 2809 520 2842 Aventino
543 2810 663 2842 monte
686 2808 743 2842 vel
774 2810 889 2851 potius
912 2811 947 2842 in
970 2811 1086 2851 crepi-

218 2858 299 2891 dine
324 2858 493 2900 Capitolii.
532 2856 582 2892 Cf.
608 2860 640 2898 5,
666 2859 698 2892 9.
729 2860 760 2898 6,
786 2860 840 2892 25.
874 2860 960 2893 Hist.
987 2859 1018 2899 3,
1044 2860 1086 2892 74

218 2910 254 2941 et
276 2908 330 2941 85.
363 2909 518 2941 Piranesi
540 2909 709 2942 Antichita
728 2917 867 2942 romane
889 2910 926 2942 T.
945 2911 969 2942 Ι.
996 2910 1083 2942 extr.

222 2976 258 2982 —
276 2967 316 2990 ac
331 2958 536 3001 divettebant]
560 2960 768 3000 Priusquam
792 2968 852 2992 eas
876 2968 941 3001 per
956 2961 1087 2992 Gemo-

218 3008 294 3040 nias
317 3007 352 3039 in
374 3007 528 3042 Tiberim
554 3009 843 3050 praecipitarent,
876 3009 973 3041 rabie
998 3009 1086 3040 inci-

219 3059 279 3091 tati
303 3057 387 3090 inibi
410 3060 526 3093 erant,
557 3060 596 3091 ut
626 3067 687 3091 eas
717 3061 1019 3098 comminuerent,
1050 3060 1087 3091 in

218 3107 338 3141 Stucke
358 3108 524 3149 schtuyen.
550 3125 585 3131 —
611 3112 719 3141 custos
740 3109 855 3151 saluti]
890 3108 940 3141 Cf.
966 3110 998 3148 2,
1024 3108 1083 3142 46:

150 3195 162 3200 ,
217 3160 295 3200 paci
315 3160 482 3200 firmator.
511 3159 543 3197 4,
560 3157 620 3191 24:
644 3161 754 3190 rector
766 3160 893 3191 iuveni.
912 3177 955 3182 —
971 3160 1088 3191 mortis

219 3207 370 3250 exactor]
394 3209 450 3241 Sic
466 3208 580 3241 Livius
596 3208 629 3246 2,
646 3209 666 3240 5
682 3207 726 3240 de
746 3208 854 3240 Bruto
871 3207 959 3240 filios
982 3207 1086 3250 plecti

220 3258 383 3291 iubente:
420 3261 453 3291 et
485 3259 542 3299 qui
574 3260 737 3298 spectator
768 3261 842 3290 erat
874 3258 1085 3298 amovendus,

222 3316 296 3340 eum
315 3309 423 3348 ipsum
443 3309 581 3349 fortuna
604 3310 794 3339 exactorem
815 3307 964 3348 supplicii
987 3307 1084 3340 dedit.

222 3357 309 3390 Ann.
336 3359 389 3397 Η,
414 3358 475 3391 37:
510 3358 685 3390 denuntiat
705 3357 948 3390 centurionibus
969 3360 1000 3389 et
1022 3359 1087 3390 tri-

221 3405 328 3447 buno,
352 3409 410 3448 qui
431 3409 569 3448 aderat,
601 3408 737 3448 exsequi
763 3408 917 3441 caedem:
949 3408 998 3440 ica
1019 3409 1087 3440 im-

1131 2311 1321 2350 peratorem
1341 2308 1464 2341 iubere.
1489 2311 1598 2341 custos
1619 2311 1651 2340 et
1677 2310 1818 2341 emactor
1840 2316 1856 2340 e
1878 2307 2003 2340 libertis

1135 2360 1272 2392 Euodus
1293 2360 1402 2391 datus.

1180 2411 1232 2443 45.
1257 2409 1385 2451 qratia]
1417 2408 1511 2451 apud
1539 2409 1742 2450 Augustam.
1771 2426 1807 2431 —
1839 2411 2003 2450 quantum

1137 2460 1274 2493 Caesari
1295 2461 1331 2492 in
1353 2469 1427 2492 eam
1448 2458 1570 2500 liceret]
1593 2458 1732 2491 Acerbe
1757 2459 1792 2490 et
1814 2467 1895 2491 cum
1919 2466 2002 2499 qua—

1136 2512 1219 2544 dam
1242 2510 1399 2543 irrisione
1423 2509 1550 2542 Tiberii
1579 2510 1667 2541 haec
1691 2509 1783 2541 dicta
1805 2510 1902 2548 sunt,
1935 2509 2002 2540 im-

1135 2562 1269 2604 potenti
1302 2562 1424 2594 matris
1462 2561 1579 2593 animo
1617 2568 1686 2592 non
1724 2559 1822 2592 facile
1861 2559 2001 2591 obviam

1137 2613 1268 2647 euntisz
1300 2611 1343 2644 cf.
1368 2610 1407 2648 4,
1433 2611 1485 2644 57.
1512 2612 1544 2651 5,
1572 2613 1603 2643 t.
1629 2613 1762 2644 Rirrnn.
1790 2627 1825 2633 —
1862 2608 1999 2649 mediae]

1136 2661 1322 2703 ambiguae
1346 2661 1437 2693 inter
1459 2660 1717 2694 absolutionem
1737 2662 1772 2692 et
1789 2659 2001 2692 condemna-

1135 2712 1288 2750 tionem,
1313 2712 1359 2743 ita
1383 2712 1422 2742 ut
1445 2711 1549 2743 etiam
1572 2713 1656 2743 tunc
1679 2710 1785 2743 modo
1808 2709 1900 2742 illam
1916 2717 2000 2750 spe-

1135 2762 1247 2799 raret,
1284 2761 1391 2793 modo
1414 2760 1506 2793 hanc
1530 2762 1715 2794 metueret.
1746 2777 1782 2783 —
1820 2763 1866 2798 et,
1896 2759 1923 2790 si
1951 2760 2001 2790 ita

1133 2810 1244 2853 ferret]
1285 2811 1418 2843 Eadem
1447 2810 1557 2843 verba
1591 2810 1754 2852 leguntur
1782 2810 1869 2842 Hist.
1894 2810 1933 2849 2,
1957 2807 1999 2840 44

1134 2870 1199 2903 pro
1233 2860 1339 2903 plena
1371 2860 1545 2893 locutione
1580 2860 1728 2893 Sallustii
1761 2861 1832 2900 lug.
1859 2859 1915 2891 78:
1951 2857 2001 2890 uti

1134 2911 1204 2952 fors
1226 2911 1313 2943 tulit.
1350 2910 1422 2942 Liv.
1449 2910 1480 2949 3,
1505 2911 1566 2942 27:
1598 2911 1626 2943 si
1655 2919 1709 2942 res
1728 2911 1778 2942 ita
1800 2910 1933 2941 tulisset.
1960 2925 1997 2930 —

1135 2962 1266 2993 secretis
1285 2959 1452 3001 Auyustae
1461 2960 1614 3001 precibus
1625 2961 1759 2992 veniam
1773 2957 1921 2999 obtinuit]
1946 2957 1997 2990 Cf.

1137 3019 1167 3042 c.
1195 3010 1247 3041 ⁴7.
1275 3027 1311 3032 —
1344 3018 1385 3041 ne
1407 3018 1472 3050 quo
1495 3011 1627 3050 adfectu
1648 3007 1930 3050 perrwnperetur]
1954 3016 1999 3040 ne

1134 3058 1246 3091 verbo
1268 3057 1411 3091 vultuve
1434 3060 1562 3093 invitus
1584 3060 1749 3092 affectum
1773 3058 2000 3100 qualemcun-

1137 3117 1206 3150 que
1229 3107 1406 3150 proderet.
1428 3127 1464 3133 —
1488 3111 1587 3143 solita
1608 3111 1757 3142 curando
1772 3108 1914 3148 corpori]
1940 3109 2000 3140 La-

1136 3159 1212 3197 vat,
1236 3159 1393 3199 ungitur,
1425 3158 1586 3199 fricatur,
1620 3158 1857 3198 abstergetur,
1883 3158 1996 3189 cenat.

1136 3208 1264 3240 Munnr.
1292 3225 1328 3230 —
1351 3209 1498 3249 perfosso
1519 3208 1645 3250 iuyulo]
1673 3209 1711 3239 In
1735 3206 1920 3239 referendo
1943 3207 1999 3239 Pi-

1137 3258 1232 3290 sonis
1255 3258 1395 3290 interitu
1424 3258 1617 3291 admodum
1640 3257 1756 3289 brevis
1781 3258 1835 3289 est
1856 3257 1920 3289 Dio
1942 3257 1996 3295 57,

1137 3306 1196 3340 ⁴8:
1234 3303 1257 3340 ὁ
1280 3306 1320 3340 δὲ
1342 3307 1492 3341 Πείσων
1515 3307 1555 3348 ἐς
1576 3303 1620 3339 τὸ
1643 3305 1915 3354 βουλευτήριον
1937 3306 1999 3340 ἐπὶ

1136 3355 1187 3400 τῷ
1211 3355 1320 3401 φόνῳ
1346 3354 1408 3391 ὑπ’
1434 3354 1552 3390 αὐτοῦ
1575 3355 1643 3389 τοῦ
1668 3355 1842 3403 Τιβερίου
1866 3357 1999 3396 εἰσαχ-

1136 3407 1219 3449 θεὶς
1238 3404 1434 3451 ἀναβολήν
1449 3408 1490 3441 τέ
1504 3417 1588 3440 τινα
1602 3404 1813 3450 ἐποιήσατο
1827 3408 1891 3441 καὶ
1907 3407 1998 3441 ἑαυ-
