2254 3770
823 293 996 338 'LIBER
1025 292 1075 336 11.
1121 291 1223 351 Cap.
1252 293 1320 336 60.
1349 291 1417 336 6⁴.

1936 284 2010 357 421

236 406 372 466 Libya
390 402 612 461 Aethiopia
634 401 856 460 Medisque
877 406 920 444 et
944 399 1088 444 Persis
1109 394 1152 443 et
1170 399 1393 443 Bactriano
1418 411 1470 442 ac
1490 396 1648 456 Scytha
1668 395 1858 454 potitum,
1890 407 2019 452 quas-

235 495 322 542 que
342 487 479 525 terras
496 478 592 523 Suri
613 476 887 535 Armeniique
908 481 951 520 et
969 474 1155 532 contigui
1177 473 1457 532 Cappadoces
1477 472 1632 524 colunt,
1660 471 1759 515 inde
1779 469 2018 529 Bithynum,

235 557 332 601 hinc
362 555 538 614 Lycium
569 553 622 598 ad
653 566 793 606 mare,
826 550 1006 609 Imperio
1035 549 1239 594 tenuisse.
1286 548 1538 606 legebantur
1567 553 1610 592 et
1637 546 1795 590 indicta
1823 544 2020 603 gentibus

234 631 408 681 tributa,
440 628 611 689 pondus
642 627 804 686 argenti
825 633 869 671 et
888 628 1005 679 auri,
1034 638 1241 669 numerus
1272 638 1489 668 armorum
1518 636 1817 682 equorumque
1848 627 1889 664 et
1910 619 2022 663 dona

234 706 403 765 templis
424 705 532 749 ebur
550 711 680 762 atque
701 702 871 754 odores,
904 715 1101 760 quasque
1122 700 1270 758 copias
1289 699 1486 744 frumenti
1509 705 1551 743 et
1570 698 1758 742 omnium
1780 696 2052 741 utensiliumss

233 795 436 842 quaeque
466 780 580 823 natio
609 778 837 837 penderet,
869 777 985 821 haud
1014 776 1156 820 minus
1184 775 1408 832 magnifica
1429 789 1560 834 quam
1578 787 1691 818 nunc
1711 774 1752 818 vi
1772 772 2024 817 Parthorum

236 864 309 902 aut
337 854 526 916 potentia
555 856 746 899 Romana
774 852 985 896 iubentur.
1025 851 1106 909 (6⁴)
1129 857 1319 896 ceterum
1341 851 1618 895 Germanicus
1638 849 1730 894 ali1s
1750 862 1925 907 quoque
1947 847 2025 890 mi—

234 932 391 978 raculis
412 930 589 975 intendit
606 929 811 980 animum,
836 941 1018 986 quorum
1043 927 1277 986 praecipua
1302 926 1422 971 fuere
1443 926 1678 970 Memnonis
1699 939 1830 969 saxea
1849 923 2023 980 effigies,

236 1008 311 1054 ubi
341 1007 472 1052 radiis
502 1005 604 1050 solis
635 1005 717 1049 icta
746 1010 834 1056 est,
875 1002 1069 1048 vocalem
1097 1017 1250 1047 sonum
1281 1001 1489 1055 reddens3
1528 1001 1816 1059 disiectasque
1848 999 1955 1042 inter
1985 1004 2027 1042 et

235 1084 307 1129 vix
335 1083 506 1142 pervias
537 1094 689 1125 arenas
710 1080 841 1124 instar
861 1079 1067 1122 montium
1087 1077 1268 1123 eductae
1287 1077 1535 1136 pyramides
1557 1075 1788 1121 certamine
1809 1081 1850 1119 et
1870 1073 2025 1132 opibus
2038 1085 2074 1115 ιο

237 1173 406 1217 regum3
437 1157 644 1215 lacusque
674 1154 832 1200 effossa
852 1153 1002 1206 humo,
1035 1152 1338 1212 superfluentis
1355 1152 1435 1198 Nili
1457 1151 1747 1210 receptacula3
1779 1157 1907 1208 atque
1927 1148 2025 1193 alibi

307 1356 338 1388 4.
372 1354 553 1395 pactriano
567 1352 602 1386 Μ
620 1369 656 1376 -
681 1351 786 1384 scitha
800 1350 834 1384 Μ
851 1367 888 1374 -
912 1350 945 1383 2.
970 1349 1140 1391 bythinum
1153 1349 1186 1383 Μ
1204 1366 1242 1374 -
1268 1349 1302 1383 3.
1325 1349 1436 1390 lycum
1449 1350 1484 1384 M
1502 1367 1538 1373 —
1563 1349 1596 1382 5.
1620 1357 1703 1390 epur
1717 1349 1751 1382 M
1766 1347 1858 1390 (ebur
1879 1345 2024 1388 margo).

238 1538 319 1564 rum
342 1528 390 1562 ad
410 1527 542 1561 victum
559 1526 862 1566 necessariarum,
885 1525 925 1558 ut
933 1524 1040 1566 alibi;
1065 1525 1108 1558 cf.
1160 1535 1218 1568 τις
1251 1521 1415 1573 κιθάρας
1449 1521 1476 1569 ἧ
1508 1522 1626 1572 λύρας
1657 1521 1838 1572 ῥαγείσης
1871 1521 2025 1571 χορδῆς.

242 1581 275 1620 4,
312 1580 367 1613 70.
406 1595 441 1603 —
477 1577 512 1609 vi
547 1575 756 1618 Parthorum]
789 1573 859 1619 βίᾳ
890 1573 1110 1622 δεσποτικῇ,

248 1634 339 1672 quae
357 1628 526 1670 potentiae
547 1627 658 1659 iustae
682 1634 724 1659 ac
746 1624 922 1667 legitimae
944 1626 1112 1658 Romano-

246 1688 323 1712 rum
344 1679 433 1712 scite
457 1676 657 1719 opponitur.

289 1731 342 1762 64.
375 1728 559 1762 Memnonis
586 1735 693 1759 saoeea
720 1725 841 1768 effigies
866 1725 948 1768 cet.]
984 1724 1112 1759 Plinius

240 1781 283 1813 N.
305 1780 346 1812 H.
365 1779 419 1818 36,
444 1777 540 1819 558:
565 1771 640 1809 Non
663 1770 892 1808 absimilis‘illi
911 1774 1111 1817 (basanitae)

244 1832 412 1864 narratur
426 1829 461 1861 in
478 1827 588 1860 Thebis
603 1826 736 1859 delubro
751 1826 905 1867 Serapis,
930 1829 968 1859 ut
979 1829 1113 1867 putant,

243 1879 427 1915 Memnonis
463 1881 598 1910 statuae*
629 1877 775 1916 dicatus,
816 1884 912 1916 quem
948 1876 1114 1908 cotidiano

241 1931 319 1964 solis
349 1933 425 1962 ortu
453 1930 640 1961 contactum
668 1926 776 1959 radiis
803 1935 942 1968 crepare
963 1926 1112 1959 tradunt.

245 1978 419 2014 Iuvenalis
433 1979 485 2018 ⁴5,
503 1979 540 2009 5:
566 1977 712 2009 Dimidio
725 1977 877 2018 magicae
889 1979 1046 2009 resonant
1060 1975 1117 2007 ubi

242 2031 415 2064 Memnone
437 2028 589 2060 chordae.
624 2025 749 2060 Strabo
774 2027 827 2066 ⁴7,
854 2027 886 2067 ⁴,
910 2026 952 2059 46
975 2035 1011 2068 p.
1029 2025 1110 2058 8⁴6:

244 2079 356 2113 ἐνται
339 2077 413 2111 ’θα
425 2076 530 2111 δυεῖν
547 2071 789 2111 κολοσσῶνἐν
765 2085 886 2108 οντων
897 2074 1115 2118 μονολίθων

243 2127 418 2173 ἀλλήλων
441 2127 624 2171 πλησίον,
651 2124 673 2159 ὁ
696 2126 768 2170 μὲν
788 2123 863 2168 oui„
854 2135 966 2167 εται,
991 2123 1059 2158 τοῦ
1084 2123 1114 2157 δ’

243 2180 374 2227 ἑτέρου
397 2175 445 2212 τὰ
467 2174 547 2211 ἅνω
569 2178 668 2224 μέρη
684 2175 732 2209 τὰ
748 2173 826 2209 ἀπὸ
841 2174 910 2220 τῆς
924 2175 1117 2222 καθέδρας

245 2231 421 2264 πέπτωκε
453 2226 617 2271 σεισμοῦ
649 2227 892 2271 γενηθέντος,
929 2237 982 2267 ως
1003 2236 1114 2267 φασι.

246 2282 492 2315 πεπίστευται
513 2277 544 2311 δ
564 2273 624 2311 ὅτι
639 2273 744 2319 ἅπαξ
758 2278 846 2310 καθ’
864 2274 1012 2334 ἡμέραν
1028 2274 1118 2310 ἑκά-

247 2341 343 2375 στην
370 2327 509 2373 ψόφος
522 2324 590 2387 ὥς
618 2324 670 2360 ἂν
697 2326 846 2371 πληγῆς
875 2323 920 2361 οὐ
949 2324 1119 2371 μεγάλης

247 2378 487 2414 ἀποτελεῖται
509 2375 586 2411 οἷπο
609 2376 679 2411 τοῦ
702 2379 887 2421 μένοντος
904 2376 944 2410 ἐν
964 2375 1014 2422 τῷ
1030 2376 1120 2435 θρό-

247 2442 300 2476 νω
326 2431 392 2463 καὶ
414 2432 460 2477 τῇ
479 2427 599 2469 ,βάσει
621 2429 775 2475 μέρους.
801 2424 906 2472 κάγώ
929 2426 969 2460 δὲ
989 2423 1120 2474 παρών

247 2482 309 2515 ἐπὶ
337 2478 414 2513 τῶν
442 2478 570 2512 τόπων
599 2476 698 2522 μετὰ
729 2476 877 2511 Γάλλου
900 2476 1031 2511 Αἰλίου
1055 2477 1119 2510 καὶ

249 2530 318 2565 τοῦ
343 2527 518 2574 πλήθους
547 2528 625 2562 τῶν
655 2525 849 2562 συνόντων
871 2524 974 2572 αὐτῷ
998 2526 1120 2568 φίλων

251 2592 293 2615 τε
334 2581 400 2613 καὶ
444 2578 685 2626 στρατιωτῶν
717 2579 802 2626 περὶ
835 2573 941 2636 ὡραν
970 2575 1122 2633 πρώτην

251 2627 408 2675 ἥκουσα
428 2629 497 2663 τοῦ
521 2627 688 2672 ψόφου·
714 2627 789 2661 εἶτε
811 2626 851 2661 δὲ
869 2624 946 2660 ἀπὸ
963 2627 1033 2670 τῆς
1046 2625 1122 2667 βά-

251 2693 349 2724 σέως
372 2680 446 2715 εἴτε
469 2677 548 2714 ἀπὸ
571 2678 639 2714 τοῦ
653 2676 851 2713 κολοσσοῦ
869 2677 934 2711 εἴτ’
951 2677 1122 2721 ἐπίτηδες

249 2730 327 2766 τῶν
349 2731 476 2776 κύκλῳ
499 2732 565 2764 καὶ
588 2732 669 2779 περὶ
694 2728 765 2774 τὴν
780 2728 898 2771 βάσιν
915 2728 1122 2787 ἱδρυμένων

249 2780 354 2825 τινὸς
389 2780 627 2825 ποιήσαντος
654 2778 723 2814 τὸν
752 2778 911 2823 ψόφον,
947 2777 1018 2812 οὐκ
1045 2775 1121 2818 ἐχω

249 2833 582 2889 διισχυρίσασθαι·
612 2830 676 2865 διὰ
704 2829 777 2878 γὰρ
805 2828 851 2863 τὸ
882 2825 1026 2874 αδηλον
1054 2827 1124 2873 τῆς

251 2887 376 2927 αιτίας
399 2882 476 2917 πᾶν
497 2881 645 2927 μᾶλλον
668 2882 866 2941 ἐπέρχεται
889 2878 1078 2914 πιστεύειν
1097 2875 1125 2924 ἢ

251 2933 297 2970 τὸ
332 2935 375 2969 ἐκ
411 2932 488 2968 τῶν
522 2933 640 2967 λίθων
674 2928 774 2966 οὕτω
802 2933 1039 2976 τεταγμένων
1061 2931 1124 2965 ἑκ-

253 2985 473 3029 πέμπεσθαι
503 2981 573 3017 τὸν
604 2977 715 3026 ἦχον.
752 2984 901 3015 Pausan.
929 2983 967 3022 ⁴,
997 2982 1056 3022 42,
1081 2981 1122 3014 3:

258 3033 310 3069 Οὔ
336 3035 518 3078 Μέμνονα
541 3034 582 3067 οἱ
602 3032 772 3077 Θηβαῖοι
793 3031 964 3076 λέγουσι,
999 3031 1125 3073 Φαμε-

254 3084 340 3127 νώφ
372 3086 579 3127 (Amonoph)
609 3082 650 3117 δὲ
680 3080 778 3116 εἶναι
810 3080 884 3114 τῶν
918 3081 1123 3139 ἐγχωρίων,

256 3129 303 3170 οὖ
327 3133 444 3168 τοῦτο
467 3131 512 3167 τὸ
535 3128 692 3178 αγαλμα
714 3126 774 3174 ἧν.
798 3128 973 3164 ἽῙκουσα
994 3129 1035 3163 δὲ
1051 3126 1124 3173 ἤδη

255 3187 321 3220 καὶ
350 3186 568 3243 Σέσωστριν
597 3184 781 3227 φαμένων
809 3179 906 3215 εἶναι
934 3179 1049 3214 τοῦτο
1081 3176 1124 3212 τὸ

255 3233 429 3281 αγαλμα,
463 3231 486 3268 ὃ
509 3232 727 3277 Καμβύσης
755 3231 938 3274 διέκοψε·
969 3231 1034 3262 καὶ
1057 3228 1125 3263 νῦν

258 3284 409 3320 ὁπόσον
432 3287 474 3320 ἐκ
496 3282 670 3328 κεφαλῆς
691 3284 729 3325 ἐς
753 3284 875 3326 μέσον
893 3278 948 3314 σῶ
940 3291 1008 3324 μα
1023 3280 1124 3313 ἐστὶν

257 3334 560 3396 ἀπερριμμένον,
590 3332 635 3369 τὸ
665 3333 705 3368 δὲ
734 3331 870 3367 λοιπὸν
894 3330 1063 3375 κάθηταί
1084 3341 1125 3363 τε

259 3389 323 3421 καὶ
351 3384 426 3421 ἀνὰ
457 3386 585 3421 πᾶσαν
612 3383 760 3432 ἡμέραν
782 3380 989 3424 ἀνέχοντος
1013 3379 1123 3425 ἡλίου

259 3434 337 3483 βοᾷ
369 3437 434 3472 καὶ
467 3435 535 3471 τὸν
568 3430 668 3481 ἦχον
698 3433 850 3479 μάλιστ’
881 3429 931 3466 ἄν
961 3428 1126 3465 εικάσειέ

1163 1579 1245 1611 Erat
1267 1587 1308 1610 ea
1332 1577 1558 1611 sacerdotum
1582 1577 1694 1616 fraus3
1727 1585 1819 1609 unus
1844 1576 1937 1608 enim
1961 1574 2027 1607 ab-

1163 1627 1255 1660 ditus
1285 1627 1404 1660 medio
1431 1628 1467 1660 iu
1496 1627 1633 1660 colosso
1662 1627 1757 1659 hunc
1786 1634 1916 1659 sonum
1942 1625 2028 1657 ede-

1164 1678 1234 1711 bat.
1260 1677 1347 1710 Vide
1370 1678 1546 1720 Inscriptt.
1570 1679 1657 1710 Latt.
1683 1687 1717 1710 n.
1736 1677 1798 1709 523
1826 1674 1915 1717 (coll.
1933 1675 2030 1707 Hen-

1163 1738 1248 1768 zen,
1279 1728 1355 1762 Vol.
1381 1730 1446 1770 111,
1478 1737 1558 1770 pag.
1583 1728 1658 1767 43)·.
1690 1729 1818 1760 Horam
1849 1735 1924 1759 cum
1955 1725 2031 1766 pri-

1163 1789 1254 1812 mam
1282 1787 1420 1818 cumque
1447 1780 1565 1812 horam
1593 1778 1658 1810 sole
1690 1778 1867 1810 secundam
1894 1776 2031 1807 Prolata

1165 1831 1293 1863 Oceano
1320 1830 1461 1862 luminat
1486 1830 1578 1862 alma
1600 1830 1682 1868 dies,
1719 1829 1790 1861 Voa:
1811 1827 1929 1859 audita
1949 1826 2031 1859 mihi

1163 1885 1210 1914 est
1232 1885 1281 1913 ter
1301 1880 1379 1913 bene
1392 1881 1593 1913 Memnonia.
1622 1880 1765 1912 Viaticus
1782 1879 1806 1910 T
1804 1879 1942 1910 heraeus
1954 1877 2032 1917 fecit

1164 1941 1240 1964 cum
1272 1932 1367 1964 audit
1395 1932 1600 1964 Memnonem
1628 1930 1675 1963 XI
1697 1930 1738 1962 K.
1769 1930 1842 1962 Iun.
1868 1929 2030 1961 Serviano

1164 1983 1210 2015 111
1224 1990 1289 2015 cos.
1306 1990 1382 2014 cum
1392 1981 1551 2013 Asidonia
1567 1981 1672 2021 Calpa
1691 1988 1810 2012 umore.
1835 1981 1903 2011 Pro
1918 1977 2031 2010 lubitu

1165 2033 1269 2074 igitur
1292 2041 1372 2065 eam
1395 2031 1526 2074 pluries
1550 2031 1704 2064 edebant
1726 2029 1950 2066 sacerdotes3
1981 2029 2032 2060 sic

1167 2084 1202 2116 et
1223 2083 1258 2115 in
1282 2081 1467 2122 Hadriani,
1493 2082 1553 2123 qui
1576 2081 1754 2114 colossum
1777 2079 1945 2118 restituit,
1970 2078 2032 2109 ho-

1166 2141 1292 2166 norem
1323 2134 1378 2165 ter
1399 2133 1533 2165 sonuit:
1566 2131 1706 2165 Anthol.
1730 2130 1800 2164 Pal.
1828 2131 1868 2162 ΙΙ.
1895 2138 1928 2171 p.
1954 2128 2028 2161 880.

1167 2184 1231 2217 Alii
1254 2182 1336 2216 olim
1360 2182 1623 2215 arbitrabantur
1644 2191 1771 2215 sonum
1787 2180 1883 2213 illum
1899 2178 2034 2212 editum

1169 2243 1247 2267 esse
1271 2234 1364 2274 tum,
1397 2242 1477 2265 cum
1509 2233 1662 2275 primum
1685 2231 1767 2265 solis
1789 2230 1896 2263 radiis
1920 2230 2032 2261 statua

1169 2282 1337 2316 calefacta
1372 2284 1478 2316 esset.
1521 2282 1571 2314 Cf.
1603 2283 1713 2314 Inscr.
1744 2281 1831 2313 Latt.
1863 2289 1898 2311 n.
1923 2278 2032 2311 5305:

1168 2336 1247 2376 Imp.
1262 2334 1455 2367 Domitiano
1471 2333 1612 2366 Caesare
1622 2333 1706 2374 Auy.
1722 2330 1920 2364 Gemanica
1934 2328 2032 2361 XVII.

1171 2386 1204 2418 Τ.
1230 2385 1400 2417 Petronius
1421 2384 1590 2416 Secundus
1608 2392 1664 2423 pr.
1681 2382 1759 2423 Aegy.
1777 2381 1870 2412 audit
1885 2380 2035 2412 Memno-

1168 2445 1242 2468 nem
1264 2436 1348 2467 hora
1370 2435 1388 2466 I
1409 2443 1465 2474 pr.
1488 2434 1564 2466 Idus
1585 2434 1689 2466 Mart.
1715 2435 1744 2464 et
1765 2429 1942 2462 honoravit
1962 2437 2036 2460 eum

1168 2478 1314 2518 v’ersibus
1329 2484 1465 2517 Graecis
1488 2483 1578 2524 infra
1592 2482 1742 2523 scriptis:
1767 2475 1940 2522 Φθέγξαο
1955 2477 2036 2510 Λα-

1170 2534 1298 2575 τοίδα,
1323 2531 1394 2567 σὸν
1417 2532 1490 2580 γὰρ
1511 2534 1628 2579 μέρος
1651 2525 1724 2563 (ἴδε
1751 2527 1936 2572 κάθηται,
1961 2527 2036 2560 Μέ-

1170 2596 1292 2630 μνων,
1317 2581 1488 2617 ἀκτεῖσιν
1510 2580 1749 2625 βαλλόμενος
1765 2582 1949 2623 πυριναΐς.
1975 2578 2034 2611 Cu·

1170 2640 1266 2670 rante
1291 2636 1322 2668 T
1340 2635 1430 2667 Actio
1452 2635 1551 2667 Musa
1569 2633 1678 2674 praef.
1704 2633 1772 2665 coh.
1795 2626 1838 2665 ΓΙ
1864 2630 2034 2663 Thebae-or.

1171 2688 1364 2727 Imaginem
1388 2685 1464 2717 eius
1487 2683 1630 2716 exhibet
1652 2684 1732 2715 Leti
1735 2691 1825 2715 onne
1842 2681 1971 2715 Recuetl
1984 2680 2039 2710 des

1169 2739 1271 2770 inser.
1310 2736 1348 2767 de
1381 2727 1532 2775 l'Eyypte
1565 2733 1649 2765 Tab.
1675 2733 1744 2765 XII.
1787 2732 1837 2765 Cf.
1868 2729 2038 2772 imprimis

1173 2787 1385 2827 Description
1414 2785 1452 2817 de
1474 2777 1635 2825 l‘Eyypte.
1660 2784 1756 2816 Paris
1780 2786 1875 2817 1821.
1901 2790 1934 2823 p.
1961 2779 2035 2811 ⁴85.

1171 2837 1367 2871 Wilkinson
1381 2834 1596 2876 Topoyraphy
1609 2833 1647 2875 of
1654 2833 1778 2865 Thebes.
1792 2832 1927 2864 London
1941 2830 2036 2861 1835.

1174 2897 1207 2930 p.
1227 2887 1288 2926 37,
1314 2887 1374 2927 qui
1397 2894 1479 2917 cum
1502 2884 1688 2916 artificium
1704 2882 1787 2915 illud
1803 2879 2039 2924 repetendum

1173 2937 1351 2975 curasset,
1375 2933 1511 2967 Arabes
1535 2933 1580 2965 ad
1598 2934 1735 2966 statuae
1750 2932 1851 2965 basin
1869 2930 2039 2962 adsisten-

1173 2984 1227 3014 tes
1257 2989 1296 3012 se
1325 2979 1478 3011 sonitum
1508 2977 1600 3010 aeris
1630 2977 1788 3019 percussi
1812 2974 1951 3007 audisse
1977 2981 2038 3004 ex-

1174 3029 1380 3064 clamarunt.
1420 3046 1456 3051 —
1493 3026 1660 3068 disiectas]
1699 3027 1805 3058 vento
1839 3024 2036 3064 dispersas,

1174 3080 1353 3122 Fluysand
1371 3079 1494 3119 Auget
1497 3078 1551 3110 his
1569 3077 1732 3125 epithetis
1747 3075 1798 3107 rei
1814 3072 2036 3112 miraculum,

1175 3133 1209 3164 in
1237 3129 1310 3163 solo
1341 3131 1414 3162 tam
1444 3127 1596 3160 instabili
1619 3126 1721 3159 educi
1751 3125 1907 3167 potuisse
1931 3124 2040 3157 instar

1175 3180 1346 3213 montium
1369 3177 1592 3221 pyramidas,
1618 3184 1767 3218 quarum
1791 3183 1873 3216 pars
1896 3182 1934 3206 re
1954 3182 2038 3206 vera

1175 3239 1344 3264 successu
1365 3229 1535 3270 temporis
1558 3228 1674 3259 arenis
1697 3226 1786 3257 tecta
1813 3226 1878 3257 est.
1905 3242 1940 3248 -
1973 3234 2040 3266 py-

1172 3279 1327 3320 ramides]
1358 3278 1409 3311 Cf.
1434 3277 1563 3311 Herod.
1588 3278 1621 3315 2,
1651 3274 1725 3307 424.
1759 3274 1901 3307 Diodor.
1927 3275 1958 3314 t,
1984 3275 2037 3308 63.

1175 3330 1299 3364 Strabo
1322 3331 1375 3369 47,
1400 3338 1435 3371 p.
1453 3329 1528 3361 807.
1550 3344 1585 3350 —
1611 3327 1768 3365 lacusque
1790 3326 1908 3367 effossa
1929 3325 2037 3366 humo]

1174 3381 1291 3414 lacum
1325 3379 1488 3413 Moeridis
1524 3378 1558 3409 et
1591 3374 1734 3408 similes.
1774 3375 1824 3408 Cf.
1852 3375 1980 3408 Herod.
2004 3375 2037 3414 2,

1177 3430 1257 3465 ⁴49:
1287 3428 1357 3463 τοῦ
1387 3427 1427 3461 δὲ
1451 3425 1684 3473 λαβυρίνθου
1706 3423 1822 3469 θῶμα
1846 3422 1903 3459 ο«ἔτι
1924 3426 2039 3469 μέζον
