2254 3770
292 255 374 299 552

293 376 345 406 ea
382 362 587 407 caedibus
626 361 812 420 peractis
854 360 1038 405 ludibria
1067 361 1371 406 adiciebantur.

768 257 814 300 P.
847 227 1099 301 coRNELn
1128 256 1299 300 TAcm
1329 255 1598 301 ANNALIUM

1433 361 1515 419 (42)
1544 361 1721 406 Publius
1752 361 1912 413 Gallus,
1944 374 2080 420 eques

292 440 519 489 Romanus,
552 437 668 495 quod
699 436 858 480 Faenio
888 437 994 481 Rufo
1023 437 1194 480 intimus
1224 443 1266 481 et
1294 437 1435 481 Veteri
1466 451 1551 481 non
1581 437 1746 482 alienus
1775 438 1932 489 fuerat,
1969 450 2081 496 aqua

293 519 422 571 atque
461 512 546 569 igni
582 499 821 570 prohibitus
857 518 933 556 est.
979 511 1131 556 liberto
1163 519 1206 556 et
1234 513 1473 556 accusatori
1502 513 1741 571 praemium
1771 526 1930 572 operae
1959 511 2081 558 locus

294 589 335 632 in
365 589 530 632 theatro
562 588 670 631 inter
699 587 886 631 viatores
915 587 1166 632 tribunicios
1195 586 1332 631 datur.
1375 595 1417 631 et
1445 588 1623 640 mensis,
1655 589 1728 647 qui
1759 588 1945 647 Aprilem
1976 601 2082 632 eun-

262 677 281 707 5
294 664 482 722 demque
501 664 744 707 Neroneum
765 662 1039 721 sequebatur,
1065 663 1199 707 Maius
1220 663 1404 715 Claudii,
1435 664 1581 707 Iunius
1602 663 1842 708 Germanici
1862 662 2081 708 vocabulis

293 747 519 791 mutantur,
551 738 804 784 testificante
826 738 1024 783 Cornelio
1046 738 1193 790 Orfito,
1226 739 1299 797 qui
1323 738 1366 782 id
1388 746 1625 791 censuerat,
1660 739 1755 783 ideo
1776 739 1943 783 lunium
1962 752 2081 783 men-

294 830 387 860 sem
416 815 734 866 transmissum,
767 814 869 872 quia
900 814 987 858 duo
1017 814 1100 858 iam
1121 814 1324 873 Torquati,
1351 814 1406 859 ob
1437 813 1601 858 scelera
1627 814 1834 858 interfecti
1854 815 2081 860 infaustum

293 905 449 935 nomen
480 891 647 934 Iunium
678 890 890 934 fecissent.

408 966 489 1023 (43)
521 968 598 1010 Tot
626 965 886 1010 facinoribus
917 965 1090 1010 foedum
1120 979 1276 1008 annum
1298 965 1423 1009 etiam
1444 965 1486 1008 di
1513 965 1837 1024 tempestatibus
1858 971 1901 1009 et
1921 964 2082 1009 morbis

244 1042 564 1100 ioinsignivere.
596 1047 759 1085 vastata
780 1041 1012 1099 Campania
1039 1040 1208 1084 turbine
1230 1047 1474 1092 ventorum,
1507 1041 1579 1099 qui
1599 1040 1720 1084 villas
1741 1040 1913 1084 arbusta
1939 1039 2083 1098 fruges

293 1117 454 1176 passim
487 1117 656 1161 disiecit
684 1116 944 1175 pertulitque
964 1116 1209 1160 violentiam
1229 1116 1283 1160 ad
1303 1116 1442 1161 vicina
1462 1116 1580 1169 urbi;
1611 1116 1654 1159 in
1674 1130 1760 1174 qua
1779 1129 1906 1159 omne
1926 1121 2083 1160 morta-

293 1193 397 1236 lium
428 1199 564 1250 genus
593 1193 658 1236 vis
688 1192 957 1251 pestilentiae
987 1191 1346 1249 depopulabatur,
1387 1191 1502 1235 nulla
1531 1191 1639 1236 caeli
1670 1191 1939 1249 intemperie.
1970 1204 2083 1249 quae

294 1275 542 1313 occurreret
569 1267 717 1312 oculis.
748 1267 826 1312 sed
852 1267 1006 1311 domus
1028 1267 1281 1326 corporibus
1302 1267 1526 1318 exanimis,
1559 1267 1708 1311 itinera
1728 1265 1947 1310 funeribus
1967 1278 2084 1310 com:

293 1344 532 1403 plebantur.
573 1358 660 1388 non
690 1357 837 1394 sexus,
871 1357 953 1387 non
986 1350 1103 1387 aetas
1134 1342 1325 1401 periculo
1358 1356 1504 1387 vacua.
1551 1342 1722 1387 servitia
1751 1341 1931 1401 perinde
1951 1347 1995 1386 et
2021 1341 2084 1385 in-

244 1431 281 1461 is
295 1434 435 1479 genua
465 1419 615 1478 plebes
646 1419 799 1476 raptim
830 1418 1035 1477 extingui,
1069 1419 1178 1463 inter
1207 1418 1434 1476 coniugum
1456 1425 1498 1462 et
1524 1417 1758 1462 liberorum
1777 1417 1976 1469 lamenta,
2009 1417 2081 1475 qui

294 1495 397 1540 dum
434 1494 642 1547 assident,
682 1494 784 1538 dum
823 1493 1002 1546 deflent,
1045 1507 1177 1552 saepe
1207 1493 1360 1538 eodem
1401 1507 1506 1551 rogo
1537 1493 1846 1538 cremabantur.
1891 1492 2084 1551 equitum

357 1668 388 1702 2.
414 1668 538 1701 Faenio
565 1675 651 1700 nos:
682 1667 770 1708 senio
800 1667 845 1700 M.
877 1666 964 1699 Vide
995 1666 1040 1699 ad
1070 1675 1104 1709 p.
1130 1665 1206 1706 407,
1230 1667 1262 1699 5.
1291 1684 1326 1690 -
1356 1665 1388 1699 3.
1409 1667 1577 1707 premium
1599 1674 1695 1707 opere
1717 1666 1750 1699 M
1777 1682 1810 1688 —
1837 1663 1870 1698 4.
1894 1672 2082 1698 menses--

291 1724 514 1766 sequebantur
537 1723 752 1766 Nipperdey.
773 1741 807 1747 —
835 1723 867 1756 6.
892 1722 1025 1755 Iunium
1040 1722 1195 1765 Lipsius:
1221 1723 1372 1755 iunctum
1388 1723 1419 1756 M
1439 1740 1471 1747 -—
1501 1722 1532 1755 9.
1556 1718 1636 1768 fedi}
1656 1730 1818 1754 maurium
1840 1721 1892 1762 M,
1917 1729 1988 1754 non
2009 1720 2084 1762 fao—
2122 1713 2127 1718 '

292 1782 372 1814 dum
394 1781 429 1813 in
452 1789 594 1821 armum,
619 1781 659 1812 ut
681 1780 846 1812 narratur
868 1778 963 1821 apud
984 1779 1195 1812 Bekkerum.
1218 1797 1250 1802 -
1278 1779 1324 1811 dii
1348 1779 1379 1811 M
1407 1796 1440 1802 -
1468 1779 1520 1811 44.
1545 1778 1657 1810 vicina
1677 1777 1754 1811 urbi
1778 1777 1855 1810 cod.
1882 1776 2082 1820 Agricolae:

292 1838 406 1871 uienia
426 1837 502 1870 urbi
518 1837 570 1877 M;
594 1837 726 1870 moenia
749 1835 841 1868 urbis
856 1834 924 1868 alii.
951 1835 1003 1870 Cf.
1020 1836 1054 1877 2,
1073 1834 1126 1869 64.
1152 1834 1184 1875 4,
1202 1834 1255 1868 74.
1282 1835 1368 1869 Hist.
1387 1834 1420 1876 4,
1437 1834 1491 1868 46.
1513 1852 1547 1858 —
1575 1834 1627 1867 43.
1653 1837 1804 1867 occurret
1826 1835 1870 1867 M.

290 2001 510 2035 terveniente
540 2000 746 2033 centurione
777 2001 879 2042 puta,
909 2000 970 2041 qui
993 1999 1121 2032 missus
1144 2007 1163 2031 a

290 2053 450 2095 principe
482 2060 562 2084 eam
592 2049 855 2092 praescriberet
879 2049 933 2083 vel
958 2051 1064 2082 etiam
1087 2050 1163 2091 ipse

292 2103 558 2145 exsequeretur.
585 2100 635 2134 Cf.
663 2101 716 2142 45,
736 2101 788 2133 47.
816 2100 867 2133 Ad
888 2101 1101 2134 sententiam
1117 2099 1162 2133 cf.

292 2154 345 2194 44,
372 2153 410 2186 3:
442 2153 582 2185 liberum
607 2153 725 2185 mortis
747 2151 928 2184 arbitrium
950 2152 979 2184 ei
999 2152 1162 2192 permisit.

291 2204 345 2242 45,
364 2203 423 2235 6οῑ
449 2212 517 2235 non
539 2203 621 2235 illud
644 2202 738 2234 breve
759 2202 876 2234 mortis
892 2202 1072 2235 arbitrium
1085 2210 1164 2242 per-

290 2255 444 2287 mitteret.
471 2254 523 2293 46,
542 2253 601 2286 33;
631 2254 792 2285 Thraseae
814 2253 1009 2294 Soranoque
1031 2255 1062 2284 et
1083 2253 1164 2284 Ser-

289 2304 390 2337 viliae
412 2305 514 2336 datur
534 2303 653 2336 mortis
674 2303 864 2336 arbitrium.
889 2321 923 2326 —
951 2312 991 2335 ea
1014 2302 1166 2335 caedibus

289 2354 434 2395 peractis
448 2353 595 2386 ludibria
610 2353 852 2395 adiciebantur]
873 2353 924 2386 Cf.
945 2352 997 2393 44,
1015 2353 1057 2386 59
1074 2354 1161 2385 extr.

335 2454 388 2487 42.
413 2454 537 2487 Faenio
559 2452 655 2494 Rufo]
685 2452 736 2486 Cf.
763 2453 817 2492 45,
843 2452 885 2486 50
909 2461 988 2494 sqq.
1018 2471 1053 2476 —
1077 2453 1165 2485 inter

289 2505 435 2538 viatores
457 2501 666 2544 tribunicios]
696 2503 757 2544 qui
788 2503 970 2545 spectasse
998 2502 1164 2535 videntur

291 2564 361 2588 non
385 2554 552 2587 abiuncto
583 2562 601 2585 a
632 2552 782 2585 tribunis
812 2552 889 2585 loco
915 2554 1045 2595 (utique
1070 2561 1162 2595 pone

291 2607 378 2645 eos),
395 2606 444 2637 uti
461 2604 507 2637 ad
524 2603 697 2645 obsequia
715 2612 888 2645 apparere
906 2605 1063 2645 possent.
1090 2604 1163 2636 Hoc

291 2657 409 2688 'autem
433 2647 526 2687 int'er
547 2654 725 2696 praemia,
758 2654 841 2694 quia
865 2653 1027 2686 tribunos
1049 2653 1163 2686 hone-

291 2706 446 2740 stissimo
480 2704 557 2737 loco
593 2704 775 2746 spectasse
810 2702 865 2736 vel
895 2704 976 2736 hinc
1007 2702 1160 2745 colligas,

291 2756 387 2799 quod
410 2754 495 2788 Iulio
513 2755 655 2788 Caesari
679 2754 770 2787 inter
792 2754 946 2788 honores
964 2754 1161 2794 decretum,

290 2809 328 2839 ut
349 2814 474 2846 semper
495 2805 576 2837 sella
592 2804 702 2836 curuli
717 2804 858 2843 sederet,
884 2807 1020 2845 eoecepto
1030 2813 1094 2845 per
1116 2804 1165 2836 lu-

291 2857 358 2889 dos.
387 2856 467 2888 Tum
489 2855 575 2887 enim
597 2854 694 2886 sessio
709 2854 738 2886 ei
757 2854 791 2886 in
808 2853 986 2886 tribunicio
1002 2854 1163 2894 subsellio,

290 2906 378 2938 inter
398 2914 469 2945 eos,
495 2905 552 2945 qui
569 2912 698 2945 quoque
713 2913 802 2936 anno
819 2898 942 2936 tribuni
957 2907 1071 2944 essent,
1090 2913 1165 2936 con—

290 2956 482 2989 cedebatur..
516 2955 579 2988 Dio
603 2953 664 2993 44,
690 2954 722 2987 4.
760 2952 925 2996 Itemque
945 2955 1069 2996 postea
1092 2955 1164 2986 Au-

291 3007 407 3048 gusto,
431 3009 470 3038 ut
490 3006 526 3037 in
547 3004 706 3037 subselliis
727 3003 938 3036 tribunorum
957 3004 1061 3045 plebis
1075 3005 1166 3036 sede-

291 3059 353 3089 ret.
371 3056 435 3089 Dio
447 3055 500 3095 49,
518 3055 570 3087 45.
589 3055 675 3087 Lips.
694 3072 728 3076 —
748 3054 950 3096 eundemque
964 3053 1164 3096 Neroneum]

293 3107 344 3141 Cf.
372 3108 424 3147 45,
451 3106 505 3140 74.
535 3124 570 3130 -
598 3106 762 3139 Claudii·
779 3105 979 3147 Germanici]
1005 3107 1091 3138 Nam
1116 3106 1166 3138 in-

293 3161 432 3200 tegrum
462 3157 611 3190 Neronis
641 3164 774 3189 nomen
798 3157 874 3188 erat
898 3156 985 3188 Nero
1009 3156 1168 3189 Claudius

294 3209 420 3242 Caesar
441 3207 609 3249 Augustus
632 3206 859 3239 Germanicus
889 3223 924 3228 ——
961 3205 1164 3248 testificante]

295 3257 454 3290 «Scilicet
476 3258 509 3289 in
534 3256 809 3295 commentariis,
834 3254 929 3288 unde
953 3255 1043 3288 haec
1067 3256 1166 3288 Taci-

294 3311 351 3342 tus
368 3307 517 3340 hausit.»
542 3307 684 3340 WAL'm.
709 3307 823 3339 Immo
842 3305 878 3338 in
893 3307 1031 3345 senatu,
1056 3306 1095 3338 ut
1111 3306 1164 3346 42,

294 3358 333 3390 7:
359 3358 457 3390 Haud
479 3357 626 3399 defuere,
659 3356 717 3397 qui
738 3357 908 3395 certatim,
939 3355 966 3387 si
989 3358 1166 3387 cunctare-

295 3411 351 3441 tur
374 3408 508 3448 Caesar,
532 3407 567 3440 vi
583 3409 725 3440 acturos
739 3405 947 3439 testificantes
962 3406 1030 3438 cet.
1055 3405 1166 3438 Nimi-

1213 2006 1293 2031 rum
1317 1999 1456 2037 Tacitus
1479 1997 1674 2031 memoriae
1697 1996 1838 2030 tradere
1854 1995 1963 2030 voluit
1976 1995 2083 2030 vilem

1214 2047 1452 2082 adulationem
1476 2049 1583 2081 etiam
1605 2049 1669 2080 viri
1693 2049 1766 2081 tam
1788 2047 1949 2087 illustris,
1975 2055 2083 2090 quam

1214 2099 1327 2132 fuerat
1350 2099 1499 2138 Orfitus,
1525 2099 1645 2140 utpote
1670 2098 1749 2139 qui,
1774 2098 1861 2131 dum
1883 2098 1974 2130 haec
1997 2105 2084 2130 cen-

1214 2150 1280 2189 set,
1305 2148 1507 2182 huiusmodi
1531 2157 1674 2181 causam
1695 2147 1814 2180 aboliti
1831 2148 1981 2181 nominis
1997 2148 2083 2181 lunii

1214 2199 1348 2232 mensis
1372 2197 1538 2231 attulerit.
1563 2217 1597 2222 --
1625 2198 1775 2231 Cornelio
1799 2197 1914 2240 Orfito]
1938 2196 2084 2230 consule

1214 2259 1246 2282 a.
1265 2249 1342 2282 804.
1369 2249 1420 2282 Cf.
1438 2249 1492 2287 ⁴2,
1510 2249 1564 2282 44.
1583 2266 1619 2271 -
1638 2248 1879 2290 transmissum]
1897 2248 2082 2288 omissum,

1213 2299 1249 2331 in
1274 2299 1382 2332 Fastis
1406 2299 1636 2341 praeteritum
1660 2300 1766 2341 atque
1790 2297 1956 2331 oblivioni
1980 2297 2086 2331 tradi-

1213 2352 1289 2382 tum
1312 2350 1347 2381 in
1370 2349 1488 2382 Iuniae
1513 2350 1626 2390 gentis
1650 2348 1820 2389 dedecus,
1846 2349 2034 2391 postquam
2051 2349 2083 2382 ei

1213 2399 1444 2433 substitutum
1467 2402 1542 2432 erat
1565 2400 1756 2433 Germanici
1779 2407 1922 2432 nomen.
1957 2392 2085 2434 Simil'u

1213 2451 1347 2483 insania
1365 2450 1550 2483 Commodi
1575 2452 1665 2483 teste
1683 2449 1883 2492 Lampridio
1899 2449 1941 2490 Il,
1958 2458 1994 2492 p.
2008 2449 2083 2482 505.

1214 2502 1342 2534 Hack.:
1377 2502 1504 2535 Menses
1534 2510 1664 2542 quoque
1693 2501 1728 2534 in
1755 2501 1911 2533 honorem
1933 2501 2004 2534 eius
2021 2508 2087 2541 pro

1212 2552 1359 2593 Augusto
1383 2551 1633 2591 commodum,
1656 2561 1720 2592 pro
1743 2550 1925 2592 Septembri
1947 2550 2085 2583 Hercu-

1214 2600 1302 2640 lem,
1336 2610 1401 2642 pro
1431 2601 1562 2634 Octobri
1590 2601 1785 2640 Invictum,
1815 2609 1881 2642 pro
1909 2599 2087 2634 Novembri·

1214 2652 1542 2693 Exsuperatorium,
1573 2660 1638 2692 pro
1661 2651 1833 2684 Decembri
1856 2650 2084 2683 Amazonium

1212 2710 1257 2735 ex
1287 2704 1380 2744 siano
1408 2703 1510 2742 ipsius
1539 2702 1732 2734 adulatores
1759 2700 1936 2734 vocabant.
1970 2701 2085 2742 Atque

1213 2753 1378 2793 superest
1400 2750 1537 2791 titulus,
1571 2752 1628 2785 cui
1660 2751 1867 2794 inscriptum
1893 2774 1901 2781 .
1924 2776 1931 2782 .
1953 2775 1960 2783 .
1984 2750 2088 2783 IDVS

1214 2801 1471 2842 GOMMODAS,
1509 2803 1638 2835 Inscrr.
1664 2802 1751 2836 Latt.
1783 2810 1818 2833 n.
1846 2799 1921 2834 884.
1954 2818 1989 2824 —-
2021 2799 2086 2832 duo

1212 2853 1284 2884 iam
1301 2852 1473 2895 Torquati]
1496 2853 1584 2885 lunii
1608 2851 1712 2885 Silani
1735 2851 1918 2894 Torquati,
1944 2849 1990 2884 de
2006 2850 2086 2893 qui·

1214 2901 1282 2935 bus
1308 2903 1360 2942 45,
1386 2903 1427 2935 35
1452 2903 1488 2935 et
1510 2903 1564 2942 46,
1589 2902 1621 2935 8.

1262 3004 1314 3037 43.
1339 3003 1390 3035 vis
1406 3003 1624 3044 pestilentiae]
1647 3001 1795 3034 Videtur
1817 3001 1924 3034 fuisse
1943 2998 2087 3033 cholera

1216 3053 1382 3095 morbus,
1414 3061 1522 3095 quem
1551 3053 1602 3087 sic
1625 3051 1794 3085 describit
1816 3052 1986 3084 Aretaeus
2008 3049 2083 3083 Lib.

1216 3106 1247 3144 2,
1274 3105 1293 3137 5
1318 3103 1375 3137 ed.
1400 3103 1583 3136 Boerhave
1609 3111 1643 3145 p.
1663 3103 1722 3135 ⁴7:
1747 3098 1795 3134 Ἡ
1812 3099 1953 3146 χολέρη
1976 3098 2087 3134 παλι-

1215 3150 1358 3200 νορσός
1392 3152 1475 3186 ἐστι
1507 3149 1612 3198 φορὴ
1643 3149 1713 3195 τῆς
1747 3147 1841 3194 ὕλης
1867 3150 1936 3194 τῆς
1965 3149 2006 3183 ἐν
2033 3147 2085 3194 τῷ

1216 3204 1327 3236 παντὶ
1357 3202 1396 3244 ἐς
1428 3199 1495 3235 τὸν
1527 3198 1728 3245 στόμαχον
1758 3201 1823 3234 καὶ
1845 3197 1915 3243 τὴν
1935 3197 2087 3243 κοιλίην

1216 3251 1344 3286 καὶτὰ
1358 3249 1504 3300 ἔντερα,
1530 3249 1762 3294 ὀξύτατον
1785 3247 1951 3284 κακόν·
1969 3268 2022 3276 --
2037 3245 2086 3292 ἢν

1216 3302 1257 3337 δὲ
1279 3303 1319 3345 ἐς
1341 3300 1518 3346 τελευτὴν
1542 3297 1618 3350 ἥκῃ
1641 3299 1686 3335 τὸ
1709 3297 1843 3342 κακόν,
1867 3295 1964 3347 ἀτὰρ
1987 3297 2089 3347 ἱδροῖ

1217 3349 1426 3402 ὥνθρωπος
1441 3363 1448 3369 ·
1467 3373 1486 3379 -
1498 3372 1518 3379 -
1532 3349 1699 3396 ἀφωνίη,
1724 3350 1898 3395 σφυγμοὶ
1921 3347 2085 3397 σμικρό-

1215 3414 1325 3438 τατοι
1347 3404 1412 3438 καὶ
1435 3401 1679 3444 numerator,
1703 3398 1842 3435 ὁκόσοι
1863 3399 1925 3434 ἐπὶ
1943 3397 2084 3445 ξυγκο-
