2254 3770
282 294 366 340 250

761 299 807 342 Ρ.
839 296 1090 342 CORNELII
1119 296 1290 342 TACITI
1318 296 1587 342 ANNALIUM

281 402 406 455 toria,
438 403 726 463 eloquentiae,
759 402 900 462 quaad
930 403 1050 452 vixit,
1082 402 1343 447 celebratae:
1374 402 1632 447 monimenta
1660 403 1800 462 ingeni
1833 404 1926 448 eius
1957 403 2072 448 haud

279 478 460 535 perinde
490 480 736 524 retinentur.
768 478 930 524 scilicet
958 479 1121 537 impetu
1150 478 1284 536 magis
1315 491 1443 536 quam
1465 491 1569 522 cura
1586 478 1778 536 vigebat;
1807 485 1942 538 utque
1965 479 2070 524 alio—

281 567 376 598 rum
413 554 630 599 meditatio
670 561 712 599 et
748 554 870 599 labor
908 555 950 598 in
985 561 1205 613 posterum
1234 553 1426 605 valescit,
1470 553 1534 598 sic
1562 554 1719 598 Haterii
1749 568 1954 599 canorum
1981 554 2074 599 illut

282 634 326 673 et
354 628 573 687 profluens
604 644 704 675 cum
734 630 828 688 ipso
860 630 983 674 simul
1016 630 1245 674 extinctum
1277 635 1354 673 est.

395 705 476 761 (62)
521 706 573 748 Μ.
603 705 763 749 Licinio
802 707 845 749 L.
878 705 1107 763 Calpurnio
1147 706 1232 749 οδε.
1263 705 1498 761 ingentium
1537 704 1746 749 bellorum
1787 705 1955 750 cladem
1999 719 2073 750 ae·-

282 779 429 837 quavit
456 779 615 823 malum
645 781 922 839 inprovisum.
955 782 1048 825 eius
1080 781 1242 824 initium
1273 780 1396 824 simul
1418 787 1460 823 et
1480 780 1576 825 finis
1599 781 1767 826 exstitit.
1799 795 1898 825 nam
1919 787 2072 839 coepto

280 854 396 912 apud
434 855 640 899 Fidenam
675 856 984 914 amphitheatro
1014 856 1162 900 Atilius
1193 856 1367 914 quidam
1406 855 1590 903 libertini
1622 857 1810 914 generis,
1856 871 1944 915 quo
1974 870 2073 915 spe-

282 929 492 974 ctaculum
528 930 810 988 gladiatorum
848 932 1107 982 celebraret,
1151 946 1293 990 neque
1335 931 1608 976 fundamenta
1648 946 1726 990 per
1755 931 1940 975 solidum
1970 931 2074 976 sub-

281 1004 406 1055 didit,
438 1020 581 1065 neque
610 1005 744 1055 firmis
774 1007 955 1051 nexibus
985 1007 1168 1065 ligneam
1199 1021 1451 1065 compagem
1480 1008 1780 1065 superstruxit,
1812 1014 1859 1051 ut
1884 1007 1957 1066 qui
1986 1021 2074 1051 non

232 1092 267 1123 io
281 1079 542 1125 abundantia
561 1082 770 1140 pecuniae
791 1097 873 1127 nec
892 1083 1136 1141 municipali
1158 1083 1399 1131 ambitione,
1423 1082 1502 1126 sed
1523 1083 1564 1125 in
1585 1082 1804 1127 sordidam
1827 1083 2074 1128 mercedem

279 1155 323 1199 id
351 1157 572 1214 negotium
592 1159 889 1216 quaesivisset.
921 1158 1141 1202 adfluxere
1163 1158 1275 1201 avidi
1298 1157 1459 1208 talium,
1493 1158 1760 1216 imperitante
1783 1158 1951 1203 Tiberio
1973 1172 2075 1216 pro-

279 1230 350 1276 cul
384 1231 671 1290 voluptatibus
709 1232 865 1283 habiti,
895 1233 1016 1277 virile
1047 1248 1098 1278 ac
1127 1233 1338 1277 muliebre
1368 1247 1515 1283 secus,
1547 1234 1685 1277 omnis
1715 1240 1853 1284 aetas,
1886 1234 1943 1278 ob
1972 1248 2075 1292 pro-

279 1307 561 1366 pinquitatem
589 1307 673 1352 loci
704 1308 904 1361 effusius3
943 1309 1057 1353 unde
1091 1309 1261 1366 gravior
1288 1309 1422 1367 pestis
1452 1309 1544 1358 fuit,
1587 1309 1775 1353 conferta
1804 1308 1932 1360 mole,
1974 1309 2075 1354 dein

281 1382 502 1435 convulsa,
544 1383 646 1427 dum
685 1384 769 1428 ruit
805 1385 917 1428 intus
948 1391 1020 1428 aut
1058 1385 1100 1428 in
1132 1385 1345 1428 exteriora
1374 1383 1604 1428 effunditur
1633 1384 1959 1443 inmensamque
1988 1385 2075 1429 vim

231 1468 268 1498 ⁴5
281 1458 541 1511 mortalium,
574 1460 820 1518 spectaculo
851 1460 1034 1504 intentos
1065 1466 1137 1504 aut
1157 1461 1230 1519 qui
1254 1461 1414 1504 circum
1439 1460 1683 1510 adstabant,
1716 1474 1927 1518 praeceps
1949 1461 2075 1505 trahit

346 1563 377 1595 4.
404 1562 517 1603 quaad
538 1571 592 1604 pr.
618 1563 670 1596 M:
696 1563 808 1604 quoad
831 1571 924 1596 corr.
950 1564 993 1597 M.
1021 1563 1072 1597 Cf.
1100 1564 1131 1603 6,
1157 1564 1211 1596 54.
1237 1563 1324 1596 Vide
1350 1564 1454 1596 Henr.
1480 1562 1630 1595 Keilium
1654 1563 1743 1596 Obss.
1768 1563 1855 1596 criti.
1881 1563 1918 1596 in
1940 1563 2076 1597 Catonis

279 1621 311 1652 et
337 1619 497 1652 Varronis
519 1620 558 1652 de
579 1628 617 1652 re
637 1622 722 1654 rust.
747 1619 847 1652 libros
869 1628 905 1661 p.
924 1619 965 1652 39
990 1621 1025 1653 et
1049 1619 1224 1653 Cardinali
1246 1620 1393 1660 Diplomi
1415 1620 1583 1660 imperiali
1605 1628 1640 1662 p.
1659 1620 1712 1653 23.
1732 1637 1768 1643 —
1796 1620 1828 1653 3.
1852 1620 1927 1653 illut
1948 1629 2001 1663 pr.
2018 1621 2071 1655 M:

279 1675 362 1708 illud
385 1684 477 1708 corr.
502 1676 536 1709 M
561 1694 597 1699 —
632 1675 664 1708 7.
690 1673 935 1717 amphitheatri]
959 1677 992 1710 M
1017 1694 1053 1700 —
1082 1677 1115 1710 8.
1140 1676 1366 1719 gladiatorem
1388 1685 1442 1718 pr.
1468 1677 1501 1710 M
1527 1694 1562 1699 —
1590 1676 1643 1709 40.
1668 1676 1896 1710 habundantia
1916 1677 1951 1711 M
1976 1694 2013 1700 —
2038 1677 2074 1710 in

278 1734 449 1766 sordidam
472 1733 653 1766 mercedem
675 1733 848 1766 Pichena:
873 1734 910 1766 in
933 1734 1069 1766 sordida
1090 1734 1238 1766 mercede
1254 1735 1298 1766 M.
1326 1733 1375 1766 Cf.
1398 1735 1451 1775 44,
1470 1734 1506 1766 6:
1532 1734 1567 1766 in
1589 1734 1713 1766 nullius
1733 1734 1926 1767 mercedem.
1952 1735 2070 1766 Germ.

279 1789 341 1824 24:
366 1790 402 1822 in
418 1793 590 1831 quaestum
604 1793 665 1823 aut
684 1791 876 1823 mercedem.
901 1791 982 1833 Agr.
1003 1791 1062 1824 49:
1088 1791 1124 1823 in
1139 1794 1312 1833 quaestum
1327 1794 1476 1832 reperta;
1502 1800 1533 1823 c.
1552 1790 1614 1824 42:
1639 1791 1675 1823 in
1695 1791 1825 1824 nullum
1839 1791 1889 1824 rei
1908 1799 1943 1832 p.
1960 1798 2071 1824 usum.

278 1864 323 1871 -—
352 1846 404 1879 49.
434 1847 530 1879 virile
557 1855 598 1879 ac
619 1846 778 1880 muliebre
805 1856 897 1880 secus
923 1857 976 1890 pr.
1002 1849 1054 1881 M:
1085 1848 1193 1881 virilis
1216 1857 1256 1880 ac
1277 1848 1447 1881 muliebris
1476 1856 1576 1880 sexus
1597 1856 1689 1881 corr.
1714 1849 1748 1881 M
1782 1865 1818 1871 —
1856 1847 1908 1880 43.
1940 1847 2075 1889 οῙῙιιεᾶωε

279 1903 415 1946 Lipsius
427 1912 434 1935 :
460 1904 581 1945 effusus
602 1904 647 1938 M.

279 1991 439 2024 consumi.
457 2008 476 2016 -
487 2008 507 2016 -
518 2010 537 2016 -
551 1992 661 2025 Multa
675 1996 772 2025 erant
786 2001 872 2033 quae
886 1993 1149 2034 reprehenderes,

279 2042 386 2075 multa
417 2050 504 2084 quae
531 2043 729 2083 suspiceres,
765 2053 841 2076 cum
871 2045 1027 2076 torrentis
1055 2045 1152 2076 modo

279 2101 422 2135 magnus
444 2093 575 2134 quidem
596 2094 651 2125 sed
674 2093 824 2126 turbidus
844 2095 980 2136 flueren
1009 2095 1152 2126 redime-

281 2143 339 2175 bat
359 2146 470 2176 tamen
491 2144 575 2175 vitia
589 2143 766 2176 virtutibus
781 2146 812 2176 et
825 2144 899 2183 plus
913 2143 1050 2176 habebat
1066 2145 1153 2185 quod

280 2193 438 2226 laudares
460 2202 561 2234 quam
584 2194 671 2234 quod
699 2194 891 2234 ignosceres.
927 2195 1060 2226 Seneca
1086 2195 1148 2235 Ep.

280 2243 335 2284 40,
361 2245 421 2277 4οε
461 2246 498 2285 Q.
523 2244 654 2276 Haterii
683 2253 834 2285 cursum,
868 2245 934 2276 suis
956 2245 1154 2285 temporibus

282 2294 428 2327 oratoris
457 2294 675 2337 celeberrimi,
708 2295 803 2336 longe
826 2294 936 2327 abesse
958 2295 1000 2326 ab
1024 2295 1154 2328 homine

281 2354 364 2377 sano
378 2344 463 2377 volo.
501 2345 737 2385 Hieronymus
754 2345 789 2376 in
807 2345 936 2377 Chr-on.
955 2344 1000 2376 ad
1016 2353 1047 2377 a.
1068 2345 1149 2377 Chr.

281 2396 324 2428 25
347 2404 381 2437 p.
406 2395 470 2428 449
495 2394 551 2427 ed.
569 2393 746 2427 Roncall.:
774 2396 811 2435 Q.
836 2395 1012 2435 Haterius,
1032 2403 1152 2435 prom-

279 2448 357 2486 ptus
388 2449 419 2477 et
447 2445 622 2485 popularis
655 2449 787 2485 orator,
824 2446 870 2477 ad
901 2446 1153 2487 nonaqesimum

279 2504 383 2536 prope
416 2503 542 2527 annum
575 2495 610 2526 in
639 2503 767 2526 summo
797 2495 920 2527 honore
942 2496 1149 2527 consenescit.

283 2545 336 2578 Cf.
362 2546 393 2584 4,
421 2544 473 2577 43.
499 2546 536 2585 2,
562 2544 616 2577 33.
648 2545 686 2583 3,
714 2545 766 2577 57.
805 2563 838 2568 —
876 2546 965 2577 haud
996 2544 1150 2586 perinde]

282 2596 388 2636 atque
423 2596 518 2633 tum,
544 2603 626 2626 cum
663 2595 815 2634 viveret,
852 2594 897 2627 ab
932 2595 1151 2627 auditoribus

283 2643 555 2677 dilaudabantur
577 2645 652 2676 eius
668 2645 864 2683 orationes;
891 2653 984 2677 nunc
1003 2653 1152 2677 exarue-

282 2696 365 2728 runt
387 2703 505 2736 neque
529 2693 617 2727 ullos
641 2694 793 2727 lectores
817 2696 1010 2736 reperiunt.
1035 2713 1071 2718 -
1097 2704 1152 2727 ca—

281 2755 403 2780 norum
424 2747 497 2778 illut
519 2749 551 2778 et
574 2745 761 2787 profluens]
793 2746 925 2778 Seneca
951 2746 1033 2778 Exc.
1058 2744 1080 2777 l.
1107 2745 1148 2778 l.:

282 2798 379 2830 Solus
406 2797 553 2829 omnium
581 2797 822 2834 Romanorum,
859 2805 940 2836 quos
965 2805 1037 2828 meo
1070 2798 1152 2827 tem-

278 2856 361 2890 pore
382 2848 537 2888 coynovi,
570 2846 604 2878 in
627 2846 784 2878 Latinam
807 2846 958 2887 linquam
982 2845 1154 2877 transtulit

284 2899 449 2931 Graecam
468 2896 674 2937 facilitatem.
700 2895 865 2928 Similiter
889 2897 1012 2928 Cicero
1030 2895 1074 2927 de
1092 2896 1148 2927 Or.

283 2948 315 2988 3,
340 2949 372 2988 7,
397 2947 459 2980 28:
481 2948 651 2988 profluens
673 2947 834 2988 quiddam
856 2946 970 2978 habuit
993 2945 1099 2979 Carbo
1123 2948 1154 2978 et

283 3006 451 3032 sonorum.

328 3099 381 3132 62.
407 3099 454 3131 Μ.
478 3095 617 3138 Licinio]
642 3097 768 3129 Crasso
792 3097 913 3137 Frugi,
940 3095 1010 3128 filio
1034 3097 1078 3130 M.
1101 3097 1153 3129 Li-

284 3149 365 3182 cinii
389 3148 506 3181 Crassi
528 3155 600 3179 cos.
625 3155 657 3178 a.
676 3145 751 3184 740.
778 3148 878 3187 patre
903 3146 1039 3179 Pisonis
1064 3147 1152 3178 Lici-

284 3199 394 3238 niani,
430 3206 540 3239 quem
571 3195 678 3229 Galba
707 3195 901 3237 adoptavit,
939 3196 1026 3228 Hist.
1054 3196 1084 3235 4,
1111 3194 1151 3228 44

285 3258 364 3290 sqq.
385 3266 421 3271 —
446 3248 483 3281 L.
510 3245 706 3288 Calpurnio]
738 3246 881 3284 Pisone,
908 3245 952 3278 de
976 3254 1047 3286 quo
1071 3245 1151 3277 vide

285 3299 317 3337 3,
337 3299 389 3330 47.
402 3316 436 3321 -
455 3297 576 3339 coepto]
595 3296 726 3329 exstrui
743 3294 787 3328 ab
805 3294 923 3333 Atilio;
950 3304 1057 3336 quam
1075 3305 1154 3337 per-

284 3357 387 3380 verse
411 3347 524 3387 finito,
551 3348 712 3380 narratur
734 3346 768 3378 in
785 3344 1026 3386 sequentibus.
1064 3345 1151 3378 Nihil

287 3398 405 3430 autem
441 3406 529 3439 opus
564 3396 855 3438 transpositione,
898 3403 988 3435 quae
1024 3394 1153 3436 placuit

286 3447 459 3482 Ernestio:
474 3447 687 3480 NamAtilius
695 3446 845 3488 quidam,
857 3443 1000 3479 libertini
1010 3445 1151 3487 generis,

1199 1996 1312 2033 coepto
1334 1994 1425 2034 apud
1439 1993 1599 2025 Fidenam
1621 1993 1874 2033 amphitheatro,
1897 2000 1961 2033 quo
1985 1992 2069 2031 cet.;

1199 2047 1311 2084 coepto
1344 2044 1584 2084 amphitheatro
1619 2043 1756 2076 dativus
1789 2043 1843 2076 est
1865 2041 2028 2085 pendens
2050 2050 2071 2074 a

1200 2093 1311 2126 verbo
1326 2094 1478 2125 subdidit.
1505 2111 1540 2116 —
1560 2093 1728 2135 Fidenam]
1754 2093 1861 2134 Magis
1879 2091 2000 2125 solitus
2016 2093 2072 2125 est

1201 2152 1370 2176 numerus
1384 2141 1537 2186 pluralis.
1558 2143 1609 2176 Cf.
1625 2143 1711 2175 Hist.
1727 2142 1757 2182 3,
1773 2142 1826 2175 79.
1846 2142 1966 2175 Horat.
1980 2142 2070 2184 Epp.

1201 2195 1232 2233 4,
1259 2194 1312 2233 44,
1338 2194 1369 2226 8.
1397 2194 1467 2226 Liv.
1492 2194 1532 2232 2,
1559 2193 1612 2225 49.
1638 2193 1782 2224 Sueton.
1808 2191 1883 2224 Tib.
1909 2190 1971 2230 4ος
1997 2192 2073 2224 sin-

1201 2243 1329 2285 gularis
1364 2246 1481 2276 tamen
1518 2243 1624 2276 etiam
1653 2243 1746 2284 apud
1769 2241 1898 2283 Vergil.
1924 2243 2011 2274 Aen.
2037 2241 2070 2281 6,

1201 2294 1275 2326 773.
1298 2293 1355 2326 Sil.
1374 2293 1447 2325 Ital.
1469 2294 1521 2332 45,
1541 2293 1594 2325 94.
1621 2294 1744 2325 Graeci
1761 2301 1903 2334 quoque
1920 2291 2073 2324 ssuctua-

1201 2345 1283 2376 runt
1311 2345 1404 2376 inter
1432 2343 1582 2376 formam
1606 2340 1749 2385 Φιδήνη
1775 2344 1810 2374 et
1832 2339 2003 2384 Φιόῆναι.
2031 2359 2068 2366 -

1200 2395 1507 2435 celebraret]'non
1542 2394 1596 2426 est
1629 2393 1834 2435 simpliciter
1868 2392 2069 2431 «ederet»;

1201 2444 1284 2477 sed:
1304 2446 1363 2476 «ut
1379 2446 1560 2477 exstructo
1577 2442 1796 2484 amplissimo
1812 2442 2072 2484 amphitheatro

1201 2495 1414 2536 temporario
1446 2502 1552 2535 quam
1580 2495 1774 2525 maximum
1800 2494 1922 2534 posset
1944 2500 2073 2525 nume-

1200 2553 1280 2576 rum
1315 2545 1553 2586 spectatorum
1590 2544 1667 2586 (qui
1699 2542 1906 2575 mercedem
1940 2543 1973 2574 ei
2005 2549 2070 2583 pro

1202 2603 1342 2636 quaque
1366 2594 1452 2626 sede
1477 2592 1613 2626 solvere
1636 2592 1832 2634 debebant)
1857 2593 1892 2624 in
1916 2601 1960 2624 eo
1982 2600 2071 2624 con-

1201 2645 1396 2686 gregaret.»
1425 2662 1459 2666 —
1485 2652 1544 2675 nec
1565 2643 1760 2683 municipali
1783 2641 1970 2684 ambitione]
2002 2650 2071 2675 nec

1201 2695 1316 2726 studio
1341 2695 1471 2735 gratiae
1494 2694 1711 2734 municipum
1729 2691 2006 2733 comparandae,
2031 2693 2071 2724 ut

1201 2745 1246 2776 ad
1270 2745 1424 2776 honores
1447 2743 1677 2785 municipales
1705 2743 1981 2784 (duumviratum
2003 2742 2071 2774 iuri

1202 2794 1372 2833 dicundo,
1409 2794 1623 2826 aedilitatem
1658 2792 1739 2833 cet.)
1775 2793 1990 2833 perveniret.
2029 2809 2067 2816 —

1201 2844 1392 2887 adfluxere]
1422 2844 1573 2875 maxime
1598 2852 1640 2875 ex
1664 2842 1769 2880 urbe,
1800 2850 1819 2873 a
1845 2850 1914 2882 qua
1939 2841 2070 2875 Fidena

1201 2904 1272 2927 non
1302 2893 1379 2936 plus
1410 2894 1566 2934 quinque
1591 2892 1684 2925 milia
1709 2900 1878 2933 passuum
1902 2891 2067 2925 distabat.

1203 2962 1239 2967 —
1265 2944 1476 2984 imperitante
1500 2943 1626 2975 Tiberio
1645 2942 1763 2983 procul
1784 2951 1815 2974 υ.
1841 2941 1954 2984 habiti]
1979 2943 2070 2975 Sue-

1203 2996 1273 3026 ton.
1293 2993 1367 3026 Tib.
1386 2993 1447 3026 47:
1472 3001 1576 3033 neque
1597 2991 1785 3032 spectacula
1807 2992 1940 3024 omnino
1955 2992 2067 3032 edidit,

1202 3048 1232 3077 et
1264 3044 1324 3084 iis,
1360 3052 1445 3084 quae
1474 3043 1515 3075 ab
1538 3043 1651 3084 aliquo
1674 3043 1863 3082 ederentur,
1899 3041 2070 3074 rarissime

1200 3094 1365 3134 interfuit,
1398 3102 1438 3126 ne
1468 3093 1547 3134 quid
1577 3095 1818 3133 exposceretur.
1847 3109 1883 3114 —
1909 3091 2007 3124 virile
2027 3100 2069 3124 ae

1199 3144 1356 3177 muliebre
1378 3143 1478 3185 secus]
1510 3143 1604 3175 Haec
1628 3141 1775 3174 formula
1798 3142 1937 3174 nonnisi
1960 3150 2069 3174 accu-

1202 3195 1312 3227 sativo
1344 3202 1445 3233 casu,
1479 3191 1743 3230 adverbialiter,
1776 3193 1977 3233 usurpatur.
2014 3191 2065 3224 Cf.

1203 3246 1288 3277 Hist.
1314 3245 1346 3284 5,
1373 3244 1413 3276 43
1429 3253 1437 3274 :
1456 3243 1698 3276 multitudinem
1720 3241 1938 3280 obsessorum,
1964 3242 2069 3274 omnis

1201 3295 1341 3334 aetatis,
1378 3294 1474 3326 virile
1507 3302 1549 3325 ac
1581 3292 1738 3325 muliebre
1769 3300 1876 3331 secus,
1911 3295 2068 3324 sexcenta

1201 3344 1294 3376 milia
1321 3344 1421 3385 fuisse
1443 3343 1638 3383 accepimus.
1665 3343 1809 3374 Sisenna
1833 3350 1888 3383 ap.
1915 3341 2066 3374 Nonium

1202 3403 1235 3436 p.
1262 3395 1344 3426 222:
1371 3397 1440 3426 tum
1462 3394 1497 3425 in
1519 3401 1616 3425 muro
1632 3392 1730 3424 vim'le
1751 3400 1791 3423 ac
1806 3390 1962 3423 muliebre
1975 3399 2066 3424 secus

1198 3444 1314 3486 populi
1345 3443 1563 3490 multitudine
1586 3442 1676 3475 omni
1704 3441 1888 3474 conlocata.
1924 3440 2062 3475 Sallust.
