2254 3770
789 241 943 286 msa
975 241 1026 287 11.
1085 241 1186 300 cap.
1215 241 1284 286 24.
1313 241 1381 286 25.
1411 242 1479 287 26.

240 349 425 393 amissae
452 353 500 391 ut
525 346 760 391 Germanos
790 346 845 390 ad
865 360 989 406 spem
1007 347 1107 392 belli
1120 382 1129 399 ,

1967 244 2022 287 89

1161 348 1218 392 ita
1239 348 1468 394 Caesarem
1487 350 1543 394 ad
1563 349 1853 394 coercendum
1874 349 2021 393 erexit.

241 424 286 468 C.
317 422 420 468 Silio
457 436 556 467 cum
593 422 761 481 triginta
797 422 1010 480 peditum,
1057 422 1193 467 tribus
1230 425 1423 483 equitum
1459 425 1632 469 milibus
1667 425 1730 468 ire
1769 425 1811 468 in
1851 424 2022 468 Chattos

239 499 437 558 imperat;
481 498 575 556 ipse
613 497 850 541 maioribus
889 499 1024 556 copiis
1066 499 1230 543 Marsos
1268 500 1489 558 inrumpit,
1534 513 1718 559 quorum
1756 500 1843 543 dux
1879 499 2024 543 Mallo-

240 573 406 618 vendus
436 586 575 631 nuper
604 573 646 615 in
667 571 931 616 deditionem
960 579 1163 632 acceptus
1193 575 1436 634 propinquo
1464 575 1562 620 luco
1582 576 1798 619 defossam
1817 575 2023 619 Varianae

238 649 418 707 legionis
449 647 636 707 aquilam
663 647 836 692 modico
857 647 1073 706 praesidio
1094 650 1255 692 servari
1276 649 1445 694 indicat.
1485 651 1618 694 missa
1638 650 1851 710 extemplo
1870 663 2023 694 manus
2036 659 2054 689 5

237 737 352 782 quae
393 723 560 767 hostem
589 737 615 766 a
644 722 780 766 fronte
809 722 1002 774 eliceret,
1045 723 1114 767 alii
1145 724 1219 782 qui
1257 730 1379 783 terga
1414 725 1713 783 circumgressi
1752 725 2025 770 recluderent

239 799 433 851 humum,
464 804 507 842 et
534 798 730 856 utrisque
759 797 892 841 adfuit
910 798 1090 842 fortuna.
1133 812 1186 845 eo
1207 800 1445 857 promptior
1465 801 1624 845 Caesar
1643 801 1782 859 pergit
1801 801 2022 852 introrsus,

237 874 484 933 populatur,
525 872 711 917 excindit
745 886 830 915 non
866 886 1019 916 ausum
1057 874 1262 931 congredi
1301 874 1470 919 hostem
1498 882 1588 924 aut.
1631 876 1768 920 sicubi
1799 877 2022 928 restiterat,

238 950 379 994 statim
414 948 586 1007 pulsum
633 961 715 992 nec
752 962 958 1006 umquam
997 948 1149 1006 magis,
1191 955 1238 992 ut
1267 963 1320 993 ex
1356 951 1534 1008 captivis
1576 952 1792 1009 cognitum
1821 959 1906 1003 est,
1948 965 2024 1010 pa-

237 1031 419 1069 ventem.
468 1024 629 1082 quippe
668 1023 848 1067 invictos
887 1030 930 1066 et
964 1023 1091 1067 nullis
1130 1024 1302 1069 casibus
1342 1025 1611 1084 superabiles
1647 1027 1860 1070 Romanos
1896 1036 2073 1085 prae-10

238 1100 454 1150 dicabant,
499 1100 572 1157 qui
617 1099 785 1157 perdita
824 1098 981 1148 classe,
1028 1099 1196 1143 amissis
1235 1100 1381 1151 armis,
1428 1108 1527 1159 post
1563 1109 1776 1145 constrata
1811 1115 2023 1160 equorum

235 1176 513 1233 virorumque
545 1174 799 1233 corporibus
828 1174 970 1226 litora,
1002 1174 1157 1219 eadem
1186 1175 1357 1226 virtute,
1388 1176 1480 1234 pari
1508 1176 1667 1220 ferocia
1697 1184 1740 1221 et
1768 1177 1883 1221 velut
1909 1178 2023 1221 aucti

235 1263 416 1294 numero
446 1249 717 1308 inrupissent.

778 1250 860 1307 (26)
891 1250 1097 1295 reductus
1127 1250 1228 1294 inde
1258 1250 1299 1293 in
1331 1250 1509 1294 hiberna
1539 1251 1681 1302 miles,
1721 1252 1857 1296 laetus
1895 1253 2022 1296 animi

237 1326 354 1384 quod
383 1325 566 1369 adversa
596 1325 724 1368 maris
744 1325 1016 1382 expeditione
1036 1340 1248 1384 prospera
1269 1327 1549 1384 pensavisset.
1591 1327 1754 1370 addidit
1773 1328 2024 1373 munificen-

236 1402 336 1445 tiam
369 1401 544 1451 Caesar,
577 1407 783 1459 quantum
813 1400 909 1459 quis
940 1400 1081 1444 damni
1112 1402 1333 1459 professus
1362 1408 1472 1456 erat,
1509 1402 1783 1446 exsolvendo.
1831 1417 1913 1447 nec
1942 1403 2022 1447 du·
2035 1411 2073 1442 ⁴⁵

236 1477 355 1520 bium
382 1475 620 1520 habebatur
649 1475 795 1519 labare
825 1476 971 1520 hostes
1001 1477 1301 1536 petendaeque
1331 1478 1450 1536 pacis
1481 1478 1657 1522 consilia
1687 1491 1878 1528 sumere,
1916 1485 1958 1522 et
1986 1479 2023 1522 si

236 1552 430 1610 proxima
466 1558 607 1595 aestas
644 1551 902 1601 adiceretur,
946 1565 1075 1609 posse
1111 1552 1272 1595 bellum
1305 1553 1476 1611 patrari.
1527 1553 1606 1596 sed
1637 1553 1800 1597 crebris
1829 1553 2023 1611 epistulis

238 1627 432 1671 Tiberius
462 1626 677 1677 monebat,
710 1626 869 1670 rediret
898 1627 952 1670 ad
982 1626 1204 1671 decretum
1233 1628 1511 1686 triumphum:
1543 1629 1645 1671 satis
1675 1629 1758 1672 iam
1779 1637 2019 1678 eventuum,

237 1703 339 1747 satis
359 1717 550 1747 casuum.
594 1716 802 1761 prospera
831 1702 888 1745 illi
919 1709 961 1746 et
989 1717 1140 1760 magna
1169 1703 1352 1761 proelia:
1384 1717 1535 1747 eorum
1556 1718 1731 1763 quoque
1760 1704 2023 1748 meminisset

301 1841 334 1874 3.
358 1841 458 1874 mallo
479 1841 606 1874 uenaus
621 1840 754 1883 (priore
770 1841 782 1873 l
796 1842 926 1883 puncto
950 1842 1083 1883 notata,
1108 1842 1186 1875 tort.
1211 1851 1232 1875 a
1255 1843 1367 1884 prima
1384 1843 1507 1885 manu)
1523 1844 1558 1876 Μ
1576 1861 1612 1867 -
1637 1843 1669 1877 4.
1686 1844 1760 1876 luco
1775 1844 1926 1886 Lipsius:
1952 1842 2023 1876 loco

238 1898 272 1931 Μ
298 1915 335 1922 -
360 1899 392 1931 5.
417 1897 567 1939 exemplo
589 1898 623 1931 Μ
648 1914 684 1921 -
711 1898 743 1931 6.
768 1898 900 1940 eliqerct
921 1899 955 1932 Μ
980 1917 1016 1923 -
1054 1899 1107 1932 10.
1132 1899 1277 1932 cassibus
1298 1900 1332 1933 Μ
1365 1917 1401 1924 —-
1428 1899 1482 1933 ⁴3.
1506 1900 1607 1933 hiona
1628 1901 1662 1934 Μ
1683 1901 1844 1942 (hyberna
1867 1900 2019 1943 margo).

235 2022 531 2062 Amsivariorum,
563 2023 653 2055 tueri
676 2022 812 2062 volent,
844 2023 909 2056 sed
938 2033 1045 2065 nuper
1070 2024 1105 2056 in

232 2074 332 2116 fldem
354 2073 479 2113 accepti
501 2081 626 2105 severe
651 2073 687 2105 et
711 2074 852 2115 proprie
876 2073 921 2106 de
945 2082 988 2106 eo
1011 2068 1105 2106 tem-

193 2132 200 2141 ·
236 2131 324 2165 pore
353 2123 620 2165 accipiendum,
654 2131 724 2164 quo
756 2123 901 2156 Romani
930 2124 1021 2156 inter
1042 2125 1106 2156 Vi-

240 2174 373 2214 surgim
397 2175 433 2205 et
454 2172 568 2205 Albim
598 2171 709 2204 altero
740 2172 875 2214 proelio
905 2174 1105 2207 Cheruscos

238 2225 274 2255 et
302 2223 418 2256 socios
447 2223 666 2255 devicerunt.
713 2224 751 2255 ln
784 2217 837 2256 iiis
866 2225 970 2257 sociis
999 2225 1104 2257 etiam

238 2273 430 2313 Angrivarii
448 2273 637 2306 Cheruscis
661 2273 695 2306 in
718 2275 994 2315 septentrionem
1018 2283 1105 2307 con-

236 2323 376 2355 termini
406 2323 487 2355 victi
517 2324 601 2355 sunt
628 2324 664 2355 et
693 2323 855 2356 subiecti.
903 2325 990 2357 Hinc
1018 2326 1105 2357 Ger-

237 2373 397 2405 manicus
433 2373 488 2414 (2,
520 2373 578 2414 4⁴)
614 2374 830 2414 triumphavit
865 2375 905 2406 de
938 2375 1107 2407 Cheruscis

237 2422 428 2464 Chattisque
450 2426 480 2455 et
502 2423 730 2464 Angrivariis,
755 2432 906 2465 quaeque
928 2425 1018 2456 aliae
1039 2435 1105 2457 na-

236 2472 340 2504 tiones
361 2481 465 2514 usque
486 2474 532 2504 ad
552 2473 659 2505 Albim
680 2474 800 2506 colunt.
838 2474 889 2506 Cf.
915 2476 1032 2507 annot.
1059 2475 1103 2507 ad

237 2532 268 2555 c.
294 2523 326 2555 8.
359 2524 490 2555 iiii-rna.
516 2541 561 2547 —-
581 2523 803 2565 interioribus]
836 2523 1014 2564 aliquanto
1044 2534 1104 2557 re-

236 2572 445 2606 motioribus
469 2573 514 2605 ab
539 2582 599 2605 ora
624 2574 820 2611 maritima,
854 2574 898 2606 ad
923 2583 1012 2616 quos
1036 2575 1105 2607 Ro-

237 2623 332 2655 mani
362 2622 454 2655 fame
485 2624 597 2655 coacti
621 2625 682 2655 aut
712 2632 776 2665 per
804 2623 1030 2657 excursiones
1059 2625 1113 2657 ad·

237 2672 317 2706 litus
333 2675 439 2714 atque
462 2672 595 2705 insulas
619 2673 663 2706 ab
689 2674 742 2706 his
763 2674 1104 2707 interioribus-factas

237 2723 422 2763 intercepti
446 2724 506 2755 aut
521 2723 566 2754 ab
582 2723 803 2755 exterioribus
818 2724 1008 2756 venundati
1026 2733 1106 2766 per-

237 2774 422 2805 venerant.
453 2791 487 2795 —
515 2776 666 2805 monstra
693 2773 810 2815 maris]
844 2775 1000 2806 Pertinet
1033 2774 1105 2807 huc

238 2823 412 2864 imprimis
443 2823 594 2855 Pedonis
624 2822 828 2856 Albinovani
859 2824 904 2856 de
934 2824 1000 2857 hac
1027 2825 1104 2866 ipsa

238 2872 460 2914 expeditione
483 2872 582 2906 locus
605 2873 699 2915 apud
722 2874 894 2906 Senecam
912 2875 1041 2907 Suasor
1071 2876 1102 2907 i:

237 2922 341 2954 Nemo
363 2923 560 2954 Latinorum
582 2923 841 2955 declamatorum
865 2923 926 2965 (de
947 2924 1104 2966 Oceano)

234 2972 344 3013 potuit
366 2975 458 3004 tanto
480 2973 601 3012 spiritu
623 2974 747 3012 dicere,
776 2977 901 3013 quanto
922 2974 1023 3014 Pedo,
1049 2975 1106 3014 qui

237 3022 418 3062 naviqanle
440 3022 636 3054 Germanico
658 3023 763 3055 dizit:
787 3041 806 3047 -
819 3041 837 3047 -
854 3023 1103 3065 (experiuntur)

237 3072 336 3105 Nunc
371 3071 483 3111 illum,
521 3073 628 3113 pigris
662 3073 826 3105 immania
861 3077 1012 3105 monstra
1047 3073 1105 3105 sub

236 3122 335 3153 undis
358 3122 420 3161 Oui
441 3122 547 3161 ferat,
572 3122 757 3161 Oceanum,
790 3123 847 3162 qui
868 3131 984 3154 saevas
1004 3123 1105 3154 undi-

239 3179 302 3212 que
320 3171 454 3211 pristis,
479 3171 727 3212 Aequoreosque
741 3181 857 3211 canes,
880 3172 1011 3203 ratibus
1024 3181 1105 3204 con-

237 3228 374 3261 surgere
400 3223 539 3261 prensis.
565 3238 583 3244 -
599 3238 618 3245 ·-
640 3221 746 3261 Seque
771 3222 852 3261 feris
879 3223 1016 3253 credunt
1043 3230 1106 3262 per

238 3270 361 3302 inertia
382 3271 456 3311 fata
475 3271 616 3303 marinis
634 3271 714 3302 Tam
734 3280 801 3303 non
821 3271 908 3313 felici
929 3272 1106 3304 laniandos

241 3324 327 3352 sorte
346 3321 489 3361 relinqui
512 3322 580 3353 cet.

1156 2034 1176 2057 a
1199 2025 1372 2067 scriptore
1399 2025 1490 2057 tradi
1513 2025 1558 2058 de
1583 2026 1676 2058 exitu
1699 2025 1802 2058 huius
1826 2025 2023 2067 expeditio-

1156 2075 1210 2106 nis
1244 2074 1404 2107 Silianae.
1434 2094 1469 2099 —
1498 2076 1739 2116 Mallovendus]
1771 2076 1835 2108 Hic
1863 2084 2020 2117 quoque,

1155 2126 1194 2156 ut
1216 2126 1435 2166 Segimerus,
1467 2125 1576 2157 frater
1598 2126 1751 2167 Segestis
1782 2126 1824 2164 (i,
1850 2126 1922 2166 71),
1955 2134 2023 2167 ρο-

1154 2173 1335 2216 pularibus
1359 2175 1510 2213 invisus,
1542 2174 1638 2207 solus
1662 2183 1742 2207 cum
1767 2175 1934 2208 comitatu
1957 2183 2021 2208 suo

1155 2225 1189 2256 in
1212 2224 1429 2257 deditionem
1453 2226 1620 2266 receptus
1643 2225 1801 2265 videtur,
1826 2226 2022 2258 Marsorum

1155 2276 1275 2306 autem
1306 2273 1455 2316 populus
1478 2276 1716 2307 Romanorum
1745 2276 1855 2307 hostis
1883 2283 2023 2307 reman-

1154 2325 1256 2356 sisse.
1284 2342 1320 2347 —
1351 2325 1519 2356 Varianae
1549 2325 1685 2366 quionis
1707 2325 1866 2367 aquilam]
1902 2325 2022 2358 Florus

1155 2374 1192 2414 ⁴»,
1225 2375 1286 2412 ⁴2,
1318 2373 1378 2406 38:
1418 2375 1525 2416 Siqua
1562 2378 1593 2406 et
1629 2375 1761 2415 aquilas
1796 2377 1881 2407 duas
1916 2376 2023 2406 adhuc

1155 2424 1292 2456 barbari
1304 2425 1488 2464 possident:
1513 2425 1645 2456 tertiam
1659 2425 1797 2466 siqnifer
1807 2426 1905 2466 prius
1919 2434 2023 2464 quam

1153 2475 1189 2506 in
1211 2483 1330 2506 manus
1357 2475 1498 2506 hostium
1526 2475 1651 2506 veniret
1673 2475 1790 2507 evulsit
1816 2485 2023 2516 mersamque

1153 2525 1246 2556 intra
1279 2525 1377 2557 baltei
1409 2525 1461 2556 sui
1493 2525 1639 2557 latebras
1669 2534 1785 2567 yet-ens
1817 2526 1852 2557 in
1884 2529 2024 2558 cruenta

1151 2574 1275 2614 palude
1295 2575 1341 2606 sic
1363 2575 1473 2606 latuit.
1514 2575 1610 2613 Quae
1635 2577 1790 2616 pugnant
1805 2584 1887 2607 cum
1904 2576 2022 2608 Tacito

1155 2627 1190 2656 et
1213 2632 1296 2656 cum
1320 2625 1451 2663 Dione,
1485 2624 1614 2665 quibus
1644 2626 1770 2657 merito
1799 2626 1894 2658 haud
1916 2624 2021 2667 paulo

1156 2674 1339 2706 meliorem
1362 2674 1470 2707 fidem
1499 2674 1620 2706 tribuit
1644 2675 1915 2707 Freinshemius.
1962 2674 2021 2707 Ille

1155 2725 1250 2756 enim
1275 2728 1364 2757 Ann.
1390 2725 1420 2762 1,
1447 2725 1488 2756 60
1511 2733 1617 2757 unam
1642 2728 1824 2767 receptam
1848 2734 1927 2758 esse
1950 2728 2022 2757 tra—

1155 2775 1221 2813 dit,
1253 2775 1310 2807 hic
1334 2774 1498 2813 alteram3
1532 2776 1672 2807 tertiam
1696 2775 1829 2808 Claudii
1852 2776 2023 2817 tempori-

1155 2824 1224 2857 bus
1265 2825 1328 2857 Dio
1364 2825 1420 2863 60,
1458 2825 1490 2856 8.
1548 2825 1599 2857 De
1634 2835 1672 2858 re
1711 2828 1937 2858 controversa
1976 2825 2020 2858 cf.

1157 2874 1276 2907 Luden
1306 2875 1491 2907 Gcschichte
1514 2875 1538 2906 l.
1571 2883 1605 2916 p.
1631 2875 1695 2907 682
1726 2877 1761 2908 et
1790 2877 1958 2916 Langium
1987 2876 2022 2907 in

1156 2924 1283 2957 Pabstii
1308 2924 1440 2965 Ecloyis
1462 2933 1499 2965 p.
1524 2925 1577 2956 25.
1606 2942 1642 2947 —
1667 2926 1874 2957 excindit--
1889 2924 2020 2966 hostem]

1157 2974 1206 3005 Cf.
1235 2974 1320 3006 Hist.
1347 2974 1385 3012 5,
1411 2973 1472 3005 46:
1508 2976 1547 3005 ut
1566 2974 1689 3007 hostem
1716 2975 1751 3006 in
1773 2978 1943 3006 aeternum
1965 2983 2024 3006 ca>-

1155 3024 1333 3055 cinderent.
1370 3022 1496 3064 Vergil.
1522 3026 1609 3056 Aen.
1635 3025 1666 3063 9,
1699 3025 1780 3056 ⁴37:
1810 3025 1901 3064 ferro
1923 3024 2023 3056 scele-

1154 3075 1269 3104 ratam
1296 3073 1487 3105 exscindere
1513 3077 1652 3114 9entem.
1692 3075 1770 3114 Agr.
1796 3074 1854 3105 22:
1889 3077 2023 3106 vastare

1153 3122 1316 3154 nationes.
1341 3122 1496 3156 Exscidit
1510 3122 1586 3155 loca
1603 3125 1638 3155 et
1653 3131 1710 3155 res
1728 3123 1837 3155 hostis
1853 3123 2021 3164 congredi

1155 3180 1223 3204 non
1248 3172 1337 3204 ausi.

1196 3222 1250 3254 26.
1282 3221 1409 3263 labare]
1440 3231 1510 3254 non
1533 3223 1603 3254 iam
1628 3223 1829 3254 constanter
1854 3230 2021 3264 perseve—

1154 3281 1235 3305 rare
1258 3273 1293 3304 in
1316 3271 1397 3304 belli
1421 3273 1548 3304 studio.
1586 3274 1689 3304 Amat
1711 3272 1778 3303 hoc
1801 3272 1950 3305 verbum
1973 3273 2018 3306 de

1154 3322 1337 3355 hominum
1372 3323 1602 3355 inconstantia
1634 3322 1748 3354 Livius
1783 3321 1846 3363 (2,
1871 3322 1925 3356 39.
1961 3324 2015 3363 27,

283 3370 337 3402 25.
362 3370 397 3403 C.
415 3371 509 3412 Silio]
533 3372 657 3404 Mirum
674 3379 760 3404 sane
784 3372 838 3404 est
860 3370 1103 3404 nihilomnino
1154 3372 1185 3404 4.
1209 3372 1263 3412 32,
1288 3372 1330 3405 30
1354 3374 1389 3404 et
1413 3372 1449 3404 64
1471 3372 1569 3413 cet.).
1592 3389 1626 3394 -
1652 3372 1697 3403 ad
1718 3372 2015 3406 decretumtrium-
