2254 3770
348 280 429 326 *84
825 283 871 326 Ρ.
902 281 1152 326 CORNELII
1182 282 1354 326 TACITI
1382 283 1652 328 ANNALIUM

351 395 542 447 sumpta3
587 389 742 433 ducem
784 395 945 432 tantum
991 388 1200 441 defuisse,
1247 389 1321 448 qui
1359 389 1484 432 motis
1523 389 1656 433 rebus
1697 389 1820 434 facile
1858 390 2140 448 reperiretur:

350 464 564 509 omitteret
592 463 721 508 modo
753 463 1029 522 Campaniam
1059 471 1101 508 et
1130 464 1171 507 in
1202 463 1358 508 urbem
1386 465 1480 523 ipsa
1508 471 1727 523 pergeret,
1760 465 1812 508 ad
1842 466 1964 509 cuius
1994 472 2143 509 nutum

351 540 541 585 absentis
570 539 775 583 tumultus
806 540 1033 583 cierentur.
1078 539 1196 598 quod
1226 539 1413 598 alioquin
1444 554 1568 583 suum
1591 540 1825 585 delictum?
1853 554 1982 599 quam
2001 541 2145 586 cuius-

351 630 482 675 quam
511 615 825 660 offensionem‘?
854 629 908 659 an
929 615 1032 673 quia
1053 629 1196 660 veram
1223 616 1472 673 progeniem
1493 616 1721 674 penatibus
1742 616 1973 661 Caesarum
1995 616 2146 661 datura

319 692 436 736 nsit?
465 691 591 735 malle
620 691 828 750 populum
857 693 1094 735 Romanum
1125 690 1308 735 tibicinis
1338 692 1534 749 Aegyptii
1567 691 1762 736 subolem
1790 692 2066 750 imperatorio
2087 692 2147 736 fa-

352 767 476 825 stigio
506 766 683 811 induci?
713 766 918 825 denique,
951 767 986 810 si
1009 767 1050 810 id
1071 766 1203 811 rebus
1224 767 1452 819 conducat,
1484 766 1623 811 libens
1643 781 1772 826 quam
1795 774 1969 812 coactus
1989 768 2149 813 acciret

352 843 585 894 dominam,
620 841 687 886 vel
718 841 962 886 consuleret
991 843 1208 886 securitati
1239 843 1349 886 iusta
1369 842 1542 886 ultione.
1574 850 1617 887 et
1640 843 1819 888 modicis
1838 843 2041 888 remediis
2061 843 2148 902 pri-

351 932 446 962 mos
472 926 613 962 motus
634 917 906 962 consedisse:
933 925 976 962 at
1000 918 1036 961 si
1058 918 1292 976 desperent
1319 932 1498 962 uxorem
1517 919 1698 963 Neronis
1720 919 1810 963 fore
1832 920 2067 972 Octaviam,
2088 918 2148 963 illi

351 995 551 1038 maritum
572 994 759 1038 daturos.
783 994 864 1051 (62)
886 994 1030 1045 varius
1052 1007 1194 1037 sermo
1217 1001 1259 1038 et
1278 993 1332 1038 ad
1352 1001 1513 1038 metum
1530 1001 1658 1053 atque
1676 994 1782 1039 iram
1799 995 2148 1039 accommodatus

302 1086 339 1116 to
350 1070 502 1115 terruit
521 1069 646 1114 simul
667 1069 912 1114 audientem
934 1076 976 1113 et
995 1069 1202 1114 accendit.
1230 1069 1307 1114 sed
1331 1084 1479 1128 parum
1497 1070 1666 1114 valebat
1686 1071 1875 1129 suspicio
1896 1071 1938 1114 in
1959 1085 2086 1116 servo
2106 1077 2150 1115 et

353 1146 677 1205 quaestionibus
712 1145 960 1190 ancillarum
1002 1145 1122 1190 elusa
1158 1153 1261 1190 erat.
1307 1160 1411 1204 ergo
1443 1146 1757 1190 confessionem
1786 1146 1967 1191 alicuius
1997 1147 2149 1205 quaeri

351 1221 509 1280 placet,
542 1222 611 1266 cui
641 1235 784 1266 rerum
807 1235 983 1279 quoque
1005 1235 1210 1265 novarum
1241 1222 1402 1266 crimen
1433 1222 1718 1280 affingeretur.
1764 1230 1807 1266 et
1828 1223 1944 1266 visus
1967 1222 2149 1267 idoneus

352 1304 570 1342 maternae
610 1297 729 1341 necis
767 1304 955 1355 patrator
992 1298 1211 1349 Anicetus,
1251 1297 1379 1341 classi
1410 1298 1524 1356 apud
1555 1299 1782 1350 Misenum,
1825 1305 1872 1342 ut
1901 1298 2147 1350 memoravi,

353 1374 617 1432 praefectus,
659 1372 742 1416 levi
773 1379 870 1431 post
900 1372 1135 1416 admissum
1167 1372 1309 1417 scelus
1339 1373 1493 1431 gratia,
1537 1374 1637 1417 dein
1668 1374 1864 1431 graviore
1895 1374 2018 1427 odio,
2047 1373 2150 1432 quia

304 1464 341 1494 ⁴5
354 1449 563 1493 malorum
583 1449 818 1493 facinorum
839 1448 1019 1492 ministri
1040 1449 1164 1506 quasi
1187 1449 1496 1507 exprobrantes
1513 1450 1790 1507 aspiciuntur.
1822 1450 1954 1508 igitur
1967 1450 2150 1494 accitum

354 1539 454 1570 eum
485 1526 644 1570 Caesar
673 1538 834 1582 operae
865 1524 1020 1582 prioris
1046 1524 1269 1568 admonet:
1302 1524 1441 1569 solum
1467 1525 1740 1569 incolumitati
1771 1525 1976 1584 principis
1997 1525 2151 1570 adver-

354 1616 429 1646 sus
451 1600 721 1644 insidiantem
739 1608 917 1644 matrem
940 1600 1213 1653 subvenisse;
1244 1600 1386 1645 locum
1410 1600 1523 1645 haud
1544 1602 1720 1645 minoris
1741 1603 1901 1659 gratiae
1922 1602 2092 1654 instare,
2113 1601 2149 1645 si

355 1678 583 1735 coniugem
612 1676 820 1720 infensam
851 1675 1101 1733 depelleret.
1147 1690 1229 1721 nec
1257 1691 1385 1721 manu
1416 1683 1489 1720 aut
1518 1677 1603 1721 telo
1634 1691 1766 1736 opus:
1797 1677 2001 1722 fateretur
2022 1678 2151 1723 Octa-

354 1754 451 1797 viae
481 1752 751 1797 adulterium.
798 1751 967 1796 occulta
996 1751 1171 1810 quidem
1203 1753 1256 1796 ad
1287 1766 1513 1810 praesens,
1547 1753 1623 1796 sed
1656 1767 1809 1811 magna
1829 1753 1869 1796 ei
1899 1752 2090 1811 praemia
2109 1760 2152 1797 et

305 1842 557 1874 sosecessus
588 1841 793 1872 amoenos
817 1827 1039 1885 promittit,
1071 1827 1155 1879 vel,
1189 1828 1225 1871 si
1248 1829 1510 1886 negavisset,
1543 1842 1695 1872 necem
1715 1829 1903 1873 intentat.
1935 1828 2004 1873 ille
2025 1828 2151 1873 insita

354 1904 584 1949 vaecordia
614 1910 657 1948 et
681 1903 876 1948 facilitate
897 1904 1090 1961 priorum
1110 1902 1367 1961 flagitiorum
1387 1903 1510 1962 plura
1530 1906 1677 1956 etiam,
1710 1918 1839 1962 quam
1861 1905 2028 1949 iussum
2047 1911 2149 1957 erat,

354 1980 474 2039 fingit
509 1981 748 2038 fateturque
785 1979 900 2037 apud
931 1980 1110 2031 amicos,
1153 1993 1263 2038 quos
1292 1979 1409 2024 velut
1438 1980 1617 2024 consilio
1649 1979 1904 2025 adhibuerat
1931 1981 2146 2039 princeps.

422 2117 455 2153 4.
477 2115 707 2156 repperiretur
728 2115 763 2148 M
788 2132 823 2138 —
849 2115 881 2148 2.
907 2114 980 2156 ipsa
1003 2114 1222 2147 Boetticher:
1247 2114 1355 2155 ipsam
1378 2115 1412 2149 M
1438 2132 1474 2138 —
1499 2113 1532 2147 4.
1557 2122 1711 2147 cesarum
1732 2115 1767 2148 M
1791 2131 1827 2136 —
1854 2114 1886 2146 ὅ.
1903 2113 2004 2146 malle
2026 2114 2153 2147 Puteo—

355 2172 474 2205 lanus:
499 2170 614 2204 mallet
635 2172 687 2211 M;
711 2171 852 2204 mallens
875 2171 1031 2203 Handius
1055 2170 1200 2204 Tursell.
1225 2171 1258 2211 1,
1285 2180 1319 2213 p.
1337 2169 1413 2203 24⁴.
1433 2187 1468 2193 —
1497 2171 1530 2203 ὅ.
1555 2170 1708 2211 tubicinis
1729 2170 1869 2213 egyptiis
1891 2170 1926 2204 M
1950 2187 1986 2193 —
2012 2169 2152 2204 sobolom

355 2230 401 2263 M.
426 2227 513 2261 Vide
538 2236 612 2260 var.
637 2226 719 2260 lect.
745 2228 789 2260 ad
813 2236 848 2270 p.
875 2227 950 2267 478,
977 2227 1008 2260 3.
1037 2245 1072 2250 —
1107 2227 1139 2260 8.
1163 2225 1237 2269 for&
1261 2228 1295 2261 Μ
1321 2244 1355 2250 -
1390 2227 1422 2260 9.
1446 2226 1590 2259 mames
1612 2235 1791 2269 superscr.
1815 2224 1839 2259 ἶι
1858 2227 1891 2260 Μ
1916 2242 1951 2250 -
1980 2227 2034 2259 44.
2059 2226 2153 2259 elusa

356 2287 430 2319 erat
451 2285 522 2318 Iac.
547 2285 704 2317 Lectius:
730 2284 875 2317 eluserat
896 2285 928 2318 M
953 2302 988 2307 -
1016 2283 1069 2317 44.
1096 2284 1273 2316 ammisum
1289 2284 1362 2326 (sic)
1381 2285 1413 2318 M
1440 2303 1475 2308 —
1501 2285 1554 2317 45.
1578 2284 1749 2316 malorum
1772 2284 1806 2317 M
1825 2299 1860 2306 —
1888 2283 1940 2316 47.
1964 2282 2152 2317 instar-otu

359 2359 394 2365 —
424 2341 477 2375 48.
501 2349 623 2374 manus
644 2340 679 2374 M
704 2357 739 2362 —
777 2341 831 2373 20.
855 2349 998 2373 secessus
1019 2341 1064 2372 ad
1085 2349 1217 2373 moenos
1239 2341 1272 2375 M
1304 2359 1338 2364 -
1370 2341 1425 2373 24.
1451 2341 1610 2373 uecordia
1633 2340 1666 2374 M
1699 2357 1737 2364 -
1767 2340 1877 2372 iussus
1898 2337 2086 2373 Acidaliae.

355 2481 468 2523 plures
487 2483 590 2513 extra
606 2480 823 2521 palarentur,
849 2482 942 2512 tanto
957 2480 1116 2522 infensius
1130 2479 1228 2512 caesi.

361 2549 398 2555 —
417 2532 453 2563 in
474 2530 590 2563 urbem
611 2530 685 2570 ipsa
703 2529 866 2572 pergeret]
891 2530 1124 2571 opponuntur
1139 2537 1230 2571 quae

359 2580 489 2613 absente
504 2579 648 2613 Octavia
669 2579 755 2612 fiunt
772 2580 830 2620 iis,
856 2587 948 2620 quae
965 2579 1106 2612 Octavia
1125 2588 1233 2620 prae-

357 2633 445 2664 sente
459 2631 495 2663 in
511 2630 600 2663 urbe
616 2629 731 2662 futura
744 2631 837 2662 sunt.
859 2647 894 2652 —
912 2630 1011 2662 malle
1022 2647 1040 2653 -
1052 2647 1071 2653 -
1083 2629 1231 2672 induciPJ

358 2682 410 2715 De
444 2679 614 2723 particula
644 2680 891 2721 interrogativa
920 2680 1052 2713 omissa
1078 2680 1159 2713 vide
1187 2679 1233 2712 ad

358 2733 397 2772 2,
423 2733 476 2764 45.
509 2749 544 2755 -
583 2730 727 2764 tibicinis
764 2730 926 2773 Aeqyptii]
962 2730 1110 2763 Eucaeri
1149 2729 1232 2764 Ale-

359 2781 539 2821 xandrini,
565 2779 649 2813 tibia
669 2789 798 2813 canere
815 2780 910 2812 docti
933 2780 978 2822 (c.
1005 2780 1072 2820 60).
1102 2798 1138 2803 -
1172 2782 1233 2813 do-

360 2831 505 2872 minam]
537 2829 674 2864 Acerbe
700 2830 833 2863 dictum
856 2839 921 2873 pro
945 2831 1094 2872 coniuge
1117 2831 1234 2873 impe-

361 2883 473 2919 riosa,
499 2880 556 2913 cui
579 2881 726 2913 maritus
750 2880 784 2913 in
802 2879 967 2913 omnibus
983 2879 1176 2913 obnoxium
1193 2889 1232 2914 se

362 2931 553 2975 praeberet
583 2939 732 2963 necesse
763 2930 865 2963 foret.
899 2948 935 2954 -
966 2930 1146 2972 maritum]
1184 2933 1231 2972 et,

362 2982 482 3015 occiso
506 2981 665 3019 Nerone,
690 2980 726 3012 in
750 2980 947 3022 principatu
970 2988 1230 3014 successorem.

406 3032 459 3064 62.
484 3031 578 3064 elasa
605 3029 696 3071 erat]
728 3029 824 3061 irrita
857 3030 944 3062 facta
976 3031 1052 3062 erat
1080 3030 1233 3072 suspicio

362 3090 428 3124 per
450 3089 489 3114 se
512 3088 640 3123 parum
662 3077 789 3111 valida.
811 3096 847 3102 —
871 3083 911 3112 ut
931 3079 1124 3121 memoram']
1150 3088 1181 3112 c.
1199 3080 1231 3113 3.

363 3149 406 3156 -
428 3131 596 3164 malorum
624 3128 835 3172 facinorum]
868 3129 919 3162 Cf.
944 3129 1055 3163 Plaut.
1081 3131 1172 3164 Men.
1199 3131 1232 3172 ὅ,

363 3182 395 3222 7,
422 3182 480 3214 ⁴5:
508 3181 534 3213 Ο
556 3180 688 3222 facinus
702 3178 875 3221 indignum
890 3182 922 3211 et
935 3180 1083 3212 malum!
1107 3179 1231 3213 Tibull.

363 3231 397 3270 2,
415 3229 448 3270 4,
466 3231 527 3263 25:
553 3230 616 3262 Illa
636 3228 764 3262 malum
784 3228 918 3270 facinus
940 3230 1067 3262 suadet.
1095 3230 1234 3263 Tacitus

365 3281 424 3320 ⁴2,
449 3280 489 3313 8:
523 3283 559 3312 at
580 3279 788 3322 Agrippina,
812 3286 854 3310 ne
874 3279 972 3311 malis
994 3283 1125 3312 tantum
1145 3280 1235 3321 faci-

363 3329 499 3362 noribus
521 3332 710 3362 notesceret.
730 3345 765 3352 —
787 3328 949 3370 facilitate
962 3330 1118 3369 priorum
1131 3330 1234 3372 βαρί-

363 3378 498 3421 tiorum]
514 3381 700 3422 promptus
717 3387 760 3411 ac
774 3379 917 3421 paratus
930 3378 975 3409 ad
989 3387 1078 3410 nova
1091 3379 1231 3420 flagitia,

365 3429 497 3472 quippe
531 3429 592 3471 qui
631 3427 761 3462 talibus
794 3427 865 3461 iam
898 3428 979 3460 ante
1015 3428 1234 3462 assuefactus

1282 2480 1378 2512 esset
1410 2478 1447 2521 (ὰ
1481 2479 1538 2519 qui
1565 2487 1614 2511 ses
1643 2479 1806 2519 premier-s
1834 2478 1953 2511 crimes
1980 2477 2155 2511 ronan-'em

1280 2530 1325 2562 les
1353 2532 1466 2562 autres
1488 2529 1604 2571 faciles
1625 2529 1807 2570 Burnouf).
1835 2546 1872 2552 —
1904 2537 2007 2570 quam
2027 2529 2154 2561 dumam

1281 2580 1366 2620 erat]
1391 2579 1442 2613 Cf.
1462 2580 1548 2612 Hist.
1568 2580 1600 2619 ὃ,
1618 2580 1654 2612 24
1671 2587 1678 2610 :
1704 2587 1746 2612 ne
1767 2581 1838 2611 tum
1854 2579 1986 2620 quidem
2003 2579 2154 2611 Romam

1281 2630 1397 2662 classis
1425 2638 1561 2671 puynae
1591 2629 1710 2671 adfuit.
1753 2632 1785 2662 et
1813 2629 1940 2662 iussum
1969 2630 2063 2670 erat,
2099 2628 2155 2661 sod

1282 2680 1407 2713 obstitit
1427 2680 1583 2722 formido.
1612 2697 1648 2703 -
1682 2688 1765 2722 quos
1786 2680 1877 2712 velut
1897 2679 2034 2713 consilio
2056 2678 2155 2711 adhi-

1281 2729 1409 2772 buerat]
1435 2738 1587 2772 quorum
1611 2729 1755 2763 consilio
1778 2731 1938 2763 uteretur
1959 2730 1996 2763 in
2019 2729 2155 2763 exami-

1283 2781 1399 2814 nanda
1423 2781 1587 2814 Octaviae
1613 2780 1727 2823 culpa.

1326 2831 1380 2863 63.
1405 2831 1441 2862 in
1462 2839 1550 2872 spem
1572 2832 1750 2864 sociandae
1770 2830 1901 2873 classis]
1929 2831 2062 2863 Sensus
2085 2830 2153 2871 est,

1283 2883 1490 2923 corruptum
1514 2890 1593 2915 esse
1610 2882 1813 2921 Anicetum,
1839 2883 1878 2914 ut
1893 2882 2046 2914 tentaret
2061 2879 2155 2914 clas-

1282 2940 1379 2971 sem,
1406 2932 1462 2963 cui
1484 2933 1689 2974 praeesset,
1715 2939 1867 2973 eamque
1885 2931 1930 2964 ad
1945 2931 2154 2964 societatem

1283 2979 1511 3014 consiliorum
1542 2981 1714 3015 adversus
1745 2983 1922 3015 Neronem
1945 2980 2151 3018 adduceret.

1282 3031 1364 3064 ERN.
1385 3042 1427 3054 ’-
1457 3032 1630 3064 incusatae
1648 3031 1753 3073 paulo
1775 3035 1853 3064 ante
1874 3030 2074 3073 sterilitatis]
2099 3029 2152 3064 Cf.

1283 3081 1417 3114 c.60.—
1442 3081 1658 3122 Pandateria]
1681 3081 1768 3114 Vide
1785 3081 1831 3114 ad
1851 3082 1882 3121 4,
1899 3081 1954 3114 ὔ3.
1975 3098 2012 3105 -
2029 3080 2154 3123 Aerip-

1281 3131 1392 3172 pinae]
1419 3131 1547 3164 viduae
1576 3132 1789 3171 Germanici;
1824 3139 1908 3164 nam
1941 3139 1983 3164 ea
2009 3138 2153 3173 quoque

1284 3190 1315 3214 a.
1341 3189 1377 3213 u.
1403 3181 1466 3214 782
1499 3181 1746 3214 Pandateriam
1774 3179 1929 3223 relegata
1956 3181 2021 3214 est.
2068 3181 2154 3213 Sue-

1283 3232 1355 3264 ton.
1381 3229 1455 3263 Tib.
1481 3231 1535 3264 53.
1565 3249 1600 3255 -
1625 3231 1744 3274 Iuliae]
1769 3230 1860 3263 filiae
1883 3229 1991 3270 illius,
2029 3229 2153 3262 Vinicii

1284 3280 1420 3319 uxoris,
1464 3279 1625 3313 adulterii
1660 3289 1743 3314 cum
1777 3281 1911 3313 Seneca
1946 3280 2150 3312 accusatae.

1283 3329 1370 3362 Vide
1386 3330 1431 3363 ad
1450 3331 1506 3371 42,
1525 3332 1546 3364 8
1562 3332 1599 3363 et
1617 3330 1668 3369 43,
1686 3330 1739 3364 42.
1761 3347 1796 3354 -—
1817 3329 1976 3372 primum]
1996 3329 2151 3363 Pichenn

1283 3379 1525 3413 coniecturam
1534 3381 1636 3422 Lipsii
1646 3381 1777 3421 primus
1784 3379 1930 3422 recepit.
1946 3377 2046 3412 Male.
2060 3380 2150 3412 Nam

1284 3428 1420 3463 clarum>
1448 3431 1504 3463 est
1532 3429 1643 3463 verbo
1664 3430 1814 3471 primum
1839 3428 2058 3472 respondere
2079 3431 2152 3462 m
