2254 3770
662 302 817 348 Lmen
844 301 946 348 xvi.
991 302 1092 361 Cap.
1122 303 1191 347 20.
1220 301 1288 348 2⁴.
1318 303 1386 348 22.
1850 301 1932 346 559

149 412 342 471 utrisque
364 411 565 462 infensus,
597 417 640 455 et
659 408 965 454 accedentibus
986 408 1128 452 causis
1149 408 1191 451 in
1212 408 1452 461 Thraseam,
1480 408 1597 467 quod
1619 414 1769 453 senatu
1790 422 1935 467 egres-

151 501 225 532 sus
255 493 320 531 est
349 500 446 531 cum
476 486 532 530 de
553 484 783 543 Agrippina
813 483 1062 534 referretur,
1094 490 1140 526 ut
1164 485 1414 536 memoravi,
1447 483 1653 543 quodque
1672 484 1935 528 Iuvenalium

150 563 318 607 ludicro
348 575 499 620 pamm
530 560 808 618 spectabilem
839 572 1015 617 operam
1045 558 1325 616 praebuerat3
1356 573 1496 617 eaque
1516 559 1695 604 offensio
1715 558 1840 603 altius
1859 572 1937 616 pe-

150 637 362 686 netrabat,
394 637 494 695 quia
525 635 640 679 idem
672 634 858 679 Thrasea
887 634 1051 685 Patavi,
1083 633 1198 677 unde
1229 640 1348 678 ortus
1378 642 1487 686 erat,
1521 633 1632 678 ludis
1661 635 1694 691 †
1719 635 1891 678 cetastis
1912 647 1936 677 a

150 712 331 756 Troiano
371 715 583 755 Antenore
623 709 821 754 institutis
864 709 1006 752 babitu
1047 709 1208 766 tragico
1247 710 1473 753 cecinerat.
1512 709 1583 753 die
1611 723 1806 767 quoque,
1849 720 1967 767 quos

149 794 323 846 praetor
352 787 551 830 Antistius
581 785 637 829 ob
666 784 826 842 probra
855 784 897 826 in
926 785 1139 827 Neronem
1170 784 1405 841 composita
1432 784 1486 827 ad
1506 790 1686 828 mortem
1706 784 1931 828 damnaba-

149 869 233 914 tur,
266 862 433 905 mitiora
462 860 630 906 censuit
658 859 947 916 obtinuitque3
979 865 1021 902 et
1050 872 1147 902 cum
1175 859 1304 902 deum
1335 858 1518 902 honores
1540 861 1766 917 Poppaeae
1787 859 1938 903 decer-

150 944 325 987 nuntur,
358 943 510 994 sponte
541 935 719 985 absens,
750 934 888 977 funeri
918 947 1003 976 non
1033 933 1291 977 interfuerat.
1331 947 1443 991 quae
1473 933 1688 978 obliterari
1721 948 1803 978 non
1823 935 1937 979 sine-

151 1012 224 1057 bat
254 1012 403 1070 Capito
435 1010 732 1061 Cossutianus,
773 1015 944 1067 praeter
972 1008 1161 1052 animum
1189 1007 1243 1051 ad
1273 1007 1429 1066 flagitia
1459 1010 1736 1067 praecipitem
1765 1009 1937 1067 iniquus

150 1087 380 1136 Thraseae,
427 1085 544 1144 quod
589 1084 838 1128 auctoritate
878 1084 972 1127 eius
1010 1083 1284 1132 concidisset,
1333 1085 1515 1127 iuvantis
1545 1084 1721 1128 Cilicum
1760 1084 1934 1142 legatos,
1949 1098 1986 1128 ιο

150 1162 255 1206 dum
284 1162 534 1220 Capitonem
571 1159 906 1217 repetundarum
937 1159 1210 1217 interrogant.
1266 1158 1348 1215 (22)
1379 1159 1482 1217 quin
1515 1165 1556 1203 et
1584 1158 1654 1203 illa
1683 1159 1935 1212 obiectabat,

151 1237 360 1296 principio
390 1236 487 1279 anni
517 1235 651 1279 vitare
679 1234 914 1282 Thraseam,
940 1233 1146 1299 sollemne
1175 1234 1242 1277 ius
1271 1234 1520 1287 iurandum3
1551 1235 1937 1293 nuncupationibus

150 1320 347 1357 votorum
386 1325 471 1355 non
514 1310 689 1360 adesse,
736 1309 931 1367 quamvis
975 1308 1345 1367 quindecimvirali
1391 1309 1632 1354 sacerdotio
1675 1309 1936 1368 praeditum3

151 1400 387 1447 numquam
416 1399 494 1444 pro
525 1385 662 1429 salute
691 1384 897 1442 principis
927 1392 1000 1428 aut
1029 1384 1203 1429 caelesti
1233 1397 1341 1429 voce
1371 1384 1679 1438 immolavisse,
1710 1385 1938 1430 adsiduum

216 1529 250 1561 2.
275 1528 458 1569 referretur
480 1524 714 1559 Puteolanus:
745 1524 891 1566 ferretur
912 1524 945 1557 M
972 1541 1006 1547 —
1039 1523 1071 1556 3.
1096 1522 1304 1564 spectabilem
1326 1523 1405 1556 cod.
1424 1522 1624 1566 Agricolae:
1655 1528 1687 1558 et
1706 1525 1939 1566 ezpectabilem

152 1585 203 1623 M3
228 1583 478 1624 exspectabilem
500 1580 556 1614 vel
577 1580 785 1622 expetibilem
807 1579 882 1619 alii;
907 1582 939 1612 et
959 1580 1022 1612 vix
1042 1579 1249 1620 spectabilem
1269 1580 1432 1613 Ritterus.
1454 1598 1490 1605 -
1508 1580 1630 1622 ofensio
1646 1582 1680 1615 M
1697 1599 1734 1604 —
1759 1581 1791 1614 4.
1809 1582 1940 1615 cetastis

153 1641 320 1682 corrupte
343 1639 396 1672 M:
422 1638 547 1671 cesticis
560 1635 791 1675 Puteolanus;
816 1636 987 1669 iselasticis
1000 1635 1200 1677 pignorium
1225 1636 1365 1676 mysticis
1379 1637 1537 1675 Grotius;
1561 1637 1695 1669 vetustis
1709 1638 1747 1670 R.
1766 1637 1936 1679 Seyffert3

151 1696 307 1729 cae-statis
328 1694 559 1734 Doederlein;
583 1695 718 1726 cetariis
738 1692 942 1736 Nipperdey
961 1691 1040 1726 coll.
1058 1692 1215 1725 Charisio
1231 1701 1266 1735 p.
1284 1693 1348 1726 400
1363 1694 1400 1726 Ρ.
1420 1710 1458 1716 -
1482 1694 1515 1726 5.
1532 1694 1668 1727 traiano
1683 1695 1717 1728 M
1734 1712 1770 1718 —-
1788 1694 1820 1727 7.
1838 1692 1939 1728 antu

154 1769 190 1777 -
213 1761 363 1794 poppeae
383 1753 418 1785 M
441 1769 476 1774 —
509 1753 732 1784 decernuntur
753 1751 806 1783 M:
835 1750 1089 1782 decernerentur
1118 1748 1187 1782 alii.
1215 1766 1252 1774 —
1284 1749 1316 1782 8.
1341 1750 1530 1792 interfuerit
1549 1751 1602 1790 Mi
1632 1750 1784 1792 interfuit
1804 1749 1872 1784 alii.
1899 1768 1935 1774 -

155 1809 187 1842 9.
211 1809 344 1850 iniquus
366 1809 414 1842 M:
441 1808 594 1840 inimicus
616 1806 685 1840 alii.
712 1825 747 1831 -
774 1807 827 1839 42.
852 1807 977 1839 uitaret
999 1807 1031 1839 Μ
1059 1824 1092 1829 -
1120 1806 1173 1839 43.
1199 1807 1325 1840 adesset
1346 1807 1380 1840 M
1403 1824 1439 1830 -
1460 1807 1629 1848 preditum
1650 1808 1694 1841 M.

151 1932 295 1973 Sorano]
318 1931 371 1965 Cf.
397 1932 451 1973 42,
475 1932 530 1965 53.
560 1932 599 1964 In
621 1932 750 1964 Inscrr.
775 1932 872 1964 Grut.
900 1931 974 1971 ⁴07,
999 1930 1020 1964 8

154 1983 190 2016 et
203 1982 280 2021 235,
298 1982 339 2015 40
362 1982 580 2015 memoratur
596 1982 634 2022 Q.
653 1981 806 2014 Marcius
819 1981 930 2014 Barea
945 1989 1019 2014 cos.

152 2032 322 2066 suffectus
340 2040 373 2064 a.
391 2031 466 2072 779,
491 2030 586 2064 unde
602 2029 729 2073 gentile
746 2032 940 2064 Barearum
955 2039 1022 2063 no-

152 2091 237 2115 men
260 2081 520 2123 cognoscimus.
553 2081 661 2114 Taciti
686 2081 798 2113 Barea
821 2081 1023 2113 nominatur

1070 1931 1256 1974 Poppaeae
1287 1930 1383 1964 cultu
1413 1930 1518 1974 paulo
1541 1932 1622 1964 ante
1646 1931 1794 1965 Neronis
1817 1932 1940 1965 interi—

1070 1982 1146 2014 tum
1163 1991 1194 2014 a.
1213 1981 1271 2014 824
1293 1982 1450 2014 instituto
1473 1980 1551 2023 lege
1568 1982 1718 2015 Dionem
1734 1981 1788 2023 63,
1805 1982 1859 2015 26.
1886 1982 1938 2015 Cf.

1071 2030 1209 2064 titulum
1224 2032 1335 2064 Inscr.
1349 2032 1423 2064 Lat.
1439 2041 1474 2064 n.
1489 2031 1565 2066 73⁴.
1579 2030 1700 2064 Philol.
1718 2031 1939 2065 Schneidew.

1071 2082 1127 2121 ΙΙΙ,
1145 2090 1180 2124 p.
1199 2081 1274 2114 ⁴65.
1299 2080 1433 2123 Templi
1447 2082 1629 2124 inscriptio
1643 2082 1719 2114 erat
1729 2079 1938 2114 ΣΑΒΙΝΗι.

1072 2129 1463 2165 ΘΕΑι.ΑΦΡΟΔΙΤΗι.
1473 2130 1536 2166 AI.
1546 2130 1798 2165 ΓΥΝΑΙΚΕΣ.
1808 2131 1942 2165 ΕΠΟῙ-

153 2141 174 2164 a
196 2131 342 2164 Boethio
365 2130 410 2164 de
435 2130 575 2164 Consol.
601 2131 633 2172 ⁴,
658 2130 700 2170 3,
729 2129 790 2163 ubi
814 2139 897 2163 cum
920 2131 1023 2164 Cani—

151 2181 234 2222 niis‚
259 2181 401 2221 Senecis,
425 2181 577 2221 soranis,
602 2181 662 2223 qui
684 2180 825 2222 indigne
839 2181 1020 2223 perierint,

153 2232 336 2274 comparat
350 2231 581 2273 Anaxagorae
600 2230 730 2272 fugam,
755 2231 904 2263 Socratis
924 2238 1024 2263 vene-

151 2291 246 2322 num,
269 2282 407 2314 Zenonis
421 2284 597 2313 tormenta.
619 2298 652 2305 -
673 2284 710 2313 ut
722 2281 917 2321 memoravi]
935 2280 1021 2313 Vide

154 2331 208 2372 ⁴4,
234 2332 286 2364 42.
308 2349 345 2354 -
369 2331 576 2365 Iuvenalium
598 2329 736 2372 ludicro]
762 2329 812 2363 Cf.
839 2329 893 2370 ⁴4,
914 2331 965 2362 ⁴5.
983 2348 1019 2353 -

151 2390 276 2423 parum
305 2381 511 2423 spectabilem
539 2389 677 2422 operam
702 2379 922 2422 praebuerat]
957 2381 1022 2413 Dio

154 2431 178 2464 l.
195 2431 237 2464 1.:
263 2431 439 2488 Θρασέας
461 2429 502 2463 δὲ
523 2427 706 2474 (ἐσφάγη)
730 2425 791 2462 ὅτι
813 2426 902 2463 ου’τε
923 2429 961 2470 ἐς
977 2426 1022 2462 τὸ

153 2478 429 2526 βουλευτήριον
462 2478 633 2521 συνεχῶς
666 2476 720 2521 ὥς
752 2475 824 2512 οὐκ
858 2475 1023 2537 ἀρεσκό-

154 2542 272 2576 μενος
306 2534 387 2572 τοῖς
418 2531 704 2573 ψηφιζομένοις
735 2525 908 2573 ἀπήντα,
944 2525 1020 2563 οὔτ’

154 2578 302 2626 ἤκουσέ
323 2590 416 2614 ποτε
438 2577 558 2614 αὐτοῦ
582 2576 909 2639 κιθαρῳδοῦντος,
935 2589 1024 2613 ουτε

153 2629 272 2666 &voe
284 2630 332 2680 τῇ
350 2630 433 2679 ἱερᾷ
448 2628 567 2665 αὐτοῦ
584 2629 695 2678 φωνῇ
712 2626 840 2678 ωσπερ
851 2631 892 2663 οἱ
900 2625 1023 2671 ἄλλοι,

155 2678 262 2716 ουτε
284 2669 562 2724 ἐπεδείξατο
577 2667 726 2722 οὐδέν,
744 2682 871 2715 καίτοι
886 2680 926 2714 ἐν
941 2680 1025 2713 Πα-

155 2734 298 2778 ταουίῳ
321 2732 368 2781 τῇ
394 2731 544 2780 πατρίδι
563 2730 773 2779 τραγῳδίαν
788 2731 887 2764 κατά
902 2741 938 2764 τι
953 2730 1027 2764 πά-

154 2794 262 2832 τριον
284 2783 324 2818 ἐν
347 2782 459 2831 ἑορτῇ
478 2792 552 2816 τινι
567 2780 913 2829 τριακονταετηριδι
929 2778 1025 2815 ὑπο-

154 2833 395 2882 κρινάμενος.
419 2851 455 2858 -
479 2842 503 2865 a
526 2833 668 2865 Troiano
690 2832 865 2873 Antenore]
895 2828 1026 2865 Patavii

156 2884 351 2918 conditore.
377 2883 428 2917 Cf.
446 2881 573 2924 Vergil.
592 2883 677 2915 Aen.
698 2883 729 2922 4,
746 2881 822 2914 247.
850 2883 920 2914 Liv.
940 2883 972 2921 4,
991 2883 1022 2914 4.

158 2951 196 2959 —-
219 2936 359 2975 praetor
379 2931 548 2973 Antistius]
580 2931 631 2965 Cf.
657 2930 711 2971 ⁴4,
736 2930 790 2964 48.
825 2931 878 2971 46,
904 2930 958 2964 44.
986 2949 1022 2954 -

155 2992 232 3017 cum
249 2984 346 3016 down
363 2982 502 3014 honores
515 2982 687 3022 Poppaeae
698 2979 931 3022 decernuntur]
947 2981 1027 3022 post

157 3032 346 3074 exsequias
361 3034 403 3072 (c.
423 3032 469 3072 6).
499 3030 600 3070 Quod
616 3038 722 3072 supra
738 3029 879 3062 tradere
895 3029 1023 3069 omisit,

157 3083 216 3116 hic
231 3081 353 3124 paucis
363 3079 483 3112 verbis
498 3081 534 3112 et
548 3080 650 3121 quasi
666 3079 885 3121 praeteriens
901 3078 1023 3119 tetigit.

157 3132 303 3166 Exstant
334 3130 468 3162 nummi
494 3129 597 3162 aenei
618 3128 806 3167 rarissimi,
836 3128 872 3159 in
896 3126 1024 3168 quibus

158 3182 241 3215 hinc
263 3179 378 3214 DIVA.
403 3178 596 3212 CLAVDIA.
613 3178 712 3211 NER.
730 3177 768 3209 F.
785 3176 953 3219 (tennplum
966 3185 1026 3208 ro-

159 3232 316 3270 tundum,
346 3230 440 3262 intra
461 3229 550 3270 quod
569 3228 703 3270 siqnmn
723 3226 880 3260 muliebre
900 3227 1024 3269 stans):

159 3280 254 3315 illinc
275 3281 325 3314 DI
329 3279 389 3313 VA.
412 3277 608 3311 ΡΟΡΡΔΕΔ.
623 3277 720 3309 AVG.
738 3276 909 3318 (templum
922 3277 1029 3316 disty-

161 3331 307 3371 lum,in
328 3338 394 3370 quo
414 3328 536 3361 mulier
548 3326 687 3368 sedens.)
702 3324 833 3358 Eckhel
848 3326 890 3358 D.
908 3326 948 3358 N.
966 3325 1023 3366 V1,

161 3389 198 3423 p.
221 3381 298 3414 287.
330 3380 506 3413 Akerman
529 3378 561 3418 Ι,
591 3385 626 3419 p.
653 3376 728 3409 467.
764 3374 908 3408 Claudia
937 3375 1026 3408 haec

162 3429 226 3463 fuit
254 3429 401 3463 Neronis
432 3429 468 3462 et
498 3428 683 3468 Poppaeae
712 3423 793 3458 filia.
834 3425 883 3458 De
918 3425 1026 3466 ipsius

1070 2179 1215 2215 ΗΣΑΝ.
1229 2201 1274 2206 -
1295 2185 1409 2223 sponte
1428 2182 1556 2224 absens]
1573 2184 1649 2216 sine
1666 2184 1799 2216 sontica
1818 2191 1938 2223 causa,

1073 2240 1143 2275 qua
1166 2241 1205 2266 se
1226 2241 1378 2274 purgare
1401 2233 1587 2275 potuisset.
1615 2251 1651 2257 —
1681 2233 1881 2276 concidisset]
1904 2234 1940 2266 in

1071 2283 1199 2316 iudicio
1221 2283 1299 2324 lege
1316 2283 1592 2326 repetundarum
1610 2284 1810 2318 damnatus.
1837 2284 1888 2318 Cf.
1907 2292 1939 2317 c.

1071 2333 1126 2366 29.
1152 2333 1239 2366 Hist.
1265 2332 1297 2372 4,
1319 2334 1361 2366 61
1386 2334 1415 2365 si
1436 2335 1569 2367 caderet
1589 2334 1779 2367 Marcellus.
1805 2334 1877 2367 Cic.
1895 2333 1941 2366 ad

1071 2383 1141 2415 Att.
1166 2383 1198 2423 7,
1216 2383 1278 2415 25:
1300 2383 1413 2416 Malas
1433 2392 1555 2416 causas
1575 2392 1704 2424 semper
1725 2383 1883 2423 obtinuit,·
1906 2384 1942 2416 in

1072 2433 1204 2473 optimis
1224 2432 1376 2464 concidit.
1405 2450 1440 2456 —
1469 2434 1549 2465 dum
1572 2433 1765 2474 Capitonem
1785 2436 1942 2474 repetun-

1073 2483 1196 2515 darum
1217 2482 1436 2525 interrogant]
1461 2482 1511 2516 Cf.
1539 2483 1593 2523 ⁴3,
1618 2483 1677 2516 33:
1711 2483 1943 2517 Cossutianum

1073 2532 1266 2572 Capitonem
1278 2532 1391 2565 Cilices
1401 2532 1597 2566 detulerant.
1615 2533 1669 2566 Ad
1680 2533 1831 2566 verbum
1843 2534 1943 2567 inter—

1072 2591 1214 2624 roqwre,
1247 2590 1370 2615 «reum
1393 2582 1552 2623 facere»,
1578 2582 1623 2616 cf.
1650 2583 1702 2623 ⁴3,
1727 2583 1781 2617 ⁴4.
1807 2584 1860 2624 ⁴4,
1884 2584 1940 2618 46.

1117 2632 1171 2664 22.
1199 2632 1368 2672 principio
1397 2633 1490 2675 anni]
1524 2642 1594 2675 quo
1619 2633 1653 2665 in
1676 2635 1756 2666 acta
1780 2634 1941 2668 Caesaris

1075 2681 1269 2714 iurabatur.
1294 2681 1382 2715 Vide
1398 2682 1444 2715 ad
1460 2683 1492 2723 ⁴,
1509 2683 1564 2716 72.
1586 2701 1622 2707 -
1642 2684 1943 2725 nuncupationibus

1073 2731 1236 2773 votorum]
1254 2730 1305 2764 Cf.
1323 2731 1357 2772 4,
1376 2733 1435 2764 ⁴7:
1454 2733 1628 2775 pontifices
1641 2742 1820 2774 eorumque
1833 2742 1942 2767 emem-

1069 2781 1128 2822 plo
1141 2782 1241 2814 ceteri
1255 2782 1441 2814 sacerdotes
1450 2791 1526 2814 cum
1535 2791 1602 2824 pro
1615 2783 1839 2816 incolumitate
1847 2784 1942 2825 prin-

1074 2832 1158 2872 cipis
1177 2835 1257 2864 oota
1277 2832 1490 2873 susciperent.
1515 2833 1658 2866 sueton.
1682 2835 1764 2867 Ner.
1789 2833 1849 2867 46:
1878 2835 1942 2867 Vo—

1075 2885 1186 2914 torum
1220 2883 1487 2923 nuncupatione,
1525 2892 1653 2925 maqna
1688 2885 1758 2916 iam
1787 2884 1943 2917 ordinum

1073 2931 1281 2972 frequentia,
1313 2932 1376 2964 vix
1404 2935 1556 2973 repertae
1578 2933 1733 2974 Capitolii
1752 2934 1875 2966 claves.
1902 2951 1939 2957 —

1075 2981 1363 3021 quindecimvirali
1383 2982 1567 3015 sacerdotio
1582 2982 1784 3025 praeditum]
1807 2982 1942 3016 Eadem

1074 3029 1251 3062 locutione
1274 3030 1319 3063 de
1343 3039 1382 3064 se
1406 3032 1513 3064 utitur
1528 3032 1667 3065 Tacitus
1690 3040 1798 3074 supra
1815 3032 1868 3073 ⁴⁴,
1885 3033 1941 3066 ⁴⁴.

1077 3095 1114 3102 —-
1138 3079 1270 3111 caelesti
1290 3079 1379 3122 voce]
1404 3080 1492 3113 Vide
1516 3080 1562 3113 ad
1578 3080 1631 3119 44,
1650 3082 1703 3114 45.
1728 3081 1792 3114 Dio
1807 3082 1862 3121 6⁴,
1879 3081 1939 3114 20.

1075 3123 1335 3171 ἠναγκάζΜο
1356 3127 1398 3162 δέ
1413 3139 1527 3170 σφισι
1546 3129 1643 3172 (τοῖς
1657 3105 1942 3174 Αὐγουστεὶοις)

1075 3178 1140 3210 καὶ
1155 3178 1196 3210 οἱ
1207 3173 1319 3211 ἄλλοι
1333 3175 1471 3221 πάντες
1489 3180 1556 3213 καὶ
1570 3175 1742 3221 ἄκοντες,
1759 3178 1858 3223 πλὴν
1871 3178 1941 3214 τοῦ

1076 3227 1243 3274 Θρασέα,
1258 3226 1415 3274 ἐκβοᾷν.
1434 3228 1485 3262 Cf.
1500 3229 1554 3270 62,
1566 3229 1621 3263 26.
1634 3228 1939 3264 Philostmtusvit.

1076 3276 1186 3319 Apoll.
1194 3277 1227 3318 5,
1235 3277 1255 3310 7
1268 3278 1314 3321 (p.
1329 3278 1372 3312 88
1385 3278 1442 3311 ed.
1451 3278 1598 3320 Kayser)
1610 3277 1707 3311 idem
1716 3279 1852 3312 crimen
1863 3288 1943 3312 me-

1075 3328 1212 3360 morat:
1236 3344 1256 3351 -
1265 3344 1286 3351 -
1298 3324 1369 3369 τὰς
1389 3325 1498 3369 δίκας
1512 3326 1574 3361 ἐπὶ
1587 3330 1670 3369 τοῖς
1683 3326 1861 3375 θεάτροις
1875 3330 1941 3363 καὶ

1075 3376 1160 3417 ταῖς
1181 3371 1317 3420 ᾠδαῖς·
1344 3372 1417 3410 οὐκ
1433 3370 1549 3420 ἦλθες
1559 3372 1856 3435 ἀκροασόμενος
1868 3378 1942 3412 Νέ-

1076 3434 1198 3472 ρωνος
1211 3421 1240 3470 ἢ
1254 3423 1438 3474 παρῆσθα
1450 3426 1535 3469 μέν,
1551 3421 1735 3473 ῥᾳθύμως
1745 3423 1822 3461 δὲ’
1798 3426 1939 3475 ηκροῶ,
