2254 3770
739 283 893 327 LIBER
923 283 991 326 III.
1038 282 1138 340 Cap.
1169 282 1236 326 62.
1267 282 1334 325 63.
1365 282 1432 325 64.
1909 279 1991 324 ⁴93

206 389 291 433 lum
322 389 594 434 rettulerunt:
634 395 801 434 ceteros
832 389 1028 433 obscuris
1058 389 1113 433 ob
1143 395 1395 433 vetustatem
1426 388 1555 432 initiis
1583 387 1671 431 niti.
1714 400 1815 431 nam
1843 388 1990 445 Zmyr-

205 479 337 509 naeos
381 464 602 509 oraculum
645 464 868 523 Apollinis,
909 465 1030 509 cuius
1070 465 1249 522 imperio
1290 463 1559 508 Stratonicidi
1594 463 1748 507 Veneri
1784 462 1987 521 templum

205 540 450 591 dicaverint,
482 540 635 584 Tenios
666 539 859 584 eiusdem
890 554 1061 584 carmen
1091 540 1264 591 referre,
1297 555 1383 598 quo
1413 553 1585 584 sacrare
1603 539 1786 597 Neptuni
1806 538 1990 596 effigiem

204 615 445 674 aedemque
477 616 580 659 iussi
613 616 707 659 sint.
752 616 956 674 propiora
987 615 1241 659 Sardianos:
1282 615 1509 659 Alexandri
1540 615 1711 659 victoris
1740 614 1783 658 id
1815 615 1987 658 donum.

203 704 344 748 neque
376 691 516 733 minus
546 690 731 734 Milesios
754 692 894 734 Dareo
924 704 1026 747 rege
1049 691 1135 733 niti.
1175 697 1240 734 set
1260 690 1397 737 cultus
1426 691 1646 733 numinum
1675 690 1869 748 utrisque
1888 690 2020 734 Dia-5

202 780 301 808 nam
330 773 403 809 aut
421 765 659 824 Apollinem
679 766 926 810 venerandi.
967 772 1114 823 petere
1135 773 1178 809 et
1198 767 1424 810 Cretenses
1444 766 1673 810 simulacro
1693 766 1778 810 divi
1799 765 1988 823 Augusti.

201 841 397 899 factaque
433 847 607 884 senatus
643 841 837 885 consulta
868 841 964 899 quis
1004 841 1136 884 multo
1166 855 1264 885 cum
1298 841 1460 885 honore
1497 841 1651 885 modus
1689 848 1829 886 tamen
1863 854 1991 899 prae-

202 916 485 965 scribebatur‚
518 917 712 975 iussique
743 917 847 974 ipsis
877 917 919 959 in
949 915 1118 974 templis
1147 917 1281 974 figere
1310 931 1427 969 aera,
1461 917 1713 962 sacrandam
1742 917 1795 961 ad
1826 931 1991 974 memo-

200 992 308 1035 riam
336 1006 419 1036 neu
453 993 598 1050 specie
629 992 845 1049 religionis
875 992 917 1034 in
947 991 1221 1047 ambitionem
1252 992 1568 1037 delaberentur.

313 1067 394 1124 (64)
426 1067 515 1111 Sub
546 1067 662 1111 idem
691 1073 860 1125 tempus
881 1067 1014 1111 Iuliae
1033 1069 1250 1126 Augustae
1271 1067 1459 1112 valitudo
1485 1075 1604 1112 atrox
1629 1068 2040 1113 necessitudinemw

199 1142 380 1200 principi
401 1143 499 1186 fecit
518 1142 698 1186 festinati
721 1143 762 1186 in
783 1142 935 1187 urbem
957 1142 1131 1194 reditus,
1162 1144 1329 1188 sincera
1350 1143 1491 1188 adhuc
1510 1144 1619 1188 inter
1638 1151 1817 1188 matrem
1836 1143 1991 1187 filium-

199 1231 285 1275 que
315 1218 547 1262 concordia
577 1218 668 1261 sive
699 1218 877 1263 occultis
915 1219 1038 1262 odiis.
1079 1233 1221 1276 neque
1260 1220 1374 1263 enim
1413 1219 1547 1264 multo
1584 1227 1697 1270 ante,
1740 1234 1839 1264 cum
1874 1219 1991 1263 haud

196 1292 347 1350 procul
377 1293 541 1337 theatro
571 1293 757 1337 Marcelli
788 1293 972 1352 effigiem
1001 1294 1099 1338 divo
1119 1298 1308 1352 Augusto
1329 1294 1435 1338 Iulia
1459 1295 1633 1347 dicaret,
1665 1295 1803 1340 Tiberi
1833 1309 1990 1340 nomen

199 1382 279 1412 suo
308 1369 655 1427 postscripserat3
687 1369 819 1427 idque
844 1369 914 1414 ille
935 1370 1203 1423 credebatur,
1234 1378 1282 1414 ut
1310 1371 1487 1415 inferius
1517 1372 1738 1417 maiestate
1767 1371 1986 1430 principis,

262 1546 293 1578 4.
318 1545 502 1578 retulerunt
524 1546 558 1579 M
577 1563 611 1568 —-
637 1546 746 1578 iniciis
768 1547 801 1579 M
816 1565 861 1570 -—
882 1548 1063 1587 zmyrnetis
1085 1548 1135 1588 M;
1161 1547 1340 1588 Smyrneos
1361 1557 1496 1591 margo.
1517 1567 1553 1572 -
1578 1550 1611 1582 2.
1636 1549 1855 1582 Stratonicidi
1873 1548 1989 1582 Veneri

198 1602 412 1636 Rhenanus:
437 1606 542 1635 strato
563 1603 733 1636 nicidiuae
754 1604 868 1636 «teneri
890 1605 923 1638 Μ
950 1623 983 1629 -
1012 1605 1044 1638 3.
1069 1614 1206 1638 carnem
1227 1607 1260 1639 M
1286 1607 1431 1648 (carmen
1454 1606 1589 1649 margo)
1615 1625 1652 1630 —
1677 1607 1710 1640 5.
1734 1607 1807 1648 reyi
1829 1615 1882 1648 pr.
1897 1606 1931 1639 M
1947 1622 1984 1628 —

195 1659 270 1692 niti.
294 1660 351 1692 sed
374 1660 529 1702 Lipsius:
555 1660 652 1692 uliset
674 1661 724 1700 M;
749 1661 800 1692 uti
821 1661 877 1694 sed
898 1660 1102 1695 Beroaldus.
1130 1680 1166 1687 —
1193 1663 1225 1696 7.
1251 1666 1391 1696 sanatus
1411 1664 1446 1698 M
1471 1681 1509 1687 —
1534 1663 1567 1696 8.
1590 1664 1692 1707 figere
1714 1663 1885 1697 Pichena:
1908 1663 1988 1705 fiere

198 1716 252 1755 M;
275 1716 388 1758 facere
408 1725 543 1759 margo.
571 1735 607 1740 —
633 1726 735 1750 aerea
756 1717 1034 1760 Bezzenberger.
1081 1747 1084 1751 .

1117 1864 1396 1914 ἀστυγειτόνων
1421 1867 1470 1903 τὰ
1492 1868 1744 1903 Ποσειδώνια.
1772 1888 1808 1894 -
1837 1870 1985 1913 carmen]

194 1867 342 1908 votisque
370 1866 553 1900 certabant.
583 1886 618 1891 —
650 1868 891 1909 involveretur]
921 1869 1067 1911 propter

1117 1919 1312 1961 oraculum,
1330 1929 1555 1963 responsum.
1575 1938 1611 1944 -
1634 1920 1808 1963 propiora]
1830 1929 1849 1953 a
1866 1922 1987 1954 nostra

194 1917 355 1951 fraudem
379 1916 532 1960 aliquam
555 1917 692 1952 lateret.
722 1936 758 1941 —
783 1922 865 1959 aput
886 1920 922 1951 P.
945 1919 1067 1952 Aescu-

193 1967 294 2010 lapii]
324 1969 375 2001 De
408 1967 540 2010 templo
562 1967 761 2011 Aesculapii
787 1970 1006 2010 Pergameno
1030 1978 1063 2002 v.

193 2017 324 2052 Eckhel
346 2019 388 2051 D.
413 2019 453 2052 N.
479 2019 519 2050 11.
545 2027 579 2061 p.
604 2017 681 2052 468.
706 2038 750 2043 —
775 2020 986 2062 Zmyrnaeos]
1012 2019 1063 2053 Cf

193 2068 234 2109 4,
259 2069 300 2101 55
324 2077 378 2110 sq.
400 2087 436 2092 —
461 2068 678 2101 Stratonicidi
700 2069 830 2111 Veneri]
857 2069 908 2102 Cf.
926 2068 1064 2102 titulum

194 2120 430 2160 Smyrnaeum
466 2119 571 2161 Corp.
607 2120 718 2152 Inscr.
750 2121 807 2152 Gr.
840 2129 875 2152 n.
901 2119 1004 2152 3⁴37:
1042 2115 1065 2152 ὁ

192 2167 376 2210 βασιλεὺς
398 2167 584 2210 Σέλευκος
600 2169 808 2211 (Callinicus)
833 2165 1002 2210 εὐσεβῶς
1015 2166 1065 2201 τὰ

194 2217 290 2266 πρὸς
311 2216 404 2261 τοὺς
424 2216 542 2261 θεοὺς
564 2221 856 2263 κατακείμενος
862 2220 929 2252 καὶ
951 2217 1065 2260 φιλο-

194 2267 366 2329 στόργως
398 2266 447 2302 τὰ
481 2268 575 2315 πρὸς
608 2267 701 2311 τοὺς
729 2273 855 2314 γονεῖς
884 2269 1064 2313 ἐτίμησεν

190 2316 270 2362 τὴμ
299 2317 411 2354 πόλιν
440 2316 551 2363 ἦμῶν
579 2318 642 2353 διά
669 2330 710 2353 τε
741 2319 813 2363 τὴν
842 2318 912 2353 τοῦ
935 2318 1062 2363 δήμου

192 2365 345 2402 εὔνοιαν
378 2370 445 2403 καὶ
477 2369 701 2413 φιλοτιμίαν
733 2371 799 2403 καὶ
826 2367 890 2403 διὰ
919 2366 964 2402 τὸ
987 2366 1063 2412 τὸμ

192 2420 337 2466 πατέρα
369 2416 488 2453 αὐτοῦ
528 2417 621 2453 θεὸν
652 2416 845 2460 Ἀντίοχον
880 2420 945 2452 καὶ
983 2416 1063 2462 τὴμ

189 2471 337 2517 μητέρα
357 2467 429 2513 τὴν
450 2467 519 2503 τοῦ
543 2467 707 2517 πατρός,
739 2467 834 2503 θεὰν
856 2469 1061 2517 Στρατονί-

190 2530 265 2563 κην
287 2519 435 2561 (Seleuci
458 2520 629 2554 Nicatoris
653 2522 689 2553 et
710 2529 794 2554 mox
816 2520 979 2554 Antiochi
1003 2520 1062 2552 So-

189 2569 275 2602 teris
297 2570 475 2611 uxorem),
507 2568 686 2617 ἱδρῦσθαι
715 2571 800 2617 παρ’
825 2566 921 2613 ἡμῖν
942 2579 1061 2612 τιμω-

188 2619 331 2661 μένους
361 2623 490 2663 τιμαῖς
518 2617 738 2664 ἀξιολόγοις
759 2621 826 2653 καὶ
847 2618 958 2667 κοινῇ
983 2615 1059 2653 ὑπὸ

187 2667 259 2702 τοῦ
289 2667 462 2714 πλήθους
491 2671 558 2703 καὶ
591 2669 666 2715 ἰδία
696 2667 762 2712 υφ’
785 2668 952 2704 ἑκάστου
975 2668 1058 2713 τῶμ

189 2717 373 2761 πολιτῶν,
404 2721 470 2754 καὶ
500 2719 734 2761 ἐβεβαίωσεν
763 2719 815 2765 τῷ
844 2718 954 2764 δήμῳ
987 2717 1058 2762 τὴν

188 2765 425 2813 αὐτονομίαν
447 2771 513 2804 καὶ
527 2769 808 2818 δημοκρατίαν,
831 2766 1002 2831 εγραψεν
1016 2768 1058 2803 δὲ

187 2820 255 2853 καὶ
288 2817 383 2867 πρὸς
414 2818 507 2862 τοὺς
535 2820 709 2863 βασιλεῖς
739 2821 806 2854 καὶ
828 2819 919 2862 τοὺς
941 2818 1057 2854 δυνά-

188 2879 284 2912 στας
304 2871 372 2903 καὶ
392 2868 462 2912 τὰς
484 2868 612 2913 πόλεις
635 2872 700 2904 καὶ
722 2869 771 2904 τὰ
793 2867 907 2915 ἑθνη,
940 2866 1057 2912 ἀξιώ-

188 2929 262 2963 σας
290 2917 555 2963 ἀποδέξασθαι
582 2919 626 2955 τό
656 2931 697 2955 τε
721 2918 822 2976 ἱερὸν
843 2920 913 2965 τῆς
934 2921 1057 2979 Στρα-

187 2968 375 3012 τονίκιδος
385 2966 606 3030 Ἀφροδίτης
624 2966 771 3005 ἄσυλον
786 2968 883 3004 εἶναι
898 2971 962 3004 καὶ
978 2968 1057 3013 τὴμ

187 3017 299 3053 πόλιν
323 3017 433 3063 ἡμῶν
449 3017 555 3068 ἱερὰν
570 3022 635 3055 καὶ
650 3017 807 3055 ἄσυλον.
835 3021 886 3054 Cf.
903 3030 938 3054 n.
957 3020 1054 3053 3456.

187 3069 372 3113 Templum
395 3071 514 3113 ipsum
535 3071 692 3104 Vitruvio
715 3072 748 3109 5,
773 3072 794 3104 9
818 3071 871 3104 est
893 3070 1058 3103 Stratone

186 3128 290 3153 ceum.
319 3138 353 3143 —
388 3120 519 3161 Tenios]
550 3119 676 3153 Strabo
699 3121 752 3159 40,
778 3123 811 3160 5,
836 3121 872 3152 44
909 3128 944 3161 p.
970 3119 1053 3152 487:

187 3167 311 3212 Τῆνος
346 3168 468 3210 (insula
502 3170 594 3203 inter
623 3169 807 3211 Cyclades)
842 3166 952 3202 πόλιν
983 3167 1055 3211 μὲν

187 3227 234 3252 ου
263 3214 476 3263 μεγάληνα
457 3229 555 3259 εχει,
579 3216 625 3251 τὸ
647 3218 677 3251 δ’
700 3216 803 3266 ἱερὸν
824 3217 893 3252 τοῦ
914 3218 1056 3251 Ποσει-

185 3265 306 3310 δῶνος
338 3269 438 3313 μέγα
471 3269 512 3303 ἐν
544 3264 655 3302 αλσει
686 3267 756 3311 τῆς
787 3266 933 3310 πόλεως
961 3264 1053 3310 εξω,

185 3316 279 3359 θέας
299 3313 430 3366 ἄξιον
455 3318 497 3352 ἐν
519 3312 548 3363 ᾦ
572 3319 637 3352 καὶ
660 3316 880 3366 ἑστιατόρια
895 3318 1054 3361 πεποίη-

186 3375 250 3399 ται
288 3366 458 3412 μεγάλα,
497 3372 660 3413 σημεῖον
695 3367 765 3402 τοῦ
800 3368 1056 3426 συνέρχεσθαι

148 3426 155 3433 ·
188 3413 336 3459 πλῆθος
368 3414 502 3451 ἱκανὸν
533 3414 609 3452 τῶν
645 3415 893 3453 συνθυόντων
921 3414 1055 3460 αυτοῖς

256 3483 395 3518 'henne
417 3485 442 3518 1.

1116 1971 1288 2003 memoria
1312 1979 1420 2012 quam
1444 1970 1624 2004 oraculum
1647 1971 1743 2004 illud.
1772 1987 1808 1994 -
1837 1971 1987 2004 Dianam

1115 2024 1174 2053 aut
1188 2021 1381 2063 Apollinem]
1406 2021 1565 2054 Sardiani
1587 2021 1769 2054 habebant
1792 2018 1895 2078 ἱερὸν
1916 2019 1987 2064 τῆς

1115 2069 1317 2115 Κολοηνῆς
1333 2067 1565 2129 Ἀρτέμιδος,
1595 2069 1767 2115 μεγάλην
1789 2067 1986 2115 ἁγιστείαν

1113 2116 1223 2162 ἑχον,
1259 2130 1280 2154 a
1307 2122 1423 2155 vicino
1452 2121 1532 2155 lacu
1563 2121 1686 2162 Coloe,
1722 2121 1848 2155 strabo
1871 2122 1925 2163 43,
1950 2122 1983 2164 4,

1115 2172 1134 2203 5
1150 2180 1186 2213 p.
1205 2172 1288 2209 62&
1312 2171 1434 2206 Milesii
1450 2171 1678 2214 magnificum
1694 2170 1866 2214 templum
1878 2171 1986 2215 Apol-

1114 2219 1193 2254 linis
1227 2221 1433 2263 Didymaei,
1471 2224 1654 2265 μαντεῖον
1685 2219 1754 2255 τοῦ
1790 2219 1985 2265 Διδυμέως

1109 2266 1342 2313 Λπόλλωνος
1368 2269 1414 2304 τὸ
1437 2270 1479 2305 ἐν
1500 2269 1741 2318 Βραγχίδαις.
1778 2271 1903 2305 Strabo
1928 2271 1982 2312 ⁴4,

1115 2321 1146 2360 4,
1171 2323 1191 2354 5
1213 2330 1249 2363 p.
1275 2321 1352 2354 634.
1379 2338 1414 2346 -
1442 2321 1640 2364 simulacro]
1670 2321 1855 2364 petebant,
1887 2323 1926 2354 ut
1948 2322 1983 2355 in

1113 2370 1286 2404 honorem
1320 2370 1498 2405 simulacri
1533 2372 1603 2405 divi
1634 2373 1780 2414 Augusti
1814 2371 1859 2405 ab
1898 2372 1983 2415 ipsis

1113 2422 1234 2453 statuti
1256 2430 1385 2454 novum
1401 2422 1486 2463 ipsis
1501 2421 1640 2463 asylum
1657 2421 1926 2455 concederetur.
1943 2439 1979 2445 -

1111 2472 1230 2504 modus
1265 2474 1289 2504 t.
1322 2471 1628 2513 praescribebatur]
1667 2471 1856 2505 finiebatur
1893 2471 1981 2513 asyli

1112 2522 1278 2563 spatium.
1320 2522 1463 2554 Sueton.
1489 2520 1564 2554 Tib.
1589 2522 1652 2555 37:
1684 2522 1830 2555 Abolevit
1857 2525 1889 2555 et
1913 2522 1982 2554 vim

1110 2579 1300 2611 moremque
1322 2572 1510 2612 asylorum,
1536 2580 1621 2612 quae
1641 2580 1786 2613 usquam
1806 2575 1914 2605 erant.
1941 2588 1976 2594 -

1110 2621 1203 2663 aera]
1235 2622 1379 2654 senatus
1402 2619 1561 2654 consulta
1584 2621 1658 2654 aeri
1680 2621 1809 2662 incisa,
1833 2622 1920 2654 ande
1942 2622 1981 2654 de

1106 2670 1208 2711 plano
1229 2673 1317 2703 recte
1338 2670 1402 2712 leyi
1419 2674 1567 2711 possent,
1603 2679 1694 2712 quae
1719 2672 1796 2704 erat
1816 2670 1975 2704 formula.

1111 2721 1373 2754 —sacrandam
1396 2721 1442 2752 ad
1462 2721 1670 2761 memoriam]
1698 2729 1769 2763 quo
1797 2729 1898 2754 sacra
1923 2721 1978 2752 at-

1108 2779 1177 2812 que
1200 2770 1363 2803 inviolata
1386 2771 1558 2803 maneret.
1585 2788 1622 2794 —-
1646 2779 1711 2803 neu
1732 2779 1781 2812 sp.
1801 2780 1832 2804 r.
1848 2770 1885 2803 in
1908 2779 1978 2802 am-

1107 2820 1261 2853 bitionem
1283 2821 1330 2861 d.]
1361 2820 1503 2853 «moniti
1531 2821 1630 2859 sunt,
1663 2829 1709 2853 ne
1738 2821 1862 2853 mutuo
1886 2821 1977 2852 inter

1106 2870 1201 2912 ipsos
1235 2870 1429 2903 certamine
1460 2870 1564 2902 nimis
1594 2870 1828 2903 extenderent
1857 2869 1975 2910 asylo-

1106 2928 1188 2952 rum
1209 2927 1355 2952 suorum
1378 2918 1467 2952 fines
1490 2917 1601 2952 semel
1626 2920 1868 2953 constitutos.»

1150 3018 1203 3052 64.
1227 3019 1354 3051 theatro
1367 3018 1535 3061 Marcelli]
1559 3017 1605 3052 ab
1620 3019 1779 3061 Augusto
1795 3020 1972 3052 exstructo

1106 3070 1141 3102 in
1164 3069 1308 3110 regione
1330 3069 1386 3101 lX.
1412 3069 1554 3102 Sueten.
1579 3070 1667 3111 Aug.
1691 3069 1745 3102 29.
1773 3087 1809 3093 —
1834 3069 1973 3110 effiqiffln

1106 3119 1137 3150 d.
1152 3118 1298 3160 Augusto
1310 3117 1392 3161 cet.]
1399 3117 1545 3152 Kalend.
1554 3119 1822 3152 Praenestinum
1831 3118 1970 3159 (inscrr.

1106 3169 1192 3200 Latt.
1218 3167 1351 3201 vol.11.
1375 3177 1411 3210 p.
1433 3167 1497 3202 388
1520 3168 1587 3210 sq.)
1612 3168 1657 3201 ad
1680 3169 1770 3200 VIIII
1786 3166 1858 3199 Kal.
1877 3167 1970 3200 Mai:

1105 3218 1244 3260 Siquam
1287 3218 1364 3250 divo
1399 3218 1547 3260 Augusto
1588 3218 1683 3259 patri
1723 3217 1768 3249 ad
1808 3217 1973 3249 theatrum

1104 3268 1256 3301 Marcelli
1280 3268 1368 3301 Iulia
1387 3269 1539 3311 Augusta
1560 3271 1592 3300 et
1621 3267 1668 3299 Ti.
1691 3266 1858 3308 Augustus
1879 3267 1973 3300 dedi-

1105 3321 1236 3351 carunt.
1258 3335 1294 3341 —
1316 3318 1349 3351 T.
1374 3328 1408 3351 n.
1431 3327 1457 3351 s.
1479 3316 1743 3359 postsmpserat]
1766 3317 1854 3349 Nam
1877 3317 1970 3350 Livia

1106 3363 1179 3407 οὐκ
1213 3363 1310 3401 ὅσον
1337 3365 1379 3410 ἐξ
1408 3366 1496 3401 ἴσου
1528 3366 1569 3399 οἱ
1594 3361 1745 3412 ἄρχειν,
1780 3361 1877 3398 ἀλλὰ
1904 3367 1970 3400 καὶ

1105 3415 1326 3466 πρεσβεύειν
1354 3412 1475 3452 αἰτοῦ
1498 3413 1645 3460 ἤθελεν.
1682 3416 1747 3449 Dio
1770 3415 1824 3456 57,
1849 3417 1903 3449 42.
1932 3433 1968 3441 -

1626 3481 1681 3526 ’13
