2254 3770
318 277 401 322 562
786 279 829 321 Ρ.
863 278 1112 323 CORNELII
1141 278 1311 323 TACITI
1340 279 1606 325 ANNALIUM

319 384 398 428 dos
429 385 640 443 supremis
671 384 761 428 suis
792 391 1006 428 secretum
1036 384 1316 429 circumdare.
1362 385 1574 443 aspiceret
1603 387 1788 445 populus
1816 387 1953 432 virum
1981 388 2106 433 morti

318 459 515 512 obvium3
546 460 714 503 audiret
743 467 917 503 senatus
938 473 1068 503 voces
1089 460 1212 517 quasi
1243 473 1296 504 ex
1324 459 1469 518 aliquo
1500 462 1692 514 numine,
1725 476 1856 521 supra
1884 450 2105 508 humanas.
2142 465 2147 470 ’

319 548 447 592 posse
476 535 569 592 ipso
601 534 805 579 miraculo
837 535 963 578 etiam
984 536 1197 579 Neronem
1227 536 1495 593 permoveri:
1527 537 1592 580 sin
1614 537 1851 582 crudelitati
1881 539 2105 592 insisteret,

318 609 519 668 distingui
556 617 673 654 certe
709 609 822 668 apud
866 618 1060 667 posteros
1097 611 1347 655 memoriam
1387 611 1552 656 honesti
1582 613 1720 657 exitus
1751 612 1805 657 ab
1835 614 2002 672 ignavia
2030 628 2111 673 per

285 685 531 730 asilentium
566 686 850 743 pereuntium.
909 686 990 742 (26)
1032 693 1196 737 contra,
1239 687 1312 744 qui
1345 687 1658 744 opperiendum
1687 687 1833 732 domui
1864 689 2109 742 censebant,

318 761 372 804 de.
403 761 496 819 ipso
528 761 715 805 Thrasea
745 761 919 812 eadem,
962 761 1038 805 sed
1070 761 1254 806 ludibria
1285 768 1328 805 et
1357 762 1636 806 contumelias
1666 763 1909 808 imminere:
1944 764 2110 810 subtra-

318 835 439 880 heret
469 851 595 880 aures
626 837 829 880 conviciis
861 844 902 880 et
932 836 1115 894 probris.
1161 851 1246 880 non
1277 836 1417 881 solum
1447 838 1749 882 Cossutianum
1769 820 1842 883 aut
1861 839 2038 898 Eprium
2056 839 2111 885 ad

318 911 460 956 scelus
491 918 734 969 promptos:
768 925 1000 969 superesse
1030 912 1103 969 qui
1126 912 1298 956 forsitan
1318 926 1470 956 manus
1492 913 1689 971 ictusque
1708 927 1788 971 per
1807 914 2111 960 immanitatem

317 987 462 1031 ausuri
506 987 608 1040 sint3
651 987 778 1031 etiam
817 987 952 1031 bonos
982 994 1097 1031 metu
1129 987 1267 1045 sequi.
1314 986 1559 1032 detraheret
1587 989 1729 1046 potius
1759 990 1946 1042 senatui,
1978 1004 2111 1049 quem

269 1073 305 1102 io
318 1063 653 1121 perornavisset,
688 1063 898 1106 infamiam
929 1064 1030 1106 tanti
1061 1062 1232 1119 flagitii3
1265 1068 1308 1106 et
1338 1062 1600 1121 relinqueret
1628 1065 1860 1117 incertum,
1891 1065 1995 1123 quid
2015 1067 2110 1111 viso

317 1139 502 1182 Thrasea
533 1152 608 1182 reo
636 1137 854 1182 ¹decreturi
886 1146 1030 1196 patres
1061 1138 1228 1183 fuerint.
1269 1145 1315 1182 ut
1342 1140 1555 1183 Neronem
1583 1138 1837 1198 flagitiorum
1867 1141 2011 1199 pudor
2038 1155 2112 1187 ca-

316 1220 455 1272 peret,
487 1214 612 1258 inrita
641 1228 718 1272 spe
750 1213 923 1271 agitari3
955 1212 1174 1272 multoque
1204 1214 1339 1272 magis
1369 1214 1603 1258 timendum
1635 1228 1689 1259 ne
1719 1215 1761 1258 in
1792 1216 2034 1275 coniugem,
2066 1216 2111 1261 in

316 1289 536 1341 familiam,
570 1290 611 1332 in
633 1296 774 1334 cetera
795 1290 973 1347 pignora
994 1290 1087 1333 eius
1109 1289 1306 1333 saeviret.
1337 1289 1519 1347 proinde
1544 1290 1833 1342 intemeratus,
1865 1291 2109 1350 inpollutus,

315 1380 501 1423 quorum
532 1366 721 1423 vestigiis
760 1372 803 1409 et
843 1365 994 1408 studiis
1035 1365 1162 1409 vitam
1199 1365 1387 1417 duxerit,
1430 1379 1582 1409 eorum
1611 1365 1745 1423 gloria
1774 1371 1942 1424 peteret
1969 1365 2110 1413 finem.

267 1450 302 1479 ⁴5
315 1441 463 1485 aderat
497 1440 675 1485 consilio
712 1441 908 1485 Rusticus
941 1439 1168 1491 Arulenus,
1213 1439 1398 1498 flagrans
1436 1441 1619 1492 iuvenis,
1667 1448 1710 1485 et
1739 1441 1940 1499 cupidine
1970 1441 2111 1487 laudis

315 1517 524 1561 offerebat
560 1531 607 1561 se
647 1517 984 1561 intercessurum
1026 1522 1199 1560 senatus
1243 1516 1465 1560 consulto:
1507 1530 1605 1560 nam
1634 1515 1749 1574 plebi
1778 1516 1976 1562 tribunus
2004 1524 2109 1563 erat.

315 1593 504 1637 cohibuit
533 1592 707 1651 spiritus
738 1592 832 1636 eius
863 1592 1066 1643 Thrasea,
1100 1606 1154 1635 ne
1175 1605 1283 1636 vana
1304 1599 1347 1636 et
1368 1605 1443 1636 reo
1465 1606 1550 1636 non
1571 1592 1803 1650 profutura,
1835 1593 2109 1638 intercessori

314 1669 491 1714 exitiosa
522 1668 741 1727 inciperet.
773 1668 854 1712 sibi
884 1674 1022 1711 actam
1055 1674 1256 1719 aetatem,
1290 1674 1332 1712 et
1361 1674 1422 1712 tot
1451 1681 1531 1726 per
1559 1681 1694 1712 annos
1725 1668 1973 1713 continuum
1996 1669 2108 1716 vitae

377 1773 410 1804 2.
435 1772 601 1804 humanas
623 1772 671 1803 G:
696 1770 860 1803 humanos
882 1771 914 1804 M
943 1789 975 1793 —
1003 1769 1034 1803 3.
1060 1770 1089 1802 si
1110 1770 1146 1802 in
1169 1770 1202 1803 M
1228 1787 1264 1792 —
1290 1770 1324 1802 5.
1350 1769 1462 1802 domui
1489 1770 1538 1803 M:
1568 1770 1656 1802 domi
1679 1769 1747 1802 alii.
1775 1787 1812 1793 —
1837 1769 1988 1804 censebat
2010 1771 2043 1804 ΙΙ
2068 1788 2105 1794 -

312 1829 344 1862 6.
370 1828 574 1861 subtraheret
595 1826 827 1861 Puteolanus:
854 1827 1046 1859 subtrahere
1070 1827 1102 1859 M
1129 1844 1164 1850 —-
1191 1826 1223 1859 9.
1248 1826 1367 1858 ausuri
1388 1826 1453 1858 sint
1476 1825 1672 1859 Acidalius:
1703 1827 1840 1869 augusti
1861 1827 1914 1867 M?
1938 1827 2108 1870 σάμαινα·

314 1884 369 1918 vel
393 1886 554 1927 ingestum·
578 1883 669 1926 (sint)
694 1884 869 1917 Heinsius.
898 1901 933 1906 —
961 1883 1147 1916 detraheret
1168 1883 1215 1915 G:
1240 1882 1411 1916 detrahere
1433 1883 1467 1916 M
1493 1900 1528 1906 —
1556 1891 1652 1923 quem
1672 1890 1800 1924 semper
1822 1883 2004 1917 ornavisset
2026 1883 2108 1927 Lip-

311 1943 396 1975 sius.
425 1960 461 1965 -
489 1941 541 1974 40.
567 1941 710 1983 infamia
732 1941 766 1975 M
791 1958 826 1964 —
855 1941 912 1974 is..
933 1940 1000 1973 uite
1022 1941 1067 1974 M.

1231 2020 1361 2054 necioni
1382 2020 1513 2053 miscus
1526 2020 1696 2054 Helvidius
1717 2021 1849 2055 laudati
1869 2024 1986 2063 essent,
2011 2020 2108 2063 eapi-

1231 2070 1296 2103 tale
1317 2071 1418 2113 fuisse
1441 2070 1519 2113 (sub
1543 2071 1768 2114 Domitiano).
1805 2072 1949 2105 Sueton.
1974 2070 2103 2105 Domit.

310 2041 358 2047 --
373 2023 550 2056 disserunt.
566 2041 611 2047 —
632 2022 734 2055 morti
756 2021 897 2063 obvium]
923 2021 968 2054 ad
993 2030 1074 2054 eam
1094 2020 1182 2055 sub-

310 2073 465 2107 eundam
488 2073 667 2116 paratum,
692 2073 909 2115 promptum.
931 2091 967 2096 —
991 2081 1095 2113 supra
1117 2071 1182 2104 hu-

307 2124 436 2166 manas]
462 2123 624 2156 humanis
639 2122 789 2156 vocibus
811 2123 1027 2165 superiores.
1048 2140 1084 2146 —
1101 2131 1182 2155 cru—

307 2174 444 2215 delitati]
469 2172 543 2207 scil.
570 2173 804 2206 exercendae.
831 2172 883 2205 Cf.
910 2173 950 2205 H.
969 2172 1001 2213 3,
1019 2173 1078 2205 77:
1101 2181 1182 2213 per-

308 2225 494 2258 domandae
516 2223 721 2264 Campaniae
743 2224 902 2256 insistere.

351 2276 404 2308 26.
430 2275 553 2318 domui]
578 2276 628 2307 De
652 2275 786 2307 rariore
802 2274 870 2307 hae
887 2273 998 2306 forma
1012 2282 1077 2315 pro
1093 2273 1182 2306 domi

307 2326 387 2359 vide
411 2324 583 2358 Klotzium
608 2325 642 2365 in
661 2325 783 2358 Diurn.
802 2324 1017 2366 antiquitatis
1034 2323 1126 2356 stud.
1146 2332 1177 2356 a.

307 2376 392 2411 4835
416 2385 449 2418 p.
477 2375 539 2408 737
564 2384 644 2417 sqq.
671 2376 706 2407 et
735 2374 780 2407 ad
808 2375 880 2407 Cic.
907 2375 1010 2407 Tusc.
1036 2374 1049 2405 l
1080 2373 1099 2415 ἓ
1122 2374 1176 2406 5⁴.

309 2444 345 2449 —
370 2426 546 2468 superesse]
580 2426 659 2458 «sat
689 2423 819 2458 multos
851 2432 1031 2466 superque
1056 2431 1177 2456 esse».

308 2475 357 2508 Cf.
385 2477 502 2508 Germ.
522 2475 554 2508 6.
572 2475 626 2507 26.
651 2476 732 2516 Agr.
751 2473 805 2508 44.
827 2492 863 2498 -
887 2482 1009 2506 manus
1029 2475 1180 2516 ictusque

307 2526 388 2568 cet.]
421 2525 540 2559 Talem
570 2526 826 2558 immanitatem
854 2524 1034 2558 interdum
1060 2525 1095 2557 in
1119 2533 1179 2558 se-

307 2579 390 2610 natu
428 2577 619 2610 exercitam
654 2585 733 2610 esse
770 2576 991 2608 demonstrat
1023 2574 1122 2608 locus
1158 2583 1178 2607 a

306 2627 555 2661 Doederleinio
579 2626 703 2660 allatus
728 2626 813 2659 Hist.
839 2625 872 2666 4,
890 2625 949 2659 4⁴:
975 2635 1034 2658 nee
1057 2626 1180 2659 destitit

305 2681 439 2711 senatus
458 2686 579 2711 manus
601 2678 765 2710 intentare
786 2677 941 2717 Voculae,
965 2677 1067 2709 donec
1081 2676 1180 2709 curia

305 2729 485 2761 excederet.
519 2746 554 2751 -
589 2727 847 2768 perornavisset]
884 2735 1028 2768 semper
1062 2727 1098 2759 et
1132 2725 1178 2759 ad

306 2779 401 2811 hunc
425 2786 538 2819 usque
559 2776 666 2818 diem,
691 2777 736 2809 ad
754 2777 862 2810 finem
878 2785 1004 2818 usque,
1030 2777 1069 2809 ut
1084 2775 1177 2809 bene

306 2829 427 2861 monet
450 2828 723 2861 Freinshemius.
749 2828 830 2860 Eim.
856 2827 964 2860 Simul
988 2827 1105 2861 inesse
1125 2829 1178 2861 vi-

306 2879 411 2912 detur
430 2879 543 2911 notio:
567 2879 797 2919 maximopere
812 2878 1014 2918 ornavisset,
1041 2879 1079 2910 ut
1097 2887 1179 2919 per-

305 2933 444 2962 ornatus
473 2929 545 2962 Cic.
571 2930 667 2962 Brut.
693 2928 735 2962 43
760 2931 814 2962 est
836 2937 1001 2970 perquam
1023 2932 1175 2962 ornatus.

307 2997 342 3003 -
361 2981 398 3013 in
411 2979 590 3021 familia-m]
608 2980 644 3012 in
660 2978 768 3012 filiam
783 2980 925 3012 unicam
943 2981 984 3020 (e.
1003 2978 1070 3020 34).
1089 2979 1177 3012 Vide

305 3030 349 3063 ad
376 3031 428 3070 ⁴2,
454 3031 486 3063 Ξ.
515 3047 550 3052 -
575 3033 686 3063 cetera
710 3029 866 3072 pignora]
899 3038 1071 3070 generum
1094 3028 1178 3062 Hel-

305 3080 438 3112 vidium
460 3080 619 3113 Priscum
644 3080 686 3121 (c.
711 3080 763 3119 28)
797 3080 832 3112 et
857 3079 1003 3113 amicos.
1030 3096 1066 3103 —
1091 3079 1178 3112 inte-

304 3132 465 3169 meratus,
490 3128 679 3171 inpollutus]
703 3128 793 3162 Alibi
818 3137 962 3170 quoque
984 3138 1018 3162 v.
1037 3130 1176 3162 inteme-

304 3183 401 3212 ratus
432 3188 514 3212 cum
536 3179 765 3221 homonymis
788 3179 907 3219 iungit.
940 3181 1029 3211 Ann.
1055 3180 1087 3219 i,
1113 3178 1169 3212 42:

307 3230 394 3270 Quid
408 3247 426 3253 -
439 3246 458 3253 -
473 3230 629 3262 inausum
651 3229 922 3262 intemeratumve
943 3228 1034 3261 vobis
1046 3227 1064 3260 ?
1087 3228 1173 3261 Hist.

306 3280 338 3320 4,
363 3280 425 3313 58:
456 3280 537 3313 haec
564 3283 678 3312 castra
708 3280 903 3319 incorrupta
925 3282 956 3311 et
977 3280 1176 3312 intemerata

305 3330 446 3362 servari.
474 3347 509 3352 —
535 3331 688 3363 Rusticus
709 3329 885 3371 Arulenus]
914 3331 1057 3371 praetor
1079 3338 1110 3361 a.
1136 3338 1173 3361 u.

305 3379 381 3412 822.
409 3379 460 3412 Cf.
486 3380 574 3412 Hist.
599 3379 631 3419 3,
657 3379 710 3412 80.
735 3380 817 3420 Agr.
842 3379 882 3412 2:
906 3378 1076 3420 Leyimus,
1100 3387 1176 3411 cum

303 3428 447 3462 Aruleno
470 3429 600 3463 Rustico
620 3430 740 3462 Paetus
756 3428 912 3469 Thrasea,
935 3427 1098 3463 Herennio
1112 3428 1176 3462 Se-

1232 2121 1293 2160 ⁴0:
1324 2120 1513 2162 Complures
1533 2124 1719 2162 senatores,
1750 2122 1787 2155 in
1808 2121 1851 2154 iis
1873 2122 2005 2163 aliquot
2023 2129 2108 2154 eon—

1230 2171 1377 2212 sulares,
1406 2171 1589 2210 interemit‚·
1615 2180 1660 2204 ex
1682 2171 1800 2213 quibus
1814 2189 1864 2197 --
1877 2172 2013 2205 Iunium
2033 2172 2104 2205 Ru-

1230 2221 1366 2262 sticum,
1391 2221 1479 2262 quod
1500 2222 1592 2255 Paeti
1615 2222 1779 2256 Thraseae
1799 2225 1831 2255 et
1851 2222 1979 2255 Helvidi
1999 2221 2107 2255 muci

1229 2271 1345 2304 laudes
1365 2271 1515 2304 edidisset
1537 2272 1797 2313 appellassetque
1814 2280 1868 2306 eos
1881 2271 2106 2307 sanctissimos

1228 2321 1329 2353 viros.
1354 2321 1419 2353 Dio
1432 2321 1486 2361 67,
1503 2321 1561 2354 ⁴3:
1581 2319 1648 2354 τὸν
1658 2318 1885 2355 Ῥούστικον
1895 2318 1964 2354 τὸν
1974 2316 2105 2369 Ἀρου-

1229 2369 1347 2414 λῆνον
1370 2367 1589 2405 ἀπέκτεινεν
1616 2367 1677 2406 ὅτι
1698 2368 1932 2414 ἐφιλοσόφει
1953 2372 2020 2406 καὶ
2041 2367 2104 2406 ὅτι

1228 2418 1298 2454 τὸν
1322 2421 1499 2468 Θρασέαν
1523 2419 1626 2469 ἱερὸν
1650 2418 1866 2466 ὠνόμασεν.

1273 2472 1327 2505 27.
1346 2472 1502 2513 temptum
1514 2473 1696 2506 Genetricis
1714 2473 1855 2516 Veneris]
1873 2481 1894 2505 a
1909 2471 1995 2506 Iulio
2011 2471 2104 2516 Cae,-

1229 2531 1309 2556 sare
1338 2524 1374 2556 in
1404 2523 1480 2556 foro
1511 2518 1595 2564 su'o,
1627 2524 1664 2557 in
1687 2525 1812 2558 octava
1834 2522 1934 2556 urbis
1955 2523 2102 2565 regione

1229 2574 1424 2608 conditum.
1448 2574 1598 2616 Appian.
1624 2575 1662 2608 B.
1681 2575 1720 2608 C.
1738 2575 1771 2615 2,
1796 2574 1850 2608 68.
1875 2573 2020 2607 sueton.
2035 2571 2100 2608 Iul.

1229 2625 1284 2658 64.
1309 2625 1364 2658 78.
1389 2624 1453 2657 Dio
1477 2624 1531 2665 63,
1556 2624 1611 2657 22.
1637 2624 1690 2666 64,
1714 2625 1748 2658 8.
1777 2625 1855 2658 Non
1878 2625 2015 2657 temere
2037 2631 2104 2658 au-

1229 2677 1303 2708 tem
1319 2675 1464 2708 senatus
1479 2675 1564 2707 tunc
1580 2676 1796 2708 convocatus
1808 2674 1914 2708 estin
1929 2671 2103 2717 templum

1230 2725 1424 2759 Genetricis
1448 2724 1555 2758 Iuliae
1579 2726 1712 2767 gentis,
1742 2725 1809 2759 sed
1831 2724 1877 2758 ad
1899 2723 2104 2766 significen-

1229 2777 1316 2810 dum
1339 2777 1394 2818 agi
1417 2776 1462 2810 de
1485 2784 1567 2816 reo,
1593 2776 1654 2818 qui
1669 2775 1837 2810 violasset
1858 2776 2037 2809 Neronem
2055 2772 2104 2808 ad

1229 2836 1310 2860 eam
1341 2827 1491 2869 stirpem
1519 2824 1644 2860 saltem
1670 2834 1737 2868 per
1759 2825 1969 2868 adoptiones
1989 2823 2103 2867 perti-

1229 2879 1386 2911 nentem.
1412 2878 1537 2910 Forma
1554 2878 1674 2910 autem
1694 2877 1799 2910 Venus
1810 2876 1971 2910 Genetrix
1983 2874 2104 2909 firma-

1227 2930 1286 2961 tur
1303 2937 1322 2961 a
1339 2928 1495 2960 nummis
1511 2929 1547 2960 et
1561 2926 1860 2969 inscriptionibus.
1886 2925 1939 2960 Cf.
1957 2923 2102 2959 ouden-

1228 2978 1318 3020 dorp
1350 2977 1396 3010 ad
1426 2978 1570 3010 sueton.
1595 2975 1658 3009 Iul.
1685 2977 1739 3010 64.
1776 2974 1898 3009 Cultus
1922 2975 1998 3008 eius
2019 2973 2102 3017 post

1229 3029 1423 3061 Caesarum
1447 3026 1614 3060 familiam
1638 3026 1846 3059 exstinctam
1862 3024 1918 3059 vel
1933 3032 2020 3059 casu
2037 3023 2101 3058 oh-

1227 3077 1352 3112 solevit
1366 3076 1422 3111 vel
1440 3077 1557 3119 potius
1573 3074 1733 3109 consulto
1749 3076 1784 3108 in
1801 3073 2015 3108 oblivionem
2031 3071 2099 3107 nd-

1227 3128 1355 3161 ductus
1379 3128 1452 3168 est,
1476 3126 1571 3160 unde
1595 3126 1830 3169 paucissimae
1852 3124 2098 3167 inscriptiones

1227 3179 1259 3211 ei
1276 3177 1412 3210 dicatae
1429 3177 1632 3219 supersunt.
1659 3175 1710 3209 Cf.
1726 3176 1838 3209 Inscr.
1851 3174 1925 3208 Lat.
1942 3182 1978 3207 n.
1994 3171 2096 3206 ⁴376.

1226 3227 1366 3261 4046.—
1382 3225 1538 3268 insedere]
1552 3226 1607 3259 Sic
1619 3226 1708 3258 Anu.
1719 3225 1752 3266 2,
1764 3225 1825 3258 46:
1841 3224 1926 3266 iuna
1936 3222 2093 3256 insedere.

1226 3279 1300 3311 Liv.
1317 3277 1373 3318 26,
1391 3276 1452 3311 44:
1479 3276 1725 3318 quinquaqinta
1741 3273 1900 3309 nutum
1913 3281 2028 3306 arcem
2039 3273 2098 3306 in-

1225 3328 1318 3360 sedit.
1337 3344 1374 3350 —-
1399 3335 1466 3360 non
1488 3326 1624 3359 occultis
1644 3324 1778 3367 gladiis]
1799 3322 1904 3365 Atqui
1920 3330 2004 3356 cum
2025 3320 2097 3357 telo

1225 3379 1261 3410 in
1285 3376 1375 3410 urbe
1399 3384 1479 3410 esse
1503 3384 1575 3409 non
1597 3373 1739 3408 licebat.
1765 3372 1816 3406 Cf.
1841 3372 1915 3405 Cic.
1937 3370 2037 3405 Catil.
2061 3371 2096 3413 i,

1225 3428 1259 3462 6.
1294 3426 1366 3462 sed
1394 3427 1430 3460 hi
1462 3424 1663 3461 adulatores
1693 3423 1871 3459 fervorem
1899 3429 2007 3456 suum
2031 3427 2098 3464 pro

2250 2118 2254 2148 i

2251 2156 2254 2167 4
