2254 3770
231 217 314 262 246

709 219 754 263 Ρ.
787 218 1039 264 CORNELII
1068 218 1239 264 TACITI
1268 218 1537 265 ANNALIUM

231 324 321 369 cios
352 323 626 369 confarreatis
667 323 916 382 parentibus
955 324 1119 384 genitos
1158 330 1245 369 tres
1280 325 1406 369 simul
1435 325 1660 378 nominari,
1698 340 1752 371 ex
1780 326 1877 386 quis
1906 341 2018 372 unus

229 399 463 458 legeretur,
504 406 672 444 vetusto
706 413 849 452 more;
891 414 1034 460 neque
1063 400 1236 452 adesse,
1275 406 1322 444 ut
1350 400 1469 454 olim,
1508 416 1604 447 eam
1632 403 1819 462 copiam,
1859 402 2019 447 omissa

230 475 525 520 confarreandi
564 475 849 519 adsuetudine
885 481 958 519 aut
994 476 1103 520 inter
1137 490 1301 535 paucos
1340 482 1516 521 retenta.
1561 477 1794 538 pluresque
1825 478 1919 522 eius
1955 478 2018 522 rei

231 565 384 596 causas
424 550 660 600 adferebat,
702 550 968 608 potissimam
1004 565 1139 611 penes
1182 551 1389 596 incuriam
1430 553 1618 596 virorum
1655 553 2017 613 feminarumque:

198 626 440 674 saccedere
479 625 614 684 ipsius
653 626 940 671 caerimoniae
981 627 1266 679 difficultates,
1305 641 1418 686 quae
1455 628 1648 672 consulto
1687 629 1935 681 vitarentur,
1977 634 2020 674 et

230 702 432 760 quoniam
463 703 597 746 exiret
626 715 650 745 e
680 702 774 745 iure
803 702 940 760 patrio
970 704 1044 761 qui
1079 703 1123 747 id
1162 703 1394 747 flaminium
1434 704 1700 762 apisceretur
1736 718 1937 764 quaeque
1975 704 2019 748 in

227 793 401 822 manum
441 778 623 822 flaminis
663 778 921 823 conveniret.
970 779 1028 822 ita
1067 778 1329 823 medendum
1368 786 1541 823 senatus
1579 780 1753 824 decreto
1794 786 1866 823 aut
1910 779 2018 838 lege,

228 854 338 899 sicut
366 854 582 911 Augustus
612 853 826 912 quaedam
851 868 904 898 ex
930 853 1105 898 horrida
1133 854 1204 899 illa
1233 855 1480 913 antiquitate
1510 854 1565 899 ad
1593 861 1865 913 praesentem
1893 869 2020 900 usum

227 929 429 974 flexisset.
464 929 590 987 igitur
619 929 807 974 tractatis
837 929 1115 988 religionibus
1144 930 1346 989 placitum
1375 930 1561 975 instituto
1581 930 1801 975 flaminum
1821 930 1923 974 nihil
1943 930 2021 975 de-

179 1022 214 1052 to
227 1005 404 1049 mutari:
447 1004 524 1049 sed
564 1004 648 1049 lata
687 1005 756 1049 lex
785 1019 871 1064 qua
900 1005 1113 1050 flaminica
1142 1006 1273 1050 Dialis
1309 1020 1529 1050 sacrorum
1559 1019 1690 1051 causa
1728 1006 1769 1050 in
1809 1012 2019 1065 potestate

226 1081 318 1131 viri,
351 1087 495 1124 cetera
524 1080 739 1138 promisco
771 1081 1023 1125 feminarum
1051 1082 1144 1126 iure
1176 1087 1333 1140 ageret.
1376 1087 1418 1125 et
1446 1081 1558 1125 filius
1580 1081 1881 1139 Maluginensis
1910 1081 2020 1140 patri

228 1156 446 1200 suffectus.
482 1162 615 1215 utque
635 1156 834 1214 glisceret
854 1156 1040 1214 dignatio
1071 1157 1343 1201 sacerdotum
1373 1163 1502 1215 atque
1531 1157 1636 1215 ipsis
1667 1157 1901 1216 promptior
1930 1157 2021 1201 ani-

227 1247 322 1277 mus
353 1232 462 1276 foret
490 1232 544 1276 ad
575 1232 864 1290 capessendas
895 1233 1187 1284 caerimonias,
1219 1232 1439 1277 decretum
1461 1233 1684 1277 Corneliae
1713 1233 1876 1291 virgini,
1908 1246 2021 1291 quae

227 1309 271 1352 in
315 1308 457 1352 locum
494 1308 691 1352 Scantiae
730 1308 996 1364 capiebatur,
1039 1311 1117 1353 Hs
1155 1297 1248 1359 Χῖζ,
1270 1314 1331 1352 ·et
1361 1308 1560 1366 quotiens
1589 1310 1778 1365 Augusta
1807 1307 2019 1352 theatrum

178 1384 455 1435 isintroisset,
488 1390 534 1427 ut
564 1383 693 1428 sedes
725 1384 834 1427 inter
863 1384 1093 1428 Vestalium
1123 1383 1381 1428 consideret.

342 1460 423 1517 (47)
466 1459 663 1504 Cornelio
705 1460 892 1517 Cethego
936 1460 1106 1505 Visellio
1153 1461 1341 1504 Varrone
1385 1462 1470 1504 eds.
1515 1458 1741 1517 pontifices
1784 1472 2022 1518 eorumque

229 1535 424 1594 exemplo
465 1536 595 1580 ceteri
634 1535 900 1586 sacerdotes,
946 1550 1043 1580 cum
1081 1550 1161 1594 pro
1199 1535 1486 1579 incolumitate
1523 1534 1728 1593 principis
1759 1540 1856 1579 vota
1886 1536 2023 1580 susci-

226 1619 389 1671 perent,
422 1613 637 1656 Neronem
667 1626 843 1670 quoque
875 1618 917 1656 et
947 1613 1133 1655 Drusum
1162 1611 1300 1655 isdem
1331 1611 1397 1655 dis
1423 1610 1791 1662 commendavere,
1823 1625 1908 1655 non
1937 1617 2021 1655 tam

229 1689 403 1733 caritate
435 1688 637 1732 iuvenum
666 1702 797 1746 quam
826 1687 1088 1740 adulatione3
1129 1701 1240 1746 quae
1276 1687 1467 1731 moribus
1498 1686 1708 1744 corruptis
1738 1686 1918 1744 perinde
1948 1700 2024 1731 an-

293 1854 325 1886 5.
352 1853 519 1886 accederet
541 1853 575 1886 M
598 1851 724 1894 (littera
749 1855 760 1884 t
783 1852 914 1894 puncto
937 1851 1086 1893 notata);
1112 1851 1265 1884 accedere
1287 1854 1318 1884 et
1340 1852 1410 1883 Iac.
1437 1851 1642 1884 Gronovius.
1669 1868 1704 1874 —
1730 1852 1814 1884 Post
1835 1851 2025 1884 vitarentur

229 1910 402 1945 excidisse
434 1909 610 1951 quaedam
641 1909 754 1951 Lipsio
782 1908 1013 1949 videbantur,
1046 1909 1081 1941 et
1104 1907 1250 1940 lacunae
1275 1908 1413 1949 signum
1436 1907 1554 1949 posuit
1575 1907 1789 1950 Nipperdey.
1819 1926 1854 1932 —
1881 1907 1913 1941 6.
1939 1916 2024 1948 quo-

226 1968 319 2000 niam
342 1964 438 2009 (quo)
463 1967 513 1999 M:
548 1967 681 2007 quando
712 1965 925 2003 Beroaldus;
957 1967 1044 2009 quod
1073 1966 1199 2006 Ritter,
1230 1964 1308 1998 coll.
1335 1974 1406 1997 var.
1433 1964 1513 1998 lect.
1539 1964 1585 1998 ad
1607 1964 1647 2005 4,
1673 1964 1726 1997 39.
1760 1984 1796 1990 —
1827 1967 2024 2008 flamonium

227 2035 281 2068 pr.
307 2026 339 2058 M
366 2043 403 2048 —
429 2025 482 2058 ⁴2.
507 2027 631 2065 utquae
655 2023 778 2065 (littera
802 2033 825 2056 a
849 2025 979 2066 puncto
1003 2024 1133 2065 notata)
1158 2024 1192 2058 M
1217 2042 1253 2047 —
1281 2022 1333 2056 it.
1358 2023 1482 2055 scantie
1504 2023 1538 2056 M
1563 2040 1599 2047 —
1625 2022 1823 2063 cupiebatur
1845 2032 1898 2065 pr.
1922 2023 1956 2057 M
1981 2038 2018 2047 -

228 2082 281 2116 49.
304 2082 443 2123 proinde
467 2082 543 2124 (per
566 2080 828 2123 compendium)
853 2082 897 2114 M.

229 2215 332 2253 dicti;
372 2213 427 2246 alii
460 2215 566 2246 etiam
599 2223 616 2246 e
650 2212 814 2255 plebeiis,
852 2214 911 2255 qui
935 2213 1100 2256 appellati

229 2267 311 2299 sunt
342 2265 504 2297 flamines
533 2264 699 2296 minores.
730 2283 765 2288 —
794 2264 1017 2305 confarreatis
1033 2273 1101 2305 pa-

227 2316 374 2348 rentibus
396 2314 537 2356 yenilos]
572 2315 676 2345 Gaius
700 2315 730 2353 I,
757 2314 775 2355 S
802 2315 881 2346 ⁴⁴2:
917 2315 1044 2347 Farreo
1067 2315 1102 2346 in

228 2376 366 2400 manum
389 2367 587 2398 conveniunt
604 2375 667 2406 per
690 2367 857 2406 quoddam
875 2375 977 2406 penus
991 2366 1102 2398 sacri-

227 2419 295 2461 ficii
320 2418 458 2459 (desunt
486 2415 661 2455 nonnulla)
692 2418 727 2448 in
755 2425 819 2456 quo
850 2417 984 2456 sarreus
1001 2417 1104 2456 panis

230 2469 422 2506 adhibetur,
460 2469 545 2499 unde
576 2469 676 2499 etiam
710 2468 934 2507 confarreatio
966 2467 1100 2499 dicitur.

230 2520 294 2552 Sed
318 2519 491 2558 complura
508 2520 687 2557 praeterea
707 2517 806 2549 huius
826 2518 910 2549 iuris
926 2517 1104 2549 ordinandi

230 2570 348 2612 qratia
371 2577 445 2600 cum
469 2569 567 2600 certis
589 2570 621 2599 et
642 2567 853 2600 sollemnibus
876 2567 985 2599 verbis
1002 2575 1104 2607 prae-

231 2620 376 2654 sentibus
399 2620 507 2650 decem
529 2618 664 2650 testibus
679 2621 830 2660 ayuntur
850 2621 881 2650 et
892 2619 990 2659 fiunt,
1017 2618 1104 2658 quod

231 2673 284 2703 ius
306 2671 406 2702 etiam
429 2669 552 2700 nostris
576 2669 775 2709 temporibus
798 2669 832 2700 in
855 2677 918 2700 usu
935 2671 1000 2700 est:
1024 2676 1104 2699 nasm

231 2722 383 2765 flamines
411 2721 571 2758 maiores,
609 2721 643 2751 id
673 2723 720 2751 est
748 2720 877 2756 Diales,
915 2718 1103 2758 Martiales,

235 2771 426 2812 Quirinales
443 2769 588 2811 (reliqua
605 2769 756 2809 desunt).
785 2769 833 2802 Cf.
856 2768 985 2811 Ulpiani
1004 2770 1053 2800 tit.
1070 2768 1101 2800 9.

234 2824 379 2863 Dionys.
409 2820 513 2853 Halic.
533 2821 568 2856 Ξ,
595 2821 646 2852 25.
677 2821 882 2862 (opponitur
897 2820 1105 2861 diffarreatio

235 2876 345 2907 Inscr.
372 2874 444 2905 Lat.
471 2881 505 2904 n.
531 2871 636 2910 2684,
663 2872 697 2903 in
722 2880 788 2912 qua
815 2874 1032 2904 memoratur
1053 2879 1105 2902 sa-

235 2925 349 2957 cerdos
386 2922 692 2963 confarreationum
725 2925 756 2954 et
789 2923 1102 2962 diffarreationum3

235 2976 325 3008 haec
350 2982 491 3015 quoque
516 2971 737 3004 sollemnium
766 2973 965 3012 nuptiarum
991 2972 1106 3004 disso-

235 3025 319 3058 lutio
352 3024 460 3056 fiebat
489 3022 559 3056 libo
589 3021 769 3060 adhibita)
801 3021 929 3055 Plinius
960 3023 1034 3055 Nat.
1063 3022 1103 3054 H.

238 3076 278 3108 48
303 3075 321 3116 ἓ
341 3075 398 3107 4οε
424 3075 461 3107 in
483 3074 590 3106 sacris
611 3072 693 3104 nihil
711 3072 898 3113 reliqiosius
913 3073 1106 3112 confarrea-

237 3127 335 3158 tionis
356 3125 488 3158 vinculo
511 3125 595 3156 erat.
635 3122 876 3154 caerimoniae
901 3122 982 3154 huic
1008 3131 1107 3163 prae—

239 3178 339 3208 erant
363 3175 517 3217 pontifex
542 3174 716 3206 maximus
733 3174 767 3204 et
786 3172 915 3205 flamen
935 3172 1049 3205 Dialis.
1067 3189 1101 3195 -

238 3227 360 3257 omissa
383 3225 467 3265 conf.
491 3221 717 3263 adsuetudine]
742 3230 806 3263 pro
830 3231 898 3262 qua
923 3224 1005 3254 tunc
1030 3221 1106 3263 ple-

238 3277 338 3316 rique
370 3276 403 3308 in
432 3283 575 3307 manum
600 3271 860 3306 conveniebant
883 3274 942 3303 aut
964 3281 1025 3303 usu
1048 3273 1107 3303 aut

240 3327 451 3365 coemptione.
498 3326 601 3357 Gaius
625 3325 658 3363 1,
685 3323 767 3356 itt:
807 3330 870 3353 usu
902 3323 938 3354 in
971 3331 1108 3354 manum

240 3376 467 3416 conveniebat,
501 3385 586 3417 quae
616 3383 704 3407 armo
728 3373 881 3407 continuo
903 3375 1009 3413 nupta
1025 3381 1108 3412 per-

1149 2213 1342 2252 severabat,·
1366 2221 1446 2245 nam
1472 2212 1561 2244 velut
1583 2220 1699 2244 aitnua
1715 2212 1919 2252 possessione
1940 2219 2024 2244 usu-

1151 2263 1355 2305 capiebatur.
1397 2262 1415 2302 5
1453 2263 1537 2296 4⁴3:
1575 2263 1783 2303 coemptione
1815 2262 1851 2294 in
1883 2270 2023 2294 manum

1151 2316 1350 2347 conveniunt
1371 2323 1435 2355 per
1463 2313 1761 2353 mancipationem,
1794 2321 1879 2353 quae
1905 2314 1943 2354 fit
1959 2321 2024 2353 per

1152 2366 1323 2407 quandam
1345 2365 1588 2406 imaginariam
1602 2363 1841 2403 venditionem,
1868 2363 2024 2395 adhibitis

1151 2426 1218 2448 non
1247 2417 1357 2447 minus
1381 2424 1483 2455 quam
1509 2415 1535 2445 V
1563 2413 1697 2445 testibus
1719 2413 1845 2445 civibus
1866 2414 2025 2447 Romanis

1147 2466 1346 2508 puberibus,
1378 2467 1455 2498 item
1485 2465 1664 2505 libr-{pende
1695 2473 1765 2496 una
1790 2473 1866 2496 cum
1886 2464 2026 2497 muliere

1153 2526 1270 2557 eoque,
1307 2517 1403 2548 cuius
1431 2517 1467 2547 in
1493 2523 1631 2547 manum
1661 2515 1821 2546 convenit.
1857 2531 1893 2537 —-
1926 2522 2026 2555 penes

1152 2567 1335 2609 incuriam]
1372 2567 1393 2598 i.
1427 2575 1464 2607 q.
1500 2565 1535 2597 in
1568 2565 1720 2604 incuria,
1757 2563 1921 2604 singulari
1956 2572 2024 2596 usu

1155 2617 1442 2659 praepositionis,
1468 2624 1559 2657 quae
1584 2614 1664 2647 alibi
1681 2613 1726 2646 ad
1745 2614 1933 2646 animantia
1950 2615 2025 2646 tan-

1155 2671 1230 2699 tum
1260 2668 1413 2708 spectat,
1446 2666 1481 2698 in
1512 2673 1663 2706 quorum
1693 2665 1866 2705 potestate
1893 2662 2023 2704 aliquid

1156 2722 1220 2751 est.
1243 2736 1278 2741 ——
1305 2721 1334 2749 et
1350 2718 1508 2757 quoniam
1525 2715 1606 2757 cet]
1630 2714 1810 2748 Manifesto
1828 2714 1916 2746 haec
1932 2713 2024 2747 inter

1156 2777 1216 2801 eas
1247 2776 1371 2800 causas
1401 2767 1569 2804 refertur,
1603 2765 1648 2797 ob
1680 2773 1768 2806 quas
1795 2763 1894 2796 multi
1919 2773 1938 2796 a
1963 2773 2024 2796 ce-

1158 2817 1334 2860 pessendo
1358 2826 1400 2849 eo
1425 2817 1580 2849 flaminio
1604 2814 1886 2848 deterrebantur.
1921 2815 2024 2848 Gaius

1157 2870 1169 2901 1
1195 2868 1213 2910 ἓ
1235 2868 1314 2900 430;
1341 2869 1464 2899 exeunt
1487 2866 1582 2898 liberi
1603 2865 1713 2898 virilis
1735 2873 1836 2896 semus
1859 2865 1898 2896 de
1914 2865 2025 2906 patris

1151 2921 1330 2960 potestate,
1356 2917 1384 2949 si
1405 2917 1558 2958 flamines
1573 2915 1687 2948 Diales
1708 2915 1969 2955 inaugurentur,
1995 2918 2026 2947 et

1155 2970 1304 3011 feminini
1323 2976 1443 3007 sescus,
1467 2968 1494 3000 si
1511 2967 1657 3008 viryines
1677 2965 1815 2997 Vestales
1830 2967 2022 3005 capiantur.

1157 3019 1321 3061 Ulpianus
1346 3018 1400 3057 ⁴0,
1425 3018 1464 3049 5:
1498 3017 1538 3048 In
1564 3019 1726 3057 potestate
1756 3018 1935 3055 parentum
1959 3023 2026 3047 esse

1158 3071 1310 3102 desinunt
1342 3071 1373 3101 et
1401 3068 1449 3108 hi,
1485 3068 1541 3108 qui
1570 3067 1721 3109 flamines
1743 3066 1856 3098 Diales
1877 3066 2026 3107 inaugu-

1157 3123 1300 3159 rantur,
1335 3122 1366 3152 et
1400 3127 1485 3160 quae
1516 3118 1662 3159 virgines
1693 3117 1803 3148 Vestae
1832 3116 2022 3156 capiuntur.

1158 3171 1239 3203 Sine
1263 3170 1385 3211 capitis
1408 3169 1637 3201 diminutione
1657 3167 1771 3199 exisse
1787 3164 1832 3198 de
1850 3166 2024 3207 potestate

1158 3221 1313 3262 parentis
1345 3220 1404 3260 qui
1434 3219 1564 3251 flamen
1588 3216 1693 3250 Dialis
1717 3217 1943 3255 inauguratus
1967 3215 2022 3255 sit,

1158 3271 1263 3304 docet
1275 3270 1378 3302 Gaius
1393 3270 1434 3302 111
1454 3268 1559 3311 gili.
1578 3269 1627 3301 De
1642 3267 1793 3300 flaminis
1802 3264 1904 3298 Dialis
1918 3267 1952 3297 et
1963 3265 2025 3297 sse-

1159 3322 1308 3354 minicae
1326 3319 1430 3353 Dialis
1443 3319 1663 3352 caerimoniis
1673 3315 1928 3350 molestissimis
1942 3315 2023 3348 vide

1157 3374 1196 3405 A.
1216 3370 1363 3404 Gellium
1380 3371 1419 3403 N.
1442 3371 1481 3403 A.
1502 3370 1554 3410 40,
1581 3369 1632 3402 ⁴5.
1660 3367 1711 3401 Cf.
1729 3374 1835 3409 supra
1859 3365 1891 3406 3,
1909 3366 1963 3398 Ἡ.
1983 3383 2019 3389 -
