2254 3770
643 601 700 651 P.
744 598 1172 651 CORNELII
1218 596 1529 649 'PACITI

523 729 1662 791 ANNALIUM

732 869 798 908 AB
817 867 1064 909 -Excsssu
1086 866 1192 908 D1v1
1217 865 1438 907 Aneusri

832 965 1027 1026 LIBE'R
1065 980 1346 1026 TERTIUS.

759 1200 1185 1242 BREVIARIUM
1218 1199 1413 1240 LIBRI.

189 1297 264 1334 Cap.
285 1296 314 1326 4.
344 1293 520 1331 Agrippina
540 1299 617 1322 cum
635 1298 719 1321 urna
737 1290 829 1320 ferali
847 1297 966 1326 magno
985 1289 1120 1327 planctu
1140 1289 1264 1327 passim
1277 1289 1450 1326 excipitur.
1480 1288 1509 1319 2.
1530 1287 1696 1319 Funerum
1713 1289 1896 1319 sollemnia.
1916 1289 1987 1319 Pri-

225 1353 337 1377 mores
362 1343 455 1374 urbis
480 1342 578 1373 obvii.
616 1341 646 1371 3.
676 1340 839 1377 Tiberius,
867 1340 1013 1376 Augusta
1039 1341 1073 1370 et
1098 1339 1234 1370 Antonia
1254 1339 1387 1376 publico
1408 1338 1583 1368 abstinent.
1621 1337 1651 1370 4.
1672 1338 1800 1368 Maeror
1818 1337 1985 1376 publicus.

224 1397 254 1427 5.
275 1395 439 1433 Tiberius,
461 1399 583 1430 parcus
600 1392 694 1422 visus
713 1391 747 1420 in
764 1390 956 1423 honorando
975 1390 1108 1428 funere,
1133 1390 1165 1419 6.
1185 1391 1322 1419 excusat
1341 1396 1379 1419 se
1399 1391 1433 1418 et
1451 1389 1611 1426 populum
1632 1389 1736 1425 erigit.
1774 1388 1805 1419 7.
1825 1388 1987 1418 lustitium

226 1447 396 1477 omissum.
426 1444 551 1474 Drusus
571 1443 613 1473 ad
632 1442 779 1479 Illyricos
789 1437 965 1471 'exercitus
985 1441 1068 1480 abit,
1089 1441 1118 1471 8.
1140 1440 1215 1470 Piso
1227 1441 1270 1470 ad
1281 1440 1444 1478 Drusum;
1464 1437 1493 1469 9.
1514 1439 1592 1469 inde
1605 1439 1740 1469 Romam
1753 1439 1853 1470 alacri
1866 1439 1987 1470 animo.

225 1497 272 1528 40.
293 1496 368 1526 Mox
388 1497 572 1526 accusatur.
603 1493 760 1529 Princeps
780 1499 914 1522 causam
934 1491 975 1521 ad
995 1495 1145 1521 senatum
1165 1491 1311 1522 remittit.
1343 1491 1388 1521 44.
1409 1490 1538 1520 Patroni
1560 1498 1618 1520 reo
1633 1491 1783 1526 quaesiti.
1807 1490 1853 1521 42.
1869 1490 1988 1520 Tiberii

225 1548 329 1578 oratio
356 1546 398 1576 ad
422 1547 543 1583 patres.
581 1543 628 1573 43.
651 1541 697 1573 44.
718 1544 954 1571 Accusatorum
982 1541 1240 1571 criminationem
1265 1548 1343 1571 reus
1363 1541 1449 1570 male
1469 1541 1572 1570 diluit.
1603 1540 1639 1570 ln
1658 1548 1734 1571 eum
1753 1540 1879 1570 iudices
1899 1539 1988 1570 haud

225 1597 335 1636 proni,
355 1592 771 1634 populus-offensissimus.
812 1591 857 1621 45.
879 1591 1032 1621 Plancina
1052 1598 1186 1621 causam
1207 1598 1302 1621 suam
1315 1591 1481 1620 dissociat.
1509 1590 1636 1621 Pisonis
1657 1598 1764 1628 mors,
1788 1590 1834 1621 46.
1851 1591 1988 1620 dubium

225 1655 267 1678 an
285 1648 396 1686 iussu,
420 1648 452 1676 et
471 1644 513 1674 ad
533 1643 698 1672 Tiberium
719 1641 871 1671 codicilli.
911 1641 959 1671 47.
981 1641 1028 1671 48.
1050 1641 1123 1671 Piso
1145 1642 1231 1671 filius
1251 1642 1447 1677 absolvitur,
1477 1640 1630 1671 Plancina
1649 1641 1812 1678 Augustae
1832 1641 1988 1679 precibus

224 1698 438 1728 condonatur.
479 1694 663 1724 sententias
690 1693 723 1722 in
749 1693 901 1722 Pisonem
925 1693 1081 1729 princeps
1106 1693 1240 1729 mitigat.
1278 1692 1428 1722 Adulatio
1454 1692 1639 1729 impudens.
1680 1692 1727 1723 49.
1747 1692 1873 1723 Drusus
1901 1695 1986 1723 ovat.

224 1749 379 1787 Vipsania
397 1748 546 1779 moritur.
583 1746 631 1777 20.
654 1744 839 1775 Tacfarinas
858 1744 983 1773 bellum
1003 1744 1036 1773 in
1055 1743 1162 1773 Africa
1180 1746 1327 1774 renovat.
1361 1743 1408 1774 24.
1430 1743 1465 1772 Id
1484 1743 1615 1780 Apronii
1638 1744 1814 1774 severitate
1829 1743 1989 1781 opprimi-

225 1803 287 1831 tur.
326 1799 374 1830 22.
401 1797 522 1835 Lepida
549 1794 710 1832 suppositi
735 1797 864 1832 partus,
896 1794 1064 1831 adulterii,
1095 1794 1247 1824 veneficii
1272 1796 1442 1831 accusata,
1471 1793 1520 1824 23.
1544 1792 1675 1823 Tiberio
1695 1794 1853 1831 perplexe
1872 1794 1989 1830 agente

225 1851 408 1881 damnatur.
447 1846 494 1879 24.
523 1846 651 1877 Silanus
677 1845 784 1875 exsilii
803 1845 935 1875 veniam
954 1844 1115 1881 impetrat.
1156 1844 1204 1875 25.
1226 1843 1293 1874 Lex
1317 1843 1416 1881 Papia
1442 1843 1609 1881 Poppaea.
1628 1843 1811 1875 Delatores.
1851 1843 1899 1875 26.
1920 1843 1989 1873 Ex-

224 1907 343 1932 cursus
364 1899 406 1929 de
424 1898 566 1936 legibus,
586 1904 673 1934 quae
693 1897 784 1926 initio
803 1902 932 1933 paucae
959 1898 993 1925 et
1019 1895 1205 1933 simplices,
1235 1895 1394 1932 paulatim
1413 1895 1536 1933 primo,
1566 1894 1615 1925 27.
1639 1894 1717 1925 dein
1736 1895 1768 1924 in
1790 1895 1988 1925 immensum

190 1972 195 1978 .
225 1954 352 1982 auctae.
390 1950 439 1981 28.
459 1949 580 1979 Earum
599 1947 761 1978 correctio
782 1948 913 1976 tentata.
951 1946 1001 1977 29.
1021 1945 1108 1976 Nero
1128 1945 1312 1976 Germanici
1339 1945 1381 1976 ad
1400 1946 1542 1975 honores
1561 1947 1731 1982 promotus
1750 1945 1865 1976 Iuliam
1884 1945 1987 1983 ducit,

224 2001 321 2033 Drusi
340 2001 452 2030 filiam.
490 1998 537 2029 30.
558 1997 682 2027 Volusii
701 1999 734 2027 et
753 1996 895 2026 Sallustii
914 2003 1004 2026 mors
1024 1998 1058 2026 et
1077 1997 1229 2033 elogium.
1258 1995 1360 2026 Aulae
1379 1996 1522 2033 potentia
1541 1995 1651 2025 infida.

262 2052 312 2084 34.
325 2051 476 2081 Tiberius
496 2051 530 2079 et
547 2048 674 2078 Drusus
689 2054 777 2077 coss.
791 2047 1005 2077 irreverentia
1021 2047 1200 2077 iuventutis
1214 2049 1332 2077 notata.
1354 2045 1487 2076 Viarum
1501 2053 1589 2076 cura.
1620 2045 1668 2077 32.
1684 2046 1868 2076 Tacfarinas
1880 2047 1990 2077 turbat

225 2104 356 2134 iterum.
385 2100 528 2138 Lepidus
547 2099 643 2129 Asiae
662 2099 850 2136 proconsul.
880 2097 927 2128 33.
951 2097 1074 2128 Uxores
1094 2105 1114 2128 a
1132 2098 1312 2135 provinciis
1332 2098 1424 2127 arcet
1442 2096 1592 2127 Caecina.
1623 2096 1671 2127 34.
1691 2097 1729 2127 Ei
1747 2099 1908 2135 repugnat
1921 2097 1988 2127 Va-

221 2153 323 2184 lerius
342 2151 537 2182 Messalinus
557 2150 774 2187 adstipulante
788 2149 903 2179 Druso.
932 2147 980 2179 35.
1001 2148 1137 2182 Blaesus
1156 2149 1333 2186 proconsul
1348 2149 1485 2179 Africae.
1518 2147 1567 2178 36.
1588 2148 1637 2178 37.
1657 2149 1789 2179 Abusus
1809 2149 1988 2186 imaginum

223 2203 453 2242 principalium
476 2208 650 2239 repressus
670 2207 690 2230 a
715 2200 833 2230 Druso.
873 2199 920 2229 38.
940 2199 989 2230 39.
1017 2200 1171 2230 Accusati
1196 2199 1471 2238 repetundarum,
1502 2199 1694 2229 maiestatis.
1738 2199 1894 2229 Thraciae
1915 2207 1989 2230 mo-

224 2257 294 2284 tum
312 2253 465 2283 Vellaeus
486 2252 679 2289 comprimit.
713 2249 761 2281 40.
776 2251 878 2280 Gallia
897 2250 1038 2280 ducibus
1058 2250 1150 2280 Floro
1171 2253 1205 2280 et
1224 2250 1395 2281 Sacroviro
1414 2250 1563 2280 rebellat.
1583 2249 1631 2280 44.
1646 2251 1839 2281 Andecavos
1854 2253 1990 2281 coercet

223 2306 350 2344 Aviola,
383 2305 528 2334 Turonos
549 2304 712 2342 opprimit.
751 2302 798 2334 42.
819 2303 933 2333 Florus
953 2310 1014 2333 sua
1034 2310 1133 2332 manu
1153 2303 1249 2333 cadit.
1280 2302 1368 2332 Finis
1388 2302 1551 2332 Treverici
1573 2303 1746 2332 tumultus.
1785 2299 1832 2331 43.
1854 2301 1987 2331 Aeduos

224 2357 334 2387 turbat
352 2355 514 2385 Sacrovir.
544 2352 591 2384 44.
613 2353 746 2383 Romam
766 2353 925 2392 percellit,
948 2361 1013 2383 non
1033 2353 1209 2383 Tiberium.
1239 2351 1286 2383 45.
1301 2352 1348 2383 46.
1365 2352 1463 2382 Silius
1479 2352 1586 2382 Gallos
1605 2353 1727 2391 fundit,
1749 2351 1988 2389 cruppellarios

225 2406 343 2438 caedit.
377 2405 527 2436 Sacrovir
555 2405 617 2435 sibi
645 2411 780 2434 manum
806 2403 910 2433 infert.
958 2402 1006 2434 47.
1033 2403 1179 2434 Tiberius
1207 2404 1338 2433 simulat
1365 2404 1426 2434 iter
1453 2403 1485 2433 in
1508 2403 1639 2434 Gallias.
1685 2403 1732 2433 48.
1755 2402 1877 2438 Quirini
1897 2409 1987 2432 mors

224 2459 407 2488 honestata.
445 2454 579 2486 49-54.
606 2454 755 2484 Lutorius
776 2456 952 2483 accusatus
973 2454 1158 2485 defenditur
1178 2461 1197 2484 a
1215 2453 1355 2492 Lepido,
1385 2457 1418 2484 et
1445 2457 1582 2485 necatur
1610 2453 1644 2483 in
1668 2460 1814 2484 carcere.
1848 2452 1986 2483 Senatus

226 2508 412 2538 consultum
432 2507 474 2536 de
488 2506 666 2536 differenda
685 2513 803 2542 poena.

269 2559 317 2590 52.
338 2557 470 2587 Aediles
490 2556 533 2586 de
553 2556 633 2585 luxu
653 2555 840 2585 coercendo
860 2557 970 2591 agunt.
1002 2554 1141 2584 Senatus
1161 2561 1232 2584 rem
1252 2554 1386 2584 remittit
1404 2554 1445 2584 ad
1465 2554 1659 2592 principem.
1696 2554 1744 2585 53.
1764 2553 1813 2584 54.
1832 2553 1892 2583 Hic
1911 2560 1987 2583 me-

227 2608 369 2639 dicinam
390 2614 409 2637 a
429 2610 577 2644 tempore
597 2606 793 2643 sperandam
814 2606 1010 2643 pronuntiat.
1050 2604 1097 2635 55.
1119 2605 1279 2635 Paulatim
1300 2607 1419 2642 sponte
1437 2606 1550 2635 mutati
1571 2613 1693 2635 mores.
1732 2604 1781 2635 56.
1802 2604 1986 2634 Tribunicia

224 2661 372 2697 potestas
396 2658 495 2695 petita
520 2658 626 2687 Druso
653 2659 686 2687 et
710 2657 748 2687 57
773 2657 943 2694 impetrata
967 2663 1045 2686 cum
1065 2656 1253 2686 adulatione
1272 2658 1412 2693 patrum.
1451 2656 1500 2686 58.
1520 2656 1653 2686 Flamen
1674 2656 1769 2686 dialis
1789 2656 1889 2685 ambit
1907 2661 1986 2691 pro-

225 2709 378 2748 vinciam.
415 2706 463 2738 59.
490 2707 550 2736 Alii
578 2707 750 2736 obsistunt.
788 2706 883 2736 Drusi
911 2706 1064 2744 superbia
1094 2709 1233 2736 notatur.
1274 2705 1417 2736 60-63.
1439 2706 1548 2743 Imago
1567 2706 1737 2736 libertatis.
1768 2706 1864 2742 Asyla
1884 2705 1986 2734 Grae-

226 2766 340 2789 carum
367 2758 532 2788 civitatum
558 2760 692 2786 senatus
718 2757 881 2786 examinat
900 2759 932 2786 et
958 2757 1092 2786 modum
1111 2756 1316 2793 praescribit.
1357 2754 1404 2785 64.
1425 2756 1592 2792 Augustae
1618 2756 1764 2785 morbus.
1805 2754 1924 2785 Tiberii
1951 2754 1985 2785 in

225 2812 364 2841 matrem
382 2816 448 2838 non
467 2808 617 2838 sincerus
637 2814 738 2837 amor.
772 2807 820 2837 65.
843 2807 1002 2845 Tempora
1021 2807 1116 2838 foeda
1136 2808 1321 2837 adulatione
1343 2807 1474 2837 inlecta.
1515 2806 1599 2836 66-
1612 2806 1659 2836 68.
1682 2807 1714 2836 C.
1737 2805 1866 2836 Silanus
1885 2813 1983 2842 repe-

227 2861 401 2890 tundarum
420 2862 454 2889 et
472 2858 651 2888 maiestatis
672 2858 854 2894 postulatus
875 2865 894 2887 a
913 2858 1023 2887 multis
1042 2860 1178 2895 urgetur
1197 2860 1231 2888 et
1250 2865 1269 2887 a
1289 2857 1437 2895 principe
1451 2857 1533 2894 ipso,
1555 2858 1589 2886 et
1603 2856 1786 2886 damnatur.
1820 2856 1866 2886 69.
1887 2855 1984 2885 Dola-

226 2912 335 2941 bellae
362 2910 581 2941 adulationem
608 2909 756 2946 reprimit
783 2909 932 2939 Tiberius
952 2911 985 2938 et
1003 2910 1182 2939 sententias
1201 2909 1337 2945 mitigat.
1376 2908 1424 2939 70.
1457 2908 1596 2946 Cordus,
1624 2907 1763 2945 Ennius,
1791 2906 1900 2943 Capito
1923 2907 1984 2936 rei.

227 2962 277 2992 74.
303 2961 471 2998 Equestris
495 2959 644 2989 Fortuna.
682 2959 736 2988 Ius
766 2959 957 2988 flaminium.
995 2959 1043 2989 72.
1075 2958 1213 2989 Basilica
1238 2959 1340 2988 Pauli.
1382 2958 1528 2995 Pompeii
1553 2959 1723 2988 theatrum.
1765 2955 1815 2985 73.
1839 2955 1983 2986 Taclari-

226 3012 310 3042 natis
329 3011 441 3049 petitio
461 3009 645 3046 impudens.
682 3006 731 3037 74.
751 3008 886 3038 Blaesus
907 3017 984 3039 eum
1005 3009 1210 3046 adgreditur,
1239 3010 1373 3039 tratrem
1393 3009 1466 3038 eius
1487 3008 1589 3047 capit,
1612 3014 1677 3038 nec
1694 3007 1818 3037 bellum
1839 3007 1983 3036 coniicit.

226 3063 274 3093 75.
295 3062 342 3092 76.
363 3062 450 3092 Mors
469 3060 629 3098 Salonini,
651 3059 832 3097 Capitonis,
854 3059 980 3099 Iuniae,
1003 3060 1099 3091 cuius
1119 3061 1279 3090 sollemne
1299 3060 1408 3089 sunus.

265 3113 354 3142 Haec
378 3112 517 3142 triennio
544 3113 652 3149 gesta,
677 3109 720 3139 M.
740 3109 867 3140 Valerio
891 3110 933 3140 M.
961 3111 1111 3150 Aurelio,
1137 3110 1264 3141 Tiberio
1291 3110 1369 3148 imp.
1390 3109 1430 3141 lv
1448 3109 1552 3140 Druso
1573 3109 1702 3140 Nerone
1722 3108 1764 3148 ll,
1786 3108 1818 3138 C.
1840 3108 1982 3146 Sulpicio

227 3162 264 3192 D.
283 3163 412 3193 Haterio
431 3169 518 3192 coss.
1726 3172 1729 3175 -
