2254 3770
698 302 852 347 LIBER
879 303 962 346 XV.
1002 302 1103 360 Cap.
1134 303 1202 346 69.
1231 304 1300 347 70.
1331 303 1398 347 7⁴.
1861 302 1943 346 539

159 415 330 467 praesto
359 415 426 453 est
452 409 666 459 medicus,
699 408 1007 453 abscinduntur
1033 421 1190 458 venae,
1223 409 1372 466 vigens
1401 408 1542 454 adhuc
1571 407 1725 452 balneo
1755 407 1941 459 infertur,

159 484 295 529 calida
325 498 437 542 aqua
466 491 695 535 mersatur,
727 483 842 528 nulla
871 483 986 527 edita
1014 496 1122 527 voce
1152 497 1239 541 qua
1269 491 1406 528 semet
1434 484 1722 528 miseraretur.
1763 483 1952 527 circum-'⁷

159 559 244 602 dati
284 559 449 602 interim
489 559 684 602 custodia
724 559 798 617 qui
840 557 963 602 simul
1001 557 1321 610 discubuerant,
1369 573 1450 603 nec
1477 559 1558 602 nisi
1588 563 1793 617 provecta
1820 564 1945 601 nocte

159 634 305 677 omissi
336 640 451 684 sunt,
483 640 711 692 postquam
741 647 944 690 pavorem
974 646 1143 684 eorum,
1175 647 1229 677 ex
1257 648 1405 678 mensa
1426 634 1600 678 exitium
1619 633 1943 691 opperientium,

157 715 201 752 et
231 708 482 766 imaginatus
512 715 555 752 et
593 708 781 752 inridens
816 710 928 752 Nero
959 708 1062 751 satis
1092 708 1288 766 supplicii
1320 708 1452 752 luisse
1482 710 1540 753 ait
1570 721 1647 767 pro
1676 707 1814 766 epulis
1843 718 1976 751 con-5

158 782 386 829 sularibuS.

270 859 352 914 (70)
393 858 510 902 Exim
551 858 709 902 Annaei
748 858 905 902 Lucani
948 857 1127 901 caedem
1159 858 1348 915 imperat.
1392 859 1428 902 is
1457 858 1696 916 profluente
1725 857 1944 915 sanguine,

157 932 230 976 ubi
262 933 492 989 frigescere
521 933 658 991 pedes
691 947 929 991 manusque
959 940 1001 977 et
1029 933 1231 991 paulatim
1261 934 1315 977 ab
1345 934 1545 977 extremis
1571 933 1729 977 cedere
1750 933 1947 990 spiritum

158 1007 319 1051 fervido
350 1007 490 1051 adhuc
519 1015 562 1052 et
587 1015 784 1065 compote
815 1009 969 1051 mentis
998 1014 1174 1066 pectore
1205 1007 1427 1065 intellegit,
1458 1008 1709 1052 recordatus
1729 1021 1900 1052 carmen
1922 1021 1948 1052 a

157 1096 206 1126 se
236 1083 538 1140 compositum,
570 1097 659 1140 quo
689 1083 955 1127 volneratum
984 1082 1160 1126 militem
1188 1097 1268 1140 per
1297 1084 1390 1127 eius
1413 1083 1529 1127 modi
1552 1085 1700 1127 mortis
1721 1083 1946 1139 imaginem
1962 1093 1999 1123 ⁴0

158 1156 303 1200 obisse
332 1157 582 1209 tradiderat,
614 1171 767 1202 versus
798 1159 916 1216 ipsos
946 1157 1120 1209 rettulit,
1153 1171 1292 1216 eaque
1323 1158 1380 1201 illi
1411 1172 1614 1216 suprema
1639 1172 1722 1202 vox
1751 1158 1840 1201 fuit.
1871 1158 1949 1201 Se-

159 1233 282 1276 necio
316 1232 495 1290 posthac
532 1240 574 1275 et
613 1233 865 1285 Quintianus
905 1241 948 1277 et
985 1233 1219 1277 Scaevinus
1248 1247 1333 1277 non
1364 1247 1417 1276 ex
1445 1233 1590 1291 priore
1619 1235 1731 1277 vitae
1760 1232 1946 1284 mollitia,

158 1321 257 1351 mox
287 1306 441 1365 reliqui
471 1307 788 1351 coniuratorum
818 1308 1010 1365 periere,
1043 1307 1158 1351 nullo
1186 1308 1296 1352 facto
1325 1307 1493 1352 dictove
1523 1309 1815 1352 memorando.

271 1381 353 1438 (7⁴)
387 1381 473 1426 Sed
503 1382 706 1440 compleri
738 1384 907 1427 interim
936 1383 1040 1426 urbs
1061 1382 1301 1434 funeribus,
1335 1382 1588 1440 Capitolium
1608 1383 1810 1436 victimis3
1841 1382 1948 1426 alius

159 1455 266 1507 filio,
299 1456 425 1500 fratre
455 1456 564 1500 alius
593 1465 666 1501 aut
694 1458 938 1516 propinquo
968 1464 1041 1502 aut
1069 1458 1206 1501 amico
1235 1458 1488 1510 interfectis,
1521 1472 1648 1516 agere
1679 1464 1821 1515 grates
1842 1458 1946 1509 deis,
1962 1471 1999 1501 is

158 1544 312 1574 ornare
350 1531 469 1574 lauru
513 1525 704 1583 domum,
743 1546 884 1590 genua
914 1533 1049 1590 ipsius
1079 1532 1245 1576 advolvi
1278 1539 1321 1576 et
1350 1533 1542 1577 dextram
1573 1533 1731 1577 osculis
1760 1533 1948 1590 fatigare.

158 1613 287 1664 atque
327 1606 396 1649 ille
432 1607 636 1665 gaudium
665 1607 706 1650 id
738 1607 921 1651 credens
959 1608 1125 1652 Antonii
1163 1607 1320 1651 Natalis
1350 1615 1393 1652 et
1423 1609 1608 1653 Cervarii
1637 1608 1806 1652 Proculi
1836 1608 1952 1652 sesti-

158 1687 255 1724 nata
285 1681 442 1724 indicia
472 1683 706 1740 inpunitate
736 1690 1047 1727 remuneratur.
1090 1682 1284 1727 Milichus
1313 1684 1515 1741 praemiis
1543 1683 1699 1741 ditatus
1720 1697 1951 1728 conserva-

163 1756 267 1800 toris
298 1755 378 1800 sibi
410 1770 583 1808 nomen,
616 1757 780 1801 Graeco
811 1759 905 1801 eius
927 1759 989 1802 rei
1011 1758 1233 1809 vocabulo,
1265 1759 1515 1817 adsumpsit.
1547 1773 1571 1802 e
1590 1759 1771 1803 tribunis
1793 1758 1949 1802 Gavius

163 1830 371 1882 Silvanus,
403 1833 599 1889 quamvis
621 1832 854 1884 absolutus,
878 1848 957 1877 sua
977 1847 1106 1877 manu
1127 1833 1303 1885 cecidit,
1334 1834 1492 1878 Statius
1511 1836 1748 1878 Proxumus
1768 1834 1946 1884 veniam,
1961 1847 1999 1878 πο

163 1919 293 1964 quam
332 1907 385 1950 ab
428 1907 685 1964 imperatore
729 1916 971 1966 acceperat,
1014 1909 1195 1952 vanitate
1235 1909 1372 1953 exitus
1403 1909 1603 1967 corrupit.
1649 1910 1762 1953 exuti
1794 1908 1949 1953 dehinc

226 2066 256 2097 ⁴.
278 2068 391 2105 presto
414 2067 449 2099 M
476 2083 511 2088 -
541 2066 661 2098 ualneo
684 2067 718 2099 Μ
745 2084 780 2090 -
813 2068 845 2099 2.
871 2076 962 2108 aqua
981 2065 1048 2099 fisa
1071 2067 1116 2109 (id
1141 2068 1196 2100 est
1215 2067 1326 2107 versa)
1343 2071 1538 2111 nmersatur
1559 2068 1610 2106 M;
1644 2067 1707 2101 sed
1740 2067 1863 2101 litteris
1884 2069 1948 2101 ὕεα

159 2120 224 2153 tria
254 2122 385 2162 puncta
407 2122 489 2155 sunt
511 2121 721 2164 subscripta.
746 2140 779 2145 -
807 2122 839 2156 4.
865 2132 909 2155 ex
930 2132 1043 2156 mensa
1065 2124 1186 2156 Franc.
1212 2123 1339 2156 Medici
1362 2123 1456 2166 apud
1480 2124 1687 2156 Picheuam:
1725 2127 1755 2156 et
1783 2133 1892 2170 mense
1914 2125 1947 2157 M

160 2193 196 2199 —
221 2177 253 2208 7.
278 2176 404 2210 Annaei
427 2178 597 2211 Ritterus:
621 2187 722 2211 mane
742 2188 789 2211 na
810 2182 841 2211 et
863 2180 913 2218 M;
939 2181 985 2212 Μ.
1003 2179 1133 2212 Annaei
1154 2180 1354 2213 Rhenanus.
1380 2180 1468 2212 Vide
1492 2180 1538 2212 ad
1562 2180 1615 2220 ⁴3,
1640 2180 1693 2212 30.
1722 2197 1758 2203 -—
1784 2180 1892 2212 cedem
1914 2181 1948 2212 M

160 2250 197 2256 —
223 2233 255 2266 9.
280 2242 439 2266 carmena
460 2243 484 2266 a
504 2243 538 2266 se
558 2235 592 2267 M
618 2252 654 2259 -
688 2236 741 2268 ⁴⁴.
766 2234 884 2277 ευῇνηα
914 2237 948 2270 Μ
979 2254 1015 2260 -
1048 2237 1101 2269 ⁴2.
1127 2237 1347 2277 quintilianus
1369 2237 1403 2270 M
1429 2255 1464 2260 —-
1496 2237 1549 2269 ⁴6.
1574 2237 1694 2269 osculis
1716 2235 1944 2270 Puteolanus:

158 2290 262 2322 emilis
284 2289 388 2322 oculis
410 2290 472 2331 (sic
496 2290 551 2323 bis
574 2290 754 2334 deinceps)
781 2293 811 2325 M
839 2311 873 2315 —
903 2293 957 2325 20.
982 2292 1097 2338 cecidit
1119 2293 1164 2326 M.

159 2441 282 2465 mnus
302 2433 418 2466 inserit
434 2443 554 2475 uncos,
578 2434 707 2477 Adfiaeit
719 2436 878 2476 Lycidan.
906 2439 1032 2470 Mersus

159 2483 244 2523 soret
264 2483 320 2515 ille
336 2483 521 2533 profundo;
545 2486 601 2516 sed
612 2486 785 2525 prohibent
799 2487 879 2518 socii
893 2495 1031 2528 suspen—

160 2541 264 2572 saque
286 2541 390 2564 crura
410 2537 586 2566 retentant.
613 2535 783 2567 Scinditur
796 2537 948 2576 avolsus,
972 2546 1032 2569 nec

1078 2434 1270 2484 Σωτῆρος.
1299 2453 1335 2459 -
1360 2437 1511 2469 vanitate
1531 2436 1650 2478 exitus]
1679 2435 1714 2468 id
1738 2436 1811 2474 est,
1837 2434 1949 2467 ambi-

1081 2487 1168 2519 tioso
1192 2487 1299 2519 exitu.
1326 2487 1478 2519 “Statius
1501 2487 1641 2519 veniam
1664 2485 1709 2518 ab
1732 2486 1947 2527 imperatore

1081 2537 1281 2578 impetravit
1310 2538 1346 2568 et
1375 2538 1565 2578 postquam
1588 2537 1857 2578 impetraverat,
1883 2543 1944 2566 sua

160 2584 244 2615 sicut
272 2583 402 2616 volnere
433 2585 569 2625 sanquis
598 2586 743 2618 Emicuit
770 2587 877 2619 lentus
885 2596 896 2625 ,·
924 2587 1032 2627 ruptis

161 2634 252 2665 cadit
273 2634 419 2674 undique
441 2634 554 2672 venis;
579 2635 821 2676 Discursusque
835 2638 969 2668 animae
983 2637 1032 2668 di-

160 2691 258 2715 versa
286 2683 321 2714 in
351 2683 499 2715 membra
530 2685 670 2716 meantis
698 2686 898 2726 Interceptus
920 2687 1028 2727 aquis.

162 2732 295 2764 Nullius
327 2733 400 2764 vita
425 2734 586 2774 perempti
606 2734 663 2766 Est
685 2738 781 2767 tanta
801 2737 938 2768 dimissa
959 2738 1027 2769 via.

161 2782 244 2813 Pars
272 2782 393 2814 ultima
425 2784 534 2814 trunci
559 2784 707 2816 Tradidit
728 2786 764 2816 in
785 2785 886 2817 letum
907 2794 1032 2818 vacuos

160 2831 318 2864 vitalibus
339 2835 444 2864 artus.
476 2834 519 2865 At
541 2835 685 2866 tumidus
707 2843 775 2874 qua
793 2836 908 2875 pulmo
930 2836 1029 2876 iacet,

162 2890 231 2922 qua
257 2883 388 2915 viscera
416 2884 559 2923 ser-vent,
593 2884 775 2917 Haeserunt
796 2885 841 2917 ibi
862 2886 937 2926 fata
958 2886 1029 2926 diu,

162 2932 354 2972 luctataque
379 2933 523 2965 multum
550 2934 621 2966 Hac
652 2944 727 2966 cum
750 2939 851 2976 parte
876 2937 942 2968 viri
970 2937 1032 2968 vix

163 2983 276 3015 omnia
297 2983 444 3014 membra
466 2984 621 3016 tulerunt.
648 2985 699 3016 De
722 2986 845 3017 mortis
868 2985 924 3017 die
940 2986 1032 3018 Ano-

164 3041 294 3073 nymus
319 3033 353 3064 in
378 3034 447 3064 vita
471 3033 622 3066 Lucani:
658 3035 762 3066 Venas
782 3035 843 3067 sibi
868 3036 1034 3074 praecidit

160 3083 326 3123 periitque
351 3083 460 3123 pridie
489 3083 565 3115 Kal.
591 3084 703 3116 Maias
723 3085 829 3117 Attico
854 3086 980 3118 Vestino
1003 3089 1033 3118 et

162 3133 277 3165 Nerva
298 3132 427 3165 Siliano
449 3141 515 3165 cos.

208 3232 262 3263 7⁴.
290 3240 414 3263 ornare
435 3231 538 3263 lauru
558 3232 708 3273 domum]
741 3241 843 3265 suam
866 3234 1028 3274 quisque.

166 3279 295 3313 Plinius
318 3282 358 3313 N.
386 3281 426 3313 H.
454 3281 494 3313 ⁴5
519 3281 538 3322 5
563 3282 642 3313 ⁴27:
672 3283 805 3314 Laurus
825 3283 896 3314 sola
918 3286 951 3315 et
971 3284 1032 3315 do-

165 3339 240 3362 mus
261 3334 405 3362 exornat
427 3334 458 3363 et
480 3334 558 3363 anto
580 3332 697 3363 limina
719 3332 872 3364 excubat.
909 3333 1029 3365 Iuven.

167 3379 200 3416 6.
217 3380 278 3411 79:
305 3380 471 3412 Ornentur
490 3383 598 3421 postes
613 3385 645 3414 et
657 3382 779 3422 qrandt
797 3382 904 3414 ianua
919 3382 1029 3415 lauro.

168 3445 204 3452 —
230 3428 348 3472 ipsius]
382 3431 542 3463 Neronis.
577 3447 611 3453 —
650 3431 779 3464 Graeco
794 3449 811 3455 -
827 3431 1030 3474 -vocabmoJ

1080 2595 1189 2619 manu
1222 2586 1366 2625 cecidit,
1406 2589 1446 2618 ut
1481 2586 1560 2618 urbi
1596 2587 1792 2619 ostentaret
1826 2593 1946 2617 rarum

1080 2636 1221 2677 aliquod
1246 2636 1398 2674 facinus,
1433 2636 1565 2678 quippe
1588 2637 1761 2674 moriens,
1790 2643 1872 2667 cum
1895 2635 1949 2666 vi·-

1079 2695 1164 2718 vere
1194 2687 1326 2728 posset.
1364 2685 1401 2718 ld
1426 2695 1511 2718 vero
1534 2685 1602 2718 dici
1626 2687 1764 2727 poterat
1785 2685 1947 2717 vanitatis

1080 2735 1295 2777 exemplum.
1322 2736 1408 2768 Nam
1431 2736 1460 2767 si
1476 2744 1599 2767 amore
1616 2736 1762 2767 civitatis
1779 2736 1839 2766 aut
1854 2743 1948 2766 mae-

1079 2794 1160 2817 rore
1192 2784 1399 2816 calamitatis
1431 2784 1593 2826 publicae
1617 2786 1724 2816 vitam
1748 2784 1946 2825 sperneret,

1079 2844 1149 2867 non
1173 2833 1330 2867 debebat
1351 2835 1490 2866 veniam
1515 2835 1678 2877 accipere
1702 2834 1766 2866 sed
1785 2836 1948 2866 contem-

1080 2894 1177 2917 nere.
1215 2884 1287 2917 Alia
1304 2893 1363 2917 res
1379 2884 1491 2917 suitin
1507 2885 1642 2923 Silano;
1668 2886 1696 2917 is
1720 2883 1947 2917 absolutus

1081 2937 1232 2967 mortem
1266 2934 1333 2967 sibi
1367 2935 1571 2967 conscivit.»
1599 2937 1741 2968 WALm.
1787 2936 1946 2975 «Nempe

1080 2988 1254 3025 acceperat
1270 2993 1338 3017 non
1356 2987 1411 3017 est
1426 2980 1575 3025 ἔλαβεν,
1600 2985 1663 3018 sed
1681 2982 1846 3026 ἐδέξατο,
1872 2984 1946 3017 dari

1080 3034 1148 3067 sibi
1161 3043 1287 3075 passus
1300 3035 1388 3067 est.»
1403 3035 1509 3066 Doan.
1527 3035 1635 3068 Aliter
1647 3036 1816 3076 Ryckius:
1837 3034 1948 3066 «Abo-

1079 3084 1235 3116 litionem
1253 3083 1318 3116 sibi
1335 3093 1354 3115 a
1372 3085 1528 3126 principe
1541 3084 1710 3117 indultam
1723 3085 1855 3116 irritam
1869 3084 1949 3117 red·

1081 3133 1168 3165 didit
1195 3132 1261 3164 alio
1289 3142 1370 3166 mox
1394 3135 1559 3173 crimine,
1590 3134 1686 3176 quod
1712 3134 1826 3175 capite
1849 3133 1946 3167 luit.-

1081 3183 1303 3224 Nipperdey:
1327 3184 1377 3216 Er
1398 3184 1476 3216 kam
1492 3185 1579 3217 kurz
1593 3185 1724 3226 darauf
1730 3193 1843 3226 weyen
1857 3186 1949 3217 einer

1083 3233 1232 3265 Thorheit
1252 3234 1356 3266 durch
1378 3235 1471 3276 eiqne
1493 3235 1614 3266 Schuld
1634 3244 1703 3266 um.
1724 3250 1759 3257 —
1785 3234 1947 3276 corrupit]

1080 3282 1176 3315 haud
1199 3284 1301 3316 nimis
1325 3284 1428 3325 digno
1452 3284 1558 3316 modo
1575 3285 1707 3316 irritam
1722 3284 1886 3318 reddidit.
1907 3302 1944 3308 —

1080 3333 1261 3375 Pompeius]
1279 3336 1346 3366 Aut
1362 3343 1577 3376 praenomen
1596 3336 1657 3366 aut
1672 3343 1869 3375 cognomen
1881 3335 1946 3367 viri

1080 3391 1100 3415 a
1113 3381 1254 3415 librario
1266 3384 1436 3416 omissum
1449 3392 1528 3416 esse
1541 3382 1660 3424 liquet.
1675 3385 1762 3416 Nam
1775 3392 1866 3416 unus
1879 3385 1946 3426 pri-

1081 3441 1179 3466 mum
1198 3433 1234 3469 h.
1249 3432 1273 3468 1.
1287 3435 1587 3467 commemoratus
1603 3442 1646 3467 eo
1662 3442 1785 3467 carere
1804 3434 1939 3476 nequit,
