2254 3770
321 296 410 340 '⁴80

816 302 861 344 Ρ.
894 300 1142 345 CORNELII
1172 302 1343 346 TACITI
1371 304 1639 348 ANNALIUM

330 406 512 449 servitus
532 406 684 450 iterum
703 406 836 450 victis.
870 407 951 464 (46)
973 422 1058 451 non
1081 408 1153 451 diu
1181 409 1286 452 haec
1314 422 1395 452 nec
1424 410 1537 467 apud
1571 410 1721 454 laetos:
1753 412 1912 455 etenim
1940 411 2114 470 propin-

329 481 488 539 quabat
524 481 740 540 legionum
776 482 912 532 acies,
958 483 1247 542 inconditique
1287 497 1338 527 ac
1372 483 1545 528 militiae
1575 486 1708 530 nescii
1738 488 1940 545 oppidani
1973 501 2115 546 neque

327 556 462 601 oculis
498 571 639 615 neque
678 557 853 601 auribus
891 558 992 602 satis
1031 559 1327 617 conpetebant.
1373 566 1520 603 contra
1550 560 1695 612 Silius,
1729 563 1806 605 etsi
1838 569 2115 621 praesumpta

326 645 427 690 spes
456 632 652 676 hortandi
683 646 835 676 causas
866 642 1099 684 exemerat,
1140 634 1381 678 clamitabat
1409 641 1551 679 tamen
1580 636 1831 693 pudendum
1861 638 1966 696 ipsis
1997 638 2114 696 quod

284 718 312 751 '5
326 708 647 752 Germaniarum
675 708 860 752 victores
890 708 1120 754 adversum
1150 709 1291 753 Gallos
1321 716 1539 768 tamquam
1568 711 1611 753 in
1641 711 1807 756 hostem
1837 712 2110 757 ducerentur.

328 799 443 828 «una
472 798 610 842 nuper
629 784 783 828 cohors
810 784 1015 829 rebellem
1046 788 1272 835 Turonum,
1303 799 1388 828 una
1418 785 1484 829 ala
1515 788 1757 837 Treverum,
1790 802 1954 846 paucae
1985 788 2112 831 huius

324 860 459 918 ipsius
489 860 701 904 exercitus
730 866 895 904 turmae
930 860 1212 918 profligavere
1244 863 1481 920 Sequanos,
1527 869 1686 920 quanto
1716 864 1900 921 pecunia
1930 863 2040 907 dites
2070 870 2114 907 et

321 935 610 994 voluptatibus
641 935 884 993 opulentos,
926 943 1042 980 tanto
1079 937 1213 994 magis
1249 936 1429 981 inbelles
1461 937 1631 981 Aeduos
1662 939 1845 982 evincite
1875 945 1918 982 et
1946 939 2113 996 fugien—

320 1011 434 1055 tibus
464 1010 716 1056 consulite.»
764 1012 914 1069 ingens
945 1012 1000 1055 ad
1031 1026 1081 1055 ea
1112 1011 1282 1061 clamor,
1315 1019 1358 1056 et
1387 1012 1656 1056 circumfudit
1675 1027 1811 1072 eques
1841 1014 2110 1072 frontemque

271 1098 307 1127 4ο
320 1087 488 1145 pedites
526 1088 746 1140 invasere;
791 1101 873 1131 nec
908 1094 1150 1132 cunctatum
1191 1088 1305 1145 apud
1343 1087 1490 1131 latera:
1530 1088 1706 1146 paulum
1743 1103 1891 1133 morae
1932 1089 2110 1133 attulere

319 1163 460 1207 ferrati
493 1163 750 1207 restantibus
780 1162 990 1207 lamminis
1020 1162 1250 1206 adversum
1278 1163 1362 1220 pila
1383 1169 1426 1207 et
1444 1163 1630 1221 gladios;
1662 1171 1728 1207 set
1758 1164 1879 1209 miles
1902 1165 2109 1223 correptis

318 1239 542 1283 securibus
582 1245 624 1283 et
660 1238 866 1290 dolabris,
905 1244 952 1281 ut
987 1237 1022 1281 si
1060 1253 1229 1281 murum
1264 1246 1579 1297 perrumperet,
1621 1239 1804 1283 caedere
1843 1240 2028 1297 tegmina
2067 1247 2108 1284 et

317 1328 520 1373 corpora3
552 1314 726 1373 quidam
755 1314 952 1358 trudibus
982 1319 1055 1357 aut
1083 1313 1212 1357 furcis
1242 1314 1423 1358 inertem
1451 1314 1608 1358 molem
1637 1321 1932 1373 prosternere;
1963 1314 2110 1360 iacen-

317 1396 469 1449 tesque
498 1390 612 1434 nullo
643 1389 696 1434 ad
729 1389 1041 1447 resurgendum
1062 1389 1155 1432 nisu
1176 1389 1299 1447 quasi
1321 1390 1539 1434 exanimes
1563 1389 1875 1448 linquebantur.
1908 1391 2106 1435 Sacrovir

266 1476 303 1505 45
315 1466 452 1524 primo
483 1465 853 1524 Augustodunum,
897 1464 996 1509 dein
1034 1471 1150 1508 metu
1187 1464 1417 1509 deditionis
1452 1466 1494 1508 in
1524 1465 1665 1510 villam
1694 1467 1980 1525 propinquam
2009 1481 2106 1511 cum

314 1541 532 1585 fidissimis
553 1542 703 1600 pergit.
742 1541 828 1585 illic
848 1554 926 1584 sua
955 1554 1094 1591 manu,
1128 1540 1280 1598 reliqui
1311 1541 1468 1584 mutuis
1498 1541 1653 1585 ictibus
1676 1542 1888 1586 occidere.
1930 1543 2106 1586 incensa

315 1630 447 1675 super
475 1616 574 1660 villa
605 1631 754 1661 omnes
786 1615 1002 1661 cremavit.

428 1693 509 1751 (47)
541 1694 646 1736 Tum
676 1692 848 1736 demum
869 1691 1063 1736 Tiberius
1084 1698 1223 1735 ortum
1243 1698 1540 1750 patratumque
1561 1691 1719 1735 bellum
1742 1698 1893 1736 senatu
1914 1692 2103 1751 scripsit;

313 1781 456 1826 neque
486 1768 672 1825 dempsit
701 1774 773 1811 aut
802 1767 967 1811 addidit
995 1781 1111 1816 vero,
1145 1767 1223 1811 sed
1252 1767 1338 1811 fide
1368 1781 1419 1812 ac
1448 1768 1602 1811 viitute
1631 1767 1806 1825 legatos,
1838 1782 1886 1812 se
1917 1768 2103 1813 consiliis

265 1853 302 1884 20
314 1843 588 1903 superfuisse.
621 1843 746 1888 simul
776 1857 928 1888 causas
959 1857 1035 1887 cur
1063 1857 1147 1886 non
1177 1836 1282 1901 ipse,
1317 1857 1401 1887 non
1420 1845 1585 1887 Drusus
1607 1843 1782 1901 profecti
1805 1843 1859 1887 ad
1881 1844 1923 1888 id
1945 1843 2103 1888 bellum

379 1973 410 2005 4.
435 1973 516 2005 letos
538 1973 571 2006 M
598 1990 632 1996 —
659 1972 692 2005 8.
716 1971 850 2004 inbelles
871 1979 939 2004 esse
952 1970 1081 2003 Aeduos
1102 1971 1242 2004 evincite
1257 1971 1424 2011 Pfitzner3

1449 1971 1580 2004 inbelles
1592 1971 1721 2004 Aeduos
1741 1980 1809 2004 esse
1829 1971 1967 2005 evincite
1982 1972 2101 2006 Ritter.

313 2044 356 2052 —-
379 2029 411 2061 9.
437 2030 573 2062 cosulite
596 2028 668 2071 (sic)
693 2029 727 2062 M
752 2046 789 2051 —
816 2029 867 2061 40.
894 2031 1085 2060 cunctatum
1107 2037 1159 2070 pr.
1186 2029 1219 2061 M
1244 2045 1281 2051 —
1308 2029 1361 2060 44.
1386 2027 1565 2070 lamminis]
1590 2026 1726 2070 Duplici
1748 2037 1783 2060 m
1805 2028 1894 2061 haec
1922 2037 1989 2061 vox
2013 2028 2104 2061 scri-

311 2085 408 2118 bitur
441 2086 548 2118 etiam
577 2085 612 2117 in
647 2084 757 2118 altero
794 2084 916 2118 codice
950 2084 1108 2118 Mediceo
1139 2085 1245 2117 Taciti
1276 2085 1361 2117 Hist.
1389 2085 1420 2124 4,

1450 2085 1491 2117 79
1516 2085 1551 2117 et
1576 2085 1611 2117 in
1635 2084 1756 2117 codice
1781 2084 1940 2118 Mediceo
1963 2083 2102 2125 Vergilii

313 2143 436 2184 Georg.
463 2143 495 2183 4,
522 2141 596 2175 443.
636 2160 671 2165 -
710 2141 762 2174 46.
787 2142 923 2174 incensa
944 2141 1150 2174 Rhenanus:
1177 2141 1327 2182 inpressa
1349 2141 1383 2174 M
1420 2159 1455 2165 -
1490 2140 1543 2173 48.
1569 2143 1703 2173 senatus
1731 2140 1765 2174 M
1784 2141 1840 2182 (in
1864 2141 2023 2182 margine
2045 2140 2095 2182 i);

311 2199 441 2232 senatui
463 2198 578 2240 vulgo.
607 2215 642 2222 —
671 2198 724 2232 49.
750 2198 879 2240 tempsit
901 2207 954 2241 pr.
980 2198 1024 2231 M.

355 2299 408 2333 46.
440 2308 545 2342 neque
567 2299 669 2332 oculis
690 2307 795 2339 neque
817 2299 956 2331 auribus
978 2308 1004 2331 s.
1030 2302 1182 2340 conpete—

311 2348 400 2391 bant]
426 2349 476 2382 Cf.
503 2350 589 2382 Hist.
608 2349 645 2389 3,
664 2349 725 2382 73:
752 2350 823 2381 dum
846 2349 953 2390 scynis
975 2358 1042 2381 non
1064 2349 1181 2391 linqua

309 2407 376 2431 non
399 2399 538 2431 auribus
560 2402 739 2440 conpetere.
769 2398 958 2431 Oculorum
974 2398 1070 2431 haud
1087 2407 1182 2431 com-

311 2451 413 2491 potes
437 2451 538 2482 erant
561 2450 606 2482 ad
630 2449 841 2492 adspectum
864 2450 1102 2482 Romanorum
1126 2449 1181 2481 in-

309 2500 527 2540 gruentium,
554 2501 712 2539 aurium,
738 2499 783 2532 ad
807 2502 944 2533 trucem
969 2508 1093 2532 eorum
1112 2498 1181 2531 cla-

309 2558 448 2583 morem
479 2551 683 2583 constanter
713 2549 945 2582 tolerandum.
982 2550 1115 2583 Nonius
1142 2558 1176 2592 p.

308 2600 392 2641 276,
431 2601 489 2633 ⁴5:
529 2600 736 2641 «Competere
758 2618 777 2624 —
792 2618 810 2624 -
833 2603 1022 2633 constanter
1053 2600 1180 2634 valere.

309 2648 490 2683 Sallustius
514 2650 748 2682 Historiarum
772 2649 831 2682 lib.
857 2651 889 2682 I:
915 2650 961 2682 sic
982 2659 1060 2683 vero
1084 2650 1179 2690 quasi

306 2700 482 2742 formidine
513 2700 672 2733 attonitus
693 2709 797 2742 neque
820 2701 932 2733 animo
953 2708 1059 2740 neque
1080 2700 1179 2733 auri-

307 2749 366 2783 bus
388 2753 449 2783 aut
470 2750 587 2792 linqua
609 2754 800 2791 competere.
838 2750 972 2783 Eadem
1000 2750 1178 2791 significa-

307 2800 400 2834 tione
424 2801 539 2833 Livius
564 2801 595 2840 5,
613 2800 675 2834 42:
700 2809 741 2833 ne
763 2800 901 2833 auribus
923 2801 1053 2842 quidem
1077 2804 1178 2842 atque

306 2851 408 2884 oculis
428 2851 510 2884 satis
532 2854 731 2884 constare
750 2854 916 2892 poterant.
938 2869 973 2874 —-
997 2850 1174 2893 Turonum]

307 2901 358 2934 Cf.
384 2910 415 2934 c.
440 2901 496 2935 44.
523 2918 559 2924 -
593 2905 718 2942 quanto
733 2918 783 2925 -—
799 2901 985 2943 opulentos]
1018 2900 1106 2933 Vide
1130 2900 1176 2933 ad

304 2951 337 2993 3,
362 2953 395 2985 5.
423 2969 459 2976 -
483 2950 636 2993 evincite]
671 2949 814 2984 «Semel
846 2953 952 2993 atque
986 2951 1020 2983 in
1043 2959 1175 2993 perpe—

304 3003 404 3035 tuum
429 2999 531 3043 (facili
553 3000 709 3042 victoria)
743 3000 908 3034 omnibus
932 3001 1173 3034 demonstrate

303 3051 445 3085 Aeduos
475 3052 606 3094 quanto
638 3049 895 3092 opulentiores,
934 3052 1031 3084 tanto
1061 3051 1173 3093 magis

303 3100 464 3135 imbelles
498 3109 619 3134 esse.»
669 3099 733 3132 Alii
768 3102 963 3142 exponunt:
1002 3109 1173 3142 «prorsus

302 3160 364 3185 eos
388 3150 584 3191 devincite,
616 3148 832 3189 debellate»,
860 3159 987 3192 parum
1011 3150 1172 3183 animad—

300 3202 480 3234 vertentes
511 3200 738 3243 perexiguam
773 3198 865 3231 hanc
897 3199 1058 3232 imbelles
1092 3201 1171 3233 vin—

300 3251 404 3283 cendi
428 3250 580 3284 futuram
604 3249 710 3283 fuisse
734 3247 877 3281 laudem
895 3257 937 3281 ac
953 3248 1110 3290 gloriam.
1130 3267 1166 3274 —

297 3300 466 3343 consulite]
500 3300 678 3342 «parcite,
705 3297 811 3331 nolite
836 3297 1003 3330 inutiliter
1026 3301 1168 3341 sangui-

299 3358 383 3382 nem
406 3349 587 3382 inbellium
612 3347 843 3387 effundere;»
872 3349 912 3379 ut
935 3348 1020 3380 Hist.
1046 3349 1078 3387 3,
1104 3350 1164 3382 82:

294 3399 386 3430 ratio
419 3400 616 3439 cunctandi,
653 3407 695 3432 ne
721 3400 896 3439 asperatus
922 3397 1049 3438 proelio
1073 3399 1168 3431 miles

296 3456 363 3482 non
381 3449 524 3491 populo,
548 3458 615 3483 non
629 3448 758 3484 senatui
774 3464 794 3473 -
808 3464 827 3472 —
842 3447 1034 3482 consideret.
1054 3464 1090 3471 -
1116 3457 1168 3484 re-

1230 2298 1402 2340 stantibus]
1425 2298 1682 2332 resistentibus.
1709 2299 1848 2332 Lucret.
1873 2299 1906 2338 2,
1931 2297 2012 2332 450:
2039 2307 2099 2332 ae-

1229 2358 1335 2391 raque
1368 2357 1454 2391 quae
1482 2350 1637 2382 claustris
1667 2350 1829 2382 restantia
1857 2349 2096 2391 vociferantur.

1233 2418 1269 2424 —
1295 2399 1455 2441 trudibus]
1479 2398 1608 2441 Vergil.
1627 2401 1714 2432 Aen.
1733 2400 1765 2439 ὅ,
1783 2399 1865 2432 208:
1889 2400 2100 2441 ferratasque

1229 2450 1341 2482 trudes
1379 2452 1410 2482 et
1450 2452 1552 2485 acuta
1585 2449 1719 2490 cuspide
1751 2452 1863 2482 contos
1894 2449 2096 2490 Expediunt.

1229 2499 1384 2533 Isidorus
1419 2500 1531 2541 origg.
1558 2500 1619 2540 48,
1645 2500 1686 2532 7:
1723 2499 1844 2532 Trudes
1876 2498 1996 2532 amites
2023 2501 2100 2532 mit

1228 2559 1303 2582 cum
1326 2550 1442 2582 lunato
1465 2549 1567 2590 ferro.

1272 2600 1326 2634 47.
1351 2599 1478 2641 senatu]
1511 2600 1532 2633 i.
1560 2609 1591 2632 e.
1617 2600 1767 2633 senatui.
1802 2599 1891 2632 Vide
1915 2598 1961 2632 ad
1983 2608 2016 2632 c.
2040 2598 2096 2633 30.

1229 2650 1281 2683 33.
1311 2669 1347 2674 -
1380 2649 1595 2692 superfuisse]
1630 2658 1836 2692 superasse,
1865 2649 2005 2682 vicisse.
2043 2648 2094 2683 Cf.

1227 2701 1342 2742 Agric.
1379 2699 1443 2734 44:
1483 2701 1599 2742 qratia
1636 2700 1704 2732 oris
1740 2702 1923 2740 supererat.
1971 2699 2096 2732 Cicero

1227 2750 1322 2792 apud
1356 2748 1503 2783 Gellium
1528 2751 1558 2789 4,
1589 2750 1649 2790 22,
1674 2750 1710 2782 7:
1750 2750 1818 2782 Nec
1849 2758 1928 2782 vero
1958 2749 2096 2782 scientia

1225 2801 1310 2833 iuris
1342 2799 1525 2833 maioribus
1554 2799 1623 2832 suis
1658 2800 1695 2840 Q.
1730 2799 1839 2832 Aelius
1873 2798 1996 2832 Tubero
2036 2799 2095 2832 de-

1223 2850 1303 2892 fuit,
1328 2849 1481 2882 doctrina
1502 2849 1603 2882 etiam
1623 2849 1797 2891 superfuit.
1826 2867 1861 2873 --
1893 2848 2097 2891 magnitudi-

1223 2908 1298 2932 nem
1320 2899 1461 2942 imperii]
1486 2899 1709 2932 maiestatem
1732 2899 1869 2941 imperii
1889 2899 2036 2931 Romani
2051 2905 2094 2931 ac

1224 2950 1390 2992 principis
1406 2949 1475 2982 hoc
1492 2948 1721 2982 moderantis.
1742 2948 1792 2981 Cf.
1809 2950 1840 2988 4,
1856 2948 1916 2982 47:
1933 2957 1995 2989 per
2007 2948 2095 2990 filios

1219 3000 1350 3041 pariter
1364 3000 1454 3032 adiri
1477 2999 1648 3032 maiestate
1661 2999 1770 3039 salva,
1795 2999 1974 3031 cui-maior
1989 3007 2006 3031 e
2021 2998 2093 3030 lon-

1221 3051 1346 3092 qinquo
1379 3049 1575 3082 reverentia.
1592 3066 1642 3073 ·-
1658 3049 1744 3090 quod
1779 3048 1864 3082 aliut
1896 3048 2089 3089 subsidium,

1221 3101 1249 3132 si
1270 3101 1506 3141 imperatorem
1526 3097 1749 3140 sprevissent?
1765 3115 1800 3121 —
1826 3099 1986 3140 regimen,
2003 3095 2087 3131 ***.

1220 3150 1319 3192 nunc]
1343 3150 1498 3192 Apparet
1521 3148 1668 3189 deesse,
1694 3147 1777 3190 quid
1792 3147 2012 3190 principibus
2028 3147 2090 3181 de-

1221 3209 1344 3234 corum
1368 3208 1439 3232 non
1462 3199 1518 3232 sit.
1551 3199 1703 3232 Ritterus
1718 3196 1894 3240 supplevit
1907 3207 2013 3230 unam
2027 3206 2090 3231 sua

1219 3259 1304 3283 cura
1319 3250 1473 3291 amplecti
1484 3249 1705 3290 provinciam.
1734 3246 1788 3281 Ad
1802 3248 2014 3281 sententiam
2031 3245 2088 3281 vel

1220 3299 1310 3332 haec
1333 3299 1556 3332 sufficerent:
1584 3298 1782 3340 peregrinas
1809 3296 1904 3329 adire
1925 3297 2086 3342 reqiones.

1221 3367 1257 3373 -
1293 3349 1430 3391 decora]
1474 3348 1685 3381 adiectivum
1720 3347 1792 3386 est3
1829 3346 2090 3388 distinguuntur

1221 3399 1317 3432 enim
1340 3399 1480 3432 decorae
1503 3399 1705 3431 ceterorum
1727 3395 1947 3430 adulationes
1970 3397 2016 3430 ab
2038 3397 2090 3430 in-

1216 3449 1338 3483 decora
1358 3449 1461 3482 unius
1483 3445 1698 3481 Dolabellae.
1723 3447 1832 3480 Dossn.
1851 3464 1888 3471 —
1913 3446 2088 3482 Dolabella
