2254 3770
719 262 876 307 LIBER
903 262 986 307 XV.
1032 261 1133 320 Cap.
1163 262 1232 307 Μ.
1262 262 1329 308 42.
1361 262 1428 306 43.
1895 260 1978 304 495

190 370 406 421 Paccium,
439 368 563 427 primi
585 368 659 427 pili
680 368 990 419 centurionem,
1022 367 1197 412 obvium
1216 369 1373 421 habuit,
1405 368 1505 412 dein
1524 367 1756 426 plerosque
1778 366 1974 419 militum3

192 459 303 504 quos
342 444 537 488 diversas
573 443 699 502 fugae
738 458 892 488 causas
922 443 1205 488 obtendentes
1233 444 1376 488 redire
1406 443 1459 487 ad
1490 443 1611 501 signa
1641 449 1684 487 et
1713 441 1980 486 clementiam

187 521 305 566 Paeti
345 519 531 578 experiri
570 519 794 563 monebat:
840 533 888 563 se
927 519 1007 562 nisi
1046 519 1279 563 victoribus
1318 519 1523 563 immitem
1565 532 1679 563 esse.
1725 516 1850 561 simul
1881 530 1981 561 suas

186 596 379 654 legiones
420 594 558 646 adire,
596 594 777 648 hortari;
818 595 1012 653 priorum
1050 571 1304 646 admonere,
1346 608 1500 638 novam
1531 593 1710 652 gloriam
1739 592 1982 638 ostendere.

187 686 272 716 non
309 672 428 716 vicos
464 677 536 714 aut
575 670 734 728 oppida
772 671 1093 721 Armeniorum,
1133 669 1212 713 sed
1242 676 1382 714 castra
1411 672 1600 714 Romana
1629 669 1826 727 duasque
1855 668 1898 710 in
1927 667 2012 711 iisa

185 746 378 805 legiones
406 746 591 804 pretium
619 745 779 789 laboris
810 746 910 803 peti.
954 746 989 790 si
1017 744 1194 802 singulis
1216 744 1552 803 manipularibus
1572 745 1805 803 praecipua
1825 742 1982 787 servati

187 822 293 867 civis
323 834 484 866 corona
515 821 790 879 imperatoria
818 835 947 864 manu
978 821 1252 872 tribueretur,
1284 820 1402 878 quod
1421 820 1522 864 illud
1546 827 1588 864 et
1608 827 1814 878 quantum
1834 818 1980 870 decus,

187 897 261 941 ubi
290 911 369 955 par
398 911 552 940 eorum
579 910 785 940 numerus
816 896 1098 954 aspiceretur,
1139 896 1214 954 qui
1243 895 1497 940 adtulissent
1525 895 1706 940 salutem
1735 901 1778 938 et
1805 894 1880 952 qui
1910 907 1982 938 ac-

187 972 425 1031 cepissent!
457 971 522 1016 his
551 978 681 1030 atque
712 970 868 1015 talibus
899 972 942 1014 in
972 985 1200 1016 commune
1230 970 1395 1015 alacres
1427 972 1484 1028 (et
1513 977 1634 1015 erant
1653 984 1764 1029 quos
1791 969 1983 1028 pericula

187 1048 364 1092 fratrum
399 1054 472 1091 aut
509 1047 851 1105 propinquorum
884 1046 1071 1104 propriis
1100 1046 1280 1090 stimulis
1310 1046 1600 1103 incenderent)
1632 1046 1879 1091 continuum
1909 1045 1984 1088 diu
1997 1059 2034 1089 io

186 1130 403 1181 noctuque
434 1123 515 1166 iter
543 1121 844 1180 properabant.
903 1121 984 1178 (⁴3)
1016 1135 1158 1180 eoque
1185 1122 1386 1166 intentius
1415 1121 1649 1180 Vologeses
1678 1135 1876 1180 premere
1907 1120 1984 1164 ob-

186 1212 352 1250 sessos,
384 1197 514 1241 modo
534 1197 693 1242 vallum
712 1197 950 1255 legionum,
983 1197 1111 1241 modo
1133 1197 1367 1250 castellum,
1399 1211 1487 1255 quo
1508 1197 1675 1241 inbellis
1697 1203 1815 1241 aetas
1837 1196 1983 1240 defen-

186 1273 381 1325 debatur,
413 1272 674 1331 adpugnare,
708 1273 886 1331 propius
909 1272 1115 1317 incedens
1137 1287 1267 1331 quam
1286 1286 1380 1316 mos
1399 1272 1584 1324 Parthis,
1617 1273 1653 1316 si
1675 1286 1728 1316 ea
1746 1273 1984 1316 temeritate

186 1349 352 1392 bostem
388 1348 432 1391 in
469 1347 679 1406 proelium
709 1347 897 1393 eliceret.
942 1355 985 1392 at
1012 1347 1073 1391 illi
1103 1348 1174 1391 vix
1203 1347 1496 1392 contuberniis
1527 1348 1724 1399 extracti,
1757 1361 1838 1392 nec
1868 1346 1984 1391 aliud

187 1438 318 1483 quam
346 1423 608 1467 munimenta
635 1424 980 1482 propugnabant,
1012 1437 1113 1481 pars
1143 1423 1264 1467 iussu
1294 1423 1437 1475 ducis,
1470 1430 1512 1467 et
1531 1423 1599 1467 alii
1622 1423 1797 1481 propria
1816 1423 2036 1480 ignaviam

189 1506 264 1544 aut
293 1498 581 1544 Corbulonem
611 1499 905 1556 opperientes,
939 1512 989 1543 ac
1015 1499 1079 1542 vis
1107 1499 1144 1542 si
1172 1499 1408 1557 ingrueret,
1438 1498 1624 1557 provisis
1644 1499 1852 1557 exemplis
1875 1499 1986 1543 Cau-

189 1566 317 1619 dinae
346 1574 715 1632 Numantinaeque
744 1573 885 1617 cladis.
930 1587 1057 1631 neque
1088 1574 1271 1618 eandem
1300 1574 1384 1617 vim
1415 1574 1691 1627 Samnitibus,
1732 1574 1878 1619 Italico
1907 1588 1986 1632 po-

189 1650 313 1709 pulo,
346 1650 379 1708 -1-
400 1656 472 1694 aut
490 1649 664 1701 Poenis,
696 1650 874 1694 Romani
895 1649 1062 1707 imperii
1084 1649 1276 1693 aemulis.
1307 1648 1491 1694 validam
1511 1663 1687 1708 quoque
1708 1656 1751 1694 et
1769 1649 1985 1694 laudatam

253 1772 285 1804 4.
304 1770 464 1813 paceium
485 1771 539 1804 M:
563 1771 715 1804 Pactium
736 1769 854 1812 vulgo.
881 1770 932 1803 Cf.
953 1770 1006 1811 43,
1025 1770 1079 1803 36.
1108 1789 1144 1794 -
1170 1771 1203 1803 2.
1227 1771 1305 1813 suge
1326 1771 1360 1804 M
1386 1789 1422 1794 —
1448 1771 1481 1803 6.
1501 1768 1611 1812 fitium
1626 1771 1659 1804 M
1677 1788 1712 1794 -
1732 1771 1764 1804 8.
1783 1771 1986 1813 afficeretur

185 1818 340 1864 Lipsius:
372 1821 577 1861 apisceretur
598 1822 631 1855 M
655 1821 724 1864 (ubi
742 1829 805 1862 per
826 1829 943 1853 eorum
964 1829 1140 1853 numerum
1163 1824 1362 1862 oprueretur
1383 1821 1598 1863 Nipperdey)
1625 1838 1661 1844 —
1697 1821 1751 1854 40.
1776 1822 1835 1854 diu
1856 1822 1907 1855 M:
1934 1821 1986 1854 die

185 1870 253 1904 alii.
274 1888 312 1894 —
337 1872 390 1903 44.
411 1868 526 1913 ῥηιονο
549 1872 581 1905 M
608 1889 643 1895 —
671 1872 725 1904 42.
750 1873 786 1903 in
809 1870 898 1903 bellis
920 1870 1031 1904 divise
1055 1871 1090 1904 M
1115 1889 1148 1895 —
1178 1870 1231 1904 44.
1254 1871 1424 1911 praelium
1444 1871 1478 1904 M
1498 1889 1533 1894 —
1553 1871 1687 1904 extrahi
1708 1871 1926 1913 Nipperdey.
1944 1889 1980 1894 —

185 1922 239 1954 46.
264 1924 324 1954 aut
345 1922 396 1955 M:
420 1925 458 1954 ut
479 1922 680 1954 Rhenanus.
711 1939 745 1945 -
771 1930 812 1953 ac
833 1922 885 1953 vis
905 1922 934 1953 si
957 1919 1133 1954 Walther:
1160 1930 1202 1953 ac
1224 1922 1277 1953 uis
1298 1922 1349 1961 M,
1375 1930 1416 1953 ac
1438 1921 1466 1953 si
1486 1921 1538 1953 vis
1560 1920 1628 1954 alii.
1654 1939 1691 1945 -
1717 1921 1888 1954 Caudinae
1909 1922 1985 1954 Nu-

183 1973 420 2014 mantinaeque
442 1971 556 2005 cladis.
581 1981 685 2013 neque
708 1972 840 2005 Haase:
866 1972 967 2003 caudi
983 1973 1068 2013 (non
1083 1972 1211 2013 caudie)
1234 1970 1322 2004 nenu‘
1346 1972 1494 2012 animem
1511 1972 1563 2010 M;
1589 1971 1760 2004 Caudinae
1774 1981 1815 2004 ae
1830 1973 1986 2004 Numan-

185 2022 275 2055 tinae
302 2022 418 2055 cladis.
447 2031 551 2063 neque
574 2023 620 2060 G;
654 2022 773 2055 Caudii
802 2025 833 2054 et
860 2022 1076 2054 Numantiae.
1106 2030 1211 2062 neque
1233 2021 1392 2055 Orellius.
1419 2040 1455 2046 -
1489 2022 1543 2055 48.
1569 2025 1630 2054 aut
1650 2023 1765 2055 Poenis
1786 2021 1907 2068 (penis)
1930 2023 1980 2055 M:

185 2074 247 2104 aut
267 2072 442 2113 Hispanis,
471 2081 574 2113 quam
595 2072 727 2104 Parthis
747 2073 773 2105 I.
799 2073 854 2105 Fr.
881 2072 1096 2112 Gronovius3
1133 2075 1194 2105 aut
1215 2072 1390 2113 Hispanis,
1420 2075 1459 2105 ut
1480 2072 1761 2113 Freinshemius3
1791 2082 1834 2105 ae
1855 2073 1986 2106 Parthis

189 2121 367 2163 Halmius,
391 2125 429 2155 ut
450 2122 582 2155 Parthis
602 2121 820 2165 Nipperdey.
847 2139 883 2146 —
909 2123 1026 2155 emulis
1047 2123 1092 2156 M.

1111 2201 1191 2246 νόν,
1207 2205 1456 2245 communiter,
1470 2204 1655 2244 universe3
1683 2212 1864 2245 «omnes»,
1878 2205 1984 2238 etiam

1111 2255 1154 2295 ii,
1181 2262 1271 2296 quos
1294 2255 1426 2296 proprii
1449 2255 1603 2287 caritatis
1627 2253 1758 2287 stimuli
1774 2263 1846 2287 non
1861 2254 1986 2287 incen-

185 2192 315 2246 insigne
335 2204 577 2244 clarissimum,
601 2204 671 2236 iam
689 2204 821 2244 pridem
841 2212 920 2237 vero
941 2207 972 2237 et
994 2204 1062 2237 cle·-

186 2254 330 2286 mentiae
351 2254 603 2295 imperatorum.
629 2254 651 2295 S
671 2253 730 2286 43:
756 2253 899 2295 Accepta
921 2253 995 2286 licet
1012 2254 1064 2286 uti

181 2307 364 2345 perpetum
395 2305 483 2337 ludis
503 2299 631 2338 ineunti
652 2313 779 2345 semper
800 2305 939 2346 adsurgi
961 2305 1063 2337 etiam

192 2353 235 2386 ab
257 2358 373 2387 senatu
389 2355 425 2387 in
438 2364 530 2388 more
544 2358 592 2387 est
598 2363 611 2394 ‚·
633 2355 763 2388 sedendi
777 2355 830 2387 ius
844 2356 880 2387 in
891 2362 1062 2396 proammo

188 2405 319 2436 senatui
325 2412 338 2442 ;
360 2405 494 2437 vacatio
515 2413 692 2437 munerum
706 2405 853 2437 omnium
867 2405 931 2445 ipsi
948 2404 1063 2445 patri-

189 2463 252 2495 que
277 2457 309 2487 et
340 2463 403 2487 avo
431 2458 587 2495 paterno.
618 2471 654 2477 —
693 2455 914 2495 imperatoria
940 2453 1060 2496 manu]

190 2503 320 2537 Gellius
343 2503 488 2546 quidem
511 2505 544 2543 5,
570 2504 602 2544 6,
629 2504 690 2536 44;
716 2504 830 2537 Civica
851 2513 976 2537 corona
998 2512 1063 2544 ap-

183 2553 349 2595 pellatur,
380 2563 483 2595 quam
511 2554 593 2586 civis
621 2554 706 2594 civi,
740 2562 763 2586 a
785 2562 851 2594 quo
872 2554 908 2586 in
935 2554 1062 2595 proelio

189 2607 344 2637 servatus
365 2608 429 2644 est,
454 2607 567 2637 testem
587 2604 677 2636 vitae
690 2603 873 2645 salutisque
887 2607 1063 2645 perceptae

190 2654 260 2688 dat.
293 2655 426 2688 Verum
446 2655 552 2687 etiam
576 2653 687 2687 libera
703 2653 901 2697 republica
918 2662 1001 2687 eum
1017 2653 1063 2686 ad

192 2707 366 2741 honorem
389 2707 619 2740 tribuendum
641 2707 866 2748 imperatoris
884 2707 1063 2749 permissu

189 2765 280 2799 opus
295 2757 402 2790 tuisse
416 2759 696 2791 consentaneum
709 2758 782 2794 est;
799 2755 952 2798 alioquin
966 2757 1063 2789 enim

192 2808 266 2839 tam
296 2807 422 2849 insigni
450 2808 586 2840 honore
616 2805 716 2840 facile
740 2806 838 2839 abuti
864 2807 1064 2849 potuissent

190 2856 295 2889 amici
315 2857 350 2889 in
371 2857 524 2895 amicos,
548 2857 758 2898 praesertim
775 2855 838 2888 ubi
856 2857 968 2889 testes
985 2855 1064 2888 ido-

189 2906 270 2945 nei,
296 2915 385 2948 quos
408 2907 640 2948 interrogaret
662 2907 871 2949 imperator,
904 2914 976 2938 non
997 2904 1063 2938 ad-

190 2955 350 2989 fuissent.
383 2957 435 2989 De
457 2957 658 2999 principum
675 2956 896 2998 temporibus
912 2965 955 2988 ex
970 2955 1002 2995 3,
1021 2956 1057 2988 24

191 3005 363 3039 discimus
386 3006 534 3039 civicam
551 3014 719 3039 coronam
742 3006 818 3039 iure
842 3004 1063 3048 proconsulis

189 3055 297 3088 tribui
318 3056 488 3097 potuisse.
515 3055 564 3088 Cf.
591 3056 736 3088 Sueton.
762 3055 839 3088 Tib.
863 3055 917 3087 32.
947 3073 982 3079 -—
1007 3054 1064 3087 ubi

186 3114 257 3147 par
284 3113 400 3138 eorum
427 3113 585 3137 numerus
607 3104 689 3147 cet.]
719 3105 900 3138 Sententia
923 3106 996 3137 est:
1028 3105 1063 3136 Si

192 3154 337 3197 singulis
361 3154 530 3188 militibus
552 3163 617 3197 pro
639 3164 711 3188 uno
735 3156 811 3188 cive
827 3156 969 3188 servato
985 3156 1063 3187 tan-

190 3206 247 3238 tus
282 3205 395 3238 honos
429 3203 613 3244 tribuitur,
649 3206 782 3246 quanto
810 3203 975 3237 illustrior
998 3204 1064 3236 erit

192 3252 289 3295 laus,
314 3253 376 3287 ubi
399 3255 466 3293 tot,
492 3255 580 3295 quot
597 3254 682 3286 estis
705 3254 789 3296 ipsi,
815 3254 911 3286 cives
926 3262 946 3285 a
961 3252 1062 3286 vobis

191 3311 261 3336 una
284 3305 414 3337 servati
438 3304 566 3336 erunt?
596 3302 710 3335 Gloria
733 3305 882 3344 augetur
904 3301 1063 3335 multitu—

191 3351 274 3385 dine
301 3355 543 3393 servatorum,
574 3352 634 3394 qui
664 3353 715 3384 tot
743 3351 818 3385 fere
847 3353 947 3392 sunt,
977 3352 1063 3394 quot

190 3400 317 3436 auxilio
332 3404 519 3437 venerunt.
540 3418 578 3427 —
596 3403 633 3436 in
654 3400 837 3444 commune]
860 3400 900 3443 ἐς
917 3397 962 3434 τὸ
977 3409 1062 3435 κοι-

1112 2305 1251 2338 derent.
1272 2323 1308 2329 -
1328 2306 1386 2338 diu
1400 2306 1574 2346 noctuque]
1597 2305 1732 2338 Eadem
1754 2304 1905 2338 formula
1920 2305 1987 2338 uti-

1111 2357 1169 2388 tur
1184 2356 1335 2389 inversis
1350 2355 1500 2389 vocibus
1516 2356 1603 2389 flist.
1621 2356 1655 2395 2,
1672 2357 1708 2389 5:
1733 2359 1834 2389 noctu
1848 2357 1982 2397 diuque.

1112 2406 1183 2439 Sed
1205 2407 1293 2439 Hist.
1318 2407 1351 2447 3,
1376 2407 1437 2439 76:
1463 2409 1563 2439 noctu
1584 2406 1710 2447 dieque.

1155 2457 1208 2490 43.
1234 2456 1420 2499 castellum]
1449 2457 1687 2490 Arsamosata.
1727 2456 1778 2489 Cf.
1805 2465 1836 2490 c.
1863 2456 1918 2489 40.
1945 2474 1982 2480 -

1111 2506 1318 2548 adpugnare]
1338 2506 1424 2538 Vide
1441 2506 1487 2539 ad
1502 2507 1535 2546 2,
1553 2506 1608 2539 84.
1622 2524 1667 2530 —-
1683 2506 1889 2539 munimenta
1899 2515 1985 2547 pro-

1107 2557 1314 2598 pugnabant]
1335 2557 1386 2589 De
1404 2557 1666 2589 constructione
1683 2556 1726 2590 cf.
1745 2556 1799 2597 43,
1817 2556 1853 2589 34
1869 2567 1875 2589 :
1899 2565 1986 2597 quae

1111 2608 1245 2640 libidine
1266 2607 1474 2646 deliquerant
1496 2606 1624 2639 ambitu
1640 2610 1870 2649 propugnant.
1895 2608 1985 2639 Sue-

1112 2659 1184 2690 ton.
1200 2657 1302 2690 Caes.
1316 2656 1376 2689 23:
1392 2659 1666 2698 propugnaturos
1677 2657 1861 2690 absentiam
1874 2666 1983 2689 suam.

1112 2709 1198 2741 Stat.
1209 2706 1320 2740 Theb.
1333 2707 1365 2746 2,
1374 2706 1456 2740 584:
1471 2716 1691 2749 propugnans
1699 2711 1839 2748 pectora
1844 2716 1983 2749 parma.

1115 2776 1151 2782 —
1176 2758 1268 2790 iussu
1295 2756 1402 2798 ducis]
1438 2758 1498 2798 qui
1526 2757 1603 2800 ipse
1634 2766 1778 2800 quoque
1810 2766 1829 2790 e
1860 2757 1984 2790 castris

1113 2816 1302 2849 erumpere
1331 2815 1402 2839 non
1426 2805 1592 2839 audebat.
1621 2825 1656 2830 —
1687 2811 1747 2839 aut
1770 2807 1986 2840 Corbulonem

1112 2855 1324 2898 opperientes]
1349 2857 1482 2889 Sensus
1506 2858 1577 2890 est:
1609 2856 1986 2899 Corbulonemxoppe-

1113 2907 1265 2946 rientes,
1302 2915 1373 2938 non
1406 2906 1543 2947 ignavia
1579 2915 1618 2939 se
1644 2907 1735 2939 intra
1765 2907 1986 2939 munimenta

1113 2956 1347 2995 continuisse,
1374 2955 1440 2988 sed
1463 2955 1612 2989 fortasse
1635 2956 1801 2998 prudenti
1825 2954 1983 2996 consilio,

1114 3014 1196 3038 cum
1214 3014 1253 3038 se
1273 3004 1436 3038 hostibus
1452 3005 1607 3047 impares
1623 3005 1796 3038 viderent.
1821 3007 1983 3038 Picaniu.

1115 3072 1151 3078 —
1173 3055 1331 3098 provisis]
1357 3055 1455 3088 «iam
1478 3056 1560 3088 ante
1579 3055 1799 3098 praeparatis
1815 3063 1857 3087 ac
1873 3063 1986 3097 quae-

1113 3105 1221 3138 sitis».
1229 3122 1263 3127 —
1276 3104 1447 3138 Caudinae
1457 3105 1750 3145 Numantinaeque
1761 3105 1876 3148 cladis]
1891 3106 1985 3139 Cau-

1113 3154 1196 3186 dina
1220 3153 1339 3188 clades
1359 3155 1525 3188 Romanis
1543 3163 1561 3187 3
1579 3153 1793 3187 Samnitibus
1814 3162 1847 3187 a.
1865 3163 1900 3187 u.
1921 3153 1984 3188 433

1113 3204 1158 3236 ad
1182 3203 1357 3237 Caudinas
1380 3204 1516 3244 furcas,
1546 3205 1758 3236 Numantina
1787 3203 1884 3246 apud
1909 3205 1986 3237 Nu-

1112 3255 1281 3287 mantiam
1304 3254 1339 3286 in
1361 3254 1525 3296 Hispania
1541 3253 1795 3286 Tarraconensi
1816 3261 1848 3286 a.
1865 3261 1901 3286 u.
1920 3253 1983 3286 647

1112 3302 1204 3336 illata
1228 3305 1294 3337 est.
1320 3304 1472 3345 Utraque
1485 3310 1574 3344 pace
1590 3302 1823 3344 ignominiosa
1838 3303 1915 3335 erat
1929 3302 1985 3336 in-

1112 3353 1231 3394 signis.
1259 3370 1296 3377 —
1321 3356 1382 3386 aut
1401 3352 1516 3385 Poenis
1539 3351 1620 3394 cet.]
1645 3351 1760 3384 Locus
1782 3349 1840 3384 vel
1863 3359 1984 3385 corru-

1109 3402 1192 3444 ptus
1213 3399 1271 3436 vel
1293 3408 1441 3435 mancus
1462 3398 1616 3434 videtur.
1646 3398 1787 3434 «Nullae
1809 3399 1869 3434 hic
1889 3401 1982 3436 Poe-
