2254 3770
283 287 366 332 524
768 294 813 337 Ρ.
845 293 1096 338 CORNELII
1124 293 1295 338 TACITI
1323 293 1591 339 ANNALIUM

284 401 429 453 partes
460 397 738 443 descendisse
770 399 923 444 crebro
954 400 1090 458 ipsius
1120 413 1318 444 sermone
1348 400 1457 444 facta
1486 400 1616 452 fides,
1649 401 1888 459 promptius
1914 401 1999 445 iam
2019 401 2075 445 de

284 476 478 530 tempore
515 488 566 518 ac
603 474 699 519 loco
737 474 882 519 caedis
919 475 1146 532 agitabant.
1192 482 1234 519 et
1269 476 1437 533 cepisse
1474 476 1681 534 impetum
1711 476 1891 520 Subrius
1922 475 2075 520 Flavus

284 545 502 592 serebatur
541 549 584 592 in
623 563 781 594 scaena
820 556 1043 594 canentem
1082 552 1293 595 Neronem
1334 551 1631 609 adgrediendi,
1671 558 1743 596 aut
1772 566 1870 597 cum
1900 552 2076 596 ardente

285 621 414 667 domo
444 638 524 682 per
552 631 722 669 noctem
752 625 836 670 huc
866 625 965 670 illuc
996 633 1188 671 cursaret
1212 626 1508 670 incustoditus.
1540 627 1609 671 hic
1628 627 1800 672 occasio
1825 627 2075 680 solitudinis,

251 696 344 740 sibi
380 697 473 755 ipsa
512 699 751 758 frequentia
790 701 892 745 tanti
922 701 1092 746 decoris
1124 701 1243 746 testis
1274 701 1610 760 pulcherrimum
1639 702 1827 747 animum
1856 702 2078 760 extimula-

283 781 449 826 verant,
482 775 562 819 nisi
593 775 854 833 impunitatis
886 777 1043 835 cupido
1074 777 1336 829 retinuisset,
1370 778 1534 836 magnis
1564 792 1737 836 semper
1761 778 1982 823 conatibus
2002 778 2079 822 ad-

285 864 423 895 versa.
470 851 551 908 (54)
581 851 750 896 interim
780 842 1075 896 cunctantibus
1105 852 1501 911 prolatantibusque
1531 867 1654 911 spem
1684 867 1736 898 ac
1764 860 1948 906 metum,
1980 854 2080 912 Epi-

286 926 427 971 charis
457 926 692 985 quaedam,
728 927 938 971 incertum
969 942 1155 986 quonam
1186 927 1314 972 modo
1346 929 1559 973 sciscitata
1590 929 1746 988 (neque
1777 929 1835 972 illi
1866 936 1963 973 ante
1993 929 2079 974 ulla

284 1016 428 1046 rerum
468 1002 744 1046 honestarum
785 1017 888 1046 cura
928 1003 1097 1060 fuerat),
1141 1004 1380 1048 accendere
1420 1011 1462 1047 et
1500 1018 1683 1062 arguere
1718 1005 1986 1058 coniuratos;
2028 1019 2080 1049 ac

237 1087 272 1116 ⁴0
287 1084 551 1137 postremum
587 1078 849 1122 lentitudinis
889 1093 1039 1123 eorum
1072 1085 1272 1137 pertaesa
1301 1086 1343 1123 et
1371 1079 1414 1122 in
1446 1080 1675 1137 Campania
1705 1094 1837 1137 agens
1866 1081 2079 1139 primores

285 1153 601 1198 classiariorum
627 1154 931 1198 Misenensium
955 1153 1198 1198 labefacere
1219 1161 1262 1199 et
1284 1155 1545 1199 conscientia
1570 1155 1732 1213 illigare
1755 1156 1901 1200 conisa
1923 1162 1988 1200 est
2007 1155 2078 1200 tali

286 1230 417 1274 initio,
462 1237 553 1274 erat
583 1229 823 1274 navarchus
855 1230 895 1272 in
926 1244 978 1274 ea
1007 1229 1145 1274 classe
1166 1230 1364 1275 Volusius
1394 1230 1616 1283 Proculus,
1650 1231 1914 1276 occidendae
1933 1232 2080 1276 matris

285 1306 467 1350 Neronis
498 1306 607 1349 inter
636 1305 872 1357 ministros,
916 1320 1000 1349 non
1031 1320 1086 1349 ex
1115 1306 1405 1364 magnitudine
1436 1306 1613 1351 sceleris
1642 1313 1895 1365 provectus,
1937 1313 1983 1350 ut
2012 1321 2081 1351 re-

285 1380 423 1425 batur.
469 1381 506 1425 is
542 1381 710 1425 mulieri
751 1381 851 1425 olim
885 1382 1099 1439 cognitus,
1140 1396 1217 1426 seu
1249 1396 1401 1427 recens
1432 1390 1524 1427 orta
1553 1383 1756 1435 amicitia,
1798 1382 1900 1426 dum
1929 1384 2081 1428 merita

237 1463 273 1494 15
287 1471 386 1515 erga
416 1458 631 1501 Neronem
661 1471 739 1501 sua
761 1464 803 1501 et
823 1471 951 1515 quam
974 1457 1015 1500 in
1043 1457 1206 1501 irritum
1229 1458 1487 1503 cecidissent
1507 1459 1644 1517 aperit
1664 1458 1880 1517 adicitque
1901 1465 2080 1517 questus

286 1539 329 1577 et
358 1533 687 1577 destinationem
715 1532 948 1585 vindictae,
980 1533 1016 1576 si
1047 1533 1226 1578 facultas
1247 1539 1451 1585 oreretur,
1483 1549 1605 1592 spem
1629 1534 1747 1579 dedit
1774 1548 1905 1592 posse
1935 1533 2079 1592 inpelli

287 1615 330 1653 et
366 1608 513 1667 plures
550 1608 800 1653 conciliare:
847 1622 928 1652 nec
966 1609 1061 1653 leve
1100 1609 1305 1653 auxilium
1335 1610 1376 1653 in
1408 1609 1566 1661 classe,
1611 1609 1785 1654 crebras
1815 1610 2078 1662 occasiones,

286 1685 388 1743 qula
416 1686 529 1729 Nero
559 1684 692 1728 multo
723 1684 836 1742 apud
868 1684 1069 1728 Puteolos
1101 1693 1143 1728 et
1176 1685 1384 1728 Misenum
1413 1685 1544 1729 maris
1575 1699 1656 1729 usu
1685 1684 1934 1729 laetabatur.
1976 1699 2079 1744 ergo

287 1760 509 1818 Epicharis
538 1760 684 1818 plura;
726 1766 767 1804 et
808 1761 951 1804 omnia
979 1759 1144 1804 scelera
1175 1761 1378 1819 principis
1411 1760 1594 1812 orditur,
1637 1775 1779 1819 neque
1809 1762 1944 1806 sancti
1975 1761 2079 1820 quid

355 1902 386 1933 i.
410 1909 560 1933 sermone
583 1901 627 1932 G:
659 1901 821 1933 sermonis
841 1902 894 1938 M;
924 1901 1127 1934 sermonibus
1150 1901 1207 1934 ed.
1233 1901 1419 1943 Spirensis.
1447 1919 1483 1924 —
1516 1902 1549 1934 2.
1573 1903 1661 1944 fleus
1682 1902 1716 1935 M
1743 1919 1777 1926 —
1792 1896 1840 1934 '3.
1864 1910 1962 1935 scena
1984 1903 2017 1936 M
2042 1920 2086 1931 —.

287 1958 424 1991 ardente
446 1958 541 1989 domo
564 1958 615 1991 M:
652 1957 826 1990 abscedens
847 1959 943 1990 domo
967 1959 1100 1997 Haase;
1137 1959 1258 1991 ardens
1285 1966 1399 1990 amore
1421 1956 1591 1991 Halmius.
1619 1976 1654 1982 —-
1688 1959 1719 1991 5.
1743 1948 2003 1999 pulcherrimum
2025 1959 2078 1993 M:

284 2015 512 2056 pulcherrima
534 2012 685 2053 Urlichs3
708 2015 970 2055 pulcherrimum
993 2016 1038 2047 ad
1058 2015 1190 2056 facinus
1213 2013 1370 2048 Orellius.
1391 2032 1427 2037 —-
1453 2015 1735 2054 eaetimulauerat,
1761 2023 1940 2057 superscr.
1957 2013 2083 2057 penul-

287 2071 394 2103 timae
419 2069 555 2103 litterae
570 2080 606 2110 n,
630 2072 663 2104 M
682 2087 717 2094 -
744 2072 776 2103 7.
801 2080 856 2112 spe
879 2081 921 2104 ac
943 2075 1033 2104 metu
1054 2072 1209 2114 Lipsius;
1235 2080 1324 2112 spem
1346 2072 1432 2104 inter
1454 2081 1495 2103 ac
1515 2074 1638 2104 metum
1659 2070 1844 2104 Acidalius.
1865 2089 1902 2094 —
1929 2072 1981 2104 ⁴0.
1999 2080 2084 2113 per—

287 2131 358 2160 tesa
380 2128 415 2160 M
441 2144 475 2149 —
503 2128 556 2159 42.
581 2130 654 2160 erat
675 2128 864 2160 navarchus
888 2130 933 2161 G:
962 2127 1244 2169 erantlluarchus
1266 2129 1318 2167 M,
1343 2131 1417 2160 erat
1438 2127 1636 2160 chiliarchus
1662 2127 1718 2160 ed.
1745 2128 1931 2170 Spirensis.
1959 2145 1996 2152 -
2019 2137 2084 2161 uo-

286 2184 375 2217 lusiu
398 2184 431 2217 M
458 2202 492 2206 —
520 2182 572 2216 ⁴4.
598 2185 626 2216 is
649 2186 693 2217 G:
718 2185 768 2217 his
790 2185 822 2218 M
849 2203 886 2208 —
917 2186 970 2218 45.
997 2186 1187 2231 questusM
1212 2202 1248 2208 -
1282 2184 1334 2217 ⁴8.
1359 2184 1526 2217 letabatur
1548 2185 1581 2218 M
1607 2203 1642 2208 ——
1674 2184 1726 2217 49.
1751 2193 1855 2226 neque
1876 2185 1983 2218 sancti
2005 2185 2085 2226 quid

288 2241 459 2274 Thomas:
492 2250 597 2281 neque
619 2243 748 2273 senatui
771 2243 814 2282 qd
842 2243 875 2284 (i.
902 2251 934 2275 e.
960 2243 1057 2283 quod)
1082 2243 1133 2279 M;
1158 2250 1264 2282 neque
1285 2243 1414 2274 senatui
1437 2241 1516 2281 quid
1538 2240 1613 2279 alii;
1646 2239 1705 2264 ³¹⁶*
1726 2250 1831 2281 neque
1851 2242 1981 2274 senatui
2004 2242 2085 2282 quid

289 2297 462 2336 Ritterus3
497 2306 602 2338 neque
627 2306 738 2330 serum
768 2298 898 2339 aliquid
928 2299 1052 2331 Haase.
1091 2298 1182 2331 Vere
1206 2297 1382 2331 Halmius:
1421 2298 1508 2330 «Est
1529 2297 1628 2330 locus
1652 2307 1695 2330 ex
1718 2298 1778 2338 iis,
1811 2306 1965 2339 quorum
1987 2299 2083 2331 certa

290 2353 492 2386 emendatio
517 2353 741 2396 desperanda
766 2356 851 2387 est.»

290 2484 473 2527 quendum
490 2486 596 2526 esset,
616 2485 831 2528 ambigebat.
848 2504 883 2510 -
902 2488 1039 2520 ardente
1054 2486 1161 2529 domo]

1257 2487 1310 2519 5⁴.
1326 2485 1637 2527 prolatantibusque
1650 2495 1739 2527 spem
1754 2495 1795 2519 ac
1806 2486 1939 2529 metum]
1957 2488 2084 2530 «atque

289 2537 438 2569 Neronis
462 2536 584 2569 domui
607 2546 738 2569 aureae
758 2538 875 2579 ignem
891 2539 1035 2571 iniicere
1053 2538 1163 2571 desti-

1214 2546 1269 2576 eo,
1289 2537 1384 2578 quod
1400 2536 1667 2576 cunctabantur,
1687 2535 1940 2578 prolatantibus
1953 2539 2084 2571 statum

290 2588 454 2627 naver-at,
487 2590 524 2620 ut
553 2588 587 2620 in
616 2587 768 2620 tumultu
791 2587 846 2621 ille
871 2589 1003 2622 facilius
1026 2589 1164 2622 interfi-

290 2639 443 2670 ceretur.
459 2639 560 2670 Bnor.
580 2638 642 2670 Vix
654 2637 754 2671 aliter
766 2638 932 2680 explicari
946 2639 1037 2672 haec
1051 2639 1162 2672 verba

289 2688 457 2729 possum
489 2688 554 2721 etsi
585 2689 715 2721 mirum
745 2689 832 2721 mihi
862 2689 1007 2730 accidit,
1039 2689 1098 2722 tali
1128 2691 1162 2722 in

290 2745 377 2769 casu
405 2738 585 2770 Neronem
617 2738 692 2770 sine
723 2737 792 2770 ullo
825 2739 972 2772 custode
1007 2739 1163 2772 futurum

289 2787 418 2828 fuisse,
451 2788 517 2821 nisi
547 2787 635 2820 forte
665 2789 733 2821 hoc
763 2789 909 2823 Subrius
939 2789 1096 2831 speravit
1119 2789 1163 2822 de

290 2836 412 2870 ultima
437 2838 512 2870 eius
535 2839 822 2871 consternatione
843 2848 885 2872 ac
902 2839 1162 2881 desperatione.

292 2888 396 2921 Certe
422 2888 529 2920 etiam
553 2887 599 2920 ad
622 2891 813 2922 nocturnas
834 2889 908 2922 illas
925 2884 1164 2931 grassationes

292 2937 357 2977 (43,
375 2938 427 2978 25)
454 2946 537 2970 cum
561 2938 748 2971 comitibus
774 2938 902 2971 exibat.
927 2940 978 2971 De
1003 2938 1069 2971 alia
1094 2948 1164 2980 qua

292 2988 400 3021 domo
417 2988 577 3028 ardente,
596 2989 630 3021 id
647 2991 714 3029 est,
732 2989 777 3022 de
794 2989 876 3022 alibi
893 2991 970 3022 orto
986 2990 1162 3029 incendio,

292 3039 392 3071 cuius
416 3037 608 3080 spectaculi
624 3039 747 3072 avidus
764 3039 903 3079 fuisset,
929 3040 1041 3081 accipi
1057 3048 1163 3081 posse

292 3098 363 3122 non
386 3091 490 3131 puto;
517 3089 644 3122 clarius
667 3089 735 3121 hoc
758 3090 993 3130 expressisset
1010 3091 1161 3123 Tacitus.

292 3139 399 3173 Multo
429 3140 535 3172 etiam
570 3140 686 3172 minus
709 3138 754 3172 de
777 3139 941 3171 incendio
965 3141 1164 3172 Neroniano

293 3190 437 3230 cogitari
460 3192 596 3232 potest,
629 3189 746 3231 quod,
778 3190 884 3221 etiam
908 3190 937 3222 si
961 3192 1163 3231 temporum

292 3241 380 3273 ratio
412 3249 483 3273 non
512 3242 744 3282 repugnaret,
783 3239 930 3272 Subrius
960 3242 1058 3272 certe
1094 3249 1164 3272 non

293 3291 503 3332 praevidere
523 3299 640 3332 neque
659 3290 739 3323 inde
757 3289 940 3323 consilium
958 3298 1087 3331 capere
1104 3300 1165 3332 po-

293 3342 394 3373 terat.
421 3340 485 3373 Alii
508 3342 680 3374 ardentem
695 3342 828 3374 deinum
843 3338 1018 3382 explicant
1040 3340 1165 3372 «lumi-

293 3389 399 3423 nibus
415 3389 551 3423 crebris
568 3390 787 3424 ardentem».
814 3391 927 3423 Locus
943 3388 999 3422 vel
1016 3398 1165 3422 mancus

295 3439 350 3473 vel
373 3441 560 3483 corruptus
583 3440 735 3474 videtur.

1214 2589 1305 2619 inter
1327 2595 1429 2629 spem
1454 2595 1644 2620 successus
1660 2596 1702 2619 ac
1720 2589 1855 2619 metum
1878 2587 2085 2629 proditionis

1214 2638 1478 2670 fluctuantem.»
1507 2655 1542 2661 --
1566 2637 1743 2679 sciscitata]
1771 2646 1857 2670 sane
1881 2646 1925 2670 ex
1947 2638 2082 2678 amico;

1214 2688 1249 2720 id
1273 2687 1370 2729 quod
1393 2688 1486 2720 tecte
1510 2687 1741 2729 sequentibus
1765 2686 1884 2720 verbis
1913 2687 2086 2729 significat

1214 2739 1353 2770 Tacitus
1376 2738 1557 2779 scriptoris
1582 2737 1737 2770 historici
1760 2736 1937 2778 dignitatis
1952 2736 2085 2779 ubique

1215 2797 1364 2820 memor.
1393 2805 1429 2809 —
1467 2786 1659 2829 accendere]
1695 2786 1740 2819 ad
1775 2786 1960 2820 audaciam
1990 2786 2086 2820 lente

1215 2838 1464 2871 deliberantes.
1493 2856 1528 2860 —
1557 2837 1717 2879 arcuere]
1742 2838 1899 2879 ignavos.
1928 2855 1964 2861 —
1988 2838 2087 2870 lenti-

1213 2889 1338 2921 tudinis
1366 2897 1482 2920 eorum
1510 2887 1683 2929 pertaesa]
1715 2888 1938 2920 constructio
1964 2889 2086 2930 poste-

1215 2940 1317 2972 rioris
1341 2939 1543 2971 Latinitatis.
1582 2939 1706 2971 Cicero
1731 2937 1893 2971 dixisset:
1918 2947 1994 2971 cum
2007 2938 2086 2979 Epi-

1214 2990 1331 3022 charin
1343 2989 1545 3022 lentitudinis
1555 2997 1670 3021 eorum
1680 2991 1868 3029 pertaesum
1876 2992 1966 3022 esset.
1978 2989 2083 3022 BAcn.

1218 3057 1251 3062 —
1271 3040 1522 3071 classiariorum
1537 3038 1781 3079 Misenensium]
1807 3038 1857 3071 Cf‚
1877 3037 1908 3077 4,
1927 3039 1959 3070 5.
1977 3055 2012 3061 -—
2030 3038 2086 3070 la-

1214 3089 1371 3130 befacere]
1394 3090 1556 3121 avertere
1580 3097 1598 3120 a
1624 3088 1693 3120 fide
1710 3089 1745 3120 in
1760 3090 1950 3121 Neronem.
1972 3106 2006 3112 —
2027 3097 2085 3120 oc-

1214 3139 1370 3171 cidendae
1391 3138 1512 3170 matris
1532 3138 1575 3170 N.
1599 3138 1686 3170 inter
1707 3138 1885 3178 ministros]
1911 3137 1962 3170 Cf.
1989 3136 2042 3177 ⁴4,
2063 3136 2084 3169 3

1215 3197 1294 3230 sqq.
1309 3207 1344 3211 —
1362 3187 1562 3229 navarchus]
1577 3188 1772 3220 Navarchos
1783 3187 1895 3220 habes
1908 3188 1941 3219 in
1953 3187 2082 3220 Inscrr.

1216 3240 1302 3272 Latt.
1322 3248 1381 3271 nn.
1400 3238 1497 3271 36⁴5.
1517 3237 1613 3271 3634.
1641 3239 1712 3271 Cic.
1729 3238 1828 3270 Verr.
1848 3237 1880 3277 3,
1898 3237 1951 3270 80.
1977 3238 2010 3276 5,
2027 3236 2082 3270 24.

1216 3290 1336 3331 Veget.
1365 3290 1396 3328 5,
1422 3290 1460 3321 ⁹2:
1489 3289 1649 3331 Singulae
1670 3288 1837 3320 Liburnae
1856 3286 2004 3328 sinqulos
2022 3295 2085 3319 na-

1214 3341 1373 3380 varchos,
1397 3341 1432 3372 id
1454 3343 1511 3380 est,
1536 3339 1633 3381 quasi
1646 3338 1884 3378 navicularios,
1907 3337 2081 3378 habebant,

1216 3390 1289 3430 qui,
1315 3390 1459 3430 exceptis
1480 3390 1594 3422 ceteris
1611 3392 1795 3421 nautarum
1810 3387 1941 3430 officiis,
1965 3386 2084 3429 ,quber-

1213 3440 1387 3473 natoribus
1407 3443 1439 3473 et
1458 3439 1637 3482 remiyibus
1658 3442 1689 3472 et
1709 3437 1865 3471 militibus
1878 3437 2081 3479 exercendis,
