2254 3770
279 282 361 327 284

764 284 808 328 P.
841 282 1091 328 CORNELII
1121 282 1291 327 TACITI
1320 281 1589 326 ANNALIUM

280 389 356 433 ciis
393 396 591 442 cunctos,
632 390 706 449 qui
742 403 915 434 carcere
956 388 1241 433 attinebantur
1280 388 1468 433 accusati
1506 388 1721 433 societatis
1759 402 1854 433 cum
1894 388 2062 440 Seiano,

278 465 422 509 necari
453 466 582 510 iubet.
634 465 763 510 iacuit
793 465 984 508 inmensa
1015 471 1200 522 strages,
1232 464 1369 508 omnis
1390 478 1531 514 sexus,
1553 464 1691 508 omnis
1711 470 1840 514 aetas,
1864 463 2065 507 inlustres

278 540 508 598 ignobileS‚
551 541 733 600 dispersi
771 547 843 584 aut
876 540 1076 599 aggerati.
1123 554 1264 598 neque
1294 539 1547 597 propinquis
1577 545 1650 583 aut
1678 539 1826 584 amicis
1856 529 2065 584 adsistere

278 615 566 666 inlacrimare,
598 630 653 660 ne
683 617 824 660 visere
855 615 1031 674 quidem
1059 615 1217 659 diutius
1247 614 1448 667 dabatur;
1480 614 1558 658 sed
1583 615 1841 659 circumiecti
1863 614 2065 658 custodes

248 697 323 735 set
352 692 393 734 in
425 705 664 736 maerorem
693 692 904 750 cuiusque
933 692 1080 735 intenti
1111 704 1292 749 corpora
1321 689 1556 749 putrefacta
1585 689 1931 741 adsectabantur‚
1963 689 2066 733 dum

280 766 323 809 in
352 767 534 811 Tiberim
565 766 853 817 traherentur,
887 767 959 811 ubi
989 766 1194 810 fluitantia
1215 772 1287 809 aut
1307 766 1411 824 ripis
1431 765 1611 824 adpulsa
1631 780 1714 810 non
1736 779 1928 810 cremare
1947 765 2068 824 quis-

281 855 430 900 quam,
463 856 546 886 non
578 842 836 900 contingere.
880 842 1153 887 interciderat
1183 842 1309 886 sortis
1338 824 1883 886 humanae⁶commercium
1906 841 1947 884 vi
1978 854 2068 885 me-

281 923 371 970 tus;
403 924 695 976 quantumque
726 918 904 962 saevitia
932 917 1150 975 glisceret,
1181 918 1398 962 miseratio
1429 917 1666 962 arcebatur.

395 993 476 1050 (20)
518 993 607 1038 Sub
647 993 762 1038 idem
799 1000 967 1052 tempus
1003 994 1047 1038 C.
1080 994 1256 1045 Caesar,
1305 993 1540 1038 discedenti
1571 994 1758 1051 Capreas
1799 1007 1880 1037 avo
1909 1006 2067 1044 comes,

232 1082 268 1112 ιο
282 1069 519 1119 Claudiam,
553 1070 603 1112 M.
636 1069 765 1113 Silani
795 1069 943 1120 filiam,
977 1070 1172 1127 coniugio
1203 1069 1386 1127 accepit,
1419 1070 1646 1113 immanem
1676 1069 1863 1113 animum
1888 1067 2070 1112 subdola

280 1145 491 1189 modestia
520 1151 687 1203 tegens,
720 1159 806 1189 non
839 1145 1108 1189 damnatione
1147 1146 1308 1195 matris,
1342 1159 1427 1189 non
1452 1145 1580 1189 exitio
1601 1145 1774 1188 fratrum
1794 1151 1919 1202 rupta
1936 1158 2067 1197 voce;

281 1221 452 1280 qualem
495 1221 611 1265 diem
646 1220 840 1265 Tiberius
876 1221 1102 1271 induisset,
1149 1221 1241 1279 pari
1276 1220 1440 1270 habitu,
1486 1220 1570 1264 hau
1610 1220 1788 1263 multum
1815 1219 2068 1264 distantibus

281 1297 438 1341 verbis.
482 1296 598 1340 unde
638 1311 738 1340 mox
774 1297 926 1340 scitum
960 1297 1152 1340 Passieni
1194 1296 1373 1340 oratoris
1403 1296 1561 1340 dictum
1598 1295 1882 1354 percrebruit,
1926 1309 2070 1354 neque

282 1372 503 1417 meliorem
531 1386 735 1431 umquam
766 1386 939 1416 servum
969 1386 1110 1430 neque
1141 1371 1399 1416 deteriorem
1429 1371 1649 1416 dominum
1678 1371 1820 1415 fuisse.

395 1450 487 1492 Non
508 1448 726 1492 omiserim
746 1448 1017 1506 praesagium
1038 1448 1192 1491 Tiberii
1210 1447 1264 1492 de
1282 1448 1431 1491 Servio
1449 1447 1582 1491 Galba
1601 1453 1691 1491 tum
1712 1446 1909 1499 consule3
1940 1460 2071 1505 quem

283 1524 468 1568 accitum
496 1530 539 1568 et
568 1524 748 1568 diversis
780 1523 1050 1567 sermonibus
1081 1529 1412 1581 pertemptatum
1431 1530 1649 1581 postremo
1671 1523 1845 1567 Graecis
1864 1522 2007 1566 verbis
2027 1523 2070 1566 in

284 1599 393 1644 hanc
423 1600 678 1644 sententiam
706 1599 931 1643 adlocutus
960 1606 1019 1642 est
1053 1605 1120 1643 «et
1147 1605 1211 1649 tu,
1245 1598 1392 1647 Galba,
1427 1598 1687 1657 quandoque
1717 1598 1964 1656 degustabis
1992 1598 2073 1642 im-

349 1754 380 1786 7.
406 1753 458 1794 vi,
483 1756 572 1787 metu
595 1753 741 1796 Lipsius.
763 1770 798 1776 —
825 1753 878 1785 Μ.
903 1752 1006 1785 exitio
1030 1751 1252 1795 Nipperdey:
1277 1752 1378 1785 exilio
1400 1752 1434 1786 M
1459 1769 1494 1775 -
1522 1752 1575 1784 ⁴7.
1600 1752 1662 1784 hac
1684 1752 1717 1785 M
1738 1768 1774 1775 -
1800 1753 1847 1784 est
1868 1750 2069 1784 Ernestius:

283 1818 354 1842 om.
380 1810 424 1843 Μ.

283 1929 505 1972 punitorum,
532 1929 596 1962 sed
613 1927 703 1962 ultro
723 1929 918 1970 incitatam,
943 1930 982 1961 ut
1001 1928 1152 1970 grassari

284 1980 432 2020 cuperet
454 1979 488 2011 in
514 1978 644 2021 plures.
670 1980 696 2012 1.
723 1980 757 2012 F.
783 1981 931 2012 Gronov.
958 1979 1046 2011 Hinc
1070 1987 1153 2011 eum

284 2038 366 2061 cum
389 2030 494 2062 Aiace
527 2029 663 2062 furente
693 2031 875 2072 comparat
906 2028 1078 2062 luvenalis
1108 2028 1152 2061 de

285 2079 393 2112 caede
418 2080 532 2112 Seiani
555 2082 591 2113 et
605 2079 821 2113 asseclarum
839 2080 914 2113 eius
931 2079 1080 2121 loquens
1097 2080 1149 2119 ⁴0,

283 2129 344 2162 83:
382 2130 490 2170 Quam
524 2131 637 2171 timeo,
672 2131 777 2162 victus
812 2139 853 2162 ne
883 2138 1007 2171 poenas
1040 2130 1156 2172 exigat

283 2180 391 2220 Aiax,
429 2183 467 2213 ut
492 2181 579 2212 male
610 2181 768 2222 defensus.
797 2198 832 2202 —
868 2180 974 2213 iacuit
1006 2180 1156 2212 inmensa

283 2230 430 2272 straqes]
468 2229 640 2263 Plurimos
675 2232 821 2263 necatos
856 2239 936 2263 esse
971 2231 1070 2263 testis
1100 2231 1155 2263 est

285 2281 392 2313 etiam
417 2281 480 2313 Dio
504 2281 564 2322 58,
590 2281 631 2314 ⁴4
648 2290 726 2323 sqq.
753 2282 828 2320 Quo
850 2281 956 2313 modo
973 2282 1056 2313 tunc
1073 2289 1154 2313 sae-

285 2332 395 2363 vitum
419 2331 480 2370 sit,
512 2331 620 2364 refert
650 2332 835 2364 Suetonius
858 2331 931 2363 Tib.
957 2331 1018 2364 61:
1051 2332 1154 2364 Nemo

281 2381 477 2422 punitorum
499 2390 566 2413 non
588 2384 618 2413 et
640 2382 675 2413 in
691 2381 868 2414 Gemonias
890 2381 1034 2413 abiectus
1050 2390 1155 2413 unco-

286 2439 349 2473 que
371 2434 508 2463 tractus.
548 2431 668 2472 Viyinti
690 2441 756 2463 uno
780 2433 830 2463 (lie
853 2432 969 2464 abiecti
992 2432 1156 2472 tractique

285 2484 372 2520 sunt,
389 2482 477 2513 inter
493 2489 545 2512 eos
558 2482 655 2520 pueri
670 2485 700 2513 et
714 2482 867 2522 feminae,
889 2499 923 2503 —
942 2490 982 2514 ne
996 2482 1103 2514 visere
1121 2491 1152 2521 q.

287 2531 419 2573 diutius]
435 2539 541 2572 quam
554 2531 588 2563 in
602 2531 834 2569 transeundo;
851 2540 932 2564 nam
946 2531 1058 2564 sicubi
1072 2540 1156 2564 con-

287 2581 414 2614 sistere
430 2580 612 2620 volebant,
638 2581 715 2614 ilico
732 2581 974 2623 abigebantur.
997 2599 1033 2604 —
1055 2582 1157 2615 sortis

285 2631 451 2663 humanae
465 2632 707 2673 commercium]
725 2633 800 2664 Non
813 2633 881 2664 iam
894 2632 1050 2664 vicissim
1065 2632 1157 2664 inter

287 2689 326 2714 se
350 2680 539 2723 participes
563 2689 642 2714 esse
668 2681 847 2714 audebant
875 2680 1043 2714 naturalis
1066 2680 1156 2714 illius

288 2730 435 2771 doloris,
461 2739 532 2772 quo
555 2731 744 2771 afficimur,
769 2731 829 2763 ubi
854 2732 989 2772 insigne
1014 2731 1156 2773 aliquod

287 2780 433 2814 infelicis
451 2782 555 2813 sortis
570 2781 745 2813 humanae
763 2780 963 2823 exemplum
979 2781 1154 2820 videmus,

288 2833 497 2875 praesertim
513 2831 546 2864 in
567 2833 771 2874 propinquis
788 2833 823 2864 et
839 2833 973 2871 amicis,
992 2831 1055 2865 sed
1073 2840 1154 2864 eum

288 2890 433 2925 prorsus
456 2881 669 2924 premebant
697 2881 902 2924 luctumque
926 2891 1070 2915 omnem
1093 2891 1157 2914 oc·-

289 2931 478 2965 cultabant.
513 2931 668 2971 Quadrat
689 2933 759 2965 huc
779 2933 1028 2964 Terentianum
1052 2931 1155 2964 illud:

287 2983 392 3015 Homo
414 2990 507 3021 sum,·
529 2982 666 3014 humani
687 2982 769 3014 nihil
791 2991 813 3014 a
832 2991 883 3014 me
899 2982 1043 3014 alienum
1062 2986 1155 3023 puto.

331 3082 387 3115 20.
415 3082 606 3122 Claudiam,
630 3082 677 3114 Μ.
704 3081 812 3113 Silani
832 3082 939 3123 filiam
962 3082 1043 3124 cet]
1068 3083 1158 3116 Sue-

291 3133 405 3165 tonius
430 3132 534 3173 Calig.
557 3132 618 3164 ⁴2:
643 3131 778 3163 Iuniam
802 3130 1012 3171 Claudillam,
1038 3133 1082 3165 M.
1102 3133 1158 3164 Si—

290 3182 377 3222 lani,
407 3182 599 3215 nobilissimi
619 3181 704 3221 viri,
731 3181 856 3222 filiam,
882 3182 980 3213 duxit
1003 3191 1154 3215 umorem.

292 3232 341 3264 Cf.
369 3233 455 3265 infra
480 3242 510 3266 c.
537 3233 591 3266 45.
627 3233 678 3265 De
702 3231 746 3264 M.
772 3229 887 3263 Sileno
911 3231 954 3264 cf.
979 3232 1018 3270 2,
1044 3233 1097 3264 59.
1124 3233 1155 3272 3,

291 3281 333 3313 24
357 3284 392 3313 et
414 3283 467 3315 57.
495 3283 580 3316 Hist.
606 3281 649 3322 4,
673 3281 727 3315 48.
753 3282 833 3322 Agr.
860 3280 891 3313 4.
919 3298 954 3303 —
981 3282 1159 3314 immanem

292 3331 442 3364 animum
466 3332 548 3375 cet.]
572 3332 758 3365 suetonius
782 3329 888 3371 Calig.
915 3331 972 3363 40:
1004 3332 1064 3363 Hic
1086 3341 1159 3364 om-

291 3380 386 3412 nibus
406 3382 533 3415 insidiis
555 3385 730 3423 temptatus
750 3380 947 3414 elicientium
962 3382 1160 3422 coqentium-

292 3438 356 3471 que
383 3440 417 3465 so
438 3433 483 3465 ad
506 3433 656 3473 querelas
680 3431 808 3465 nullam
829 3439 989 3473 umquam
1010 3432 1159 3463 occasio-

1203 1936 1278 1959 nem
1300 1926 1407 1966 dedit„
1426 1926 1564 1969 perinde
1586 1926 1758 1959 obliterato
1779 1935 1916 1959 suorum
1935 1935 2018 1959 casu
2032 1936 2074 1960 ac

1204 1977 1233 2010 si
1266 1977 1347 2009 nihil
1379 1977 1537 2017 cuiquam
1564 1977 1752 2017 accidisset,
1788 1986 1875 2018 quae
1902 1986 1980 2010 vero
2004 1977 2075 2019 ipso

1202 2030 1391 2068 pateretur,
1415 2027 1598 2060 incredibili
1621 2027 1881 2060 dissimulatione
1903 2027 2076 2060 transmit»

1205 2081 1293 2118 tens,
1319 2078 1469 2120 tantique
1489 2079 1526 2110 in
1548 2086 1649 2110 avum
1672 2077 1833 2118 obsequii,
1861 2081 1898 2110 ut
1919 2087 1986 2110 non
2007 2079 2074 2111 im-

1204 2128 1321 2160 merito
1353 2128 1395 2160 sit
1423 2128 1546 2159 dictum
1570 2137 1656 2159 «non
1679 2137 1809 2160 servum
1831 2128 1998 2161 meliorem
2019 2128 2076 2160 ul-

1204 2179 1273 2211 lum
1295 2186 1354 2210 nec
1370 2178 1563 2210 deteriorem
1578 2177 1747 2210 dominum
1763 2178 1896 2220 fuisse.»
1916 2193 1952 2202 —
1971 2178 2075 2211 exitio

1204 2227 1362 2270 fratrum]
1386 2228 1529 2260 Sueton.
1555 2227 1628 2260 Tib.
1654 2227 1714 2261 54:
1739 2229 1909 2261 Maximos
1928 2231 2015 2261 natu
2036 2229 2076 2262 de

1207 2279 1396 2312 Germanici
1416 2278 1512 2320 tiliis,
1544 2279 1708 2311 Neronem
1730 2282 1760 2311 et
1782 2279 1951 2319 Drusum,
1972 2279 2076 2311 varia

1204 2330 1325 2371 fraude
1347 2329 1496 2361 inductos
1517 2333 1554 2361 ut
1576 2332 1606 2361 et
1628 2329 1873 2362 concitarentur
1894 2330 1940 2362 ad
1961 2329 2076 2362 convi-

1206 2380 1254 2412 tia
1294 2382 1324 2411 et
1351 2380 1509 2411 concitati
1543 2380 1780 2420 proderentur,
1816 2380 1984 2412 accusavit
2013 2387 2077 2420 por

1204 2431 1333 2462 litteras
1354 2430 1563 2462 amarissime
1585 2430 1744 2471 conyestis
1766 2430 1867 2462 etiam
1890 2429 2023 2471 probris
2043 2432 2078 2463 et

1206 2480 1369 2512 iudicatos
1398 2480 1501 2512 hostes
1532 2480 1621 2521 fame
1657 2481 1807 2520 necavit,
1842 2480 2006 2513 Neronem
2040 2480 2076 2512 in

1206 2531 1316 2562 insula
1337 2530 1473 2570 Pontia,
1507 2531 1654 2562 Drusum
1676 2530 1711 2562 in
1733 2530 1803 2563 ima
1821 2534 1920 2571 parte
1941 2530 2074 2563 Palatii.

1206 2581 1326 2613 Putant
1348 2581 1512 2612 Neronem
1543 2581 1587 2612 ad
1608 2580 1836 2612 voluntariam
1851 2583 1996 2613 'mortem
2018 2589 2077 2613 co-

1208 2634 1320 2663 actum
1333 2657 1342 2670 ,
1375 2640 1450 2663 cum
1484 2631 1513 2663 ei
1547 2630 1702 2672 carnifex
1737 2631 1834 2671 quasi
1871 2639 1916 2663 ex
1943 2633 2077 2666 senatus

1207 2682 1405 2714 auctoritate
1428 2682 1544 2713 missus
1562 2681 1697 2721 laqueos
1711 2684 1742 2714 et
1755 2689 1858 2713 uncos
1877 2683 2075 2713 ostentaret.-

1208 2733 1319 2765 Druso
1342 2735 1454 2763 autem
1476 2732 1557 2763 adeo
1580 2731 1739 2763 alimenta
1760 2730 1937 2770 subducta,
1964 2733 2002 2763 ut
2023 2733 2077 2763 to-

1206 2785 1353 2814 mentum
1372 2790 1389 2813 e
1403 2781 1525 2813 culcita
1540 2781 1746 2821 temptaverit
1760 2781 1934 2820 mandere,
1960 2779 2076 2813 ambo-

1207 2841 1283 2864 rum
1306 2832 1352 2864 sic
1366 2831 1528 2873 reliquias
1543 2831 1727 2871 dispersas,
1751 2834 1788 2862 ut
1801 2831 1862 2862 via:
1878 2831 2076 2871 quandoque

1208 2882 1316 2923 colliyi
1341 2884 1483 2922 possent.
1521 2881 1639 2914 Exstat
1669 2882 1787 2913 tamen
1810 2879 1929 2913 titulus
1953 2879 2076 2922 sepul-

1209 2931 1313 2965 cralis
1344 2931 1489 2971 (Inscrr.
1517 2931 1604 2963 Latt.
1631 2940 1664 2963 n.
1691 2930 1790 2971 665):
1828 2930 1909 2962 Ossa
1937 2930 2079 2963 Neronis

1210 2982 1362 3016 Caesaris
1377 2981 1566 3014 Germanici
1583 2981 1736 3014 Caesaris
1749 2980 1773 3021 f.
1793 2981 1860 3013 divi
1874 2980 1960 3023 Any.
1976 2990 2075 3022 pron.

1207 3033 1356 3076 flaminis
1377 3032 1567 3073 Augustalis
1590 3032 1783 3072 quaestoris.
1821 3030 1872 3064 Cf.
1899 3040 1930 3063 c.
1955 3031 2008 3064 23.
2038 3047 2074 3054 -

1208 3087 1311 3124 rupta
1333 3083 1426 3123 voce]
1455 3081 1661 3122 exquisitius
1685 3090 1792 3123 quam
1816 3088 2077 3123 «prorumpens

1210 3134 1243 3165 in
1268 3140 1392 3165 vocem
1418 3132 1518 3174 quasi
1541 3132 1716 3170 invitus»;
1746 3131 1797 3163 sic
1821 3130 1941 3163 Graeci
1965 3125 2078 3175 ῥῆξαι

1209 3180 1356 3225 φωνήν.
1385 3200 1420 3206 —-
1447 3181 1577 3222 qualem
1599 3182 1684 3213 diem
1709 3181 1742 3213 T.
1766 3179 1940 3222 induisset]
1964 3179 1999 3211 id
2023 3180 2077 3212 est

1210 3232 1351 3275 qualem
1367 3233 1522 3265 animum
1534 3230 1741 3272 vultumque
1757 3238 1899 3272 quoquo
1908 3228 1964 3262 die
1981 3237 2077 3262 sum-

1210 3283 1340 3325 psisset
1362 3281 1418 3314 vel
1441 3282 1610 3322 gessisset
1631 3281 1809 3319 Tiberius,
1839 3279 1914 3312 sive
1942 3278 2076 3312 laetum

1210 3334 1284 3365 sive
1309 3332 1461 3370 tristem,
1487 3330 1711 3372 ambiguum,
1737 3337 1920 3368 severum,
1945 3328 2076 3362 crude-

1210 3381 1301 3422 lem,
1325 3381 1536 3422 benignum,
1561 3380 1812 3418 voluntarium,
1838 3379 2073 3419 negotiosum,

1210 3433 1379 3472 otiosum,
1405 3429 1511 3463 talem
1535 3431 1572 3463 et
1593 3431 1668 3472 ipse
1691 3428 1842 3462 induens
1860 3437 1902 3462 ac
1925 3437 2011 3471 prae
2034 3437 2073 3464 se
