2254 3770
334 278 418 333 370

818 282 862 324 P.
892 280 1142 335 ‚CORNELII
1171 280 1341 329 TACITI
1367 281 1636 334 ,ANNALIUM

447 386 531 444 (4⁴)
570 387 628 433 Ti.
661 386 836 431 Claudio
872 387 1067 446 quintum
1103 387 1253 432 Servio
1290 387 1486 432 Cornelio
1529 388 1697 448 [Orfito}
1737 392 1823 434 cos.
1853 388 1985 440 virilis
2019 394 2116 453 toga

333 463 488 507 Neroni
531 468 755 517 maturata,
802 476 888 521 quo
930 462 1223 524 capessendae
1261 462 1322 506 rei
1361 477 1402 520 p.
1434 463 1586 512 habilis
1617 463 1844 514 videretur.
1889 471 1930 508 et
1961 465 2120 512 Caesar

333 537 648 593 adulationibus
679 544 853 582 senatus
883 537 1020 590 libens
1051 538 1195 597 cessit,
1230 544 1274 581 ut
1299 538 1502 583 vicesimo
1532 539 1681 583 aetatis
1711 553 1822 584 anno
1851 538 2120 592 consulatum

330 614 443 657 Nero
474 613 598 660 iniret
627 619 756 670 atque
786 613 955 662 interim
975 613 1222 671 designatus
1253 613 1559 671 proconsulare
1585 614 1808 673 imperium
1830 621 1949 659 extra
1969 613 2119 668 urbem
2190 651 2193 658 s

297 688 509 733 shaberet
538 702 588 732 ac
617 689 818 747 princeps
850 689 1077 734 iuventutis
1108 687 1408 746 appellaretur.
1450 689 1640 733 additum
1671 691 1841 737 nomine
1873 690 1966 735 eius
1988 690 2121 740 dona-

328 764 462 808 tivum
490 763 629 815 militi,
663 764 927 822 congiarium
955 764 1111 822 plebei.
1142 770 1183 807 et
1212 763 1377 808 ludicro
1399 764 1674 817 circensium,
1706 765 1824 825 quod
1844 764 2120 824 acquirendis

329 839 440 897 vulgi
480 839 631 884 studiis
671 839 895 891 edebatur,
934 839 1199 884 Britannicus
1237 839 1278 881 in
1309 846 1544 896 praetexta,
1583 841 1694 884 Nero
1725 840 1969 900 triumphali
1994 846 2119 892 veste

326 915 503 959 travecti
534 921 650 966 sunt,
682 921 728 958 ut
747 921 960 973 spectaret
984 914 1168 974 populus
1190 913 1302 958 hunc
1322 913 1482 959 decore
1504 915 1795 974 imperatorio,
1829 915 1947 961 illum
1963 914 2117 975 puerili

325 988 493 1043 habitu,
532 1004 583 1034 ac
622 990 805 1048 proinde
836 990 1044 1034 fortunam
1075 989 1298 1048 utriusque
1328 997 1637 1048 praesumeret.
1683 990 1827 1043 simul,
1865 991 1939 1051 qui
1968 997 2118 1044 ,centu-

278 1082 313 1113 ιο
326 1066 494 1110 rionum
513 1065 869 1126 tribunorumque
890 1072 1051 1110 sortem
1071 1064 1295 1110 Britannici
1319 1065 1644 1118 miserabantur,
1674 1067 1825 1111 remoti
1845 1066 1954 1110 fictis
1975 1066 2117 1118 causis

326 1147 368 1186 et
405 1141 475 1185 alii
514 1155 592 1199 per
630 1141 821 1200 speciem
861 1141 1047 1192 honoris.
1094 1140 1220 1195 etiam
1260 1140 1509 1185 libertorum
1549 1141 1584 1185 si
1615 1142 1711 1199 quis
1741 1142 1987 1200 incorrupta
2015 1141 2113 1198 fide,

325 1216 554 1275 depellitur
591 1216 663 1260 tali
705 1216 945 1263 occasione.
991 1216 1104 1261 obvii
1135 1216 1244 1260 inter
1278 1230 1326 1259 se
1355 1217 1468 1261 Nero
1498 1216 1784 1262 Britannicum
1815 1217 2006 1273 nomine,
2044 1216 2115 1265 isse

324 1292 557 1336 Domitium
586 1291 838 1336 salutavere.
884 1291 1000 1350 quod
1032 1297 1079 1335 ut
1099 1290 1340 1336 discordiae
1371 1291 1536 1338 initium
1556 1292 1788 1350 Agrippina
1806 1291 1938 1342 multo
1959 1298 2116 1350 questu

324 1368 380 1413 ad
409 1368 607 1415 maritum
637 1367 792 1413 defert:
835 1367 980 1424 sperni
1011 1366 1172 1425 quippe
1203 1366 1502 1424 adoptionem,
1535 1381 1736 1426 quaeque
1765 1367 2010 1421 censuerint
2038 1381 2117 1430 pa·

274 1458 311 1496 ⁴5
322 1451 429 1496 tres,
462 1443 636 1488 iusserit
666 1442 871 1501 populus
914 1442 1022 1486 intra
1051 1448 1230 1501 penates
1260 1442 1481 1501 abrogari3
1528 1457 1579 1487 ac
1609 1444 1691 1488 nisi
1721 1444 1907 1502 pravitas
1936 1449 2023 1489 tam
2051 1444 2116 1495 in-

323 1520 443 1565 fensa
482 1519 727 1564 docentium
765 1524 983 1570 arceatur,
1025 1506 1227 1576 eruptura
1267 1518 1308 1561 in
1338 1517 1555 1577 publicam
1585 1519 1831 1578 perniciem.
1877 1525 2115 1572 commotus

322 1595 389 1639 his
419 1595 542 1654 quasi
573 1594 822 1640 criminibus
853 1593 1058 1652 optimum
1089 1607 1306 1651 quemque
1337 1593 1612 1638 educatorem
1642 1594 1716 1639 filii
1736 1593 1863 1641 exilio
1884 1602 1957 1642 aut
1975 1600 2114 1649 morte

324 1671 450 1716 afficit
487 1670 698 1728 datosque
735 1683 760 1712 a
801 1682 986 1721 noverca
1023 1668 1244 1713 custodiae
1285 1668 1377 1712 eius
1419 1669 1592 1728 inponit.
1640 1669 1721 1727 (42)
1752 1670 1944 1717 nondum
1971 1676 2114 1723 tamen

323 1760 489 1791 summa
518 1745 657 1790 moliri
687 1745 917 1803 Agrippina
948 1744 1150 1796 audebat,
1183 1745 1225 1787 ni
1256 1745 1566 1803 praetoriarum
1595 1745 1833 1791 cohortium
1861 1759 1965 1794 cura
1995 1745 2113 1798 exolv

272 1837 310 1872 20
322 1829 523 1868 verentur
550 1821 704 1866 Lusius
737 1820 842 1866 Geta
872 1826 913 1864 et
938 1819 1107 1868 Rufrius
1129 1820 1370 1878 Crispinus,
1402 1834 1513 1879 quos
1543 1820 1795 1866 Messalinae
1824 1835 2040 1874 memores
2069 1827 2112 1876 et

387 1958 420 1990 4.
446 1956 492 1989 Ti.
518 1954 742 1989 Vertranius·
769 1954 825 1987 T.I
845 1954 926 1996 (non
948 1954 984 1995 L)
1008 1954 1042 1988 M
1067 1971 1103 1977 —
1138 1954 1240 1996 Orfito
1262 1952 1406 1987 seclusit
1427 1954 1591 1987 Ritterus.
1625 1954 1712 1987 Vide
1736 1953 1782 1987 ad
1803 1954 1842 1996 2,
1869 1955 1900 1988 4.
1929 1973 1964 1979 -
1990 1955 2023 1989 2.
2048 1963 2112 2001 ca-

316 2013 475 2056 pescenda
497 2013 530 2046 M
552 2030 596 2036 -
624 2012 656 2044 7.
682 2011 900 2044 brittannieus
922 2011 956 2043 M
986 2027 1022 2035 -
1055 2010 1247 2051 triumphali
1271 2010 1466 2052 Gryphius:
1500 2010 1752 2052 triumphalium
1774 2011 1828 2051 Mt
1861 2011 1906 2045 cf.
1930 2011 1964 2053 4,
1988 2011 2043 2045 45.
2070 2029 2108 2037 —-

320 2069 353 2104 8.
379 2070 536 2108 trauectis
556 2077 612 2112 pr.
636 2068 671 2102 M
692 2085 736 2092 -
758 2070 851 2109 sunt,
876 2069 913 2106 ut
933 2069 1095 2108 spectaret
1117 2065 1402 2109 Bezzenberger:
1437 2069 1515 2106 suut
1535 2069 1696 2111 spectaret
1718 2067 1770 2111 M·
1795 2069 1833 2109 ut
1853 2070 2015 2110 spectaret
2035 2067 2110 2105 Ru*

320 2126 466 2169 pertius.
495 2143 533 2150 -
568 2126 621 2158 40.
647 2123 838 2157 brittannici
867 2123 901 2157 M
931 2140 975 2146 —
1008 2123 1141 2156 remotis
1163 2123 1196 2157 M
1223 2141 1258 2146 —
1294 2123 1347 2157 42.
1367 2122 1504 2164 pellitur
1531 2124 1567 2155 et
1593 2131 1699 2170 supra
1722 2130 1869 2156 versum
1890 2122 1956 2160 litt,
1980 2123 2003 2156 d
2024 2131 2108 2167 curn

319 2182 446 2216 lineola
470 2184 627 2216 traversa
649 2182 683 2215 M
709 2199 745 2204 —
770 2180 1007 2213 brittannicum
1029 2180 1063 2213 M
1088 2197 1124 2202 —
1151 2179 1205 2212 46.
1230 2182 1392 2220 eruptura
1414 2180 1464 2213 M:
1490 2182 1685 2219 erupturam
1707 2179 1734 2211 G
1755 2196 1800 2203 —
1822 2182 2002 2212 commotus
2022 2179 2052 2212 is
2073 2179 2108 2213 M

324 2256 359 2262 —-
386 2240 440 2272 47.
465 2242 524 2271 aut
546 2239 732 2271 Petersen:
765 2246 805 2269 ac
827 2237 871 2270 M.
898 2236 949 2270 Cf.
975 2237 1006 2277 3,
1032 2235 1092 2269 24:
1126 2236 1358 2276 adulterosque
1380 2244 1496 2268 earum
1518 2238 1623 2268 morte
1645 2237 1705 2268 aut
1724 2235 1809 2277 fuga
1826 2235 1971 2277 punivit.
2005 2235 2039 2277 6,
2064 2235 2104 2269 9:

319 2299 357 2330 ut
378 2299 586 2330 accusatores
606 2294 709 2328 exilio
731 2298 791 2327 aut
812 2296 918 2328 morte
939 2293 1174 2326 multarentur.
1203 2311 1239 2317 —
1267 2293 1322 2328 20.
1346 2293 1483 2335 Rufrius
1506 2291 1663 2326 Halmius
1694 2291 1784 2334 (coll.
1809 2291 1864 2335 43,
1885 2291 1941 2335 45,
1966 2292 2027 2335 45,
2050 2291 2106 2325 74.

362 2415 417 2450 44.
445 2414 490 2447 Ti.
518 2413 656 2447 Claudio
680 2413 761 2453 cet]
785 2414 914 2448 Inscrr‚
941 2413 1027 2449 Latt.
1051 2421 1086 2445 n.
1104 2411 1187 2447 7⁴4:

322 2465 371 2501 TI.
397 2464 591 2498 CLAVDIO.
618 2463 794 2496 CAISARE'
808 2463 905 2496 AVG.
925 2462 1187 2498 GERMANICO.

318 2511 350 2554 V
375 2521 468 2554 SER.
505 2519 728 2554 CORNELIO.
761 2519 920 2552 ORFITO.
965 2519 1042 2551 COS
1072 2520 1186 2553 ISIDI.

317 2571 512 2605 INVICTAI.
537 2571 594 2603 ET
613 2570 771 2602 SERAP..
796 2570 842 2602 M.
863 2570 1018 2602 AIDIVS.
1046 2569 1188 2605 SERAI-

317 2622 413 2655 LIAI.
436 2620 588 2654 AAIOL..
612 2620 693 2652 LIB.
717 2619 924 2652 AMERIMN
928 2619 975 2651 VS
996 2619 1058 2652 EX
1075 2620 1184 2654 AISV.

319 2672 370 2705 Cf.
396 2681 431 2704 n.
458 2671 532 2703 725.
559 2669 656 2702 6445.
694 2687 728 2693 -
763 2668 954 2710 maturata]
987 2670 1078 2701 Nero
1103 2671 1187 2702 tunc

319 2722 483 2763 quartum
518 2720 697 2752 decimum
732 2719 855 2751 aetatis
885 2726 1017 2750 annum
1046 2719 1183 2751 inierat.

318 2771 368 2804 Cf.
396 2779 426 2803 c.
452 2771 494 2803 25
519 2772 554 2802 et
577 2769 630 2802 58.
667 2769 835 2809 Legitima
865 2769 984 2801 autem
1019 2771 1116 2802 aetas
1140 2769 1185 2802 ad

317 2822 436 2862 togam
453 2817 587 2851 virilem
604 2817 815 2851 sumendam
838 2818 889 2849 rei
911 2816 1073 2859 publicae
1092 2820 1185 2851 tem-

315 2878 402 2912 pore
419 2870 495 2902 erat
516 2877 628 2901 annus
645 2868 817 2910 septimus
833 2868 994 2900 decimus
1010 2867 1180 2910 expletus.

316 2920 367 2953 Cf.
394 2918 478 2952 Gell.
504 2920 544 2951 N.
570 2919 610 2950 A.
638 2918 690 2957 40,
716 2918 767 2950 28.
805 2918 874 2949 Liv.
901 2918 960 2957 22,
985 2918 1038 2950 57.
1067 2919 1122 2958 25,
1147 2919 1180 2950 5.

315 2971 508 3003 Caesarum
530 2976 616 3000 vero
640 2969 754 3000 aetate
778 2967 848 2999 iam
871 2975 962 2999 anno
979 2967 1100 3008 quinto
1117 2967 1182 3000 de-

315 3021 406 3054 cimo
430 3019 531 3063 pueri
552 3019 588 3051 in
611 3017 727 3050 forum
744 3017 871 3049 deduci
895 3015 1068 3050 solebant.
1093 3017 1180 3050 Vide

314 3071 360 3103 ad
384 3072 415 3111 4,
441 3070 472 3103 3.
494 3087 530 3094 -
550 3067 791 3110 proconsulare
813 3067 990 3108 imperium
1004 3071 1104 3100 extra
1119 3076 1181 3100 ur-

314 3119 398 3161 bem]
421 3120 472 3154 Cf.
498 3121 529 3160 4,
556 3117 610 3152 44.
637 3134 673 3140 -
695 3119 849 3158 princeps
871 3118 1049 3150 iuventutis
1070 3118 1180 3160 appel-

313 3170 452 3212 laretur]
487 3170 526 3201 ut
549 3169 586 3202 C.
614 3169 650 3200 et
672 3167 708 3199 L.
736 3167 906 3199 Caesares
934 3166 979 3198 ab
1002 3168 1176 3208 Augusto:

314 3222 346 3260 4,
372 3221 404 3253 3.
432 3238 466 3243 -
494 3219 645 3253 additum
677 3216 808 3250 nomine
829 3217 898 3248 eius
922 3217 1002 3259 ceu]
1036 3218 1177 3250 sueton.

313 3270 396 3301 Ner.
422 3269 458 3301 7:
493 3269 650 3301 deductus
677 3267 712 3299 in
737 3266 849 3308 forum
871 3266 936 3297 tiro
954 3266 1077 3306 populo
1099 3275 1180 3298 con-

314 3318 480 3359 giarium,
509 3318 607 3350 militi
636 3315 830 3349 donativum
852 3317 1037 3356 proposuit.
1065 3333 1100 3338 —-
1126 3315 1180 3348 ille

314 3368 498 3400 Domitium
515 3367 555 3409 s.]
579 3367 766 3400 Suetonius
789 3365 869 3398 Ner.
889 3365 926 3396 7:
952 3364 1180 3398 Britannicum

313 3416 471 3457 fratrem,
509 3417 597 3457 quod
628 3425 662 3450 se
687 3418 763 3457 post
792 3414 999 3455 adoptionem
1024 3414 1179 3448 Aheno-

1239 2411 1417 2445 barbum
1438 2420 1482 2444 etc
1503 2411 1736 2447 consuetudine
1757 2411 1952 2451 salutasset,
1974 2412 2013 2451 ul
2033 2408 2108 2446 nib-v

1239 2463 1398 2503 ditivum,
1422 2462 1515 2504 apud
1530 2465 1667 2504 patrem
1681 2469 1825 2504 arguere
1840 2464 1979 2497 conatus
1990 2463 2104 2504 est„—

1237 2514 1370 2547 iusserit
1398 2512 1556 2555 populus]
1592 2511 1753 2549 simulata
1775 2511 1832 2546 illa
1855 2510 1933 2554 lege
1957 2511 2104 2554 curiata,

1237 2565 1272 2597 in
1287 2562 1564 2605 arrogationibus
1576 2563 1777 2596 etiamtunc
1789 2562 1926 2597 usitata.
1941 2562 1992 2599 Cf.
2007 2562 2105 2605 cas,

1240 2631 1275 2636 —
1302 2614 1398 2654 quasi
1420 2612 1622 2655 criminibus]
1651 2612 1752 2655 quasi
1775 2621 1859 2645 vera
1883 2613 1980 2646 esset
2002 2611 2106 2656 culpa

1237 2664 1464 2706 despicientia
1478 2662 1532 2696 illa
1546 2663 1744 2706 adoptionis
1751 2663 1912 2703 Neronis,
1924 2662 2026 2697 cuius
2034 2664 2107 2697 Bri-

1235 2713 1416 2746 tannicum
1439 2712 1663 2746 insimulabat
1685 2713 1731 2745 ita
1747 2711 1970 2754 queribunda
1983 2713 2106 2757 Agrip-

1235 2764 1329 2805 pina,
1354 2772 1397 2795 ac
1420 2763 1513 2805 digni
1536 2763 1715 2806 punitione
1739 2764 1966 2806 corruptores
1982 2763 2070 2798 eins.

1276 2819 1331 2857 42.
1357 2820 1476 2852 Lusius
1498 2819 1582 2852 Geta
1604 2823 1633 2852 et
1665 2819 1802 2861 Rufrius
1826 2819 2014 2862 Crispinus]
2049 2819 2101 2854 64.

1235 2870 1286 2909 u,
1316 2871 1346 2901 ⁴.
1373 2869 1426 2901 3⁴.
1453 2869 1508 2902 33.
1530 2886 1565 2892 -
1590 2869 1739 2901 Burrum
1760 2869 1948 2912 Afranium]
1973 2869 2025 2903 cr.
2047 2868 2101 2911 ⁴3,

1232 2919 1264 2951 2.
1284 2936 1317 2942 ——
1333 2927 1479 2960 quarum
1495 2922 1604 2951 tamen
1617 2919 1699 2959 cet.]
1717 2920 1823 2960 atque
1839 2918 1971 2952 idcirco
1983 2919 2104 2966 Agrip-

1232 2969 1334 3011 pinae
1359 2967 1562 3002 obnoxium.
1583 2986 1619 2991 —
1639 2970 1734 3002 cuius
1755 2969 1877 3013 spontd
1901 2969 1989 3003 Vide
2005 2968 2050 3002 ad
2065 2968 2099 3011 2,

1231 3019 1284 3051 59.
1314 3036 1350 3042 —
1375 3021 1532 3059 carpento
1556 3018 1756 3060 Capitolium
1777 3018 1926 3062 ingredi]
1955 3019 2021 3062 Dio
2043 2993 2099 3060 60,

1231 3069 1291 3101 22:
1316 3066 1362 3115 τῇ
1386 3067 1607 3126 Μεσσαλίνῃ
1631 3065 1702 3112 τὴν
1721 3067 1943 3118 προεδρίαν,
1966 3065 2017 3113 ἣν
2032 3067 2102 3103 καὶ

1231 3113 1255 3160 ἦ
1279 3117 1419 3151 Λιουία
1441 3115 1618 3161 ἑσχήκει,
1643 3118 1708 3152 καὶ
1730 3115 1777 3152 τὸ
1791 3119 1987 3175 καρκέντῳ
1956 3115 2100 3166 ‘elff-

1230 3167 1324 3201 σθαι
1338 3164 1490 3202 εδοσαν.
1515 3167 1614 3201 ldem
1631 3177 1664 3202 c.
1681 3167 1723 3203 33
1739 3168 1784 3201 de
1799 3167 2008 3212 Agrippina:
2031 3165 2100 3201 καὶ

1231 3213 1350 3260 ἡμὲν
1371 3214 1468 3257 ταχὺ
1491 3217 1558 3251 καὶ.
1581 3213 1679 3262 αὐτὴ
1695 3215 1920 3252 Maeonium
1933 3216 2099 3262 ἐγένετο,

1228 3267 1294 3299 καὶ
1321 3264 1492 3309 μάλιστα
1523 3262 1584 3301 ὅτι
1605 3267 1670 3301 καὶ
1692 3263 1807 3310 τιμὰς
1828 3262 1949 3309 ἄλλοις
1969 3275 2011 3300 τε
2031 3264 2099 3299 καὶ

1230 3314 1275 3348 τὸ
1290 3317 1500 3364 καρπεντιῳ
1514 3317 1592 3359 (sic)
1608 3316 1649 3350 ἐν
1663 3318 1748 3359 ταῖς
1738 3313 1991 3400 ἔπανηγύρεσι
2002 3313 2099 3367 κρῆ-

1230 3365 1323 3399 cocu
1356 3364 1458 3413 παρὰ
1480 3364 1549 3410 τῆς
1569 3363 1716 3411 βουλῆς
1738 3361 1887 3407 ἔλαβεν.
1914 3384 1951 3392 -
1982 3373 2098 3407 saeer-

1229 3415 1357 3449 dotibus
1370 3418 1401 3449 et
1415 3416 1532 3460 sacris]
1554 3417 1661 3449 Sacra
1675 3416 1758 3451 sunt
1772 3423 1832 3451 res
1847 3423 1986 3469 sacrae,
2003 3420 2099 3467 quta
