2254 3770
755 300 911 347 LIBER
938 292 1027 345 XII.
1072 299 1175 358 Cap.
1205 301 1273 344 65.
1302 300 1370 344 66.
1876 295 1958 345 387

175 410 303 462 ritum
335 409 564 453 Caesarem
591 414 639 452 ut
663 408 791 457 vitam
820 407 918 452 usui
939 406 1032 452 eius
1056 406 1320 465 inpenderet.
1363 405 1599 451 convictam
1628 401 1899 448 Messalinam
1918 407 1962 446 et

178 485 347 531 Silium:
378 497 505 542 pares
533 483 688 528 iterum
718 482 949 528 accusandi
980 495 1132 528 causas
1153 495 1251 526 esse
1280 481 1332 541 [si
1351 482 1464 526 Nero
1486 479 1767 539 imperitaret,
1798 477 1962 530 Britan-

177 561 274 606 nico
303 558 587 616 successore]
637 558 800 603 nullum
834 558 1015 617 principi
1049 564 1235 603 metum:
1282 563 1324 601 at
1351 570 1564 602 novercae
1592 554 1757 600 insidiis
1786 544 1962 598 domum

178 649 350 681 omnem
387 634 588 685 convelli,
630 634 791 679 maiore
832 633 993 693 flagitio
1033 648 1163 692 quam
1197 633 1233 677 si
1262 632 1557 691 inpudicitiam
1584 630 1740 690 prioris
1770 629 1962 686 coniugis

177 711 429 756 reticuisset.
460 723 721 770 quamquam
747 723 802 754 ne
822 709 1112 768 inpudicitiam
1131 708 1308 767 quidem
1327 722 1440 753 nunc
1459 707 1616 752 abesse
1635 706 1824 752 Pallante
1843 703 1963 748 adul·
1975 714 1996 745 5

177 792 286 838 tero,
331 799 387 831 ne
427 786 524 844 quis
563 785 751 843 ambigat
778 784 933 837 decuS‚
978 785 1212 843 pudorem,
1255 798 1430 842 corpus,
1471 789 1624 828 cuncta
1652 795 1786 841 regno
1815 779 1965 825 viliora

145 856 147 860 ’
176 861 336 906 haberi.
392 861 500 906 haec
543 867 671 919 atque
714 859 812 905 talia
849 860 1044 904 dictitans
1074 859 1271 918 amplecti
1304 859 1610 911 Britannicum,
1656 857 1789 902 robur
1816 856 1965 907 aetatis
1989 908 2000 911 ὴ

176 950 306 995 quam
335 936 627 981 maturrimum
650 935 829 994 precari,
861 935 991 980 modo
1012 935 1066 980 ad
1088 935 1195 980 deos
1217 935 1344 979 modo
1365 934 1420 979 ad
1442 935 1583 993 ipsum
1602 933 1780 979 tendere
1799 946 1964 984 manus,

177 1012 463 1066 adolesceret,
506 1012 639 1071 patris
678 1012 874 1056 inimicos
904 1010 1160 1069 depelleret,
1203 1010 1349 1055 matris
1379 1010 1509 1055 etiam
1538 1010 1832 1055 interfectores
1860 1007 1967 1052 ulci-

179 1094 385 1133 sceretur.
434 1088 515 1145 (66)
546 1087 588 1131 in
618 1094 733 1132 tanta
761 1087 875 1131 mole
901 1100 1101 1132 curarum
1119 1085 1364 1131 valetudine
1384 1085 1568 1130 adversa
1588 1085 1825 1143 corripitur,
1856 1083 1963 1128 refo-.
1980 1094 2018 1126 ιο

180 1163 422 1222 vendisque
450 1162 612 1207 viribus
642 1162 817 1207 mollitia
847 1161 954 1208 caeli
985 1169 1028 1207 et
1052 1161 1299 1206 salubritate
1320 1175 1527 1220 aquarum
1550 1162 1797 1206 Sinuessam
1816 1159 1967 1218 pergit.

178 1246 268 1283 tum
306 1239 555 1297 Agrippina,
602 1237 778 1283 sceleris
823 1237 925 1282 olim
959 1244 1077 1282 certa
1115 1244 1159 1282 et
1196 1237 1364 1282 oblatae
1394 1237 1635 1283 occasionis
1675 1249 1860 1295 propera
1887 1248 1969 1280 nec

179 1315 470 1359 ministrorum
498 1328 650 1372 egeus,
681 1313 738 1358 de
767 1327 927 1371 genere
955 1313 1111 1357 veneni
1132 1312 1405 1366 consultavit,
1436 1327 1495 1358 ne
1521 1312 1744 1371 repentino
1775 1318 1817 1356 et
1844 1324 1970 1370 prae-

182 1390 297 1449 cipiti
336 1390 499 1435 facinus
540 1388 815 1448 proderetur-3
856 1389 893 1433 si
920 1388 1080 1433 lentum
1111 1395 1154 1433 et
1181 1388 1373 1433 tabidum
1402 1388 1651 1447 delegisset,
1687 1401 1743 1433 ne
1773 1387 1970 1432 admotus

181 1466 394 1524 supremis
425 1464 629 1510 Claudius
658 1471 701 1509 et
730 1463 829 1508 dolo
862 1463 1075 1509 intellecto
1106 1463 1159 1507 ad
1190 1478 1381 1509 amorem
1409 1463 1482 1507 filii
1508 1464 1681 1509 rediret.
1712 1465 2019 1524 exquisitumis

180 1541 340 1600 aliquid
381 1540 595 1600 placebat,
635 1539 752 1599 quod
791 1540 983 1584 turbaret
1017 1545 1205 1583 mentem
1241 1546 1284 1584 et
1318 1546 1499 1584 mortem
1529 1539 1733 1585 differret.
1774 1540 1973 1599 deligitur

179 1617 327 1662 artifex
371 1616 520 1662 talium
559 1614 769 1660 vocabulo
806 1615 1007 1668 Locusta,
1054 1629 1193 1673 nuper
1231 1615 1428 1661 veneficii
1459 1615 1657 1661 damnata
1688 1622 1731 1661 et
1760 1615 1834 1660 diu
1862 1617 1973 1661 inter

244 1739 278 1772 2.
307 1746 411 1780 pares
438 1738 560 1771 iterum
589 1736 770 1770 accusandi
796 1745 917 1770 causas
944 1745 1010 1770 esse
1041 1737 1078 1770 et
1099 1737 1297 1770 Britannico
1319 1745 1504 1771 successore
1525 1735 1671 1772 seclusit
1691 1736 1907 1781 Nipperdey.
1932 1754 1970 1762 —

179 1794 302 1831 Verba
325 1795 355 1827 si
376 1795 466 1828 Nero
487 1794 706 1836 imperitaret.
730 1794 927 1827 Britannico
949 1802 1147 1835 successore,
1174 1803 1266 1836 quae
1288 1795 1326 1828 in
1350 1794 1473 1828 codice
1496 1794 1659 1829 ultimum
1683 1794 1868 1830 columnae
1890 1804 1975 1829 ver-

180 1861 261 1886 sum
285 1851 460 1893 efficiunt,
486 1852 602 1886 addita
626 1851 792 1885 videntur
814 1851 860 1886 ad
882 1851 1146 1895 interpretanda
1170 1852 1355 1894 superiora
1378 1860 1436 1886 seu
1456 1852 1672 1885 Britannicus
1686 1861 1801 1886 rerum
1815 1852 1975 1886 seuNero

178 1912 363 1950 poteretur.
395 1907 552 1942 Delenda
584 1908 721 1942 censuit
749 1908 856 1942 etiam
879 1908 1142 1942 Freinshemius
1166 1907 1270 1942 simul
1294 1917 1375 1942 cum
1398 1908 1567 1952 proximis
1591 1909 1757 1951 quattuor
1778 1907 1972 1942 vocabulis.

186 1981 223 1989 -
250 1964 450 1998 brittannico
473 1965 507 1998 M
531 1982 567 1988 -
604 1964 636 1998 3.
660 1973 828 1998 succesore
849 1973 903 2008 pr.
928 1965 962 1998 Μ
988 1983 1024 1988 -
1059 1968 1183 1998 metum
1204 1965 1404 1998 Ferrarius:
1433 1965 1590 1998 meritum
1610 1966 1645 1999 M
1669 1982 1706 1988 —
1739 1967 1777 1998 at
1797 1965 1970 1998 Pichena:

181 2022 228 2054 aa
251 2030 306 2064 pr.
331 2022 384 2062 M3
417 2030 440 2054 a
462 2029 555 2054 corr.
579 2022 633 2061 M:
667 2031 709 2054 ae
729 2020 847 2064 vulgo.
873 2039 910 2045 —-
934 2031 1075 2055 nouerce
1097 2023 1131 2056 M
1156 2040 1193 2046 -
1217 2022 1250 2056 5.
1276 2030 1470 2064 quanquam
1491 2023 1526 2057 M
1551 2040 1587 2047 --
1620 2022 1654 2055 7.
1678 2021 1792 2056 haberi
1816 2022 1971 2055 Grotius:

186 2078 307 2112 habere
327 2079 373 2114 M.
400 2078 452 2113 Cf.
469 2078 533 2113 Ed.
552 2079 678 2112 Wurm
694 2079 730 2112 in
744 2077 866 2113 Philol.
884 2079 1101 2114 Schneidew.
1118 2079 1174 2120 IX,
1190 2088 1227 2122 p.
1245 2079 1298 2112 95.
1324 2098 1360 2104 -
1386 2079 1624 2113 brittannicum
1645 2080 1681 2114 M
1704 2096 1740 2103 —
1766 2079 1798 2113 8.
1816 2076 1919 2121 ficari
1939 2078 1975 2114 M

184 2153 220 2159 —
246 2134 301 2169 40.
324 2144 487 2169 curarum
519 2135 710 2171 ualetudine
739 2137 791 2171 M:
824 2146 988 2171 curarum
1019 2137 1178 2171 Claudius
1198 2136 1387 2171 valetudine
1408 2135 1634 2172 Puteolanus.
1661 2154 1698 2160 -
1735 2136 1789 2170 Η.
1814 2135 1977 2170 sabritate

182 2200 236 2235 pr.
262 2192 297 2226 M
322 2209 359 2215 —-
385 2192 438 2225 ⁴5.
464 2190 591 2234 suffusis
613 2193 659 2227 M.
1827 2190 1831 2193 “

0 1828 10 1874 ἰ

2 1878 9 1901 ο

182 2291 292 2326 salina
315 2293 352 2325 et
373 2291 475 2326 Silius
497 2293 648 2326 convicti
671 2294 772 2335 sunt,
798 2293 904 2327 etiam
926 2295 1052 2337 Agrip-

181 2342 304 2385 pinam
327 2341 472 2376 Claudio
494 2343 638 2377 insidias
662 2345 860 2378 struentem
878 2344 1052 2378 delatione

182 2393 389 2435 pervertere
404 2393 602 2435 contigerit.
622 2411 659 2417 —
679 2395 809 2427 nullum
818 2395 968 2436 principi
982 2404 1054 2428 me-

183 2442 264 2485 tum]
299 2443 321 2476 i.
348 2451 380 2476 e.
412 2443 611 2486 principem
643 2443 790 2486 periculi
823 2444 892 2478 sibi
921 2446 957 2478 et
983 2444 1053 2478 filio

182 2493 383 2526 Britannico
412 2493 629 2527 imminentis
652 2495 814 2529 nescium
837 2504 916 2529 esse
947 2497 1054 2538 atque

184 2542 383 2584 incautum,
407 2544 614 2577 matrimonii
634 2545 688 2577 sui
713 2545 873 2587 ignarum
896 2546 961 2587 (Η,
987 2545 1052 2586 43).

187 2609 224 2616 -
248 2593 378 2626 maiore
397 2593 527 2636 flagitio
551 2602 653 2635 quam
673 2594 703 2627 si
726 2590 856 2637 cet.]⁴i.
882 2603 914 2627 e.
939 2594 1054 2627 maius

185 2642 355 2684 flagitium
370 2643 583 2686 Agrippinae
606 2644 753 2686 inceptis
767 2644 884 2678 inesse
901 2653 1010 2686 quam
1025 2644 1056 2677 si

186 2693 262 2736 ipse
287 2694 493 2736 (Narcissus)
518 2693 669 2728 celasset
689 2694 944 2737 impudicitiam
965 2695 1056 2729 Mes-

186 2741 319 2777 salinae
342 2752 494 2786 eamque
516 2742 680 2778 libidines
699 2753 782 2778 suas
798 2744 940 2788 explere
957 2744 1055 2778 sivis-

186 2794 254 2827 set.
274 2811 310 2818 —
331 2793 480 2828 Pallante
501 2794 662 2837 adultero]
688 2794 738 2828 Cf.
757 2802 788 2828 c.
805 2795 859 2828 25.
879 2812 915 2818 ——
934 2795 1057 2828 matris

187 2843 422 2887 interfectores]
446 2845 523 2877 Non
546 2845 618 2877 tam
634 2843 797 2878 Euodum
821 2845 968 2886 eiusque
990 2844 1056 2877 ad-

188 2894 321 2927 iutores
339 2894 404 2936 (u,
421 2894 474 2934 37)
491 2902 556 2936 pro
578 2895 695 2928 semet
716 2895 792 2937 ipso
807 2894 946 2928 videtur
968 2894 1057 2928 sub-

188 2943 275 2976 dere
300 2951 407 2985 quam
429 2943 559 2985 figura,
590 2945 629 2977 ut
647 2945 695 2977 ita
717 2944 854 2986 dicam,
879 2945 1054 2978 rhetorica

186 3000 275 3026 usus
295 2992 365 3026 hoc
381 2992 518 3026 dicere:
546 2993 696 3028 «Memet
709 2994 828 3036 ipsum
844 2995 963 3035 etiam,
983 3002 1057 3027 ma-

188 3043 251 3077 tris
273 3043 355 3076 tuae
377 3042 663 3085 interfectorem,
688 3045 789 3086 tunc,
822 3045 852 3079 si
874 3044 976 3086 libet,
1000 3045 1056 3078 in-

189 3092 313 3126 terfice
326 3094 361 3125 l»

232 3142 286 3176 66.
314 3142 503 3176 valetudine
524 3143 666 3177 adversa
691 3143 889 3186 corripitur]
916 3144 1056 3177 Narcis-

190 3199 271 3231 sus,
295 3200 367 3225 non
382 3191 566 3233 Claudius,
591 3193 651 3235 qui
675 3202 746 3227 non
761 3194 968 3234 Sinuessae,
992 3194 1057 3228 sed

190 3241 323 3277 Romae
353 3242 389 3276 in
411 3242 541 3276 Palatio
564 3243 712 3276 necatus
736 3244 802 3277 est.
839 3243 890 3277 Cf.
915 3244 979 3277 Dio
1002 3244 1055 3284 60,

192 3289 253 3327 34:
287 3288 313 3334 ἦ
345 3289 386 3325 δὲ
409 3289 457 3336 δὴ
475 3287 695 3339 Ἀγριππίνα
715 3290 837 3326 ταῦτα
858 3290 1059 3336 ποιήσασα

191 3334 385 3384 ἔφθασεν,
410 3336 472 3376 ὅτι
492 3339 562 3376 τὸν
583 3340 806 3390 Νάρκισσον
832 3341 872 3384 ἐς
893 3342 1058 3386 Καμπα-

194 3387 279 3422 νίαν
292 3390 603 3432 (Sinuessa-autem
615 3392 702 3426 Latii
716 3391 885 3436 oppidum
900 3393 936 3426 in
953 3393 1059 3426 Cam-

195 3438 322 3480 panias
344 3441 510 3476 confinio:
535 3441 623 3478 Plin.
646 3442 688 3477 Ν.
712 3442 755 3477 Η.
780 3442 817 3477 34
841 3441 865 3486 5
888 3442 939 3485 8),
963 3452 1059 3491 προ-

1103 2290 1225 2335 φάσει
1257 2290 1310 2336 ὦς
1338 2293 1404 2327 καὶ
1433 2295 1516 2335 τοῖς
1539 2287 1654 2327 ὕδασι
1675 2296 1757 2335 τοῖς
1779 2290 1863 2327 ἐκεῖ
1880 2292 1975 2341 πρὸς

1103 2341 1174 2387 τὴν
1203 2342 1398 2391 ποδάγραν
1429 2341 1693 2391 χρησόμενον,
1727 2345 1977 2391 προαπέπεμ-

1104 2400 1182 2438 ψεν
1193 2405 1201 2413 ·
1227 2394 1309 2428 ἐπεὶ
1325 2391 1515 2442 παρόντος
1530 2404 1573 2439 γε
1591 2390 1712 2428 αὐτοῦ
1730 2390 1803 2429 οῦκ
1818 2390 1868 2428 ἅν
1882 2405 1976 2429 ποτε

1104 2442 1202 2479 αὐτὸ
1230 2442 1433 2492 ἐδεδράκει.
1460 2463 1496 2469 -
1528 2445 1658 2478 sceleris
1679 2445 1758 2478 olim
1779 2445 1887 2488 certa]
1918 2446 1976 2479 cui

1105 2495 1175 2529 iam
1205 2494 1288 2528 olim
1319 2495 1547 2529 constitutum
1571 2496 1648 2528 erat
1669 2493 1788 2528 scelus
1812 2495 1976 2528 commit-

1106 2547 1194 2578 tere.
1215 2563 1252 2569 -
1277 2545 1409 2579 oblatae
1431 2545 1614 2578 occasionis
1631 2545 1791 2588 propera]
1815 2545 1838 2578 i.
1857 2554 1889 2578 e.
1908 2544 1976 2578 ob-

1104 2592 1212 2627 latam
1235 2595 1462 2628 occasionem
1478 2595 1644 2637 (Narcissi
1663 2593 1872 2636 absentiam)
1895 2603 1977 2637 pro—

1104 2652 1191 2686 pere
1213 2644 1398 2687 arripiens.
1425 2644 1479 2678 Cf.
1501 2643 1539 2685 4,
1564 2644 1623 2677 59:
1648 2644 1774 2677 libertis
1794 2647 1826 2678 et
1848 2645 1975 2678 clienti-

1105 2693 1164 2726 bus
1192 2695 1389 2735 apiscendae
1415 2696 1582 2735 potentiae
1601 2694 1765 2735 properis.
1794 2711 1830 2718 -—
1854 2703 1975 2735 repen-

1105 2744 1174 2777 tino
1197 2748 1228 2778 et
1245 2745 1436 2786 praecipiti]
1461 2743 1557 2787 quod
1578 2744 1668 2777 infra
1691 2753 1723 2777 c.
1750 2744 1791 2777 67
1817 2744 1976 2785 rapidum

1105 2795 1271 2834 vocatum
1285 2803 1447 2835 praeceps
1462 2796 1498 2827 et
1510 2797 1682 2827 strenuum
1693 2793 1876 2827 remedium
1891 2793 1977 2826 dixit

1107 2846 1211 2877 etiam
1237 2844 1377 2877 Curtius
1400 2844 1433 2885 3,
1458 2843 1512 2884 ⁴4,
1537 2844 1570 2876 2.
1597 2861 1634 2868 -
1658 2843 1827 2888 tabidum]
1857 2843 1975 2876 tabifi-

1107 2903 1207 2934 cum,
1239 2893 1377 2934 φθίσιν
1405 2893 1582 2933 efficiens,
1612 2894 1652 2926 ut
1672 2891 1802 2935 Vergil.
1826 2893 1913 2926 Aen.
1939 2892 1971 2933 3,

1107 2945 1189 2977 ⁴37:
1221 2943 1493 2977 tabida—-lues.
1510 2944 1661 2976 «sueton.
1686 2943 1760 2977 Tib.
1786 2943 1846 2976 73:
1875 2952 1974 2976 vene-

1105 3003 1186 3027 num
1207 2994 1330 3027 lentum
1352 2997 1453 3035 atque
1477 2993 1656 3036 tabificum.
1683 3011 1720 3018 -
1752 2993 1798 3026 ad
1826 3002 1975 3027 amorem

1103 3044 1166 3087 filii
1192 3043 1330 3086 rediret]
1364 3045 1508 3078 Sueten.
1535 3043 1657 3078 Claud.
1681 3042 1747 3077 43:
1785 3042 1853 3076 Sub
1882 3043 1975 3076 exitu

1104 3094 1194 3127 vitae
1222 3095 1320 3136 siqua
1343 3095 1506 3135 quaedam
1534 3102 1595 3127 nec
1616 3093 1756 3127 obse-wa
1778 3094 1976 3134 paenitentis

1106 3145 1146 3177 de
1166 3144 1380 3178 matrimonio
1391 3144 1596 3186 Agrippinae
1618 3144 1722 3185 deque
1734 3143 1876 3177 Neronis
1890 3144 1975 3177 ado-

1103 3194 1216 3235 ptione
1237 3193 1374 3227 dederat
1396 3195 1463 3227 cet.
1484 3212 1522 3218 -
1538 3193 1691 3235 Locusta]
1715 3201 1822 3234 quam
1847 3193 1974 3227 Sueto-

1109 3245 1189 3277 nius
1214 3244 1469 3278 venenariorum
1496 3244 1649 3278 inclitam
1675 3245 1781 3276 vocat
1809 3243 1890 3285 Ner.
1916 3243 1970 3286 33,

1108 3293 1333 3340 φαρμακίδα
1360 3291 1590 3342 περιβόητον
1615 3293 1682 3326 Dio
1711 3293 1769 3333 60,
1795 3291 1851 3327 34.
1885 3293 1973 3328 Eam

1109 3342 1217 3378 Galba
1246 3344 1417 3389 supplicio
1445 3344 1576 3378 affecit:
1612 3344 1676 3377 Dio
1700 3342 1762 3382 64,
1786 3341 1818 3376 3.
1845 3359 1882 3366 —
1917 3345 1974 3377 in-

1106 3397 1289 3429 strumenta
1314 3395 1425 3438 regni]
1456 3395 1556 3428 euius
1583 3402 1650 3436 ope
1681 3401 1702 3426 e
1728 3392 1848 3426 medio
1870 3392 1973 3428 tolle-

1107 3445 1230 3479 rentur
1243 3445 1279 3487 ii,
1305 3444 1366 3488 qui
1379 3443 1547 3488 principis
1561 3441 1680 3485 aulae,
1704 3442 1880 3486 Narcisso,
1903 3443 1974 3486 ipsi
