2254 3770
271 279 353 324 384*
720 282 765 325 Ρ.
797 281 1048 326 CORNELII
1078 281 1249 325 TACITI
1278 279 1547 325 ANNALIUM

271 388 584 432 vetustissimos
620 387 785 432 insulae
822 387 1029 441 cultores3
1069 403 1167 432 mox
1207 387 1394 432 adventu
1423 387 1664 445 Aesculapii
1693 394 1828 432 artem
1858 386 2058 432 medendi

272 463 443 507 inlatam
474 464 743 522 maximeque
774 464 884 507 inter
921 470 1118 522 posteros
1149 464 1242 508 eius
1274 463 1491 508 celebrem
1521 463 1672 515 fuisse,
1715 463 1886 508 nomina
1916 464 2061 522 singu-

271 539 410 583 lorum
440 540 647 591 referens,
681 545 723 582 et
752 538 909 598 quibus
941 540 1127 598 quisque
1158 539 1369 582 aetatibus
1399 538 1645 597 viguissent.
1685 540 1787 598 quin
1813 539 1941 583 etiam
1960 538 2063 583 dixit

271 614 614 674 Xenophontem,
647 615 768 659 cuius
799 615 976 659 scientia
1006 616 1099 674 ipse
1129 621 1341 666 uteretur,
1375 614 1527 659 eadem
1559 614 1714 659 familia
1735 622 1891 666 ortum,
1923 615 2063 673 preci-

241 691 441 750 5busque
479 692 574 735 eius
604 691 793 734 dandum
832 697 878 734 ut
908 691 1020 734 omni
1051 691 1208 734 tributo
1239 691 1363 734 vacui
1395 690 1437 733 in
1468 696 1688 748 posterum
1719 691 1794 735 Coi
1826 704 1991 734 sacram
2022 696 2065 734 et

271 774 432 811 tantum
472 766 541 810 dei
580 767 813 811 ministram
854 766 1034 810 insulam
1071 766 1271 810 colerent.
1323 780 1464 824 neque
1502 765 1679 810 dubium
1720 765 1901 810 habetur
1934 765 2064 809 multa

273 843 508 887 eorundem
537 843 579 886 in
600 842 806 901 populum
827 844 1063 887 Romanum
1083 842 1235 886 merita
1256 841 1484 900 sociasque
1505 842 1704 886 victorias
1727 842 1921 900 potuisse
1942 840 2064 885 tradi.

273 926 339 963 set
373 918 592 970 Claudius,
633 918 828 963 facilitate
868 917 992 962 solita
1027 917 1143 976 quod
1182 917 1255 961 uni
1302 924 1593 970 concesserat,
1638 917 1762 961 nullis
1799 917 2064 962 extrinsecus

274 994 530 1039 adiumentis
561 993 725 1038 velavit.

227 1086 261 1116 ιο
387 1071 468 1127 (62)
499 1073 549 1114 At
572 1070 764 1130 Byzantii
786 1069 884 1113 data
905 1068 1076 1113 dicendi
1097 1069 1239 1127 copia,
1273 1082 1369 1113 cum
1391 1068 1726 1127 magnitudinem
1747 1082 1927 1112 onerum
1948 1067 2063 1127 apud

274 1153 468 1191 senatum
490 1146 841 1204 deprecarentur,
875 1151 1027 1190 cuncta
1047 1149 1302 1202 repetivere.
1338 1144 1423 1188 orsi
1446 1158 1471 1188 a
1491 1144 1677 1196 foedere,
1702 1144 1819 1202 quod
1840 1144 2066 1189 nobiscum

274 1225 450 1274 icerant,
484 1236 568 1280 qua
599 1227 851 1279 tempestate
881 1219 1134 1264 bellavimus
1167 1219 1374 1263 adversus
1404 1233 1550 1277 regem
1579 1219 1878 1271 Macedonum,
1922 1220 1991 1264 cui
2021 1225 2068 1263 ut

275 1298 478 1356 degeneri
508 1296 860 1355 Pseudophilippi
892 1295 1148 1340 vocabulum
1179 1295 1426 1353 inpositum,
1461 1295 1612 1339 missas
1642 1294 1820 1353 posthac
1846 1296 1992 1354 copias
2024 1296 2066 1339 in

274 1374 527 1418 Antiochum
556 1375 716 1418 Persen
747 1371 1049 1423 Aristonicum,
1082 1378 1124 1415 et
1153 1371 1331 1429 piratico
1364 1370 1475 1415 bello
1506 1370 1698 1415 adiutum
1719 1372 1943 1415 Antonium
1973 1386 2068 1416 me-

226 1464 262 1494 ⁴5
275 1450 516 1502 morabant‚
560 1447 945 1509 quaequelSullae
982 1453 1055 1490 aut
1093 1446 1269 1491 Lucullo
1311 1436 1383 1490 adt
1421 1447 1626 1504 Pompeio
1665 1446 1935 1499 obtulissent,
1967 1461 2067 1491 mox

342 1579 374 1613 4.
398 1578 607 1620 oeenofontem
630 1578 664 1611 M
686 1595 730 1601 —
753 1574 937 1618 ficibusque
958 1576 993 1609 M
1017 1592 1053 1598 —
1089 1575 1121 1607 6.
1147 1577 1277 1607 tantum
1300 1574 1356 1607 M:
1388 1574 1475 1607 tanti
1496 1573 1565 1607 alii.
1594 1592 1630 1597 -
1655 1574 1790 1607 insilam
1812 1575 1846 1608 M
1871 1593 1906 1599 —
1931 1574 2070 1608 habetur

277 1636 430 1679 Lipsius:
462 1635 638 1668 haberetur
661 1635 694 1669 M
718 1652 754 1657 -
780 1634 813 1667 7.
834 1634 981 1675 potuisse
1005 1633 1107 1665 tradi.
1133 1632 1188 1664 sed
1211 1631 1417 1664 Rhenanus:
1446 1631 1602 1672 potuisset
1625 1631 1812 1664 tradidisset
1834 1632 1868 1666 M
1892 1649 1928 1656 —
1956 1632 2009 1665 ⁴0.
2034 1635 2070 1665 at

277 1702 368 1727 corr.
393 1694 444 1727 M:
480 1693 524 1725 ad
548 1701 601 1734 pr.
628 1693 661 1726 M
683 1710 727 1716 --
754 1690 902 1724 Bizantii
925 1691 969 1723 G:
1007 1689 1163 1722 bizantiis
1191 1689 1224 1722 M
1249 1706 1284 1712 -
1318 1689 1457 1721 dicenda
1491 1697 1544 1731 pr.
1574 1689 1608 1723 M
1638 1706 1676 1713 —
1713 1688 1870 1722 bonerum
1892 1697 1946 1731 pr.
1970 1689 2005 1723 M
2029 1706 2065 1713 —

277 1750 331 1783 Η.
356 1747 575 1790 ἀῷσανεηιαν
597 1749 632 1782 Μ
658 1767 694 1772 -
719 1749 910 1789 repetivere.
937 1747 1005 1780 orsi
1027 1745 1222 1779 Acidalius:
1247 1746 1444 1786 repetivere,
1470 1746 1538 1778 orsi
1559 1744 1677 1788 vulgo.
1706 1763 1742 1769 —
1768 1746 1823 1779 ⁴2.
1847 1745 1993 1779 iecerunt
2013 1746 2067 1787 M;

277 1806 321 1840 cf.
339 1806 372 1847 4,
390 1807 444 1840 55.
470 1806 537 1839 nisi
559 1805 676 1848 potius
697 1805 844 1846 fecerant
860 1802 1110 1845 corrigendum
1127 1803 1193 1835 est.
1221 1802 1328 1835 HALM.
1355 1801 1406 1835 Cf.
1425 1802 1479 1842 lt,
1498 1801 1577 1835 9.—
1604 1805 1760 1843 tempesta
1781 1802 1815 1835 M
1838 1818 1875 1825 —
1901 1801 1956 1835 43.
1969 1810 2071 1843 pseu-

277 1862 424 1906 dofilippi
446 1863 479 1896 M
506 1880 540 1886 —
566 1860 620 1895 ⁴4.
645 1861 874 1894 memorabant
896 1867 1045 1901 quaeque
1061 1857 1261 1905 'Acidaliusz
1286 1858 1550 1899 memorabantq‚·
1575 1867 1659 1899 quae
1681 1858 1726 1891 M.

278 1959 331 2027 15⁷>v
355 1977 486 2016 οἔπειτα
514 1977 588 2015 θεὰ
621 1978 714 2013 θεοῦ
748 1978 788 2013 ἐν
822 1976 1001 2022 φιλότητι
1034 1974 1146 2022 Λητώ
1171 1980 1177 2020 Ι
1201 1977 1341 2019 (Syriae
1373 1976 1510 2019 regem)
1546 1977 1636 2018 apud
1668 1976 1897 2018 Thernwpylas
1923 1976 2071 2019 Philippo

278 2031 546 2068 κυανόπεπλον
562 2030 732 2075 ἐγείνατο
747 2028 922 2073 μείλιχον
938 2029 1023 2062 αἰεί.
1047 2028 1146 2062 Ovid.

279 2085 421 2119 Metam.
449 2083 480 2124 6,
507 2082 588 2116 ⁴85:
622 2085 731 2114 satam
762 2081 916 2113 Titanida
940 2080 1021 2113 Coeo
1043 2080 1149 2112 Lato-

279 2144 372 2168 nam.
407 2151 443 2158 —
474 2136 623 2174 posteros
656 2130 741 2173 eius]
776 2129 1021 2172 Asclepiades,
1058 2130 1149 2162 inter

280 2194 369 2228 quos
392 2183 692 2218 celebratissimus
715 2182 957 2224 Hippocrates.
980 2198 1015 2204 —
1041 2181 1150 2213 Xeno-

276 2235 440 2278 phontem]
466 2234 517 2268 Cf.
544 2243 574 2266 c.
601 2233 654 2266 67.
681 2233 778 2274 Diog.
804 2232 917 2264 La’ert.
936 2232 969 2271 2,
988 2231 1019 2271 6,
1038 2230 1091 2263 59.
1107 2248 1148 2253 —-

281 2288 451 2328 sociasque
471 2284 641 2326 victorias]
673 2283 909 2316 communiter
930 2283 1061 2324 partas.
1095 2281 1147 2314 Cf.

281 2337 369 2372 Plut.
388 2335 519 2370 Lucull.
537 2344 571 2377 p.
589 2334 665 2368 493.
687 2353 722 2357 —
740 2333 901 2374 facilitate
915 2331 1022 2374 solita]
1043 2332 1148 2364 Recte

281 2388 371 2421 haec
394 2395 477 2420 cum
498 2384 610 2419 verbo
634 2387 837 2417 concesserat
858 2383 969 2416 iunxit
991 2382 1151 2415 Doeder-

281 2437 371 2479 lein,
396 2436 505 2470 ceteri
528 2443 610 2468 cum
626 2434 737 2467 verbo
753 2433 886 2466 velavit.
911 2432 1152 2474 Reprehendit

283 2489 401 2521 autem
425 2486 562 2519 Tacitus
586 2485 730 2518 nimiam
754 2493 796 2517 ac
815 2482 956 2517 stultam
974 2481 1067 2515 illam
1084 2481 1150 2514 be-

282 2539 498 2580 nignitatem,
514 2544 581 2578 qua
593 2534 771 2568 interdum
783 2534 818 2567 in
831 2532 941 2566 unum
954 2531 1148 2565 alterumve

283 2597 407 2623 eorum
429 2586 613 2625 utebatur,
648 2584 777 2627 quibus
803 2583 956 2617 favebat.
984 2600 1018 2606 —
1052 2582 1150 2614 nullis

282 2640 486 2674 extrinsecus
508 2636 722 2675 adiumentis]
750 2636 825 2667 Non
856 2634 991 2676 priscas
1014 2631 1149 2666 fabulas

282 2699 399 2733 neque
428 2686 673 2729 Asclepiadas‚
707 2684 770 2717 sed
799 2683 906 2717 multa
930 2683 1085 2716 Coorum
1115 2683 1148 2715 in

283 2742 460 2775 Romanos
488 2737 613 2771 merita
637 2735 827 2769 memorari
851 2733 1018 2767 debuisse
1043 2733 1150 2774 signi-

284 2793 378 2826 ficat.

328 2842 382 2875 62.
401 2840 455 2873 cui
469 2842 507 2872 ut
521 2837 671 2880 degeneri
687 2836 770 2878 ceti]
785 2836 990 2875 Andriscus,
1015 2834 1151 2866 ultimae

284 2891 381 2925 sortis
401 2890 496 2922 homo
520 2888 603 2930 (Liv.
626 2887 716 2929 Epit.
734 2886 806 2928 49),
832 2884 1015 2919 simulatus
1031 2884 1149 2917 Persei

286 2941 394 2981 filius,
420 2948 452 2973 a.
477 2947 512 2971 u.
539 2938 602 2971 605
625 2945 774 2978 regnum
797 2935 1023 2970 Macedoniae
1047 2942 1151 2966 occu-

284 2992 398 3035 pavit,
424 2988 489 3024 sed
511 2989 581 3021 iam
605 2996 696 3020 anno
717 2988 888 3029 sequente
905 2995 925 3019 a
942 2986 981 3025 Q.
1000 2983 1150 3018 Caecilio

285 3039 423 3076 Metello
438 3039 603 3083 praetore
617 3037 731 3070 victus
747 3038 782 3069 et
800 3038 922 3079 captus
939 3036 1012 3068 est:
1030 3033 1151 3067 Florus

285 3092 318 3132 2,
337 3090 391 3125 44.
411 3108 447 3114 -
470 3087 617 3131 posthac]
640 3087 744 3128 iunge
762 3094 844 3118 cum
859 3095 893 3118 v.
910 3083 1150 3124 memorabant,

286 3150 331 3174 ne
354 3141 390 3173 in
405 3141 606 3182 temporum
623 3136 784 3169 ordinem
805 3143 974 3177 peccasse
990 3133 1153 3167 videatur

287 3191 453 3233 scriptor,
473 3188 574 3231 quasi
589 3195 674 3220 vero
689 3185 881 3219 Andriscus
897 3184 1153 3227 praecessisset

287 3234 498 3274 Antiochum
522 3239 557 3271 et
573 3239 717 3271 Persen.
736 3235 811 3268 Orsi
834 3235 915 3267 sunt
931 3235 1089 3267 oratores
1107 3233 1151 3266 de

287 3290 432 3323 foedere
456 3288 528 3329 illo,
554 3288 706 3320 maximo
730 3293 794 3318 suo
818 3285 853 3316 in
875 3284 1051 3316 Romanos
1074 3291 1152 3316 me-

288 3341 372 3380 rit0;
398 3338 526 3373 deinde
550 3338 594 3371 de
619 3334 752 3369 auxiliis
774 3333 943 3377 praebitis
967 3332 1076 3366 verba
1099 3332 1152 3366 fe-

290 3390 425 3423 cerunt.
457 3406 492 3412 —
523 3384 733 3427 Antioehwn]
768 3384 840 3417 Liv.
872 3383 961 3424 Epit.
994 3382 1052 3414 36:
1091 3382 1151 3415 Μ’.

289 3438 412 3474 Acilius
435 3437 571 3472 Glabrio
597 3436 710 3470 consul
734 3435 777 3478 (a.
801 3441 837 3467 u.
861 3432 936 3474 363)
959 3431 1153 3465 Antiochum

1198 2036 1275 2069 repe
1308 2028 1488 2060 adiuvante
1522 2028 1646 2060 victum
1680 2028 1823 2061 Graecia
1855 2027 1995 2069 expulit.
2029 2045 2066 2052 -

1197 2079 1326 2119 Persen]
1345 2079 1381 2111 L.
1399 2077 1566 2112 Aemilius
1584 2079 1621 2111 L.
1637 2078 1658 2111 f.
1675 2079 1720 2112 M.
1737 2087 1771 2111 n.
1789 2077 1930 2117 Paulus,
1944 2075 2068 2112 consul

1199 2129 1328 2161 iterum
1352 2137 1382 2162 a.
1409 2137 1444 2161 u.
1470 2129 1553 2168 686,
1589 2129 1625 2161 in
1655 2129 1804 2162 contione
1828 2131 1987 2169 precatus
2017 2130 2066 2169 ut,

1199 2179 1356 2220 quicquid
1378 2179 1444 2212 diri
1464 2179 1586 2220 populo
1604 2180 1640 2212 R.
1657 2179 1859 2219 immineret,
1883 2178 1920 2211 in
1935 2179 2068 2212 domum

1198 2237 1295 2261 suam
1325 2232 1586 2269 converteretur,
1619 2232 1650 2262 et
1671 2229 1706 2261 in
1728 2229 1959 2262 Macedoniam
1979 2237 2067 2269 pro-

1197 2279 1300 2321 fectus
1329 2279 1408 2311 vicit
1436 2280 1554 2312 Persen
1581 2281 1749 2320 totamque
1778 2279 2011 2312 Macedoniam
2031 2278 2067 2312 in

1196 2332 1388 2370 potestatem
1410 2329 1535 2371 redegit
1560 2329 1642 2371 (Liv.
1668 2329 1757 2371 Epit.
1783 2327 1849 2369 44).
1878 2346 1915 2352 -
1938 2328 2068 2361 Aristo-

1199 2379 1319 2422 nicum]
1351 2380 1413 2412 Hic
1437 2389 1469 2412 a.
1490 2388 1523 2412 u.
1543 2379 1606 2412 622
1630 2379 1749 2412 Asiam
1771 2387 1885 2421 paene
1909 2387 2065 2420 omnem,

1199 2429 1365 2462 Eumenis
1390 2428 1499 2462 filium
1523 2437 1562 2462 se
1586 2428 1721 2469 ferens,
1747 2428 1951 2471 occupavit,
1977 2437 1997 2461 a
2020 2428 2065 2462 M.

1200 2482 1377 2521 Perperna
1406 2478 1603 2512 debellatus
1627 2488 1659 2512 a.
1686 2477 1760 2512 624.
1796 2479 1869 2511 Liv.
1894 2478 1985 2520 Epit.
2009 2477 2066 2513 59.

1203 2548 1237 2553 —
1256 2528 1445 2571 Antonium]
1471 2528 1582 2561 filium
1598 2529 1762 2569 oratoris,
1787 2530 1925 2571 patrem
1941 2527 2068 2562 trium-

1199 2579 1280 2619 viri,
1318 2579 1373 2612 cui
1405 2587 1436 2611 a.
1469 2573 1515 2611 us
1537 2579 1599 2611 679
1629 2579 1818 2621 imperium
1850 2577 2067 2612 maritimum

1200 2629 1371 2663 adversus
1388 2629 1586 2672 praedones
1603 2629 1771 2663 latissime
1783 2630 1908 2672 patens
1921 2628 2069 2662 deman-

1199 2681 1338 2720 datum;
1375 2689 1445 2722 quo
1480 2679 1525 2712 ad
1559 2679 1739 2713 vexandos
1773 2680 1888 2713 socios
1918 2678 2064 2718 abusus,

1199 2731 1311 2764 victus
1346 2739 1366 2762 a
1401 2729 1630 2763 Cretensibus
1659 2731 1819 2762 mortuus
1848 2730 1903 2762 est
1930 2738 1962 2761 a.
1988 2727 2064 2762 683.

1199 2779 1318 2813 Vellei.
1340 2780 1377 2819 2,
1396 2779 1448 2812 34.
1476 2779 1630 2812 Ludibrii
1654 2787 1760 2812 causa
1776 2779 1890 2812 dictus
1909 2780 1963 2812 est
1977 2778 2067 2812 cre-

1199 2831 1300 2864 ticus.
1326 2829 1499 2863 Plutarch.
1525 2831 1650 2863 Anton.
1673 2831 1704 2863 4.
1727 2846 1762 2853 -
1788 2829 1903 2862 Sullae
1924 2832 1984 2862 aut
1997 2829 2067 2862 Lu-

1198 2881 1284 2913 cullo
1307 2883 1365 2912 aut
1386 2879 1551 2920 Pompeio]
1582 2879 1617 2912 in
1644 2878 1745 2912 hellis
1768 2878 2007 2913 Mithridaticis
2030 2879 2066 2912 et

1198 2930 1357 2973 piratico.
1378 2947 1413 2952 —
1431 2929 1576 2962 recentia
1591 2946 1610 2952 -
1621 2947 1639 2953 -
1654 2928 1784 2971 merita]
1807 2927 1900 2962 bello
1916 2927 2064 2961 Thracio

1200 2982 1235 3014 et
1257 2980 1472 3022 Bosporano.
1502 2979 1553 3013 Cf.
1580 2987 1610 3012 c.
1636 2979 1688 3012 63.
1716 2997 1752 3002 —
1782 2977 1976 3021 commeatu]
1999 2987 2065 3021 pro

1198 3030 1406 3064 commeatui.
1433 3029 1483 3063 Cf.
1510 3028 1541 3069 3,
1567 3028 1621 3062 30.
1647 3028 1701 3062 33.
1726 3028 1780 3063 47.

1243 3080 1296 3114 63.
1325 3078 1456 3122 Graeci]
1480 3087 1571 3122 quos
1594 3077 1650 3111 alii
1673 3079 1864 3121 scriptores
1885 3078 2065 3120 Megaren-

1200 3139 1275 3171 ses,
1301 3129 1355 3163 alii
1371 3129 1534 3171 Argivos,
1560 3127 1615 3161 alii
1635 3127 1907 3168 Chalcedonius,
1931 3126 1987 3160 alii
2004 3126 2065 3161 Mi-

1198 3180 1321 3222 lesios,
1346 3179 1402 3213 alii
1419 3178 1735 3218 Lacedaemonios.
1761 3178 1815 3212 alii
1830 3175 2064 3211 Athenienses

1200 3230 1307 3264 fuisse
1337 3230 1491 3263 tradunt.
1525 3229 1575 3262 Cf.
1601 3231 1639 3262 A.
1666 3227 1745 3262 Falk
1768 3227 1813 3261 de
1836 3227 1969 3269 origiue
1991 3227 2064 3269 By-

1201 3281 1321 3321 zantii,
1345 3278 1589 3318 Vratislaviae,
1614 3287 1648 3321 p.
1674 3279 1729 3311 22.
1752 3278 1858 3311 Bacn.
1886 3294 1921 3300 —
1947 3275 2066 3319 quibus

1199 3332 1349 3372 Pythium
1369 3330 1550 3372 Apollinem
1573 3328 1654 3371 cet.]
1686 3327 1849 3362 Similiter
1877 3335 1955 3360 rem
1981 3335 2064 3360 nar-
2135 3338 2140 3341 ·

1201 3383 1279 3415 rant
1310 3379 1506 3413 Herodotus
1541 3378 1579 3419 4,
1612 3377 1675 3412 444
1708 3379 1744 3411 et
1773 3375 1898 3410 Strabo
1922 3377 1954 3416 7,
1980 3376 2018 3417 6,
2042 3376 2063 3409 2

1201 3440 1236 3474 p.
1262 3431 1337 3465 320.
1356 3446 1391 3454 —
1413 3428 1582 3471 praevisa]
1606 3429 1688 3461 ante
1711 3425 1856 3469 quidem
1878 3426 1974 3467 visa,
1998 3423 2064 3460 sed
