2254 3770
752 243 905 287 LIBER
933 243 964 285 I.
1009 241 1110 299 Cap.
1139 241 1206 285 66.
1236 241 1304 285 67.
1333 241 1401 285 68.
1429 241 1497 285 69.

1954 238 2009 280 57

241 354 387 400 dente,
417 351 624 396 atrociora
642 349 911 408 Inguiomero
940 354 984 392 et
1012 347 1122 392 laeta
1150 346 1360 394 barbaris.
1392 353 1438 390 ut
1457 346 1613 391 vallum
1634 345 1762 390 armis
1781 343 2008 389 ambirent:

239 434 475 488 promptam
503 424 876 484 expugnationem,
916 423 1062 482 plures
1092 422 1302 480 captivos,
1344 422 1632 480 incorruptam
1666 419 1870 479 praedam
1906 418 2009 462 fore.

240 503 363 560 igitur
390 507 480 545 orta
510 500 581 544 die
615 505 820 558 proruunt
854 498 1010 548 fossas,
1054 497 1230 541 iniciunt
1262 503 1418 548 crates,
1459 510 1625 541 summa
1662 495 1759 540 valli
1797 499 2009 553 prensant,

238 591 332 621 raro
366 589 497 635 super
532 574 663 619 milite
698 581 741 618 et
768 574 891 632 quasi
922 572 978 617 ob
1014 578 1175 616 metum
1203 571 1356 616 defixo.
1399 578 1629 630 postquam
1657 570 1837 615 haesere
1873 568 2011 612 muni-

237 652 408 703 mentis,
440 651 563 695 datur
591 649 835 694 cohortibus
865 649 1050 706 signum,
1084 661 1330 705 cornuaque
1359 661 1410 691 ac
1437 647 1566 691 tubae
1596 646 1864 691 concinuere.
1913 643 2042 687 exins

238 727 421 772 clamore
442 732 484 770 et
512 726 672 783 impetu
690 725 819 782 tergis
840 724 1147 768 Germanorum
1167 722 1568 772 circumfunduntur,
1600 720 1905 780 exprobrantes
1925 732 2012 762 non

237 802 306 846 hic
334 801 462 846 silvas
491 814 572 845 nec
599 799 795 858 paludes,
827 799 904 843 sed
934 798 1085 856 aequis
1115 797 1219 842 locis
1248 811 1412 856 aequos
1442 797 1562 840 deos.
1607 796 1715 840 hosti
1745 795 1866 839 facile
1896 794 2010 837 exci-

237 877 355 920 dium
383 883 426 920 et
453 889 614 934 paucos
643 889 693 919 ac
722 887 958 918 semermos
988 873 1186 931 cogitanti
1216 887 1348 916 sonus
1378 872 1594 922 tubarum,
1627 871 1764 929 fulgor
1782 884 2007 920 armorum,

237 958 395 1011 quanto
424 952 614 1009 inopina,
644 956 761 994 tanto
791 950 951 993 maiora
971 948 1264 1000 offunduntur;
1296 947 1612 1006 cadebantque,
1643 953 1690 990 ut
1707 945 1838 990 rebus
1858 959 2013 989 secun-

237 1027 304 1071 dis
333 1026 464 1075 avidi,
495 1027 553 1069 ita
580 1025 772 1069 adversis
792 1025 961 1068 incauti.
1007 1024 1218 1067 Arminius
1240 1023 1420 1080 integer,
1453 1023 1748 1080 Inguiomerus
1767 1027 1866 1079 post
1884 1031 2062 1078 gravem

236 1102 388 1146 vulnus
416 1115 601 1160 pugnam
629 1101 877 1144 deseruere:
910 1099 1062 1158 vulgus
1090 1099 1345 1143 trucidatum
1374 1105 1457 1149 est,
1489 1098 1628 1141 donec
1657 1098 1721 1140 ira
1740 1103 1783 1141 et
1802 1096 1894 1140 dies
1914 1109 2014 1154 per-

236 1178 400 1222 mansit.
438 1182 563 1220 nocte
584 1176 756 1219 demum
782 1189 983 1219 reversae
1013 1174 1225 1232 legiones,
1257 1174 1451 1232 quamvis
1471 1173 1568 1231 plus
1588 1172 1828 1222 vulnerum,
1860 1170 2015 1215 eadem

237 1253 430 1297 ciborum
465 1258 632 1309 egestas
666 1251 877 1309 fatigaret,
916 1250 1003 1293 vim
1033 1250 1255 1294 sanitatem
1283 1249 1449 1307 copias,
1482 1254 1633 1292 cuncta
1662 1248 1704 1290 in
1733 1247 1911 1291 victoria
1939 1246 2014 1289 ha-

237 1329 381 1372 buere.
442 1327 521 1383 (69)
551 1333 798 1384 pervaserat
834 1326 1000 1369 interim
1037 1325 1312 1370 circumventi
1349 1324 1562 1369 exercitus
1602 1323 1731 1373 fama,
1779 1328 1823 1366 et
1861 1321 2012 1365 infesto

238 1404 542 1448 Germanorum
571 1401 738 1459 agmine
769 1400 924 1445 Gallias
953 1401 1060 1459 peti;
1090 1414 1141 1445 ac
1170 1401 1212 1443 ni
1232 1400 1463 1458 Agrippina
1482 1399 1713 1457 inpositum
1730 1397 1877 1442 Rheno
1906 1406 2064 1455 pon-⁴2⁵

237 1486 323 1524 tem
363 1477 468 1522 solvi
508 1477 817 1535 prohibuisset,
858 1483 978 1520 erant
1006 1476 1080 1534 qui
1111 1475 1154 1519 id
1183 1474 1389 1532 flagitium
1417 1474 1641 1518 formidine
1671 1473 1890 1517 auderent.
1935 1471 2014 1515 sed

238 1554 392 1598 semina
421 1553 572 1610 ingens
600 1552 727 1596 animi
757 1552 901 1595 munia
931 1551 1053 1595 ducis
1084 1565 1162 1609 per
1190 1564 1266 1594 eos
1296 1551 1391 1594 dies
1420 1550 1577 1599 induit,
1618 1548 1926 1606 militibusque,
1970 1554 2016 1590 ut

238 1630 335 1688 quis
365 1629 488 1686 inops
517 1634 590 1671 aut
618 1627 809 1678 saucius,
841 1633 1004 1670 vestem
1034 1632 1077 1670 et
1095 1626 1280 1669 fomenta
1300 1625 1494 1683 dilargita
1515 1631 1590 1668 est.
1630 1623 1756 1668 tradit
1775 1623 1818 1667 C.
1839 1622 2012 1669 Plinius,

239 1704 585 1749 Germanicorum
615 1702 820 1746 bellorum
850 1702 1046 1759 scriptor,
1078 1701 1247 1745 stetisse
1273 1707 1375 1758 aput
1402 1700 1658 1758 principium
1677 1698 1833 1756 pontis,
1864 1696 2014 1741 laudes

240 1787 283 1824 et
312 1785 451 1837 grates
487 1778 672 1821 reversis
702 1776 940 1834 legionibus
971 1776 1209 1820 habentem.
1254 1776 1297 1819 id
1328 1775 1480 1819 Tiberii
1512 1775 1699 1818 animum
1727 1773 1852 1817 altius
1883 1780 2063 1831 pene-2⁰

238 1854 372 1898 travit.
430 1867 514 1896 non
551 1853 664 1896 enim
698 1851 911 1910 simplices
951 1865 1025 1895 eas
1062 1865 1205 1904 curas,
1245 1865 1325 1895 nec
1361 1850 1567 1894 adversus
1607 1855 1805 1893 externos
1841 1847 2014 1892 militem

239 1929 400 1988 quaeri.
458 1927 558 1970 nihil
594 1927 790 1971 relictum
828 1926 1170 1985 imperatoribuS,
1213 1926 1286 1970 ubi
1328 1925 1482 1969 femina
1517 1924 1756 1983 manipulos
1785 1923 2014 1973 intervisat,

279 2055 312 2088 3.
334 2055 436 2096 fossos
456 2063 510 2096 pr.
534 2054 569 2087 M
593 2071 630 2077 —
655 2053 687 2087 4.
712 2063 792 2086 roro
813 2063 867 2096 pr.
889 2054 923 2087 M
946 2071 982 2077 —
1008 2054 1040 2086 9.
1066 2054 1283 2095 offunduntur
1304 2053 1508 2085 Rhenanus:
1533 2052 1743 2093 offenduntur
1764 2051 1798 2083 M
1822 2050 2017 2091 (offeruntur

237 2113 369 2153 margo)
396 2128 431 2134 —
463 2111 515 2143 ⁴0.
538 2111 761 2152 inqoiomems
782 2111 815 2143 M
843 2129 876 2134 —
912 2110 964 2143 ⁴8.
990 2110 1106 2151 inopsa
1134 2109 1265 2151 (littera
1289 2118 1312 2141 a
1340 2110 1473 2151 puncto
1496 2107 1634 2148 notata)
1655 2108 1688 2140 Μ
1719 2124 1756 2130 -
1788 2107 1837 2149 0.]
1859 2116 1892 2148 9.
1918 2107 1952 2139 Μ
1977 2123 2012 2128 -

239 2168 292 2200 ⁴9.
314 2168 383 2208 poti
406 2167 439 2200 M
461 2167 579 2207 (pontis
593 2166 726 2207 margo)
747 2183 780 2188 —
807 2166 915 2198 laudis
937 2175 989 2208 pr.
1015 2167 1048 2199 M
1066 2183 1102 2190 —-
1127 2166 1182 2198 24.
1206 2165 1344 2198 militem
1366 2174 1456 2197 corr.
1482 2165 1533 2197 M:
1557 2164 1700 2196 militum
1720 2172 1775 2205 pr.
1800 2163 1851 2202 M;
1875 2162 2017 2194 militum

236 2225 347 2257 studia
375 2222 604 2260 Doederlein3
634 2223 746 2255 studia
772 2223 914 2255 militum
937 2221 1032 2263 (coll.
1056 2224 1094 2262 2,
1117 2224 1149 2256 5.
1181 2222 1217 2263 3,
1245 2223 1296 2255 42.
1333 2222 1419 2255 Hist.
1445 2222 1476 2261 4,
1500 2222 1554 2254 23.
1580 2220 1643 2261 64)
1667 2221 1838 2258 Heraeus;
1874 2219 2017 2252 miiitum

237 2281 387 2322 qratiam
409 2280 539 2314 Haase;
560 2278 710 2320 favorem
730 2279 875 2311 militum
896 2279 928 2318 4,
952 2279 1006 2311 52.

240 2379 343 2412 dibus
367 2379 426 2411 aut
444 2377 510 2410 alio
527 2378 634 2410 modo
654 2378 821 2411 vitiatam.
847 2379 927 2411 Em«.
956 2397 990 2402 —
1017 2388 1103 2420 pro-

238 2434 344 2464 ruunt
356 2428 472 2471 fossas]
497 2427 734 2475 βραχυλογία
756 2438 840 2471 pro:
867 2438 906 2462 «a
930 2429 1102 2462 fossarum

240 2481 396 2523 margine
414 2480 606 2519 exteriore,
632 2479 677 2511 ad
694 2488 801 2520 quem
817 2480 858 2512 iis
874 2479 1017 2521 patebat
1032 2480 1104 2512 adi-

240 2533 313 2571 tus,
338 2531 482 2573 proruta
496 2530 590 2561 terra
614 2538 676 2562 eas
699 2528 884 2570 explent3u
909 2530 1004 2571 quod
1020 2538 1102 2562 cum

241 2590 311 2614 non
348 2581 432 2613 satis
462 2578 671 2621 intelligeret
706 2579 890 2612 Turnebus
932 2581 1099 2613 coniecit:

234 2633 404 2672 proruunt
422 2630 690 2670 (prorumpunt),
712 2629 809 2670 fossis
825 2629 966 2662 iniciunt
982 2633 1101 2662 crates.

241 2681 388 2713 «Noster
404 2678 499 2711 idem
515 2678 614 2717 dicit,
640 2678 737 2719 quod
754 2679 855 2711 Caes.
874 2679 911 2711 B.
931 2680 968 2711 G.
989 2680 1021 2719 7,
1038 2679 1098 2711 79:

237 2731 361 2772 fossam
375 2729 522 2761 cratibus
540 2729 689 2770 integunt
704 2732 804 2769 atque
818 2737 938 2770 aqyere
957 2730 1099 2770 explent.

239 2780 375 2813 Etenim
389 2780 504 2811 crates
517 2787 586 2810 non
598 2778 844 2811 iniiciebantur
854 2778 899 2810 ad
912 2778 1102 2820 explendas

240 2831 364 2867 fossas,
386 2828 449 2861 sed
469 2829 509 2860 ut
525 2828 638 2869 pontis
654 2828 765 2860 instar
780 2830 934 2861 essent.»
958 2830 1099 2862 WALrn.

240 2879 291 2913 Cf.
324 2878 430 2911 etiam
460 2878 531 2909 Liv.
564 2877 604 2915 9,
631 2872 690 2915 44,
716 2878 754 2909 9:
790 2886 864 2910 curm
887 2887 971 2919 pars
997 2879 1104 2919 fossas

240 2931 424 2971 explerent,
442 2937 529 2969 pars
548 2929 704 2960 vellerent
723 2929 851 2960 vallum
872 2932 973 2970 atque
987 2930 1021 2961 in
1040 2929 1104 2970 fos-

240 2990 296 3014 sas
312 2981 523 3020 proruerent.
553 2996 587 3001 —
616 2986 747 3010 summa
767 2979 860 3020 valli]
884 2980 919 3012 in
942 2980 1102 3021 opposito

242 3030 397 3070 margine
421 3028 534 3067 ducti,
559 3037 667 3069 quem
690 3028 734 3060 ad
755 3030 949 3070 marginem
966 3028 1103 3071 expleta

242 3081 333 3113 fossa
356 3079 425 3110 iam
448 3078 522 3110 sine
547 3077 800 3118 impedimento
823 3079 1103 3120 appropinquare

242 3129 413 3171 poterant.
434 3144 468 3149 —-
495 3127 610 3166 aequis
630 3127 709 3159 locis
727 3136 850 3168 aequos
865 3127 949 3168 deos]
972 3129 1018 3159 Ici
1035 3131 1105 3160 tout

241 3182 290 3213 est
310 3178 403 3220 egat,
428 3178 458 3209 le
479 3177 607 3208 terrain
628 3179 659 3208 et
676 3177 722 3208 les
736 3178 837 3209 dieuae
852 3177 1016 3216 Burnouf,
1041 3178 1106 3218 auf

237 3229 448 3271 parteilosem
469 3227 579 3259 Boden
590 3227 770 3267 parteilose
787 3228 901 3259 Gotter
916 3229 1100 3260 Gutmann.

246 3297 281 3303 —-
307 3281 430 3320 quanto
450 3276 602 3317 inopina]
633 3275 720 3308 Vide
744 3276 788 3308 ad
812 3276 843 3315 3,
869 3278 900 3308 5.
929 3294 962 3299 -
989 3278 1046 3309 ira
1074 3280 1105 3309 et

244 3328 321 3370 dies]
343 3335 466 3361 rursus
489 3327 615 3368 poetici
639 3325 724 3367 quid
747 3326 866 3365 habet,
892 3327 984 3368 quod
1003 3326 1102 3359 oblit-

245 3377 368 3410 teravit
393 3376 554 3410 Heinsius
581 3376 782 3409 coniectans
811 3377 908 3409 iratis
934 3377 1013 3409 aies.
1050 3376 1100 3410 Cf.

1153 2379 1205 2418 ⁴3,
1227 2379 1286 2411 ⁴5:
1319 2377 1614 2410 dissimulationem
1634 2385 1706 2408 nox
1727 2378 1759 2408 et
1780 2374 1921 2408 lascivia
1941 2382 2017 2407 exe-

1151 2432 1269 2461 merat.

1195 2479 1247 2511 69.
1272 2479 1452 2520 inpositum
1467 2478 1524 2511 [ἰὴ.
1535 2476 1680 2518 pontem]
1697 2476 1852 2517 Intellige
1868 2476 2014 2518 pontem

1151 2530 1247 2572 apud
1261 2530 1388 2562 Vetera
1412 2529 1562 2566 factum,
1587 2527 1648 2560 ubi
1663 2528 1692 2559 V
1707 2529 1743 2560 et
1763 2528 1838 2560 XXI
1860 2526 2016 2567 legiones

1151 2579 1367 2612 hiemabant.
1394 2579 1443 2612 Cf.
1470 2579 1502 2620 ⁴,
1524 2577 1577 2611 49.
1598 2595 1632 2600 —
1658 2578 1777 2610 munia
1797 2576 2017 2610 ducis-—iri-

1151 2629 1231 2670 duit]
1271 2629 1494 2670 exsequitur,
1535 2628 1610 2661 eius
1647 2636 1797 2670 persona
1834 2627 2013 2668 suscepta.

1150 2681 1268 2719 Amat,
1294 2681 1391 2712 recte
1415 2680 1482 2711 hoc
1505 2679 1670 2711 monente
1688 2677 1846 2718 Pabstio‚
1871 2679 1906 2710 et
1920 2677 2015 2710 hunc

1150 2731 1293 2771 tropum
1322 2730 1461 2761 Tacitus
1493 2730 1594 2768 (Ann.
1622 2728 1680 2766 42,
1710 2727 1763 2761 40.
1797 2728 1854 2767 ⁴5,
1880 2726 1933 2760 45.
1960 2726 2013 2764 ⁴6,

1150 2779 1205 2811 28.
1231 2780 1315 2811 Hist.
1335 2778 1373 2818 4,
1395 2778 1436 2811 38
1453 2779 1488 2810 et
1503 2778 1576 2818 57),
1603 2779 1638 2810 et
1658 2778 1872 2810 contrarium
1895 2784 2017 2809 eaeuere

1151 2829 1251 2870 (Ann.
1277 2829 1315 2867 2,
1340 2828 1393 2860 72.
1427 2828 1512 2860 Hist.
1539 2829 1570 2867 4,
1595 2828 1649 2859 55.
1675 2827 1712 2866 3,
1738 2827 1791 2860 42.
1818 2826 1857 2866 4,
1882 2826 1948 2866 70).
1976 2842 2012 2848 —

1151 2880 1186 2912 C.
1210 2877 1345 2919 Plinius]
1373 2879 1432 2918 qui
1455 2879 1545 2910 teste
1570 2877 1677 2910 Plinio
1701 2878 1786 2920 Epp.
1812 2878 1844 2917 3,
1869 2878 1900 2909 5.
1926 2875 2016 2909 scri-

1151 2929 1220 2970 psit
1242 2927 1350 2960 libros
1373 2928 1541 2960 Bellorum
1563 2928 1763 2960 Germaniae
1783 2927 1919 2969 viqinti,
1945 2925 2017 2966 qui-

1152 2978 1212 3010 bus
1226 2977 1354 3016 mania,
1380 2986 1467 3018 quae
1481 2987 1555 3010 cum
1570 2978 1745 3011 Germanis
1759 2979 1919 3019 gessimus
1932 2975 2017 3007 bella

1152 3029 1291 3069 collegit.
1323 3028 1509 3068 Inchoavit‚
1538 3038 1612 3061 cum
1633 3030 1669 3061 in
1691 3029 1873 3061 Germania
1893 3027 2016 3059 milita-

1150 3081 1220 3116 ret,
1255 3078 1380 3109 somnio
1420 3080 1584 3111 monitus:
1621 3078 1748 3110 adstitit
1777 3078 1806 3109 ei
1841 3076 2016 3116 quiescenti

1153 3128 1255 3160 Drusi
1284 3127 1426 3159 Neronis
1447 3128 1588 3169 effiyies,
1621 3130 1677 3168 qui
1701 3127 1898 3159 Germaniae
1919 3126 2016 3158 latis-

1151 3178 1231 3209 sime
1244 3177 1352 3209 victor
1364 3176 1410 3209 ibi
1419 3178 1522 3218 periit
1530 3203 1538 3215 ,
1563 3176 1811 3209 commendabat
1822 3175 2016 3207 memoriam

1151 3235 1246 3259 suam
1277 3227 1461 3268 orabatque
1489 3231 1527 3260 ut
1554 3237 1588 3259 se
1617 3227 1658 3259 ab
1687 3227 1814 3258 iniuria
1845 3225 2016 3258 oblivionis

1152 3278 1326 3309 adsereret.
1349 3293 1384 3300 —
1405 3287 1472 3309 non
1486 3295 1504 3300 -
1519 3275 1690 3317 simplices]
1708 3284 1778 3308 non
1794 3275 1869 3307 sine
1885 3284 2014 3308 arcano

1152 3325 1267 3368 aliquo
1290 3326 1360 3359 fine
1383 3328 1540 3368 agitatas.
1565 3343 1601 3348 —
1625 3326 1760 3357 militem
1781 3324 1908 3366 quaeri]
1931 3325 1954 3357 i.
1980 3333 2012 3357 e.

1151 3376 1299 3410 militum
1314 3376 1428 3410 studia
1444 3375 1635 3415 conciliari,
1657 3374 1785 3417 quibus
1801 3375 2012 3417 quandoque
