2254 3770
730 288 887 332 LmER
914 288 983 331 111.
1027 286 1128 345 Cap.
1158 287 1226 331 34.
1255 287 1325 334 35.
1354 288 1422 332 36.

1912 286 1994 330 ⁴73

213 401 259 439 ut
293 394 548 452 flagitiorum
585 394 703 438 urbis
740 395 1047 439 meminissent.
1083 393 1247 438 addidit
1283 408 1422 452 pauca
1450 395 1614 437 Drusus
1644 393 1699 438 de
1728 394 1994 437 matrimonio

213 484 305 515 suo.
334 484 434 514 nam
460 469 724 527 principibus
752 469 952 514 adeunda
980 470 1153 528 saepius
1180 469 1412 528 longinqua
1430 470 1610 527 imperii.
1632 470 1830 528 quotiens
1851 469 1996 513 divum

212 547 448 603 Augustum
484 545 529 587 in
567 544 847 589 Occidentem
890 551 1019 604 atque
1059 545 1280 589 Orientem
1323 546 1535 590 meavisse
1575 545 1727 589 comite
1765 544 1902 588 Livia!
1949 558 1995 588 se

213 634 388 679 quoque
418 620 461 663 in
489 619 707 679 Illyricum
730 620 967 678 profectum
987 627 1039 671 et,
1072 621 1107 664 si
1130 621 1187 664 ita
1207 620 1428 672 conducat,
1460 621 1563 665 alias
1583 620 1637 665 ad
1659 626 1807 678 gentes
1828 620 1993 670 iturum,

212 695 327 740 haud
364 709 537 754 semper
571 708 711 753 aequo
748 695 906 743 animo.
947 696 983 739 si
1020 695 1074 739 ab
1111 709 1246 740 uxore
1282 696 1502 739 carissima
1537 702 1579 740 et
1612 702 1674 739 tot
1710 695 2027 740 communiums

213 771 446 816 liberorum
472 777 649 829 parente
681 770 966 815 divelleretur.
997 771 1061 815 sic
1091 771 1300 815 Caecinae
1330 771 1539 815 sententia
1567 771 1700 815 elusa.

326 847 407 904 (35)
439 847 490 891 Et
517 846 700 904 proximi
730 853 903 891 senatus
933 846 1003 890 die
1034 846 1226 890 Tiberius
1255 860 1336 904 per
1367 846 1542 897 litteras,
1581 847 1794 905 castigatis
1823 846 1996 905 oblique

212 922 402 982 patribus
446 921 564 981 quod
608 928 760 966 cuncta
800 936 999 966 curarum
1047 921 1102 965 ad
1141 922 1379 980 principem
1414 923 1643 971 reicerent‚
1685 923 1747 966 Μ’.
1788 923 1997 980 Lepidum

212 1005 255 1043 et
286 998 452 1042 Iunium
480 997 677 1041 Blaesum
707 997 938 1042 nominavit
962 1011 1015 1041 ex
1036 997 1134 1055 quis
1162 1011 1242 1054 pro
1264 997 1440 1042 consule
1460 998 1623 1042 Africae
1653 998 1878 1056 legeretur.
1908 1005 1999 1042 tum

212 1073 356 1118 audita
384 1073 607 1117 amborum
635 1072 777 1124 verba,
814 1073 1015 1116 intentius
1047 1078 1276 1117 excusante
1306 1087 1355 1116 se
1383 1073 1564 1131 Lepid0,
1599 1087 1696 1118 cum
1723 1074 2048 1119 valitudinemw

213 1149 423 1207 corporiS‚
464 1155 647 1193 aetatem
676 1148 875 1199 liberum,
915 1147 1104 1192 nubilem
1133 1147 1263 1192 filiam
1292 1148 1562 1199 obtenderet,
1595 1148 1999 1208 intellegereturque

213 1225 342 1269 etiam
370 1223 488 1283 quod
517 1223 685 1275 silebat,
724 1223 982 1268 avunculum
1011 1237 1108 1267 esse
1143 1224 1285 1268 Seiani
1314 1223 1514 1268 Blaesum
1550 1230 1678 1283 atque
1708 1238 1761 1268 eo
1789 1225 2000 1283 praevali-

214 1300 330 1344 dum.
369 1299 592 1358 respondit
618 1298 796 1343 Blaesus
826 1299 972 1357 specie
1000 1299 1258 1351 recusantis,
1301 1298 1381 1344 sed
1415 1314 1557 1358 neque
1587 1299 1739 1345 eadem
1769 1300 1999 1346 adsevera-

214 1376 340 1428 tione,
371 1382 416 1420 et
444 1388 657 1420 consensu
686 1373 947 1418 adulantium
975 1375 1078 1419 haut
1104 1375 1219 1419 iutus
1248 1381 1326 1419 est.

327 1452 409 1508 (36)
440 1451 562 1494 Exim
595 1457 843 1509 promptum
881 1450 999 1509 quod
1037 1450 1265 1495 multorum
1303 1451 1460 1495 intimis
1499 1451 1722 1510 questibus
1762 1452 1997 1510 tegebatur.
2014 1463 2050 1494 ⁴5

214 1525 441 1571 incedebat
469 1527 582 1571 enim
612 1527 842 1571 deterrimo
873 1527 1028 1585 cuique
1057 1527 1227 1571 licentia
1260 1527 1435 1586 impune
1466 1527 1625 1585 probra
1654 1535 1696 1572 et
1725 1528 1927 1573 invidiam
1957 1529 1999 1571 in

213 1602 351 1646 bonos
396 1602 607 1662 excitandi
650 1609 819 1661 arrepta
861 1602 1045 1661 imagine
1091 1602 1305 1656 Caesaris,
1347 1602 1576 1661 libertique
1620 1603 1748 1648 etiam
1791 1618 1843 1648 ac
1886 1604 1999 1651 servi

213 1684 393 1735 patrono
421 1677 491 1723 vel
511 1678 685 1722 domino
706 1692 803 1722 cum
833 1692 976 1729 voces
1008 1693 1106 1723 cum
1134 1692 1287 1722 manus
1316 1678 1582 1730 intentarent,
1612 1678 1721 1723 ultro
1751 1679 2002 1724 metueban-

214 1759 295 1797 tur.
333 1754 461 1812 igitur
491 1754 535 1798 C.
567 1753 734 1798 Cestius
771 1760 943 1798 senator
971 1754 1173 1798 disseruit
1205 1754 1422 1811 principes
1453 1754 1629 1813 quidem
1661 1755 1793 1799 instar
1822 1754 2001 1799 deorum

219 1842 329 1881 esse,
360 1828 439 1873 sed
469 1842 611 1887 neque
638 1843 665 1873 a
684 1828 751 1873 dis
780 1829 861 1873 nisi
890 1830 1024 1874 iustas
1053 1828 1296 1888 supplicum
1323 1843 1477 1888 preces
1506 1830 1656 1883 audiri,
1687 1844 1830 1889 neque
1851 1843 1995 1889 quem-
2013 1843 2051 1875 20

277 1974 312 2008 2.
330 1974 503 2016 princibus
524 1974 559 2008 M
583 1991 620 1997 —
646 1975 677 2007 6.
701 1974 807 2007 sentia
828 1975 863 2008 Μ
887 1992 924 1998 -
949 1975 982 2008 8.
1006 1975 1066 2008 Μ’.
1084 1975 1238 2017 Lipsius:
1263 1976 1312 2008 M.
1329 1976 1416 2010 M—

217 2047 255 2055 -
280 2029 333 2064 ⁴4.
358 2031 441 2063 haut
460 2031 567 2063 iustus
587 2033 636 2064 est
656 2031 690 2065 M
713 2031 860 2074 (auditus
881 2034 928 2064 est
949 2031 1103 2074 margo);

1443 1976 1496 2009 ⁴2.
1521 1984 1555 2009 se
1576 1976 1646 2009 iam
1667 1977 1701 2010 Μ
1722 1976 1849 2019 (Seiani
1867 1976 2020 2038 margo)

1139 2030 1284 2064 adiutus
1303 2035 1352 2065 est
1374 2033 1400 2065 1.
1426 2033 1461 2065 F.
1487 2033 1701 2075 Gronovius,
1738 2033 1798 2075 qui
1820 2033 1856 2067 in
1879 2018 2020 2066 codice

214 2086 282 2130 legi
303 2086 450 2130 putabat
471 2087 608 2120 auditus
629 2093 688 2120 est.
714 2105 752 2111 —
779 2088 832 2121 45.
856 2088 1149 2130 Eoeimpromptmn
1170 2097 1225 2131 pr.
1249 2089 1303 2128 M;
1333 2089 1426 2122 Exin
1442 2092 1635 2131 promptum
1657 2098 1750 2123 corr.
1775 2090 1810 2124 M
1833 2106 1869 2113 —
1897 2098 2004 2132 quae-

216 2143 320 2177 stibus
341 2152 395 2186 pr.
420 2145 455 2178 M
480 2161 517 2167 -
542 2143 595 2177 20.
621 2143 685 2177 diis
706 2143 741 2177 h.
766 2142 789 2176 l.
814 2144 859 2178 M.

214 2279 337 2323 Lepidi
366 2289 409 2313 eo
437 2281 600 2323 tempore
628 2279 917 2323 praenominibus
943 2280 1083 2314 iisdem.

215 2331 303 2364 Nam
323 2329 410 2363 alius
426 2332 522 2364 certe
538 2330 583 2364 ab
599 2330 678 2371 isto,
704 2331 763 2373 qui
777 2330 968 2373 proconsul
982 2332 1085 2364 Asiae

215 2380 343 2422 pagina
367 2381 550 2423 superiore
574 2380 618 2422 (c.
636 2380 702 2421 32).
727 2381 804 2413 Non
826 2389 979 2414 censeo:
1007 2382 1087 2414 Ma-

215 2429 310 2462 nium
343 2438 473 2463 censeo
506 2438 727 2472 praenomen
759 2429 867 2463 fuisse
900 2430 976 2471 hic,
1015 2439 1087 2464 non

216 2480 388 2520 Marcum,
413 2479 505 2512 iacili
528 2481 740 2523 scriptorum
762 2480 797 2513 in
813 2489 855 2513 ea
875 2481 958 2513 nota
972 2479 1085 2524 lapsu.

216 2529 259 2562 Et
290 2528 411 2562 hercle
442 2529 598 2563 Manium
627 2529 799 2572 Lepidum
829 2538 937 2573 supra
967 2530 1009 2572 (c.
1033 2529 1085 2571 22)

216 2579 376 2622 reperies
410 2578 522 2621 clare,
566 2579 739 2622 Lepidae,
781 2588 872 2622 quae
907 2579 1086 2621 damnata,

218 2629 375 2663 fratrem.
425 2630 570 2663 Diversa
610 2630 715 2663 etiam
751 2630 891 2671 ingenia
926 2631 1086 2663 istorum.

217 2680 357 2714 Marcus
379 2679 544 2721 ignavus,
576 2689 721 2714 socors:
756 2681 892 2714 Manius
917 2680 1086 2723 prudens,

218 2729 350 2771 gravis,
375 2730 490 2763 saevis
514 2729 663 2763 aliorum
685 2729 943 2764 adulationibus
966 2730 1090 2763 adver-

219 2787 299 2820 suS,
324 2788 434 2822 quem
448 2780 587 2813 Tacitus
611 2789 656 2813 ex
669 2780 831 2823 professo
847 2779 1014 2821 laudat4
1031 2781 1087 2813 20.

218 2830 363 2886 Repono
385 2830 490 2872 igitur
511 2829 644 2872 ubique
664 2831 841 2864 Manium
831 2840 868 2864 in
885 2839 927 2864 eo
942 2830 1087 2873 Lepido,

219 2879 280 2921 qui
309 2879 346 2912 in
368 2881 495 2913 senatu
517 2881 554 2913 et
574 2881 611 2913 in
633 2880 734 2913 urbe.
741 2892 758 2910 n
782 2881 869 2913 Lirs.
906 2880 957 2914 Cf.
982 2889 1089 2923 supra

221 2935 253 2961 c.
279 2930 332 2962 44.
357 2930 412 2962 22.
441 2947 478 2954 —-
502 2930 637 2963 Iunium
658 2930 823 2973 Blaesum]
849 2929 900 2963 Cf.
926 2931 958 2971 4,
976 2930 1030 2962 46.
1050 2947 1087 2954 -

218 2978 361 3012 nubilem
380 2979 502 3022 filiam]
533 2980 632 3014 cuius
661 2981 790 3023 nuptiis
813 2979 1000 3023 providere
1024 2979 1090 3013 de-

218 3028 342 3070 beret,
366 3028 403 3062 id
426 3029 522 3071 quod
544 3030 580 3062 in
609 3031 790 3072 provincia
813 3030 890 3063 fieri
913 3030 1087 3071 nequiret.

219 3079 307 3112 Eam
352 3081 478 3120 postea
517 3078 647 3113 Galbae
688 3080 893 3122 imperatori
925 3080 1088 3121 nupsisse

220 3128 383 3170 opinatur
410 3128 623 3170 Borghesius
653 3128 732 3162 coll.
757 3130 899 3162 Sueton.
925 3128 1023 3161 Galb.
1047 3130 1086 3161 5:

220 3178 347 3210 amissa
371 3186 479 3211 uvore
505 3178 630 3219 Lepida
658 3177 846 3219 duobusque
875 3186 920 3211 ex
941 3186 982 3211 ea
1011 3178 1090 3220 filiis

219 3227 381 3261 mansit
418 3228 454 3260 in
489 3227 664 3260 caelibatu.
700 3244 736 3251 -
772 3228 862 3260 haud
901 3227 991 3260 iutus
1023 3228 1088 3271 est]

222 3279 311 3310 Nam
339 3278 370 3311 si
397 3276 615 3311 adulantium
636 3277 783 3311 vocibus
812 3277 951 3311 adiutus
975 3279 1087 3320 esset,

223 3332 307 3360 vere
341 3335 425 3361 eum
462 3328 498 3361 et
539 3337 582 3361 ex
627 3328 735 3360 animi
776 3327 950 3361 sententia
983 3336 1090 3361 recu-

226 3382 324 3410 sasse
352 3377 537 3420 patuisset.
568 3377 697 3411 Duum.
728 3378 842 3412 Immo
865 3377 1091 3411 consentien-

228 3422 322 3459 tibus
358 3426 451 3461 inter
489 3435 530 3462 se
570 3425 808 3462 adulatoribus
845 3425 890 3461 de
923 3426 999 3461 eius
1033 3425 1089 3461 di-

1135 2276 1265 2317 gnitate
1297 2275 1411 2310 Blaesi
1444 2277 1620 2310 recusatio
1649 2276 1695 2310 ad
1728 2277 1863 2311 irritum
1897 2277 2003 2311 reda-

1135 2327 1191 2358 cta
1215 2327 1280 2360 est.

1179 2376 1233 2410 36.
1252 2377 1462 2420 promptum]
1492 2376 1670 2419 prolatum
1693 2378 1759 2411 est.
1785 2395 1822 2401 -—
1848 2379 1936 2421 quod
1955 2387 2002 2411 m.

1134 2426 1259 2460 intimis
1286 2437 1318 2468 q.
1343 2427 1530 2469 teqebatur]
1564 2427 1693 2470 partim
1714 2427 1843 2470 tacitis,
1874 2429 2004 2471 partim

1137 2478 1276 2511 arcanis
1298 2478 1392 2511 inter
1412 2478 1603 2511 fidissimos
1623 2478 1761 2511 tantum
1782 2478 1890 2512 modo
1914 2479 2005 2512 ami-

1138 2535 1199 2560 eos
1234 2529 1326 2561 tecte
1363 2528 1544 2570 agitatum.
1582 2546 1619 2552 —
1658 2528 1869 2562 incedebat-
1895 2530 2004 2562 deter-

1136 2578 1223 2611 rimo
1256 2578 1393 2621 cuique]
1429 2579 1519 2612 Cum
1541 2577 1693 2612 verbum
1720 2579 1868 2613 incedere
1889 2588 2003 2621 aeque

1138 2627 1345 2670 frequenter
1367 2628 1524 2663 dativum
1546 2630 1645 2670 regat
1669 2629 1751 2670 (Liv.
1776 2629 1809 2670 4,
1834 2630 1892 2662 57:
1920 2638 2005 2662 cura

1135 2678 1288 2719 patribus
1318 2678 1475 2721 incessit.)
1501 2679 1607 2721 atque
1631 2679 1893 2720 accusativum,
1924 2678 2005 2713 nul-

1139 2727 1210 2762 lam
1243 2729 1347 2762 video
1382 2737 1547 2769 causam,
1589 2737 1654 2761 cur
1691 2727 1765 2762 aliis
1798 2729 2003 2763 auctoribus

1140 2780 1387 2813 construamus
1409 2779 1541 2812 licentia
1559 2779 1733 2812 deterrimo
1755 2780 1884 2821 cuique,
1909 2778 2005 2821 quod

1140 2829 1215 2861 sine
1238 2828 1308 2862 ulla
1331 2837 1437 2862 eausa
1460 2828 1648 2861 durissime
1673 2828 1806 2864 dictum
1830 2829 1918 2862 foret
1938 2837 2004 2871 pro

1139 2879 1272 2912 licentia
1301 2880 1400 2919 data,
1431 2887 1584 2912 concessa
1605 2878 1733 2920 cuique.
1769 2880 1844 2912 Est:
1878 2879 2006 2912 «inva-

1140 2928 1248 2962 debat
1270 2928 1502 2961 deterrimum
1525 2936 1704 2971 quemque
1727 2929 1942 2962 temeritas.»
1965 2946 2002 2952 —

1139 2982 1279 3020 arrepta
1300 2979 1446 3021 imagine
1469 2978 1636 3022 Caesaris]
1667 2979 1791 3012 Graeci
1812 2979 1920 3011 moris
1942 2978 2006 3012 fnit

1140 3030 1266 3071 (quem
1294 3029 1380 3062 tunc
1408 3028 1635 3062 Imitabantur
1661 3028 1825 3069 Romae),
1861 3027 1907 3060 ad
1931 3029 2005 3062 vim

1139 3078 1374 3121 iniuriamque
1390 3078 1582 3112 arcendam
1595 3078 1783 3120 confugere
1798 3077 1844 3110 ad
1859 3077 2002 3120 templa,

1139 3129 1288 3170 statuas,
1314 3137 1406 3161 aras.
1435 3128 1485 3162 Eo
1508 3136 1638 3170 genere
1656 3126 1786 3160 tutelae
1802 3126 2006 3169 frequenter

1139 3177 1317 3220 supplices
1344 3177 1550 3218 utebantur,
1586 3176 1869 3218 frequentissime
1897 3178 2003 3212 servi.

1138 3228 1225 3260 Lm.
1255 3244 1300 3252 —
1333 3228 1370 3261 C.
1395 3228 1518 3261 Cestius
1542 3226 1689 3268 senator]
1723 3226 1824 3259 Idem
1851 3226 2001 3269 videtur,

1140 3286 1247 3320 quem
1269 3278 1302 3318 6,
1327 3278 1347 3310 7
1372 3278 1407 3311 G.
1426 3278 1566 3311 Cestium
1583 3278 1718 3317 patrem
1737 3276 1855 3318 vocat,
1881 3277 2004 3311 consul

1139 3335 1171 3360 a.
1188 3336 1224 3360 u.
1241 3327 1305 3361 788
1329 3327 1372 3370 (6,
1390 3327 1462 3369 34),
1487 3325 1695 3367 cognomine
1719 3325 1835 3358 Gallus
1856 3325 1931 3368 (Dio
1946 3327 2002 3368 58,

1138 3377 1210 3419 25),
1234 3377 1358 3419 Syriae
1380 3375 1516 3418 legatus
1533 3374 1599 3408 sub
1616 3374 1724 3408 finem
1738 3376 1885 3409 Neronis
1900 3377 2001 3420 (Hist.

1137 3427 1170 3469 5,
1195 3425 1262 3469 40).
1296 3427 1349 3461 De
1371 3424 1470 3460 titulo
1491 3427 1625 3461 senator
1645 3423 1790 3460 honoris
1812 3432 1919 3461 causa
1941 3425 2003 3462 ad-
