<?xml version="1.0" encoding="UTF-8"?>
<!DOCTYPE html PUBLIC "-//W3C//DTD XHTML 1.0 Transitional//EN"
    "http://www.w3.org/TR/xhtml1/DTD/xhtml1-transitional.dtd">
<html xmlns="http://www.w3.org/1999/xhtml" xml:lang="en" lang="en">
 <head>
  <title>
</title>
<meta http-equiv="Content-Type" content="text/html;charset=utf-8" />
  <meta name='ocr-system' content='tesseract 3.04.00' />
  <meta name='ocr-capabilities' content='ocr_page ocr_carea ocr_par ocr_line ocrx_word'/>
</head>
<body>
  <div class='ocr_page' id='page_1' title='image "./pcorneliitacitio01taciuoft_0383.png"; bbox 0 0 2254 3770; ppageno 0'>
   <div class='ocr_carea' id='block_1_1' title="bbox 405 277 1984 343">
    <p class='ocr_par' dir='ltr' id='par_1_1' title="bbox 405 277 1984 343">
     <span class='ocr_line' id='line_1_1' title="bbox 405 277 1984 343; baseline -0.007 -11"><span class='ocrx_word' id='word_1_1' title='bbox 405 283 452 332; x_wconf 89' lang='lat' dir='ltr'><strong>P.</strong></span> <span class='ocrx_word' id='word_1_2' title='bbox 483 281 732 331; x_wconf 84' lang='lat' dir='ltr'>CORNELII</span> <span class='ocrx_word' id='word_1_3' title='bbox 760 281 929 329; x_wconf 81' lang='lat' dir='ltr'><strong>TACITI</strong></span> <span class='ocrx_word' id='word_1_4' title='bbox 957 281 1224 327; x_wconf 84' lang='lat' dir='ltr'>ANNALIUM</span> <span class='ocrx_word' id='word_1_5' title='bbox 1254 282 1409 327; x_wconf 91' lang='lat' dir='ltr'>LIBER</span> <span class='ocrx_word' id='word_1_6' title='bbox 1426 282 1514 328; x_wconf 89' lang='lat' dir='ltr'>XII.</span> <span class='ocrx_word' id='word_1_7' title='bbox 1547 283 1648 343; x_wconf 90' lang='lat' dir='ltr'><strong>Cap.</strong></span> <span class='ocrx_word' id='word_1_8' title='bbox 1674 284 1713 329; x_wconf 89' lang='grc'><strong>4.</strong></span> <span class='ocrx_word' id='word_1_9' title='bbox 1734 285 1774 329; x_wconf 83' lang='lat'><strong>2.</strong></span> <span class='ocrx_word' id='word_1_10' title='bbox 1902 277 1984 322; x_wconf 76' lang='lat'><strong>345</strong></span> 
     </span>
    </p>
   </div>
   <div class='ocr_carea' id='block_1_2' title="bbox 199 464 2033 1807">
    <p class='ocr_par' dir='ltr' id='par_1_2' title="bbox 199 464 2033 1807">
     <span class='ocr_line' id='line_1_2' title="bbox 315 464 1981 526; baseline -0.004 -14"><span class='ocrx_word' id='word_1_11' title='bbox 315 469 368 526; x_wconf 90' lang='grc'><strong>(4)</strong></span> <span class='ocrx_word' id='word_1_12' title='bbox 408 468 550 514; x_wconf 85' lang='lat' dir='ltr'>Caede</span> <span class='ocrx_word' id='word_1_13' title='bbox 588 467 838 512; x_wconf 84' lang='lat' dir='ltr'><strong>Messalinae</strong></span> <span class='ocrx_word' id='word_1_14' title='bbox 868 467 1072 512; x_wconf 89' lang='lat' dir='ltr'><strong>convulsa</strong></span> <span class='ocrx_word' id='word_1_15' title='bbox 1099 467 1305 525; x_wconf 88' lang='lat' dir='ltr'><strong>principis</strong></span> <span class='ocrx_word' id='word_1_16' title='bbox 1336 467 1509 519; x_wconf 91' lang='lat' dir='ltr'><strong>domus,</strong></span> <span class='ocrx_word' id='word_1_17' title='bbox 1541 472 1633 510; x_wconf 90' lang='lat' dir='ltr'><strong>orto</strong></span> <span class='ocrx_word' id='word_1_18' title='bbox 1664 464 1776 523; x_wconf 91' lang='lat' dir='ltr'><strong>apud</strong></span> <span class='ocrx_word' id='word_1_19' title='bbox 1807 464 1981 508; x_wconf 91' lang='lat' dir='ltr'><strong>libertos</strong></span> 
     </span>
     <span class='ocr_line' id='line_1_3' title="bbox 202 541 1984 602; baseline -0.004 -13"><span class='ocrx_word' id='word_1_20' title='bbox 202 544 431 589; x_wconf 81' lang='lat' dir='ltr'><strong>certamine</strong></span> <span class='ocrx_word' id='word_1_21' title='bbox 461 543 558 602; x_wconf 90' lang='lat' dir='ltr'><strong>quis</strong></span> <span class='ocrx_word' id='word_1_22' title='bbox 579 543 786 601; x_wconf 84' lang='lat' dir='ltr'><strong>deligeret</strong></span> <span class='ocrx_word' id='word_1_23' title='bbox 812 557 988 587; x_wconf 89' lang='lat' dir='ltr'><strong>uxorem</strong></span> <span class='ocrx_word' id='word_1_24' title='bbox 1011 543 1200 595; x_wconf 91' lang='lat' dir='ltr'><strong>Claudio,</strong></span> <span class='ocrx_word' id='word_1_25' title='bbox 1232 542 1407 587; x_wconf 90' lang='lat' dir='ltr'><strong>caelibis</strong></span> <span class='ocrx_word' id='word_1_26' title='bbox 1427 543 1538 586; x_wconf 89' lang='lat' dir='ltr'><strong>vitae</strong></span> <span class='ocrx_word' id='word_1_27' title='bbox 1560 541 1798 586; x_wconf 85' lang='lat' dir='ltr'><strong>intoleranti</strong></span> <span class='ocrx_word' id='word_1_28' title='bbox 1819 545 1862 583; x_wconf 92' lang='lat' dir='ltr'><strong>et</strong></span> <span class='ocrx_word' id='word_1_29' title='bbox 1881 552 1984 583; x_wconf 93' lang='lat' dir='ltr'><strong>con-</strong></span> 
     </span>
     <span class='ocr_line' id='line_1_4' title="bbox 200 618 1982 677; baseline -0.003 -14"><span class='ocrx_word' id='word_1_30' title='bbox 200 620 346 677; x_wconf 91' lang='lat' dir='ltr'><strong>iugum</strong></span> <span class='ocrx_word' id='word_1_31' title='bbox 373 619 565 677; x_wconf 89' lang='lat' dir='ltr'><strong>imperiis</strong></span> <span class='ocrx_word' id='word_1_32' title='bbox 596 619 793 663; x_wconf 80' lang='lat' dir='ltr'><strong>obnoxio.</strong></span> <span class='ocrx_word' id='word_1_33' title='bbox 847 633 926 663; x_wconf 91' lang='lat' dir='ltr'><strong>nec</strong></span> <span class='ocrx_word' id='word_1_34' title='bbox 959 619 1121 663; x_wconf 88' lang='lat' dir='ltr'><strong>minore</strong></span> <span class='ocrx_word' id='word_1_35' title='bbox 1151 618 1310 662; x_wconf 92' lang='lat' dir='ltr'><strong>ambitu</strong></span> <span class='ocrx_word' id='word_1_36' title='bbox 1340 618 1522 662; x_wconf 88' lang='lat' dir='ltr'><strong>feminae</strong></span> <span class='ocrx_word' id='word_1_37' title='bbox 1552 622 1819 662; x_wconf 88' lang='lat' dir='ltr'><strong>exarserant:</strong></span> <span class='ocrx_word' id='word_1_38' title='bbox 1861 628 1982 659; x_wconf 91' lang='lat' dir='ltr'><strong>suam</strong></span> 
     </span>
     <span class='ocr_line' id='line_1_5' title="bbox 200 691 1981 754; baseline -0.004 -15"><span class='ocrx_word' id='word_1_39' title='bbox 200 708 399 754; x_wconf 86' lang='lat' dir='ltr'><strong>quaeque</strong></span> <span class='ocrx_word' id='word_1_40' title='bbox 430 694 691 738; x_wconf 82' lang='lat' dir='ltr'><strong>nobilitatem</strong></span> <span class='ocrx_word' id='word_1_41' title='bbox 720 694 898 738; x_wconf 89' lang='lat' dir='ltr'><strong>formam</strong></span> <span class='ocrx_word' id='word_1_42' title='bbox 927 708 1033 752; x_wconf 89' lang='lat' dir='ltr'><strong>opes</strong></span> <span class='ocrx_word' id='word_1_43' title='bbox 1063 693 1321 738; x_wconf 83' lang='lat' dir='ltr'><strong>contendere</strong></span> <span class='ocrx_word' id='word_1_44' title='bbox 1342 707 1394 737; x_wconf 92' lang='lat' dir='ltr'><strong>ac</strong></span> <span class='ocrx_word' id='word_1_45' title='bbox 1414 694 1540 751; x_wconf 88' lang='lat' dir='ltr'><strong>digna</strong></span> <span class='ocrx_word' id='word_1_46' title='bbox 1569 699 1684 737; x_wconf 88' lang='lat' dir='ltr'><strong>tanto</strong></span> <span class='ocrx_word' id='word_1_47' title='bbox 1714 691 1981 735; x_wconf 89' lang='lat' dir='ltr'><strong>matrimonio</strong></span> 
     </span>
     <span class='ocr_line' id='line_1_6' title="bbox 200 766 2015 826; baseline -0.006 -11"><span class='ocrx_word' id='word_1_48' title='bbox 200 776 425 815; x_wconf 86' lang='lat' dir='ltr'><strong>ostentare.</strong></span> <span class='ocrx_word' id='word_1_49' title='bbox 456 769 535 813; x_wconf 90' lang='lat' dir='ltr'><strong>sed</strong></span> <span class='ocrx_word' id='word_1_50' title='bbox 563 769 746 814; x_wconf 84' lang='lat' dir='ltr'><strong>maxime</strong></span> <span class='ocrx_word' id='word_1_51' title='bbox 776 769 1072 826; x_wconf 78' lang='lat' dir='ltr'><strong>ambigebatur</strong></span> <span class='ocrx_word' id='word_1_52' title='bbox 1102 769 1208 812; x_wconf 90' lang='lat' dir='ltr'><strong>inter</strong></span> <span class='ocrx_word' id='word_1_53' title='bbox 1227 768 1403 812; x_wconf 88' lang='lat' dir='ltr'><strong>Lolliam</strong></span> <span class='ocrx_word' id='word_1_54' title='bbox 1422 769 1643 814; x_wconf 83' lang='lat' dir='ltr'><strong>Paulinam</strong></span> <span class='ocrx_word' id='word_1_55' title='bbox 1663 769 1713 811; x_wconf 92' lang='lat' dir='ltr'><strong>M.</strong></span> <span class='ocrx_word' id='word_1_56' title='bbox 1735 766 1853 811; x_wconf 90' lang='lat' dir='ltr'><strong>Lollii</strong></span> <span class='ocrx_word' id='word_1_57' title='bbox 1877 779 1980 810; x_wconf 85' lang='lat' dir='ltr'><strong>con·</strong></span> <span class='ocrx_word' id='word_1_58' title='bbox 1995 775 2015 804; x_wconf 83' lang='lat'>5</span> 
     </span>
     <span class='ocr_line' id='line_1_7' title="bbox 200 840 1984 903; baseline -0.004 -13"><span class='ocrx_word' id='word_1_59' title='bbox 200 844 353 890; x_wconf 91' lang='lat' dir='ltr'><strong>sularis</strong></span> <span class='ocrx_word' id='word_1_60' title='bbox 392 852 435 890; x_wconf 89' lang='lat' dir='ltr'><strong>et</strong></span> <span class='ocrx_word' id='word_1_61' title='bbox 469 845 617 889; x_wconf 91' lang='lat' dir='ltr'><strong>Iuliam</strong></span> <span class='ocrx_word' id='word_1_62' title='bbox 647 845 921 903; x_wconf 83' lang='lat' dir='ltr'><strong>Agrippinam</strong></span> <span class='ocrx_word' id='word_1_63' title='bbox 952 844 1203 888; x_wconf 90' lang='lat' dir='ltr'><strong>Germanico</strong></span> <span class='ocrx_word' id='word_1_64' title='bbox 1243 845 1447 901; x_wconf 83' lang='lat' dir='ltr'><strong>genitam:</strong></span> <span class='ocrx_word' id='word_1_65' title='bbox 1486 843 1586 888; x_wconf 87' lang='lat' dir='ltr'><strong>huic</strong></span> <span class='ocrx_word' id='word_1_66' title='bbox 1614 843 1768 895; x_wconf 90' lang='lat' dir='ltr'><strong>Pallas,</strong></span> <span class='ocrx_word' id='word_1_67' title='bbox 1802 841 1859 885; x_wconf 93' lang='lat' dir='ltr'><strong>illi</strong></span> <span class='ocrx_word' id='word_1_68' title='bbox 1891 840 1984 886; x_wconf 91' lang='lat' dir='ltr'><strong>Cal-</strong></span> 
     </span>
     <span class='ocr_line' id='line_1_8' title="bbox 199 917 1982 965; baseline -0.003 0"><span class='ocrx_word' id='word_1_69' title='bbox 199 921 321 965; x_wconf 91' lang='lat' dir='ltr'><strong>listus</strong></span> <span class='ocrx_word' id='word_1_70' title='bbox 361 920 547 965; x_wconf 79' lang='lat' dir='ltr'><strong>fautores</strong></span> <span class='ocrx_word' id='word_1_71' title='bbox 585 920 775 964; x_wconf 90' lang='lat' dir='ltr'><strong>aderant.</strong></span> <span class='ocrx_word' id='word_1_72' title='bbox 821 927 863 963; x_wconf 92' lang='lat' dir='ltr'><strong>at</strong></span> <span class='ocrx_word' id='word_1_73' title='bbox 890 919 1008 964; x_wconf 92' lang='lat' dir='ltr'><strong>Aelia</strong></span> <span class='ocrx_word' id='word_1_74' title='bbox 1043 920 1215 964; x_wconf 90' lang='lat' dir='ltr'><strong>Paetina</strong></span> <span class='ocrx_word' id='word_1_75' title='bbox 1244 934 1268 963; x_wconf 93' lang='lat' dir='ltr'><strong>e</strong></span> <span class='ocrx_word' id='word_1_76' title='bbox 1298 918 1454 963; x_wconf 85' lang='lat' dir='ltr'><strong>familia</strong></span> <span class='ocrx_word' id='word_1_77' title='bbox 1484 919 1753 962; x_wconf 89' lang='lat' dir='ltr'><strong>Tuberonum</strong></span> <span class='ocrx_word' id='word_1_78' title='bbox 1782 917 1982 961; x_wconf 87' lang='lat' dir='ltr'><strong>Narcisso</strong></span> 
     </span>
     <span class='ocr_line' id='line_1_9' title="bbox 203 993 1982 1054; baseline -0.002 -15"><span class='ocrx_word' id='word_1_79' title='bbox 203 995 439 1040; x_wconf 83' lang='lat' dir='ltr'><strong>fovebatur.</strong></span> <span class='ocrx_word' id='word_1_80' title='bbox 470 997 564 1054; x_wconf 91' lang='lat' dir='ltr'><strong>ipse</strong></span> <span class='ocrx_word' id='word_1_81' title='bbox 594 995 678 1039; x_wconf 92' lang='lat' dir='ltr'><strong>huc</strong></span> <span class='ocrx_word' id='word_1_82' title='bbox 706 995 836 1039; x_wconf 91' lang='lat' dir='ltr'><strong>modo</strong></span> <span class='ocrx_word' id='word_1_83' title='bbox 862 995 992 1039; x_wconf 93' lang='lat' dir='ltr'><strong>modo</strong></span> <span class='ocrx_word' id='word_1_84' title='bbox 1023 995 1132 1046; x_wconf 91' lang='lat' dir='ltr'><strong>illuc,</strong></span> <span class='ocrx_word' id='word_1_85' title='bbox 1163 1001 1210 1038; x_wconf 92' lang='lat' dir='ltr'><strong>ut</strong></span> <span class='ocrx_word' id='word_1_86' title='bbox 1240 1008 1457 1053; x_wconf 89' lang='lat' dir='ltr'><strong>quemque</strong></span> <span class='ocrx_word' id='word_1_87' title='bbox 1488 994 1754 1038; x_wconf 91' lang='lat' dir='ltr'><strong>suadentium</strong></span> <span class='ocrx_word' id='word_1_88' title='bbox 1777 993 1982 1043; x_wconf 87' lang='lat' dir='ltr'><strong>audierat,</strong></span> 
     </span>
     <span class='ocr_line' id='line_1_10' title="bbox 199 1069 1984 1130; baseline -0.002 -15"><span class='ocrx_word' id='word_1_89' title='bbox 199 1078 443 1130; x_wconf 85' lang='lat' dir='ltr'><strong>promptus,</strong></span> <span class='ocrx_word' id='word_1_90' title='bbox 489 1070 784 1115; x_wconf 86' lang='lat' dir='ltr'><strong>discordantes</strong></span> <span class='ocrx_word' id='word_1_91' title='bbox 826 1071 869 1114; x_wconf 92' lang='lat' dir='ltr'><strong>in</strong></span> <span class='ocrx_word' id='word_1_92' title='bbox 914 1070 1138 1114; x_wconf 89' lang='lat' dir='ltr'><strong>consilium</strong></span> <span class='ocrx_word' id='word_1_93' title='bbox 1175 1077 1300 1115; x_wconf 89' lang='lat' dir='ltr'><strong>vocat</strong></span> <span class='ocrx_word' id='word_1_94' title='bbox 1342 1084 1391 1114; x_wconf 90' lang='lat' dir='ltr'><strong>ac</strong></span> <span class='ocrx_word' id='word_1_95' title='bbox 1430 1083 1629 1128; x_wconf 88' lang='lat' dir='ltr'><strong>promere</strong></span> <span class='ocrx_word' id='word_1_96' title='bbox 1660 1069 1910 1113; x_wconf 85' lang='lat' dir='ltr'><strong>sententiam</strong></span> <span class='ocrx_word' id='word_1_97' title='bbox 1941 1074 1984 1111; x_wconf 92' lang='lat' dir='ltr'><strong>et</strong></span> 
     </span>
     <span class='ocr_line' id='line_1_11' title="bbox 200 1135 2033 1202; baseline -0.003 -11"><span class='ocrx_word' id='word_1_98' title='bbox 200 1146 371 1191; x_wconf 84' lang='lat' dir='ltr'><strong>adicere</strong></span> <span class='ocrx_word' id='word_1_99' title='bbox 399 1147 584 1191; x_wconf 89' lang='lat' dir='ltr'><strong>rationes</strong></span> <span class='ocrx_word' id='word_1_100' title='bbox 614 1145 743 1190; x_wconf 91' lang='lat' dir='ltr'><strong>iubet.</strong></span> <span class='ocrx_word' id='word_1_101' title='bbox 789 1147 842 1202; x_wconf 76' lang='lat'><strong>(2)</strong></span> <span class='ocrx_word' id='word_1_102' title='bbox 872 1135 1098 1190; x_wconf 85' lang='lat' dir='ltr'><strong>Narcissus</strong></span> <span class='ocrx_word' id='word_1_103' title='bbox 1126 1152 1249 1190; x_wconf 88' lang='lat' dir='ltr'><strong>vetus</strong></span> <span class='ocrx_word' id='word_1_104' title='bbox 1278 1145 1610 1196; x_wconf 88' lang='lat' dir='ltr'><strong>matrimonium,</strong></span> <span class='ocrx_word' id='word_1_105' title='bbox 1642 1144 1841 1188; x_wconf 88' lang='lat' dir='ltr'><strong>familiam</strong></span> <span class='ocrx_word' id='word_1_106' title='bbox 1866 1152 2033 1188; x_wconf 64' lang='lat' dir='ltr'><strong>com-⁴¹⁰</strong></span> 
     </span>
     <span class='ocr_line' id='line_1_12' title="bbox 199 1218 1979 1280; baseline -0.002 -15"><span class='ocrx_word' id='word_1_107' title='bbox 199 1236 372 1266; x_wconf 85' lang='lat' dir='ltr'><strong>munem</strong></span> <span class='ocrx_word' id='word_1_108' title='bbox 402 1222 513 1279; x_wconf 91' lang='lat' dir='ltr'><strong>(nam</strong></span> <span class='ocrx_word' id='word_1_109' title='bbox 543 1222 722 1266; x_wconf 87' lang='lat' dir='ltr'><strong>Antonia</strong></span> <span class='ocrx_word' id='word_1_110' title='bbox 752 1236 804 1265; x_wconf 88' lang='lat' dir='ltr'><strong>ex</strong></span> <span class='ocrx_word' id='word_1_111' title='bbox 825 1221 997 1265; x_wconf 89' lang='lat' dir='ltr'><strong>Paetina</strong></span> <span class='ocrx_word' id='word_1_112' title='bbox 1017 1222 1137 1277; x_wconf 89' lang='lat' dir='ltr'><strong>erat),</strong></span> <span class='ocrx_word' id='word_1_113' title='bbox 1170 1220 1271 1264; x_wconf 92' lang='lat' dir='ltr'><strong>nihil</strong></span> <span class='ocrx_word' id='word_1_114' title='bbox 1292 1222 1334 1265; x_wconf 92' lang='lat' dir='ltr'><strong>in</strong></span> <span class='ocrx_word' id='word_1_115' title='bbox 1356 1221 1580 1280; x_wconf 91' lang='lat' dir='ltr'><strong>penatibus</strong></span> <span class='ocrx_word' id='word_1_116' title='bbox 1603 1221 1696 1264; x_wconf 89' lang='lat' dir='ltr'><strong>eius</strong></span> <span class='ocrx_word' id='word_1_117' title='bbox 1717 1234 1874 1263; x_wconf 90' lang='lat' dir='ltr'><strong>novum</strong></span> <span class='ocrx_word' id='word_1_118' title='bbox 1894 1218 1979 1261; x_wconf 88' lang='lat' dir='ltr'><strong>dis-</strong></span> 
     </span>
     <span class='ocr_line' id='line_1_13' title="bbox 200 1295 1984 1355; baseline -0.003 -14"><span class='ocrx_word' id='word_1_119' title='bbox 200 1297 389 1349; x_wconf 89' lang='lat' dir='ltr'><strong>serebat,</strong></span> <span class='ocrx_word' id='word_1_120' title='bbox 421 1297 457 1341; x_wconf 91' lang='lat' dir='ltr'><strong>si</strong></span> <span class='ocrx_word' id='word_1_121' title='bbox 488 1303 610 1341; x_wconf 92' lang='lat' dir='ltr'><strong>sueta</strong></span> <span class='ocrx_word' id='word_1_122' title='bbox 639 1297 794 1340; x_wconf 88' lang='lat' dir='ltr'><strong>coniux</strong></span> <span class='ocrx_word' id='word_1_123' title='bbox 824 1296 1004 1348; x_wconf 90' lang='lat' dir='ltr'><strong>rediret,</strong></span> <span class='ocrx_word' id='word_1_124' title='bbox 1038 1297 1368 1355; x_wconf 83' lang='lat' dir='ltr'><strong>haudquaquam</strong></span> <span class='ocrx_word' id='word_1_125' title='bbox 1391 1295 1688 1340; x_wconf 87' lang='lat' dir='ltr'><strong>novercalibus</strong></span> <span class='ocrx_word' id='word_1_126' title='bbox 1710 1295 1819 1339; x_wconf 87' lang='lat' dir='ltr'><strong>odiis</strong></span> <span class='ocrx_word' id='word_1_127' title='bbox 1840 1296 1984 1338; x_wconf 87' lang='lat' dir='ltr'><strong>visura</strong></span> 
     </span>
     <span class='ocr_line' id='line_1_14' title="bbox 199 1370 1983 1430; baseline -0.001 -15"><span class='ocrx_word' id='word_1_128' title='bbox 199 1372 485 1417; x_wconf 91' lang='lat' dir='ltr'><strong>Britannicum</strong></span> <span class='ocrx_word' id='word_1_129' title='bbox 525 1379 563 1416; x_wconf 86' lang='lat' dir='ltr'><strong>et</strong></span> <span class='ocrx_word' id='word_1_130' title='bbox 602 1372 842 1423; x_wconf 91' lang='lat' dir='ltr'><strong>Octaviam,</strong></span> <span class='ocrx_word' id='word_1_131' title='bbox 882 1372 1073 1430; x_wconf 85' lang='lat' dir='ltr'><strong>proxima</strong></span> <span class='ocrx_word' id='word_1_132' title='bbox 1114 1372 1204 1415; x_wconf 91' lang='lat' dir='ltr'><strong>suis</strong></span> <span class='ocrx_word' id='word_1_133' title='bbox 1240 1373 1431 1430; x_wconf 89' lang='lat' dir='ltr'><strong>pignora.</strong></span> <span class='ocrx_word' id='word_1_134' title='bbox 1483 1371 1678 1416; x_wconf 85' lang='lat' dir='ltr'><strong>Callistus</strong></span> <span class='ocrx_word' id='word_1_135' title='bbox 1719 1370 1983 1429; x_wconf 91' lang='lat' dir='ltr'><strong>inprobatam</strong></span> 
     </span>
     <span class='ocr_line' id='line_1_15' title="bbox 200 1446 1981 1505; baseline -0.001 -15"><span class='ocrx_word' id='word_1_136' title='bbox 200 1447 327 1505; x_wconf 88' lang='lat' dir='ltr'><strong>longo</strong></span> <span class='ocrx_word' id='word_1_137' title='bbox 358 1447 556 1499; x_wconf 84' lang='lat' dir='ltr'><strong>discidio,</strong></span> <span class='ocrx_word' id='word_1_138' title='bbox 588 1461 639 1491; x_wconf 91' lang='lat' dir='ltr'><strong>ac</strong></span> <span class='ocrx_word' id='word_1_139' title='bbox 668 1447 703 1490; x_wconf 92' lang='lat' dir='ltr'><strong>si</strong></span> <span class='ocrx_word' id='word_1_140' title='bbox 733 1462 903 1490; x_wconf 89' lang='lat' dir='ltr'><strong>rursum</strong></span> <span class='ocrx_word' id='word_1_141' title='bbox 933 1454 1241 1498; x_wconf 89' lang='lat' dir='ltr'><strong>assumeretur,</strong></span> <span class='ocrx_word' id='word_1_142' title='bbox 1275 1461 1327 1491; x_wconf 92' lang='lat' dir='ltr'><strong>eo</strong></span> <span class='ocrx_word' id='word_1_143' title='bbox 1358 1447 1452 1505; x_wconf 89' lang='lat' dir='ltr'><strong>ipso</strong></span> <span class='ocrx_word' id='word_1_144' title='bbox 1482 1447 1734 1504; x_wconf 89' lang='lat' dir='ltr'><strong>superbam;</strong></span> <span class='ocrx_word' id='word_1_145' title='bbox 1770 1446 1981 1504; x_wconf 82' lang='lat' dir='ltr'><strong>longeque</strong></span> 
     </span>
     <span class='ocr_line' id='line_1_16' title="bbox 201 1520 2033 1580; baseline -0.002 -15"><span class='ocrx_word' id='word_1_146' title='bbox 201 1523 358 1567; x_wconf 89' lang='lat' dir='ltr'><strong>rectius</strong></span> <span class='ocrx_word' id='word_1_147' title='bbox 389 1522 564 1566; x_wconf 91' lang='lat' dir='ltr'><strong>Lolliam</strong></span> <span class='ocrx_word' id='word_1_148' title='bbox 594 1522 758 1574; x_wconf 90' lang='lat' dir='ltr'><strong>induci,</strong></span> <span class='ocrx_word' id='word_1_149' title='bbox 791 1522 964 1580; x_wconf 91' lang='lat' dir='ltr'><strong>quando</strong></span> <span class='ocrx_word' id='word_1_150' title='bbox 985 1522 1123 1566; x_wconf 90' lang='lat' dir='ltr'><strong>nullos</strong></span> <span class='ocrx_word' id='word_1_151' title='bbox 1154 1522 1310 1566; x_wconf 90' lang='lat' dir='ltr'><strong>liberos</strong></span> <span class='ocrx_word' id='word_1_152' title='bbox 1328 1523 1567 1579; x_wconf 80' lang='lat' dir='ltr'><strong>genuisset,</strong></span> <span class='ocrx_word' id='word_1_153' title='bbox 1592 1536 1770 1566; x_wconf 88' lang='lat' dir='ltr'><strong>vacuam</strong></span> <span class='ocrx_word' id='word_1_154' title='bbox 1795 1520 2033 1565; x_wconf 76' lang='lat' dir='ltr'><strong>aemula-⁴5</strong></span> 
     </span>
     <span class='ocr_line' id='line_1_17' title="bbox 202 1596 1983 1656; baseline -0.002 -14"><span class='ocrx_word' id='word_1_155' title='bbox 202 1598 317 1642; x_wconf 90' lang='lat' dir='ltr'><strong>tione</strong></span> <span class='ocrx_word' id='word_1_156' title='bbox 348 1605 390 1642; x_wconf 91' lang='lat' dir='ltr'><strong>et</strong></span> <span class='ocrx_word' id='word_1_157' title='bbox 418 1598 621 1656; x_wconf 91' lang='lat' dir='ltr'><strong>privignis</strong></span> <span class='ocrx_word' id='word_1_158' title='bbox 651 1603 838 1655; x_wconf 88' lang='lat' dir='ltr'><strong>parentis</strong></span> <span class='ocrx_word' id='word_1_159' title='bbox 863 1597 959 1641; x_wconf 93' lang='lat' dir='ltr'><strong>loco</strong></span> <span class='ocrx_word' id='word_1_160' title='bbox 981 1598 1173 1640; x_wconf 81' lang='lat' dir='ltr'><strong>suturam.</strong></span> <span class='ocrx_word' id='word_1_161' title='bbox 1206 1604 1247 1641; x_wconf 86' lang='lat' dir='ltr'><strong>at</strong></span> <span class='ocrx_word' id='word_1_162' title='bbox 1267 1597 1404 1641; x_wconf 90' lang='lat' dir='ltr'><strong>Pallas</strong></span> <span class='ocrx_word' id='word_1_163' title='bbox 1427 1597 1466 1640; x_wconf 92' lang='lat' dir='ltr'><strong>id</strong></span> <span class='ocrx_word' id='word_1_164' title='bbox 1490 1598 1673 1640; x_wconf 84' lang='lat' dir='ltr'><strong>maxime</strong></span> <span class='ocrx_word' id='word_1_165' title='bbox 1696 1598 1734 1640; x_wconf 92' lang='lat' dir='ltr'><strong>in</strong></span> <span class='ocrx_word' id='word_1_166' title='bbox 1755 1596 1983 1654; x_wconf 84' lang='lat' dir='ltr'><strong>Agrippina</strong></span> 
     </span>
     <span class='ocr_line' id='line_1_18' title="bbox 201 1672 1983 1732; baseline -0.001 -16"><span class='ocrx_word' id='word_1_167' title='bbox 201 1673 397 1725; x_wconf 91' lang='lat' dir='ltr'><strong>laudare,</strong></span> <span class='ocrx_word' id='word_1_168' title='bbox 429 1674 546 1732; x_wconf 91' lang='lat' dir='ltr'><strong>quod</strong></span> <span class='ocrx_word' id='word_1_169' title='bbox 569 1673 806 1717; x_wconf 89' lang='lat' dir='ltr'><strong>Germanici</strong></span> <span class='ocrx_word' id='word_1_170' title='bbox 837 1679 1035 1730; x_wconf 85' lang='lat' dir='ltr'><strong>nepotem</strong></span> <span class='ocrx_word' id='word_1_171' title='bbox 1056 1687 1201 1716; x_wconf 90' lang='lat' dir='ltr'><strong>secum</strong></span> <span class='ocrx_word' id='word_1_172' title='bbox 1224 1673 1425 1724; x_wconf 89' lang='lat' dir='ltr'><strong>traheret,</strong></span> <span class='ocrx_word' id='word_1_173' title='bbox 1458 1672 1632 1730; x_wconf 90' lang='lat' dir='ltr'><strong>dignum</strong></span> <span class='ocrx_word' id='word_1_174' title='bbox 1651 1687 1827 1731; x_wconf 89' lang='lat' dir='ltr'><strong>prorsus</strong></span> <span class='ocrx_word' id='word_1_175' title='bbox 1851 1673 1983 1729; x_wconf 90' lang='lat' dir='ltr'><strong>impe-</strong></span> 
     </span>
     <span class='ocr_line' id='line_1_19' title="bbox 201 1748 1984 1807; baseline -0.003 -13"><span class='ocrx_word' id='word_1_176' title='bbox 201 1749 359 1794; x_wconf 89' lang='lat' dir='ltr'><strong>ratoria</strong></span> <span class='ocrx_word' id='word_1_177' title='bbox 389 1749 577 1794; x_wconf 83' lang='lat' dir='ltr'><strong>fortuna:</strong></span> <span class='ocrx_word' id='word_1_178' title='bbox 608 1749 782 1807; x_wconf 89' lang='lat' dir='ltr'><strong>stirpem</strong></span> <span class='ocrx_word' id='word_1_179' title='bbox 812 1748 998 1792; x_wconf 89' lang='lat' dir='ltr'><strong>nobilem</strong></span> <span class='ocrx_word' id='word_1_180' title='bbox 1027 1755 1069 1792; x_wconf 91' lang='lat' dir='ltr'><strong>et</strong></span> <span class='ocrx_word' id='word_1_181' title='bbox 1098 1748 1278 1792; x_wconf 89' lang='lat' dir='ltr'><strong>familiae</strong></span> <span class='ocrx_word' id='word_1_182' title='bbox 1307 1748 1438 1792; x_wconf 83' lang='lat' dir='ltr'><strong>Iuliae</strong></span> <span class='ocrx_word' id='word_1_183' title='bbox 1469 1748 1758 1806; x_wconf 90' lang='lat' dir='ltr'><strong>Claudiaeque</strong></span> <span class='ocrx_word' id='word_1_184' title='bbox 1779 1754 1984 1805; x_wconf 83' lang='lat' dir='ltr'><strong>posteros</strong></span> 
     </span>
    </p>
   </div>
   <div class='ocr_carea' id='block_1_3' title="bbox 200 1893 1997 2331">
    <p class='ocr_par' dir='ltr' id='par_1_3' title="bbox 200 1893 1985 2162">
     <span class='ocr_line' id='line_1_20' title="bbox 217 1893 1981 1934; baseline 0 -8"><span class='ocrx_word' id='word_1_185' title='bbox 217 1910 219 1912; x_wconf 89' lang='lat'><em>-</em></span> <span class='ocrx_word' id='word_1_186' title='bbox 269 1895 299 1927; x_wconf 94' lang='grc'><strong>4.</strong></span> <span class='ocrx_word' id='word_1_187' title='bbox 326 1894 407 1926; x_wconf 84' lang='lat' dir='ltr'><strong>Cede</strong></span> <span class='ocrx_word' id='word_1_188' title='bbox 429 1894 462 1927; x_wconf 88' lang='lat' dir='ltr'>M</span> <span class='ocrx_word' id='word_1_189' title='bbox 487 1910 524 1917; x_wconf 95' lang='lat'><strong>—</strong></span> <span class='ocrx_word' id='word_1_190' title='bbox 549 1893 707 1925; x_wconf 84' lang='lat' dir='ltr'><strong>convulsa</strong></span> <span class='ocrx_word' id='word_1_191' title='bbox 723 1896 775 1925; x_wconf 75' lang='lat' dir='ltr'><strong>est</strong></span> <span class='ocrx_word' id='word_1_192' title='bbox 794 1893 954 1934; x_wconf 81' lang='lat' dir='ltr'><strong>principis</strong></span> <span class='ocrx_word' id='word_1_193' title='bbox 976 1894 1138 1926; x_wconf 85' lang='lat' dir='ltr'><strong>Ritterus.</strong></span> <span class='ocrx_word' id='word_1_194' title='bbox 1167 1911 1201 1916; x_wconf 97' lang='lat'><strong>—</strong></span> <span class='ocrx_word' id='word_1_195' title='bbox 1233 1894 1266 1926; x_wconf 86' lang='lat'><strong>2.</strong></span> <span class='ocrx_word' id='word_1_196' title='bbox 1290 1894 1480 1926; x_wconf 75' lang='lat' dir='ltr'><strong>intoleranti</strong></span> <span class='ocrx_word' id='word_1_197' title='bbox 1505 1894 1674 1926; x_wconf 87' lang='lat' dir='ltr'><strong>Pichena:</strong></span> <span class='ocrx_word' id='word_1_198' title='bbox 1700 1894 1864 1926; x_wconf 76' lang='lat' dir='ltr'><strong>intonanti</strong></span> <span class='ocrx_word' id='word_1_199' title='bbox 1887 1895 1919 1927; x_wconf 93' lang='lat' dir='ltr'>M</span> <span class='ocrx_word' id='word_1_200' title='bbox 1945 1910 1981 1917; x_wconf 92' lang='lat'><strong>——</strong></span> 
     </span>
     <span class='ocr_line' id='line_1_21' title="bbox 201 1942 1983 1991; baseline 0 -9"><span class='ocrx_word' id='word_1_201' title='bbox 201 1950 231 1982; x_wconf 87' lang='lat'><strong>3.</strong></span> <span class='ocrx_word' id='word_1_202' title='bbox 259 1950 404 1991; x_wconf 79' lang='lat' dir='ltr'><strong>imperiis</strong></span> <span class='ocrx_word' id='word_1_203' title='bbox 427 1951 469 1981; x_wconf 92' lang='lat' dir='ltr'><strong>G:</strong></span> <span class='ocrx_word' id='word_1_204' title='bbox 495 1950 720 1991; x_wconf 70' lang='lat' dir='ltr'><strong>imperatoriis</strong></span> <span class='ocrx_word' id='word_1_205' title='bbox 742 1951 773 1982; x_wconf 89' lang='lat' dir='ltr'>M</span> <span class='ocrx_word' id='word_1_206' title='bbox 791 1942 834 1973; x_wconf 45' lang='lat'><strong>⁴-</strong></span> <span class='ocrx_word' id='word_1_207' title='bbox 869 1949 900 1983; x_wconf 78' lang='grc'><strong>4.</strong></span> <span class='ocrx_word' id='word_1_208' title='bbox 927 1959 1051 1990; x_wconf 79' lang='lat' dir='ltr'><strong>queque</strong></span> <span class='ocrx_word' id='word_1_209' title='bbox 1073 1951 1106 1983; x_wconf 91' lang='lat' dir='ltr'><strong>M</strong></span> <span class='ocrx_word' id='word_1_210' title='bbox 1130 1968 1166 1973; x_wconf 91' lang='lat'>—</span> <span class='ocrx_word' id='word_1_211' title='bbox 1196 1952 1400 1983; x_wconf 78' lang='lat' dir='ltr'><strong>contenderet</strong></span> <span class='ocrx_word' id='word_1_212' title='bbox 1414 1969 1463 1975; x_wconf 93' lang='lat'><strong>—-</strong></span> <span class='ocrx_word' id='word_1_213' title='bbox 1479 1955 1656 1985; x_wconf 80' lang='lat' dir='ltr'><strong>ostentaret</strong></span> <span class='ocrx_word' id='word_1_214' title='bbox 1678 1952 1726 1988; x_wconf 83' lang='grc' dir='ltr'><strong>Μ;</strong></span> <span class='ocrx_word' id='word_1_215' title='bbox 1752 1960 1827 1983; x_wconf 88' lang='lat' dir='ltr'><strong>cum</strong></span> <span class='ocrx_word' id='word_1_216' title='bbox 1849 1954 1983 1983; x_wconf 86' lang='lat' dir='ltr'><strong>conten-</strong></span> 
     </span>
     <span class='ocr_line' id='line_1_22' title="bbox 201 2006 1984 2058; baseline -0.001 -19"><span class='ocrx_word' id='word_1_217' title='bbox 201 2007 546 2039; x_wconf 80' lang='lat' dir='ltr'><strong>deret--ostentaret</strong></span> <span class='ocrx_word' id='word_1_218' title='bbox 568 2006 833 2039; x_wconf 87' lang='lat' dir='ltr'><strong>Weissenborn.</strong></span> <span class='ocrx_word' id='word_1_219' title='bbox 863 2024 898 2030; x_wconf 91' lang='lat'><em>-</em></span> <span class='ocrx_word' id='word_1_220' title='bbox 931 2007 1038 2058; x_wconf 56' lang='lat' dir='ltr'><strong>digna·</strong></span> <span class='ocrx_word' id='word_1_221' title='bbox 1062 2016 1114 2049; x_wconf 92' lang='lat' dir='ltr'><strong>pr.</strong></span> <span class='ocrx_word' id='word_1_222' title='bbox 1142 2008 1193 2040; x_wconf 84' lang='lat' dir='ltr'>M:</span> <span class='ocrx_word' id='word_1_223' title='bbox 1226 2009 1362 2050; x_wconf 61' lang='lat' dir='ltr'><strong>dianam</strong></span> <span class='ocrx_word' id='word_1_224' title='bbox 1389 2017 1478 2040; x_wconf 90' lang='lat' dir='ltr'><strong>corr.</strong></span> <span class='ocrx_word' id='word_1_225' title='bbox 1506 2009 1548 2041; x_wconf 93' lang='lat' dir='ltr'><strong>M.</strong></span> <span class='ocrx_word' id='word_1_226' title='bbox 1586 2009 1648 2047; x_wconf 90' lang='lat' dir='ltr'><strong>Qui</strong></span> <span class='ocrx_word' id='word_1_227' title='bbox 1674 2009 1724 2040; x_wconf 91' lang='lat' dir='ltr'><strong>sic</strong></span> <span class='ocrx_word' id='word_1_228' title='bbox 1748 2007 1907 2040; x_wconf 89' lang='lat' dir='ltr'><strong>scribunt</strong></span> <span class='ocrx_word' id='word_1_229' title='bbox 1929 2007 1984 2038; x_wconf 92' lang='lat' dir='ltr'><strong>in-</strong></span> 
     </span>
     <span class='ocr_line' id='line_1_23' title="bbox 201 2061 1985 2105; baseline -0.001 -11"><span class='ocrx_word' id='word_1_230' title='bbox 201 2061 357 2103; x_wconf 83' lang='lat' dir='ltr'><strong>telligunt</strong></span> <span class='ocrx_word' id='word_1_231' title='bbox 378 2071 429 2101; x_wconf 74' lang='lat' dir='ltr'><strong>⁸e;</strong></span> <span class='ocrx_word' id='word_1_232' title='bbox 461 2062 540 2095; x_wconf 89' lang='lat' dir='ltr'><strong>vide</strong></span> <span class='ocrx_word' id='word_1_233' title='bbox 565 2061 609 2094; x_wconf 89' lang='lat' dir='ltr'><strong>ad</strong></span> <span class='ocrx_word' id='word_1_234' title='bbox 634 2064 665 2099; x_wconf 82' lang='grc'><strong>4,</strong></span> <span class='ocrx_word' id='word_1_235' title='bbox 691 2062 744 2094; x_wconf 83' lang='grc'><strong>35.</strong></span> <span class='ocrx_word' id='word_1_236' title='bbox 770 2080 813 2086; x_wconf 91' lang='grc'>-</span> <span class='ocrx_word' id='word_1_237' title='bbox 844 2062 876 2095; x_wconf 88' lang='grc'><strong>6.</strong></span> <span class='ocrx_word' id='word_1_238' title='bbox 900 2064 1080 2103; x_wconf 64' lang='lat' dir='ltr'><strong>germinico</strong></span> <span class='ocrx_word' id='word_1_239' title='bbox 1104 2072 1155 2105; x_wconf 90' lang='lat' dir='ltr'><strong>pr.</strong></span> <span class='ocrx_word' id='word_1_240' title='bbox 1182 2064 1215 2097; x_wconf 90' lang='lat' dir='ltr'>M</span> <span class='ocrx_word' id='word_1_241' title='bbox 1240 2081 1274 2086; x_wconf 97' lang='lat'><strong>—</strong></span> <span class='ocrx_word' id='word_1_242' title='bbox 1302 2065 1438 2096; x_wconf 83' lang='lat' dir='ltr'><strong>calistus</strong></span> <span class='ocrx_word' id='word_1_243' title='bbox 1461 2065 1492 2096; x_wconf 88' lang='lat' dir='ltr'>M</span> <span class='ocrx_word' id='word_1_244' title='bbox 1519 2082 1555 2087; x_wconf 90' lang='lat'>—</span> <span class='ocrx_word' id='word_1_245' title='bbox 1581 2065 1611 2096; x_wconf 90' lang='lat'><strong>7.</strong></span> <span class='ocrx_word' id='word_1_246' title='bbox 1636 2064 1773 2104; x_wconf 78' lang='lat' dir='ltr'><strong>paetino</strong></span> <span class='ocrx_word' id='word_1_247' title='bbox 1795 2064 1845 2096; x_wconf 88' lang='lat' dir='ltr'><strong>M:</strong></span> <span class='ocrx_word' id='word_1_248' title='bbox 1872 2063 1985 2094; x_wconf 84' lang='lat' dir='ltr'><strong>Petina</strong></span> 
     </span>
     <span class='ocr_line' id='line_1_24' title="bbox 200 2117 1980 2162; baseline 0.001 -13"><span class='ocrx_word' id='word_1_249' title='bbox 200 2117 257 2150; x_wconf 92' lang='lat' dir='ltr'><strong>vul</strong></span> <span class='ocrx_word' id='word_1_250' title='bbox 283 2126 315 2150; x_wconf 91' lang='lat' dir='ltr'><strong>o.</strong></span> <span class='ocrx_word' id='word_1_251' title='bbox 343 2135 378 2141; x_wconf 88' lang='lat'>—</span> <span class='ocrx_word' id='word_1_252' title='bbox 416 2119 448 2151; x_wconf 91' lang='lat'><strong>8.</strong></span> <span class='ocrx_word' id='word_1_253' title='bbox 474 2126 624 2160; x_wconf 66' lang='lat' dir='ltr'><strong>querique</strong></span> <span class='ocrx_word' id='word_1_254' title='bbox 645 2119 677 2151; x_wconf 88' lang='lat' dir='ltr'>M</span> <span class='ocrx_word' id='word_1_255' title='bbox 704 2136 739 2142; x_wconf 92' lang='lat'>—</span> <span class='ocrx_word' id='word_1_256' title='bbox 777 2118 808 2151; x_wconf 85' lang='lat'><strong>9.</strong></span> <span class='ocrx_word' id='word_1_257' title='bbox 838 2128 965 2159; x_wconf 82' lang='lat' dir='ltr'><strong>pronus</strong></span> <span class='ocrx_word' id='word_1_258' title='bbox 996 2120 1161 2151; x_wconf 88' lang='lat' dir='ltr'><strong>Muretus.</strong></span> <span class='ocrx_word' id='word_1_259' title='bbox 1191 2137 1225 2143; x_wconf 84' lang='lat'><em>-</em></span> <span class='ocrx_word' id='word_1_260' title='bbox 1266 2121 1315 2152; x_wconf 81' lang='grc'><strong>40.</strong></span> <span class='ocrx_word' id='word_1_261' title='bbox 1341 2120 1509 2160; x_wconf 81' lang='lat' dir='ltr'><strong>familiam</strong></span> <span class='ocrx_word' id='word_1_262' title='bbox 1538 2120 1588 2153; x_wconf 90' lang='lat' dir='ltr'><strong>M:</strong></span> <span class='ocrx_word' id='word_1_263' title='bbox 1621 2121 1728 2162; x_wconf 82' lang='lat' dir='ltr'><strong>filiam</strong></span> <span class='ocrx_word' id='word_1_264' title='bbox 1751 2121 1917 2152; x_wconf 88' lang='lat' dir='ltr'><strong>Muretus.</strong></span> <span class='ocrx_word' id='word_1_265' title='bbox 1945 2135 1980 2141; x_wconf 93' lang='lat'><strong>—</strong></span> 
     </span>
    </p>

    <p class='ocr_par' dir='ltr' id='par_1_4' title="bbox 202 2174 1997 2331">
     <span class='ocr_line' id='line_1_25' title="bbox 249 2174 1981 2218; baseline 0.001 -12"><span class='ocrx_word' id='word_1_266' title='bbox 249 2199 255 2206; x_wconf 97' lang='lat'><strong>.</strong></span> <span class='ocrx_word' id='word_1_267' title='bbox 281 2174 417 2207; x_wconf 81' lang='lat' dir='ltr'><strong>Paetina</strong></span> <span class='ocrx_word' id='word_1_268' title='bbox 446 2182 528 2207; x_wconf 92' lang='lat' dir='ltr'><strong>nos:</strong></span> <span class='ocrx_word' id='word_1_269' title='bbox 561 2174 676 2215; x_wconf 86' lang='lat' dir='ltr'><strong>petina</strong></span> <span class='ocrx_word' id='word_1_270' title='bbox 699 2175 732 2207; x_wconf 89' lang='lat' dir='ltr'>M</span> <span class='ocrx_word' id='word_1_271' title='bbox 765 2192 800 2198; x_wconf 91' lang='lat'><strong>—</strong></span> <span class='ocrx_word' id='word_1_272' title='bbox 837 2175 936 2207; x_wconf 81' lang='lat' dir='ltr'><strong>nichil</strong></span> <span class='ocrx_word' id='word_1_273' title='bbox 957 2175 1172 2216; x_wconf 84' lang='lat' dir='ltr'><strong>impenalibus</strong></span> <span class='ocrx_word' id='word_1_274' title='bbox 1195 2177 1227 2209; x_wconf 92' lang='lat' dir='ltr'>M</span> <span class='ocrx_word' id='word_1_275' title='bbox 1255 2194 1290 2199; x_wconf 90' lang='lat'>—</span> <span class='ocrx_word' id='word_1_276' title='bbox 1325 2178 1376 2209; x_wconf 71' lang='lat'><strong>⁴2.</strong></span> <span class='ocrx_word' id='word_1_277' title='bbox 1401 2177 1527 2209; x_wconf 68' lang='lat' dir='ltr'><strong>coniux</strong></span> <span class='ocrx_word' id='word_1_278' title='bbox 1556 2185 1608 2218; x_wconf 88' lang='lat' dir='ltr'><strong>pr.</strong></span> <span class='ocrx_word' id='word_1_279' title='bbox 1634 2177 1685 2208; x_wconf 90' lang='lat' dir='ltr'>M:</span> <span class='ocrx_word' id='word_1_280' title='bbox 1719 2177 1867 2209; x_wconf 74' lang='lat' dir='ltr'><strong>coniunx</strong></span> <span class='ocrx_word' id='word_1_281' title='bbox 1890 2184 1981 2207; x_wconf 92' lang='lat' dir='ltr'><strong>corr.</strong></span> 
     </span>
     <span class='ocr_line' id='line_1_26' title="bbox 202 2231 1985 2275; baseline -0.001 -11"><span class='ocrx_word' id='word_1_282' title='bbox 202 2231 235 2264; x_wconf 97' lang='lat' dir='ltr'><strong>M</strong></span> <span class='ocrx_word' id='word_1_283' title='bbox 261 2248 294 2253; x_wconf 97' lang='lat'><strong>—</strong></span> <span class='ocrx_word' id='word_1_284' title='bbox 320 2231 548 2273; x_wconf 78' lang='lat' dir='ltr'><strong>haudquaqua</strong></span> <span class='ocrx_word' id='word_1_285' title='bbox 569 2240 621 2272; x_wconf 88' lang='lat' dir='ltr'><strong>pr.</strong></span> <span class='ocrx_word' id='word_1_286' title='bbox 647 2232 680 2264; x_wconf 90' lang='lat' dir='ltr'>M</span> <span class='ocrx_word' id='word_1_287' title='bbox 706 2249 741 2255; x_wconf 97' lang='lat'><strong>—</strong></span> <span class='ocrx_word' id='word_1_288' title='bbox 769 2231 820 2264; x_wconf 89' lang='grc'><strong>43.</strong></span> <span class='ocrx_word' id='word_1_289' title='bbox 847 2232 1083 2264; x_wconf 81' lang='lat' dir='ltr'><strong>brittannicum</strong></span> <span class='ocrx_word' id='word_1_290' title='bbox 1107 2233 1151 2273; x_wconf 90' lang='lat' dir='ltr'><strong>(in</strong></span> <span class='ocrx_word' id='word_1_291' title='bbox 1176 2232 1245 2265; x_wconf 87' lang='lat' dir='ltr'><strong>fine</strong></span> <span class='ocrx_word' id='word_1_292' title='bbox 1268 2233 1425 2275; x_wconf 86' lang='lat' dir='ltr'><strong>paginae)</strong></span> <span class='ocrx_word' id='word_1_293' title='bbox 1451 2234 1483 2266; x_wconf 91' lang='lat' dir='ltr'>M</span> <span class='ocrx_word' id='word_1_294' title='bbox 1502 2251 1537 2255; x_wconf 97' lang='lat'><strong>—</strong></span> <span class='ocrx_word' id='word_1_295' title='bbox 1562 2236 1593 2266; x_wconf 89' lang='lat' dir='ltr'><strong>et</strong></span> <span class='ocrx_word' id='word_1_296' title='bbox 1615 2241 1685 2265; x_wconf 94' lang='lat' dir='ltr'><strong>om.</strong></span> <span class='ocrx_word' id='word_1_297' title='bbox 1705 2233 1737 2265; x_wconf 87' lang='lat' dir='ltr'>M</span> <span class='ocrx_word' id='word_1_298' title='bbox 1761 2250 1796 2255; x_wconf 90' lang='lat'><em>-</em></span> <span class='ocrx_word' id='word_1_299' title='bbox 1822 2231 1985 2264; x_wconf 86' lang='lat' dir='ltr'><strong>octabiam</strong></span> 
     </span>
     <span class='ocr_line' id='line_1_27' title="bbox 202 2285 1997 2331; baseline 0 -11"><span class='ocrx_word' id='word_1_300' title='bbox 202 2287 236 2320; x_wconf 90' lang='lat' dir='ltr'><strong>M</strong></span> <span class='ocrx_word' id='word_1_301' title='bbox 262 2305 295 2310; x_wconf 95' lang='lat'><strong>—</strong></span> <span class='ocrx_word' id='word_1_302' title='bbox 322 2285 375 2320; x_wconf 73' lang='grc'><strong>44.</strong></span> <span class='ocrx_word' id='word_1_303' title='bbox 401 2287 533 2319; x_wconf 80' lang='lat' dir='ltr'><strong>dissidio</strong></span> <span class='ocrx_word' id='word_1_304' title='bbox 556 2288 600 2320; x_wconf 85' lang='lat' dir='ltr'><strong>M.</strong></span> <span class='ocrx_word' id='word_1_305' title='bbox 637 2288 706 2320; x_wconf 88' lang='lat' dir='ltr'><strong>Sed</strong></span> <span class='ocrx_word' id='word_1_306' title='bbox 730 2288 773 2321; x_wconf 80' lang='lat' dir='ltr'><strong>cf.</strong></span> <span class='ocrx_word' id='word_1_307' title='bbox 800 2297 830 2321; x_wconf 92' lang='lat' dir='ltr'><strong>c.</strong></span> <span class='ocrx_word' id='word_1_308' title='bbox 856 2288 897 2321; x_wconf 74' lang='lat'><strong>40</strong></span> <span class='ocrx_word' id='word_1_309' title='bbox 922 2290 957 2321; x_wconf 89' lang='lat' dir='ltr'><strong>et</strong></span> <span class='ocrx_word' id='word_1_310' title='bbox 986 2289 1066 2321; x_wconf 91' lang='lat' dir='ltr'><strong>vide</strong></span> <span class='ocrx_word' id='word_1_311' title='bbox 1091 2290 1300 2331; x_wconf 87' lang='lat' dir='ltr'><strong>Madvigium</strong></span> <span class='ocrx_word' id='word_1_312' title='bbox 1324 2290 1368 2322; x_wconf 90' lang='lat' dir='ltr'><strong>ad</strong></span> <span class='ocrx_word' id='word_1_313' title='bbox 1393 2291 1465 2323; x_wconf 87' lang='lat' dir='ltr'><strong>Cic.</strong></span> <span class='ocrx_word' id='word_1_314' title='bbox 1492 2290 1536 2322; x_wconf 88' lang='lat' dir='ltr'><strong>de</strong></span> <span class='ocrx_word' id='word_1_315' title='bbox 1560 2290 1667 2322; x_wconf 89' lang='lat' dir='ltr'><strong>Finib.</strong></span> <span class='ocrx_word' id='word_1_316' title='bbox 1693 2298 1726 2331; x_wconf 94' lang='lat' dir='ltr'><strong>p.</strong></span> <span class='ocrx_word' id='word_1_317' title='bbox 1753 2289 1816 2321; x_wconf 85' lang='lat' dir='ltr'><strong>8l2</strong></span> <span class='ocrx_word' id='word_1_318' title='bbox 1839 2298 1917 2330; x_wconf 88' lang='lat' dir='ltr'><strong>sqq.</strong></span> <span class='ocrx_word' id='word_1_319' title='bbox 1945 2306 1997 2327; x_wconf 79' lang='lat'><strong>--‚</strong></span> 
     </span>
    </p>
   </div>
   <div class='ocr_carea' id='block_1_4' title="bbox 202 2342 1984 2440">
    <p class='ocr_par' dir='ltr' id='par_1_5' title="bbox 202 2342 1984 2440">
     <span class='ocr_line' id='line_1_28' title="bbox 202 2342 1984 2386; baseline 0.001 -12"><span class='ocrx_word' id='word_1_320' title='bbox 202 2351 338 2375; x_wconf 76' lang='lat' dir='ltr'><strong>rursum</strong></span> <span class='ocrx_word' id='word_1_321' title='bbox 361 2344 408 2375; x_wconf 88' lang='lat' dir='ltr'><strong>M:</strong></span> <span class='ocrx_word' id='word_1_322' title='bbox 437 2352 555 2375; x_wconf 81' lang='lat' dir='ltr'><strong>rursus</strong></span> <span class='ocrx_word' id='word_1_323' title='bbox 576 2342 692 2385; x_wconf 88' lang='lat' dir='ltr'><strong>vulgo.</strong></span> <span class='ocrx_word' id='word_1_324' title='bbox 714 2361 749 2366; x_wconf 92' lang='lat'><strong>—-</strong></span> <span class='ocrx_word' id='word_1_325' title='bbox 775 2344 917 2385; x_wconf 81' lang='lat' dir='ltr'><strong>superba</strong></span> <span class='ocrx_word' id='word_1_326' title='bbox 940 2354 992 2386; x_wconf 90' lang='lat' dir='ltr'><strong>pr.</strong></span> <span class='ocrx_word' id='word_1_327' title='bbox 1013 2346 1042 2378; x_wconf 90' lang='lat' dir='ltr'><strong>M</strong></span> <span class='ocrx_word' id='word_1_328' title='bbox 1063 2363 1096 2367; x_wconf 97' lang='lat'><strong>—</strong></span> <span class='ocrx_word' id='word_1_329' title='bbox 1125 2347 1176 2378; x_wconf 81' lang='grc'><strong>45.</strong></span> <span class='ocrx_word' id='word_1_330' title='bbox 1203 2346 1294 2377; x_wconf 87' lang='lat' dir='ltr'><strong>lollia</strong></span> <span class='ocrx_word' id='word_1_331' title='bbox 1316 2347 1349 2379; x_wconf 93' lang='lat' dir='ltr'><strong>M</strong></span> <span class='ocrx_word' id='word_1_332' title='bbox 1367 2363 1403 2369; x_wconf 89' lang='lat'><strong>—</strong></span> <span class='ocrx_word' id='word_1_333' title='bbox 1431 2346 1482 2378; x_wconf 91' lang='grc'><strong>48.</strong></span> <span class='ocrx_word' id='word_1_334' title='bbox 1507 2346 1658 2386; x_wconf 86' lang='lat' dir='ltr'><strong>familiae</strong></span> <span class='ocrx_word' id='word_1_335' title='bbox 1679 2346 1784 2378; x_wconf 84' lang='lat' dir='ltr'><strong>Iuliae</strong></span> <span class='ocrx_word' id='word_1_336' title='bbox 1807 2345 1984 2378; x_wconf 79' lang='lat' dir='ltr'><strong>Claudiae-</strong></span> 
     </span>
     <span class='ocr_line' id='line_1_29' title="bbox 203 2398 1087 2440; baseline 0.003 -10"><span class='ocrx_word' id='word_1_337' title='bbox 203 2407 266 2439; x_wconf 78' lang='lat' dir='ltr'><strong>que</strong></span> <span class='ocrx_word' id='word_1_338' title='bbox 289 2398 565 2432; x_wconf 86' lang='lat' dir='ltr'><strong>Freinshemius:</strong></span> <span class='ocrx_word' id='word_1_339' title='bbox 590 2399 740 2440; x_wconf 82' lang='lat' dir='ltr'><strong>familiae</strong></span> <span class='ocrx_word' id='word_1_340' title='bbox 762 2400 915 2432; x_wconf 82' lang='lat' dir='ltr'><strong>claudiae</strong></span> <span class='ocrx_word' id='word_1_341' title='bbox 937 2409 1022 2440; x_wconf 86' lang='lat' dir='ltr'><strong>quae</strong></span> <span class='ocrx_word' id='word_1_342' title='bbox 1045 2401 1087 2433; x_wconf 88' lang='lat' dir='ltr'><strong>M.</strong></span> 
     </span>
    </p>
   </div>
   <div class='ocr_carea' id='block_1_5' title="bbox 203 2522 1072 3112">
    <p class='ocr_par' dir='ltr' id='par_1_6' title="bbox 203 2522 1072 3112">
     <span class='ocr_line' id='line_1_30' title="bbox 248 2522 1067 2565; baseline 0.004 -11"><span class='ocrx_word' id='word_1_343' title='bbox 248 2522 279 2555; x_wconf 88' lang='grc'><strong>4.</strong></span> <span class='ocrx_word' id='word_1_344' title='bbox 304 2523 506 2564; x_wconf 77' lang='lat' dir='ltr'><strong>contendere]</strong></span> <span class='ocrx_word' id='word_1_345' title='bbox 531 2525 735 2565; x_wconf 84' lang='lat' dir='ltr'><strong>arroganter</strong></span> <span class='ocrx_word' id='word_1_346' title='bbox 751 2533 831 2556; x_wconf 90' lang='lat' dir='ltr'><strong>cum</strong></span> <span class='ocrx_word' id='word_1_347' title='bbox 849 2524 1067 2558; x_wconf 87' lang='lat' dir='ltr'><strong>aemularum</strong></span> 
     </span>
     <span class='ocr_line' id='line_1_31' title="bbox 204 2571 1066 2614; baseline 0.003 -10"><span class='ocrx_word' id='word_1_348' title='bbox 204 2571 385 2605; x_wconf 88' lang='lat' dir='ltr'><strong>nobilitate</strong></span> <span class='ocrx_word' id='word_1_349' title='bbox 409 2574 477 2605; x_wconf 88' lang='lat' dir='ltr'><strong>cet.</strong></span> <span class='ocrx_word' id='word_1_350' title='bbox 505 2581 724 2614; x_wconf 88' lang='lat' dir='ltr'><strong>comparare.</strong></span> <span class='ocrx_word' id='word_1_351' title='bbox 751 2575 805 2606; x_wconf 88' lang='lat' dir='ltr'><strong>Sic</strong></span> <span class='ocrx_word' id='word_1_352' title='bbox 822 2574 874 2613; x_wconf 91' lang='grc'><strong>43,</strong></span> <span class='ocrx_word' id='word_1_353' title='bbox 893 2574 928 2606; x_wconf 87' lang='lat'><strong>3:</strong></span> <span class='ocrx_word' id='word_1_354' title='bbox 954 2578 1066 2607; x_wconf 86' lang='lat' dir='ltr'><strong>vetera</strong></span> 
     </span>
     <span class='ocr_line' id='line_1_32' title="bbox 203 2622 1068 2667; baseline 0.005 -14"><span class='ocrx_word' id='word_1_355' title='bbox 203 2625 235 2654; x_wconf 85' lang='lat' dir='ltr'><strong>et</strong></span> <span class='ocrx_word' id='word_1_356' title='bbox 253 2622 444 2663; x_wconf 82' lang='lat' dir='ltr'><strong>praesentia</strong></span> <span class='ocrx_word' id='word_1_357' title='bbox 460 2624 662 2655; x_wconf 82' lang='lat' dir='ltr'><strong>contendere.</strong></span> <span class='ocrx_word' id='word_1_358' title='bbox 679 2641 713 2646; x_wconf 93' lang='lat'>—</span> <span class='ocrx_word' id='word_1_359' title='bbox 730 2624 869 2655; x_wconf 87' lang='lat' dir='ltr'><strong>Lolliam</strong></span> <span class='ocrx_word' id='word_1_360' title='bbox 882 2625 1068 2667; x_wconf 80' lang='lat' dir='ltr'><strong>Paulinam]</strong></span> 
     </span>
     <span class='ocr_line' id='line_1_33' title="bbox 204 2672 1067 2715; baseline 0.002 -11"><span class='ocrx_word' id='word_1_361' title='bbox 204 2672 248 2704; x_wconf 92' lang='lat' dir='ltr'><strong>M.</strong></span> <span class='ocrx_word' id='word_1_362' title='bbox 266 2672 383 2711; x_wconf 86' lang='lat' dir='ltr'><strong>Lollii,</strong></span> <span class='ocrx_word' id='word_1_363' title='bbox 411 2672 456 2705; x_wconf 91' lang='lat' dir='ltr'><strong>de</strong></span> <span class='ocrx_word' id='word_1_364' title='bbox 479 2681 549 2713; x_wconf 90' lang='lat' dir='ltr'><strong>quo</strong></span> <span class='ocrx_word' id='word_1_365' title='bbox 566 2673 610 2705; x_wconf 92' lang='lat' dir='ltr'><strong>ad</strong></span> <span class='ocrx_word' id='word_1_366' title='bbox 627 2673 659 2713; x_wconf 91' lang='lat'><strong>3,</strong></span> <span class='ocrx_word' id='word_1_367' title='bbox 677 2674 718 2706; x_wconf 76' lang='lat'><strong>48</strong></span> <span class='ocrx_word' id='word_1_368' title='bbox 734 2674 897 2713; x_wconf 89' lang='lat' dir='ltr'><strong>diximus,</strong></span> <span class='ocrx_word' id='word_1_369' title='bbox 923 2674 1067 2715; x_wconf 85' lang='lat' dir='ltr'><strong>neptim,</strong></span> 
     </span>
     <span class='ocr_line' id='line_1_34' title="bbox 206 2721 1070 2764; baseline 0.002 -10"><span class='ocrx_word' id='word_1_370' title='bbox 206 2721 244 2754; x_wconf 86' lang='lat' dir='ltr'><strong>C.</strong></span> <span class='ocrx_word' id='word_1_371' title='bbox 263 2722 430 2755; x_wconf 89' lang='lat' dir='ltr'><strong>Memmio</strong></span> <span class='ocrx_word' id='word_1_372' title='bbox 455 2722 634 2764; x_wconf 86' lang='lat' dir='ltr'><strong>quondam</strong></span> <span class='ocrx_word' id='word_1_373' title='bbox 651 2722 799 2764; x_wconf 84' lang='lat' dir='ltr'><strong>Regulo,</strong></span> <span class='ocrx_word' id='word_1_374' title='bbox 826 2723 905 2755; x_wconf 88' lang='lat' dir='ltr'><strong>dein</strong></span> <span class='ocrx_word' id='word_1_375' title='bbox 927 2724 965 2756; x_wconf 92' lang='lat' dir='ltr'><strong>C.</strong></span> <span class='ocrx_word' id='word_1_376' title='bbox 985 2724 1070 2756; x_wconf 89' lang='lat' dir='ltr'><strong>Cae—</strong></span> 
     </span>
     <span class='ocr_line' id='line_1_35' title="bbox 207 2772 1066 2814; baseline 0.002 -10"><span class='ocrx_word' id='word_1_377' title='bbox 207 2772 276 2804; x_wconf 83' lang='lat' dir='ltr'><strong>sari</strong></span> <span class='ocrx_word' id='word_1_378' title='bbox 301 2772 496 2814; x_wconf 76' lang='lat' dir='ltr'><strong>(Caligulae)</strong></span> <span class='ocrx_word' id='word_1_379' title='bbox 523 2775 679 2814; x_wconf 88' lang='lat' dir='ltr'><strong>nuptam.</strong></span> <span class='ocrx_word' id='word_1_380' title='bbox 713 2773 762 2805; x_wconf 78' lang='lat' dir='ltr'><strong>Cf.</strong></span> <span class='ocrx_word' id='word_1_381' title='bbox 790 2781 820 2806; x_wconf 88' lang='lat' dir='ltr'><strong>c.</strong></span> <span class='ocrx_word' id='word_1_382' title='bbox 845 2774 898 2805; x_wconf 89' lang='lat'><strong>22.</strong></span> <span class='ocrx_word' id='word_1_383' title='bbox 925 2774 1066 2806; x_wconf 88' lang='lat' dir='ltr'><strong>Sueton.</strong></span> 
     </span>
     <span class='ocr_line' id='line_1_36' title="bbox 206 2821 1071 2863; baseline 0.001 -9"><span class='ocrx_word' id='word_1_384' title='bbox 206 2821 313 2863; x_wconf 85' lang='lat' dir='ltr'><strong>Calig.</strong></span> <span class='ocrx_word' id='word_1_385' title='bbox 338 2823 393 2855; x_wconf 86' lang='lat'><strong>25.</strong></span> <span class='ocrx_word' id='word_1_386' title='bbox 426 2822 547 2856; x_wconf 87' lang='lat' dir='ltr'><strong>Claud.</strong></span> <span class='ocrx_word' id='word_1_387' title='bbox 574 2824 627 2856; x_wconf 85' lang='lat'><strong>26.</strong></span> <span class='ocrx_word' id='word_1_388' title='bbox 660 2823 724 2855; x_wconf 91' lang='lat' dir='ltr'><strong>Dio</strong></span> <span class='ocrx_word' id='word_1_389' title='bbox 747 2824 800 2863; x_wconf 81' lang='lat'><strong>59,</strong></span> <span class='ocrx_word' id='word_1_390' title='bbox 826 2824 878 2855; x_wconf 75' lang='grc'><strong>42.</strong></span> <span class='ocrx_word' id='word_1_391' title='bbox 912 2824 993 2856; x_wconf 90' lang='lat' dir='ltr'><strong>Eius</strong></span> <span class='ocrx_word' id='word_1_392' title='bbox 1015 2822 1071 2855; x_wconf 92' lang='lat' dir='ltr'><strong>lu-</strong></span> 
     </span>
     <span class='ocr_line' id='line_1_37' title="bbox 204 2872 1065 2915; baseline 0.001 -11"><span class='ocrx_word' id='word_1_393' title='bbox 204 2873 342 2904; x_wconf 82' lang='lat' dir='ltr'><strong>xuriam</strong></span> <span class='ocrx_word' id='word_1_394' title='bbox 365 2874 462 2905; x_wconf 86' lang='lat' dir='ltr'><strong>notat</strong></span> <span class='ocrx_word' id='word_1_395' title='bbox 490 2872 617 2906; x_wconf 85' lang='lat' dir='ltr'><strong>Plinius</strong></span> <span class='ocrx_word' id='word_1_396' title='bbox 639 2874 679 2906; x_wconf 92' lang='lat' dir='ltr'><strong>N.</strong></span> <span class='ocrx_word' id='word_1_397' title='bbox 707 2873 747 2905; x_wconf 90' lang='lat' dir='ltr'><strong>H.</strong></span> <span class='ocrx_word' id='word_1_398' title='bbox 773 2873 793 2905; x_wconf 84' lang='lat'>9</span> <span class='ocrx_word' id='word_1_399' title='bbox 818 2873 836 2915; x_wconf 71' lang='lat' dir='ltr'>S</span> <span class='ocrx_word' id='word_1_400' title='bbox 861 2873 923 2905; x_wconf 87' lang='grc'><strong>447</strong></span> <span class='ocrx_word' id='word_1_401' title='bbox 948 2881 1002 2913; x_wconf 90' lang='lat' dir='ltr'><strong>sq.</strong></span> <span class='ocrx_word' id='word_1_402' title='bbox 1030 2889 1065 2895; x_wconf 88' lang='lat'>—</span> 
     </span>
     <span class='ocr_line' id='line_1_38' title="bbox 204 2922 1071 2968; baseline 0 -14"><span class='ocrx_word' id='word_1_403' title='bbox 204 2923 251 2955; x_wconf 82' lang='grc' dir='ltr'><strong>Μ.</strong></span> <span class='ocrx_word' id='word_1_404' title='bbox 277 2923 373 2968; x_wconf 74' lang='lat' dir='ltr'><strong>Lollii</strong></span> <span class='ocrx_word' id='word_1_405' title='bbox 401 2923 600 2964; x_wconf 82' lang='lat' dir='ltr'><strong>consularis]</strong></span> <span class='ocrx_word' id='word_1_406' title='bbox 633 2922 708 2955; x_wconf 89' lang='lat' dir='ltr'><strong>scil.</strong></span> <span class='ocrx_word' id='word_1_407' title='bbox 730 2923 855 2965; x_wconf 75' lang='lat' dir='ltr'><strong>filiam,</strong></span> <span class='ocrx_word' id='word_1_408' title='bbox 889 2931 980 2964; x_wconf 87' lang='lat' dir='ltr'><strong>quae</strong></span> <span class='ocrx_word' id='word_1_409' title='bbox 1002 2931 1071 2954; x_wconf 84' lang='lat' dir='ltr'><strong>vox</strong></span> 
     </span>
     <span class='ocr_line' id='line_1_39' title="bbox 206 2971 1072 3015; baseline 0.001 -12"><span class='ocrx_word' id='word_1_410' title='bbox 206 2971 304 3004; x_wconf 78' lang='lat' dir='ltr'><strong>facile</strong></span> <span class='ocrx_word' id='word_1_411' title='bbox 329 2973 538 3013; x_wconf 84' lang='lat' dir='ltr'><strong>cogitatione</strong></span> <span class='ocrx_word' id='word_1_412' title='bbox 562 2972 717 3015; x_wconf 90' lang='lat' dir='ltr'><strong>suppleri</strong></span> <span class='ocrx_word' id='word_1_413' title='bbox 740 2974 856 3014; x_wconf 87' lang='lat' dir='ltr'><strong>potest</strong></span> <span class='ocrx_word' id='word_1_414' title='bbox 878 2972 923 3004; x_wconf 92' lang='lat' dir='ltr'><strong>ob</strong></span> <span class='ocrx_word' id='word_1_415' title='bbox 947 2971 1072 3005; x_wconf 90' lang='lat' dir='ltr'><strong>subse-</strong></span> 
     </span>
     <span class='ocr_line' id='line_1_40' title="bbox 207 3021 1072 3064; baseline 0 -10"><span class='ocrx_word' id='word_1_416' title='bbox 207 3023 378 3063; x_wconf 87' lang='lat' dir='ltr'><strong>quentem</strong></span> <span class='ocrx_word' id='word_1_417' title='bbox 406 3024 563 3064; x_wconf 64' lang='lat' dir='ltr'><strong>genitam.</strong></span> <span class='ocrx_word' id='word_1_418' title='bbox 600 3023 675 3062; x_wconf 91' lang='lat' dir='ltr'><strong>Quo</strong></span> <span class='ocrx_word' id='word_1_419' title='bbox 706 3031 797 3054; x_wconf 87' lang='lat' dir='ltr'><strong>anno</strong></span> <span class='ocrx_word' id='word_1_420' title='bbox 821 3021 947 3054; x_wconf 84' lang='lat' dir='ltr'><strong>Lolliae</strong></span> <span class='ocrx_word' id='word_1_421' title='bbox 970 3024 1072 3063; x_wconf 87' lang='lat' dir='ltr'><strong>pater</strong></span> 
     </span>
     <span class='ocr_line' id='line_1_41' title="bbox 208 3070 956 3112; baseline -0.001 -8"><span class='ocrx_word' id='word_1_422' title='bbox 208 3070 330 3104; x_wconf 87' lang='lat' dir='ltr'><strong>consul</strong></span> <span class='ocrx_word' id='word_1_423' title='bbox 355 3071 546 3112; x_wconf 82' lang='lat' dir='ltr'><strong>(suffectus)</strong></span> <span class='ocrx_word' id='word_1_424' title='bbox 570 3071 690 3111; x_wconf 82' lang='lat' dir='ltr'><strong>fuerit,</strong></span> <span class='ocrx_word' id='word_1_425' title='bbox 717 3081 786 3104; x_wconf 91' lang='lat' dir='ltr'><strong>non</strong></span> <span class='ocrx_word' id='word_1_426' title='bbox 811 3073 956 3104; x_wconf 90' lang='lat' dir='ltr'><strong>constat.</strong></span> 
     </span>
    </p>
   </div>
   <div class='ocr_carea' id='block_1_6' title="bbox 204 3169 1073 3461">
    <p class='ocr_par' dir='ltr' id='par_1_7' title="bbox 204 3169 1073 3461">
     <span class='ocr_line' id='line_1_42' title="bbox 251 3169 1069 3212; baseline -0.001 -9"><span class='ocrx_word' id='word_1_427' title='bbox 251 3171 283 3203; x_wconf 81' lang='lat'><strong>2.</strong></span> <span class='ocrx_word' id='word_1_428' title='bbox 308 3174 399 3203; x_wconf 83' lang='lat' dir='ltr'><strong>vetus</strong></span> <span class='ocrx_word' id='word_1_429' title='bbox 419 3170 680 3212; x_wconf 79' lang='lat' dir='ltr'><strong>matrimonium]</strong></span> <span class='ocrx_word' id='word_1_430' title='bbox 706 3171 848 3202; x_wconf 88' lang='lat' dir='ltr'><strong>Sueton.</strong></span> <span class='ocrx_word' id='word_1_431' title='bbox 869 3169 990 3203; x_wconf 90' lang='lat' dir='ltr'><strong>Claud.</strong></span> <span class='ocrx_word' id='word_1_432' title='bbox 1008 3170 1069 3202; x_wconf 86' lang='lat'><strong>26:</strong></span> 
     </span>
     <span class='ocr_line' id='line_1_43' title="bbox 211 3220 1073 3262; baseline -0.002 -9"><span class='ocrx_word' id='word_1_433' title='bbox 211 3221 337 3253; x_wconf 72' lang='lat' dir='ltr'><strong>Uxores</strong></span> <span class='ocrx_word' id='word_1_434' title='bbox 364 3221 461 3253; x_wconf 75' lang='lat' dir='ltr'><strong>duxit</strong></span> <span class='ocrx_word' id='word_1_435' title='bbox 489 3220 655 3252; x_wconf 84' lang='lat' dir='ltr'><strong>Plautiam</strong></span> <span class='ocrx_word' id='word_1_436' title='bbox 679 3220 922 3262; x_wconf 66' lang='lat' dir='ltr'><strong>Urgulanillam</strong></span> <span class='ocrx_word' id='word_1_437' title='bbox 952 3220 1073 3252; x_wconf 84' lang='lat' dir='ltr'><strong>trium-</strong></span> 
     </span>
     <span class='ocr_line' id='line_1_44' title="bbox 204 3269 1069 3311; baseline -0.002 -9"><span class='ocrx_word' id='word_1_438' title='bbox 204 3270 297 3311; x_wconf 79' lang='lat' dir='ltr'><strong>phali</strong></span> <span class='ocrx_word' id='word_1_439' title='bbox 315 3274 345 3302; x_wconf 89' lang='lat' dir='ltr'><strong>et</strong></span> <span class='ocrx_word' id='word_1_440' title='bbox 358 3279 439 3303; x_wconf 65' lang='lat' dir='ltr'><strong>mox</strong></span> <span class='ocrx_word' id='word_1_441' title='bbox 453 3270 581 3303; x_wconf 83' lang='lat' dir='ltr'><strong>Aeliam</strong></span> <span class='ocrx_word' id='word_1_442' title='bbox 595 3270 764 3302; x_wconf 82' lang='lat' dir='ltr'><strong>Paetinam</strong></span> <span class='ocrx_word' id='word_1_443' title='bbox 779 3269 947 3301; x_wconf 83' lang='lat' dir='ltr'><strong>consulari</strong></span> <span class='ocrx_word' id='word_1_444' title='bbox 963 3272 1069 3309; x_wconf 83' lang='lat' dir='ltr'><strong>patre.</strong></span> 
     </span>
     <span class='ocr_line' id='line_1_45' title="bbox 210 3319 1073 3361; baseline -0.003 -8"><span class='ocrx_word' id='word_1_445' title='bbox 210 3319 291 3353; x_wconf 76' lang='lat' dir='ltr'><strong>Cum</strong></span> <span class='ocrx_word' id='word_1_446' title='bbox 311 3324 455 3361; x_wconf 79' lang='lat' dir='ltr'><strong>utraque</strong></span> <span class='ocrx_word' id='word_1_447' title='bbox 469 3321 648 3352; x_wconf 82' lang='lat' dir='ltr'><strong>divortium</strong></span> <span class='ocrx_word' id='word_1_448' title='bbox 661 3320 756 3360; x_wconf 82' lang='lat' dir='ltr'><strong>fecit;</strong></span> <span class='ocrx_word' id='word_1_449' title='bbox 779 3320 834 3351; x_wconf 82' lang='lat' dir='ltr'><strong>sed</strong></span> <span class='ocrx_word' id='word_1_450' title='bbox 849 3328 923 3351; x_wconf 87' lang='lat' dir='ltr'><strong>cum</strong></span> <span class='ocrx_word' id='word_1_451' title='bbox 937 3320 1073 3351; x_wconf 86' lang='lat' dir='ltr'><strong>Paetina</strong></span> 
     </span>
     <span class='ocr_line' id='line_1_46' title="bbox 210 3369 1071 3412; baseline 0 -12"><span class='ocrx_word' id='word_1_452' title='bbox 210 3377 254 3400; x_wconf 72' lang='lat' dir='ltr'><strong>ex</strong></span> <span class='ocrx_word' id='word_1_453' title='bbox 282 3370 403 3403; x_wconf 75' lang='lat' dir='ltr'><strong>levibus</strong></span> <span class='ocrx_word' id='word_1_454' title='bbox 431 3371 572 3412; x_wconf 79' lang='lat' dir='ltr'><strong>offensis.</strong></span> <span class='ocrx_word' id='word_1_455' title='bbox 599 3387 634 3393; x_wconf 95' lang='lat'>—</span> <span class='ocrx_word' id='word_1_456' title='bbox 665 3369 830 3410; x_wconf 80' lang='lat' dir='ltr'><strong>familiam</strong></span> <span class='ocrx_word' id='word_1_457' title='bbox 857 3369 1071 3412; x_wconf 83' lang='lat' dir='ltr'><strong>communem]</strong></span> 
     </span>
     <span class='ocr_line' id='line_1_47' title="bbox 210 3417 1073 3461; baseline -0.002 -8"><span class='ocrx_word' id='word_1_458' title='bbox 210 3417 262 3453; x_wconf 76' lang='lat' dir='ltr'><strong>De</strong></span> <span class='ocrx_word' id='word_1_459' title='bbox 289 3427 359 3452; x_wconf 88' lang='lat' dir='ltr'><strong>una</strong></span> <span class='ocrx_word' id='word_1_460' title='bbox 387 3418 456 3452; x_wconf 86' lang='lat' dir='ltr'><strong>filia</strong></span> <span class='ocrx_word' id='word_1_461' title='bbox 487 3428 613 3453; x_wconf 86' lang='lat' dir='ltr'><strong>vocem</strong></span> <span class='ocrx_word' id='word_1_462' title='bbox 642 3419 807 3461; x_wconf 79' lang='lat' dir='ltr'><strong>familiam</strong></span> <span class='ocrx_word' id='word_1_463' title='bbox 833 3418 879 3451; x_wconf 90' lang='lat' dir='ltr'><strong>ad</strong></span> <span class='ocrx_word' id='word_1_464' title='bbox 907 3427 985 3452; x_wconf 88' lang='lat' dir='ltr'><strong>rem</strong></span> <span class='ocrx_word' id='word_1_465' title='bbox 1008 3426 1073 3452; x_wconf 82' lang='lat' dir='ltr'><strong>au·-</strong></span> 
     </span>
    </p>
   </div>
   <div class='ocr_carea' id='block_1_7' title="bbox 1120 2525 1987 3267">
    <p class='ocr_par' dir='ltr' id='par_1_8' title="bbox 1120 2525 1987 3267">
     <span class='ocr_line' id='line_1_48' title="bbox 1120 2525 1985 2568; baseline -0.001 -10"><span class='ocrx_word' id='word_1_466' title='bbox 1120 2525 1269 2567; x_wconf 86' lang='lat' dir='ltr'><strong>gendam</strong></span> <span class='ocrx_word' id='word_1_467' title='bbox 1287 2534 1477 2568; x_wconf 88' lang='lat' dir='ltr'><strong>usurpasse</strong></span> <span class='ocrx_word' id='word_1_468' title='bbox 1495 2526 1633 2558; x_wconf 88' lang='lat' dir='ltr'><strong>videtur</strong></span> <span class='ocrx_word' id='word_1_469' title='bbox 1648 2527 1842 2559; x_wconf 62' lang='lat' dir='ltr'><strong>Narcissus</strong></span> <span class='ocrx_word' id='word_1_470' title='bbox 1864 2543 1898 2548; x_wconf 94' lang='grc'><strong>-</strong></span> <span class='ocrx_word' id='word_1_471' title='bbox 1917 2525 1985 2558; x_wconf 82' lang='lat' dir='ltr'><strong>An-</strong></span> 
     </span>
     <span class='ocr_line' id='line_1_49' title="bbox 1120 2575 1984 2618; baseline -0.001 -11"><span class='ocrx_word' id='word_1_472' title='bbox 1120 2577 1224 2616; x_wconf 85' lang='lat' dir='ltr'><strong>tonia]</strong></span> <span class='ocrx_word' id='word_1_473' title='bbox 1255 2577 1316 2608; x_wconf 93' lang='lat' dir='ltr'><strong>Cn.</strong></span> <span class='ocrx_word' id='word_1_474' title='bbox 1343 2577 1509 2618; x_wconf 89' lang='lat' dir='ltr'><strong>Pompeio</strong></span> <span class='ocrx_word' id='word_1_475' title='bbox 1534 2577 1675 2617; x_wconf 84' lang='lat' dir='ltr'><strong>Magno,</strong></span> <span class='ocrx_word' id='word_1_476' title='bbox 1707 2575 1835 2608; x_wconf 90' lang='lat' dir='ltr'><strong>deinde</strong></span> <span class='ocrx_word' id='word_1_477' title='bbox 1860 2576 1984 2607; x_wconf 89' lang='lat' dir='ltr'><strong>Fausto</strong></span> 
     </span>
     <span class='ocr_line' id='line_1_50' title="bbox 1121 2624 1985 2667; baseline -0.002 -10"><span class='ocrx_word' id='word_1_478' title='bbox 1121 2625 1251 2664; x_wconf 82' lang='lat' dir='ltr'><strong>Sullae,</strong></span> <span class='ocrx_word' id='word_1_479' title='bbox 1278 2625 1501 2658; x_wconf 77' lang='lat' dir='ltr'><strong>nobilissimis</strong></span> <span class='ocrx_word' id='word_1_480' title='bbox 1525 2626 1727 2664; x_wconf 83' lang='lat' dir='ltr'><strong>iuvenibus.</strong></span> <span class='ocrx_word' id='word_1_481' title='bbox 1753 2634 1772 2657; x_wconf 92' lang='lat' dir='ltr'><strong>a</strong></span> <span class='ocrx_word' id='word_1_482' title='bbox 1796 2627 1894 2667; x_wconf 91' lang='lat' dir='ltr'><strong>patre</strong></span> <span class='ocrx_word' id='word_1_483' title='bbox 1912 2624 1985 2656; x_wconf 91' lang='lat' dir='ltr'><strong>col-</strong></span> 
     </span>
     <span class='ocr_line' id='line_1_51' title="bbox 1122 2675 1982 2714; baseline -0.002 -6"><span class='ocrx_word' id='word_1_484' title='bbox 1122 2675 1245 2708; x_wconf 90' lang='lat' dir='ltr'><strong>locata.</strong></span> <span class='ocrx_word' id='word_1_485' title='bbox 1271 2677 1413 2708; x_wconf 86' lang='lat' dir='ltr'><strong>Sueton.</strong></span> <span class='ocrx_word' id='word_1_486' title='bbox 1444 2675 1565 2709; x_wconf 90' lang='lat' dir='ltr'><strong>Claud.</strong></span> <span class='ocrx_word' id='word_1_487' title='bbox 1591 2677 1631 2708; x_wconf 82' lang='lat'><strong>27</strong></span> <span class='ocrx_word' id='word_1_488' title='bbox 1682 2676 1732 2708; x_wconf 85' lang='lat' dir='ltr'><strong>Cf.</strong></span> <span class='ocrx_word' id='word_1_489' title='bbox 1763 2675 1816 2714; x_wconf 88' lang='grc'><strong>43,</strong></span> <span class='ocrx_word' id='word_1_490' title='bbox 1846 2675 1898 2707; x_wconf 85' lang='lat'><strong>23.</strong></span> <span class='ocrx_word' id='word_1_491' title='bbox 1930 2675 1982 2714; x_wconf 85' lang='grc'><strong>45,</strong></span> 
     </span>
     <span class='ocr_line' id='line_1_52' title="bbox 1121 2724 1981 2767; baseline -0.003 -9"><span class='ocrx_word' id='word_1_492' title='bbox 1121 2726 1174 2758; x_wconf 87' lang='grc'><strong>53.</strong></span> <span class='ocrx_word' id='word_1_493' title='bbox 1205 2743 1237 2748; x_wconf 79' lang='lat'><strong>—-</strong></span> <span class='ocrx_word' id='word_1_494' title='bbox 1264 2725 1490 2758; x_wconf 78' lang='lat' dir='ltr'><strong>novercalibus</strong></span> <span class='ocrx_word' id='word_1_495' title='bbox 1516 2726 1599 2757; x_wconf 84' lang='lat' dir='ltr'><strong>odiis</strong></span> <span class='ocrx_word' id='word_1_496' title='bbox 1623 2725 1750 2767; x_wconf 82' lang='lat' dir='ltr'><strong>visura]</strong></span> <span class='ocrx_word' id='word_1_497' title='bbox 1787 2724 1837 2758; x_wconf 83' lang='lat' dir='ltr'><strong>Cr.</strong></span> <span class='ocrx_word' id='word_1_498' title='bbox 1864 2725 1981 2756; x_wconf 86' lang='lat' dir='ltr'><strong>Horat.</strong></span> 
     </span>
     <span class='ocr_line' id='line_1_53' title="bbox 1121 2775 1984 2818; baseline -0.003 -10"><span class='ocrx_word' id='word_1_499' title='bbox 1121 2776 1230 2818; x_wconf 92' lang='lat' dir='ltr'><strong>Epod.</strong></span> <span class='ocrx_word' id='word_1_500' title='bbox 1256 2778 1294 2816; x_wconf 84' lang='lat'><strong>5,</strong></span> <span class='ocrx_word' id='word_1_501' title='bbox 1319 2777 1358 2807; x_wconf 88' lang='lat'><strong>9:</strong></span> <span class='ocrx_word' id='word_1_502' title='bbox 1393 2777 1478 2817; x_wconf 84' lang='lat' dir='ltr'><strong>Quid</strong></span> <span class='ocrx_word' id='word_1_503' title='bbox 1510 2779 1549 2808; x_wconf 84' lang='lat' dir='ltr'><strong>ut</strong></span> <span class='ocrx_word' id='word_1_504' title='bbox 1575 2785 1718 2808; x_wconf 89' lang='lat' dir='ltr'><strong>noverca</strong></span> <span class='ocrx_word' id='word_1_505' title='bbox 1745 2785 1796 2807; x_wconf 90' lang='lat' dir='ltr'><strong>me</strong></span> <span class='ocrx_word' id='word_1_506' title='bbox 1822 2775 1984 2807; x_wconf 71' lang='lat' dir='ltr'><strong>intueris?</strong></span> 
     </span>
     <span class='ocr_line' id='line_1_54' title="bbox 1125 2823 1984 2867; baseline -0.003 -9"><span class='ocrx_word' id='word_1_507' title='bbox 1125 2844 1159 2850; x_wconf 82' lang='lat'><strong>—-</strong></span> <span class='ocrx_word' id='word_1_508' title='bbox 1185 2826 1268 2867; x_wconf 85' lang='lat' dir='ltr'><strong>suis]</strong></span> <span class='ocrx_word' id='word_1_509' title='bbox 1292 2827 1479 2865; x_wconf 86' lang='lat' dir='ltr'><strong>Antoniae,</strong></span> <span class='ocrx_word' id='word_1_510' title='bbox 1505 2834 1613 2867; x_wconf 85' lang='lat' dir='ltr'><strong>quam</strong></span> <span class='ocrx_word' id='word_1_511' title='bbox 1630 2826 1827 2867; x_wconf 85' lang='lat' dir='ltr'><strong>genuisset,</strong></span> <span class='ocrx_word' id='word_1_512' title='bbox 1854 2826 1887 2856; x_wconf 87' lang='lat' dir='ltr'><strong>et</strong></span> <span class='ocrx_word' id='word_1_513' title='bbox 1911 2823 1984 2855; x_wconf 87' lang='lat' dir='ltr'><strong>aliis</strong></span> 
     </span>
     <span class='ocr_line' id='line_1_55' title="bbox 1122 2875 1984 2917; baseline -0.003 -9"><span class='ocrx_word' id='word_1_514' title='bbox 1122 2876 1269 2909; x_wconf 80' lang='lat' dir='ltr'><strong>fortasse</strong></span> <span class='ocrx_word' id='word_1_515' title='bbox 1305 2876 1440 2915; x_wconf 88' lang='lat' dir='ltr'><strong>liberis,</strong></span> <span class='ocrx_word' id='word_1_516' title='bbox 1475 2885 1565 2917; x_wconf 89' lang='lat' dir='ltr'><strong>quos</strong></span> <span class='ocrx_word' id='word_1_517' title='bbox 1599 2885 1641 2907; x_wconf 81' lang='lat' dir='ltr'><strong>ex</strong></span> <span class='ocrx_word' id='word_1_518' title='bbox 1677 2875 1820 2908; x_wconf 89' lang='lat' dir='ltr'><strong>Claudio</strong></span> <span class='ocrx_word' id='word_1_519' title='bbox 1855 2883 1984 2906; x_wconf 88' lang='lat' dir='ltr'><strong>conce-</strong></span> 
     </span>
     <span class='ocr_line' id='line_1_56' title="bbox 1121 2925 1984 2967; baseline -0.001 -11"><span class='ocrx_word' id='word_1_520' title='bbox 1121 2927 1221 2967; x_wconf 89' lang='lat' dir='ltr'><strong>ptura</strong></span> <span class='ocrx_word' id='word_1_521' title='bbox 1246 2927 1352 2958; x_wconf 86' lang='lat' dir='ltr'><strong>esset.</strong></span> <span class='ocrx_word' id='word_1_522' title='bbox 1382 2944 1415 2949; x_wconf 93' lang='lat'><strong>—</strong></span> <span class='ocrx_word' id='word_1_523' title='bbox 1437 2926 1612 2967; x_wconf 75' lang='lat' dir='ltr'><strong>priviynis]</strong></span> <span class='ocrx_word' id='word_1_524' title='bbox 1636 2927 1794 2967; x_wconf 87' lang='lat' dir='ltr'><strong>privigno</strong></span> <span class='ocrx_word' id='word_1_525' title='bbox 1821 2928 1855 2957; x_wconf 92' lang='lat' dir='ltr'><strong>et</strong></span> <span class='ocrx_word' id='word_1_526' title='bbox 1878 2925 1984 2965; x_wconf 89' lang='lat' dir='ltr'><strong>privi-</strong></span> 
     </span>
     <span class='ocr_line' id='line_1_57' title="bbox 1122 2973 1983 3017; baseline -0.003 -10"><span class='ocrx_word' id='word_1_527' title='bbox 1122 2984 1222 3016; x_wconf 80' lang='lat' dir='ltr'><strong>gnae.</strong></span> <span class='ocrx_word' id='word_1_528' title='bbox 1250 2975 1300 3007; x_wconf 81' lang='lat' dir='ltr'><strong>Cf.</strong></span> <span class='ocrx_word' id='word_1_529' title='bbox 1327 2974 1359 3014; x_wconf 79' lang='lat'><strong>4,</strong></span> <span class='ocrx_word' id='word_1_530' title='bbox 1381 2976 1433 3007; x_wconf 88' lang='grc'><strong>74.</strong></span> <span class='ocrx_word' id='word_1_531' title='bbox 1471 2975 1633 3008; x_wconf 89' lang='lat' dir='ltr'><strong>Similiter</strong></span> <span class='ocrx_word' id='word_1_532' title='bbox 1660 2976 1721 3017; x_wconf 72' lang='lat' dir='ltr'><strong>filii</strong></span> <span class='ocrx_word' id='word_1_533' title='bbox 1745 2975 1907 3007; x_wconf 89' lang='lat' dir='ltr'><strong>dicuntur</strong></span> <span class='ocrx_word' id='word_1_534' title='bbox 1930 2973 1983 3012; x_wconf 86' lang='grc'><strong>44,</strong></span> 
     </span>
     <span class='ocr_line' id='line_1_58' title="bbox 1122 3025 1987 3066; baseline -0.003 -9"><span class='ocrx_word' id='word_1_535' title='bbox 1122 3025 1174 3057; x_wconf 88' lang='lat'><strong>38.</strong></span> <span class='ocrx_word' id='word_1_536' title='bbox 1203 3025 1327 3064; x_wconf 80' lang='lat' dir='ltr'><strong>fratres</strong></span> <span class='ocrx_word' id='word_1_537' title='bbox 1350 3026 1402 3063; x_wconf 76' lang='lat'><strong>42.</strong></span> <span class='ocrx_word' id='word_1_538' title='bbox 1428 3025 1459 3058; x_wconf 73' lang='lat'><strong>4.</strong></span> <span class='ocrx_word' id='word_1_539' title='bbox 1490 3028 1686 3066; x_wconf 82' lang='lat' dir='ltr'><strong>pronepotes</strong></span> <span class='ocrx_word' id='word_1_540' title='bbox 1707 3026 1738 3063; x_wconf 83' lang='lat'><strong>5,</strong></span> <span class='ocrx_word' id='word_1_541' title='bbox 1765 3025 1795 3056; x_wconf 91' lang='grc'><strong>4.</strong></span> <span class='ocrx_word' id='word_1_542' title='bbox 1823 3041 1858 3047; x_wconf 82' lang='grc'><strong>-</strong></span> <span class='ocrx_word' id='word_1_543' title='bbox 1884 3032 1987 3062; x_wconf 84' lang='lat' dir='ltr'><strong>nepo-</strong></span> 
     </span>
     <span class='ocr_line' id='line_1_59' title="bbox 1122 3073 1983 3116; baseline -0.002 -10"><span class='ocrx_word' id='word_1_544' title='bbox 1122 3074 1202 3116; x_wconf 86' lang='lat' dir='ltr'><strong>tem]</strong></span> <span class='ocrx_word' id='word_1_545' title='bbox 1238 3083 1346 3116; x_wconf 89' lang='lat' dir='ltr'><strong>quem</strong></span> <span class='ocrx_word' id='word_1_546' title='bbox 1380 3084 1422 3107; x_wconf 87' lang='lat' dir='ltr'><strong>ex</strong></span> <span class='ocrx_word' id='word_1_547' title='bbox 1458 3077 1520 3108; x_wconf 90' lang='lat' dir='ltr'><strong>Cn.</strong></span> <span class='ocrx_word' id='word_1_548' title='bbox 1553 3076 1703 3108; x_wconf 83' lang='lat' dir='ltr'><strong>Domitio</strong></span> <span class='ocrx_word' id='word_1_549' title='bbox 1735 3073 1983 3111; x_wconf 87' lang='lat' dir='ltr'><strong>Ahenobarbo,</strong></span> 
     </span>
     <span class='ocr_line' id='line_1_60' title="bbox 1124 3123 1986 3166; baseline -0.001 -11"><span class='ocrx_word' id='word_1_550' title='bbox 1124 3125 1240 3166; x_wconf 85' lang='lat' dir='ltr'><strong>priore</strong></span> <span class='ocrx_word' id='word_1_551' title='bbox 1270 3125 1396 3156; x_wconf 85' lang='lat' dir='ltr'><strong>marito</strong></span> <span class='ocrx_word' id='word_1_552' title='bbox 1422 3124 1470 3164; x_wconf 75' lang='lat'><strong>(4,</strong></span> <span class='ocrx_word' id='word_1_553' title='bbox 1496 3125 1575 3166; x_wconf 80' lang='lat'><strong>75),</strong></span> <span class='ocrx_word' id='word_1_554' title='bbox 1606 3126 1794 3166; x_wconf 78' lang='lat' dir='ltr'><strong>genuerat3</strong></span> <span class='ocrx_word' id='word_1_555' title='bbox 1832 3123 1890 3164; x_wconf 84' lang='lat' dir='ltr'><strong>qui</strong></span> <span class='ocrx_word' id='word_1_556' title='bbox 1924 3123 1986 3155; x_wconf 85' lang='lat' dir='ltr'><strong>fuit</strong></span> 
     </span>
     <span class='ocr_line' id='line_1_61' title="bbox 1124 3173 1986 3216; baseline -0.003 -9"><span class='ocrx_word' id='word_1_557' title='bbox 1124 3176 1245 3216; x_wconf 90' lang='lat' dir='ltr'><strong>postea</strong></span> <span class='ocrx_word' id='word_1_558' title='bbox 1268 3175 1359 3207; x_wconf 89' lang='lat' dir='ltr'><strong>Nero</strong></span> <span class='ocrx_word' id='word_1_559' title='bbox 1382 3175 1583 3216; x_wconf 88' lang='lat' dir='ltr'><strong>imperator.</strong></span> <span class='ocrx_word' id='word_1_560' title='bbox 1618 3174 1668 3207; x_wconf 85' lang='lat' dir='ltr'><strong>Cf.</strong></span> <span class='ocrx_word' id='word_1_561' title='bbox 1695 3183 1725 3206; x_wconf 90' lang='lat' dir='ltr'><strong>c.</strong></span> <span class='ocrx_word' id='word_1_562' title='bbox 1752 3174 1782 3206; x_wconf 88' lang='lat'><strong>3.</strong></span> <span class='ocrx_word' id='word_1_563' title='bbox 1811 3191 1846 3196; x_wconf 91' lang='lat'>—</span> <span class='ocrx_word' id='word_1_564' title='bbox 1882 3173 1986 3213; x_wconf 81' lang='lat' dir='ltr'><strong>impe-</strong></span> 
     </span>
     <span class='ocr_line' id='line_1_62' title="bbox 1122 3223 1982 3267; baseline -0.001 -11"><span class='ocrx_word' id='word_1_565' title='bbox 1122 3225 1255 3256; x_wconf 85' lang='lat' dir='ltr'><strong>ratoria</strong></span> <span class='ocrx_word' id='word_1_566' title='bbox 1275 3225 1422 3267; x_wconf 82' lang='lat' dir='ltr'><strong>fortuna]</strong></span> <span class='ocrx_word' id='word_1_567' title='bbox 1453 3234 1521 3257; x_wconf 92' lang='lat' dir='ltr'><strong>non</strong></span> <span class='ocrx_word' id='word_1_568' title='bbox 1547 3225 1591 3257; x_wconf 88' lang='lat' dir='ltr'><strong>de</strong></span> <span class='ocrx_word' id='word_1_569' title='bbox 1617 3225 1691 3265; x_wconf 90' lang='lat' dir='ltr'><strong>ipso</strong></span> <span class='ocrx_word' id='word_1_570' title='bbox 1714 3223 1861 3265; x_wconf 89' lang='lat' dir='ltr'><strong>imperio</strong></span> <span class='ocrx_word' id='word_1_571' title='bbox 1883 3223 1982 3256; x_wconf 84' lang='lat' dir='ltr'><strong>intel-</strong></span> 
     </span>
    </p>
   </div>
   <div class='ocr_carea' id='block_1_8' title="bbox 1123 3273 1985 3351">
    <p class='ocr_par' dir='ltr' id='par_1_9' title="bbox 1123 3273 1985 3351">
     <span class='ocr_line' id='line_1_63' title="bbox 1123 3273 1985 3315; baseline -0.002 -9"><span class='ocrx_word' id='word_1_572' title='bbox 1123 3273 1320 3315; x_wconf 83' lang='lat' dir='ltr'><strong>ligendum,</strong></span> <span class='ocrx_word' id='word_1_573' title='bbox 1352 3274 1415 3308; x_wconf 89' lang='lat' dir='ltr'><strong>sed</strong></span> <span class='ocrx_word' id='word_1_574' title='bbox 1446 3274 1490 3306; x_wconf 86' lang='lat' dir='ltr'><strong>de</strong></span> <span class='ocrx_word' id='word_1_575' title='bbox 1514 3274 1679 3314; x_wconf 84' lang='lat' dir='ltr'><strong>dignitate</strong></span> <span class='ocrx_word' id='word_1_576' title='bbox 1704 3281 1843 3311; x_wconf 90' lang='lat' dir='ltr'><strong>eorum,</strong></span> <span class='ocrx_word' id='word_1_577' title='bbox 1868 3274 1927 3314; x_wconf 89' lang='lat' dir='ltr'><strong>qui</strong></span> <span class='ocrx_word' id='word_1_578' title='bbox 1950 3274 1985 3305; x_wconf 91' lang='lat' dir='ltr'><strong>in</strong></span> 
     </span>
     <span class='ocr_line' id='line_1_64' title="bbox 1125 3317 1983 3351; baseline -0.002 -1"><span class='ocrx_word' id='word_1_579' title='bbox 1125 3318 1285 3351; x_wconf 90' lang='lat' dir='ltr'><strong>Caesaris</strong></span> <span class='ocrx_word' id='word_1_580' title='bbox 1318 3318 1481 3351; x_wconf 79' lang='lat' dir='ltr'><strong>familiam</strong></span> <span class='ocrx_word' id='word_1_581' title='bbox 1517 3318 1614 3349; x_wconf 88' lang='lat' dir='ltr'><strong>asciti</strong></span> <span class='ocrx_word' id='word_1_582' title='bbox 1648 3318 1740 3349; x_wconf 89' lang='lat' dir='ltr'><strong>sunt.</strong></span> <span class='ocrx_word' id='word_1_583' title='bbox 1786 3317 1861 3348; x_wconf 90' lang='lat' dir='ltr'><strong>Non</strong></span> <span class='ocrx_word' id='word_1_584' title='bbox 1891 3318 1983 3349; x_wconf 85' lang='lat' dir='ltr'><strong>enirn</strong></span> 
     </span>
    </p>
   </div>
   <div class='ocr_carea' id='block_1_9' title="bbox 1122 3365 1986 3460">
    <p class='ocr_par' dir='ltr' id='par_1_10' title="bbox 1122 3365 1986 3460">
     <span class='ocr_line' id='line_1_65' title="bbox 1125 3365 1986 3401; baseline -0.002 -1"><span class='ocrx_word' id='word_1_585' title='bbox 1125 3369 1338 3401; x_wconf 88' lang='lat' dir='ltr'><strong>conveniens</strong></span> <span class='ocrx_word' id='word_1_586' title='bbox 1360 3368 1500 3400; x_wconf 90' lang='lat' dir='ltr'><strong>videtur</strong></span> <span class='ocrx_word' id='word_1_587' title='bbox 1521 3366 1710 3400; x_wconf 88' lang='lat' dir='ltr'><strong>Pallantem</strong></span> <span class='ocrx_word' id='word_1_588' title='bbox 1729 3365 1903 3399; x_wconf 87' lang='lat' dir='ltr'><strong>destinare</strong></span> <span class='ocrx_word' id='word_1_589' title='bbox 1920 3368 1986 3399; x_wconf 87' lang='lat' dir='ltr'><strong>Ne-</strong></span> 
     </span>
     <span class='ocr_line' id='line_1_66' title="bbox 1122 3417 1984 3460; baseline -0.003 -8"><span class='ocrx_word' id='word_1_590' title='bbox 1122 3425 1248 3452; x_wconf 85' lang='lat' dir='ltr'><strong>ronem</strong></span> <span class='ocrx_word' id='word_1_591' title='bbox 1271 3419 1532 3460; x_wconf 88' lang='lat' dir='ltr'><strong>imperatorem.</strong></span> <span class='ocrx_word' id='word_1_592' title='bbox 1556 3417 1664 3450; x_wconf 67' lang='lat' dir='ltr'><strong>noan.</strong></span> <span class='ocrx_word' id='word_1_593' title='bbox 1694 3434 1726 3440; x_wconf 90' lang='lat'>-</span> <span class='ocrx_word' id='word_1_594' title='bbox 1763 3417 1898 3458; x_wconf 80' lang='lat' dir='ltr'><strong>stirpem</strong></span> <span class='ocrx_word' id='word_1_595' title='bbox 1922 3426 1984 3449; x_wconf 89' lang='lat' dir='ltr'><strong>no-</strong></span> 
     </span>
    </p>
   </div>
  </div>
 </body>
</html>
