2254 3770
771 206 925 276 Lmen
953 232 985 274 1.
1028 231 1129 288 Cap.
1160 231 1226 275 63.
1258 231 1325 275 64.
1355 232 1422 276 65.
1935 231 1989 273 55

217 342 456 400 deliguntur
482 339 671 397 legiones
690 337 836 397 quinta
856 337 1004 381 dextro
1032 335 1172 387 lateri,
1203 337 1508 381 unetvicesima
1527 337 1571 380 in
1588 336 1776 386 laevum,
1808 336 1988 393 primani

216 415 455 461 ducendum
491 414 545 458 ad
576 427 748 471 agmen,
791 412 1104 455 vicensimanus
1133 411 1360 472 &versum
1390 419 1627 456 secuturos.
1677 412 1758 467 (65)
1788 425 1872 454 nox
1910 425 1990 468 per

215 492 383 535 diversa
411 489 597 548 inquies,
630 502 726 532 cum
755 486 927 531 barbari
957 486 1074 530 sestis
1104 486 1262 544 epulis,
1299 486 1411 530 laeto
1441 493 1566 531 cantu
1595 493 1668 530 aut
1696 486 1803 530 truci
1833 478 1989 530 sonore

214 565 406 610 subiecta
434 563 606 608 vallium
635 576 686 606 ac
717 561 960 606 resultantis
989 560 1122 604 saltus
1143 560 1423 619 complerent,
1455 568 1558 619 aput
1576 563 1788 606 Romanos
1817 560 1989 604 invalidi

214 641 352 698 ignes,
384 639 644 697 interruptae
673 651 820 687 voces,
853 642 981 694 atque
1011 636 1091 694 ipsi
1121 636 1282 694 passim
1311 636 1555 681 adiacerent
1578 636 1708 687 vallo,
1739 635 2021 680 oberrarents

213 715 424 765 tentoriis,
457 714 672 757 insomnes
703 712 836 770 magis
865 726 995 769 quam
1022 711 1265 770 pervigiles.
1295 712 1538 769 ducemque
1558 711 1708 755 terruit
1727 710 1821 754 dira
1844 711 1987 769 quies:

211 804 309 834 nam
339 788 585 842 Quintilium
613 789 769 832 Varum
796 787 1003 844 sanguine
1031 786 1210 830 oblitum
1238 793 1281 830 et
1307 785 1537 844 paludibus
1567 800 1782 830 emersum
1812 799 1989 830 cernere

212 873 255 909 et
282 864 432 908 audire
463 863 578 907 visus
607 869 672 906 est
702 862 815 906 velut
838 868 1077 913 vocantem,
1109 875 1194 905 non
1224 869 1364 905 tamen
1393 861 1625 906 obsecutus
1655 868 1697 905 et
1725 875 1897 904 manum
1925 862 1990 903 in-

213 939 422 984 tendentis
450 937 704 996 reppulisse.
737 943 888 995 coepta
916 937 1012 981 luce
1043 937 1199 980 missae
1219 936 1262 979 in
1280 936 1413 980 latera
1432 936 1642 994 legiones,
1674 942 1789 980 metu
1811 950 1864 979 an
1886 950 1989 980 con-

211 1017 414 1064 tumacia‚
454 1013 595 1057 locum
624 1013 878 1062 deseruere,
911 1018 1035 1069 capto
1065 1026 1248 1069 propere
1279 1025 1431 1069 campo
1459 1011 1647 1055 umentia
1678 1010 1799 1054 ultra.
1844 1024 2038 1069 nequem

211 1086 609 1139 tamen'Arminius,
641 1101 902 1145 quamquam
930 1086 1066 1131 libero
1097 1087 1293 1137 incursu,
1325 1086 1464 1130 statim
1484 1087 1690 1144 prorupit.
1721 1086 1800 1130 sed
1821 1092 1866 1130 ut
1884 1086 1988 1130 hae-

210 1178 308 1209 sere
329 1178 464 1208 caeno
484 1163 696 1220 fossisque
717 1162 1041 1220 impedimenta,
1074 1162 1228 1205 turbati
1249 1163 1411 1206 circum
1429 1161 1603 1212 milites,
1637 1162 1824 1206 incertus
1844 1162 1989 1219 signo-

212 1255 305 1283 rum
334 1238 460 1288 ordo,
492 1245 624 1296 utque
655 1237 723 1280 tali
755 1237 798 1280 in
828 1244 1021 1294 tempore
1049 1237 1130 1281 sibi
1150 1238 1335 1295 quisque
1363 1251 1575 1295 properus
1605 1243 1648 1281 et
1676 1236 1815 1280 lentae
1835 1236 1989 1280 adver-

211 1329 304 1358 sum
335 1313 513 1372 imperia
543 1326 690 1363 aures,
722 1312 967 1370 inrumpere
999 1313 1234 1356 Germanos
1264 1312 1399 1361 iubet,
1431 1311 1648 1356 clamitans
1682 1326 1762 1356 «en
1780 1313 1916 1356 Varus
1946 1318 1989 1355 et

212 1390 365 1433 eodem
386 1389 538 1432 iterum
561 1388 644 1431 fato
666 1388 828 1431 vinctae
858 1387 1099 1446 legionesi»
1132 1387 1257 1431 simul
1286 1388 1412 1439 haec,
1445 1394 1604 1432 etcum
1633 1387 1810 1432 delectis
1834 1386 2038 1431 scinditis

211 1478 362 1522 agmen
403 1465 614 1522 equisque
652 1464 833 1507 maxime
878 1460 1052 1507 vulnera
1089 1464 1251 1521 ingerit.
1296 1463 1353 1506 illi
1382 1464 1588 1521 sanguine
1625 1477 1704 1507 suo
1744 1470 1788 1507 et
1822 1462 1988 1507 lubrico

212 1539 415 1598 paludum
441 1539 655 1597 lapsantes
675 1539 868 1583 excussis
889 1538 1126 1582 rectoribus
1142 1539 1325 1583 disicere
1344 1539 1514 1589 obvios,
1546 1546 1768 1597 proterere
1787 1539 1988 1583 iacentes.

214 1615 420 1673 plurimus
450 1614 564 1658 circa
593 1613 758 1672 aquilas
787 1613 924 1663 labor,
957 1628 1069 1672 quae
1099 1628 1241 1673 neque
1270 1614 1370 1658 ferri
1402 1614 1629 1658 adversum
1648 1615 1886 1672 ingruentia
1905 1615 1989 1659 tela

212 1704 353 1749 neque
381 1689 453 1748 figi
483 1689 633 1733 limosa
663 1689 790 1732 humo
820 1696 1026 1747 poterant.
1068 1689 1249 1734 Caecina
1271 1689 1371 1733 dum
1392 1696 1598 1734 sustentat
1617 1677 1772 1741 aciem,
1804 1690 1988 1734 suffosso

213 1779 327 1824 equo
356 1764 560 1822 delapsus
590 1764 1019 1814 circumveniebatur,
1050 1765 1094 1808 ni
1122 1765 1259 1822 prima
1287 1765 1398 1822 legio
1428 1779 1526 1809 sese
1555 1766 1839 1823 opposuisset.
1885 1766 2037 1810 iuvitao

212 1841 397 1884 hostium
426 1839 624 1889 aviditas,
655 1840 814 1883 omissa
843 1840 977 1884 caede
1007 1839 1212 1898 praedam
1242 1840 1511 1893 sectantium;
1542 1841 1776 1899 enisaeque
1796 1841 1986 1899 legiones

213 1921 539 1973 vesperascente
560 1914 630 1958 die
660 1914 702 1957 in
732 1921 880 1972 aperta
909 1921 951 1958 et
979 1914 1128 1959 solida.
1168 1929 1310 1973 neque
1329 1915 1364 1959 is
1392 1915 1659 1959 miseriarum
1678 1915 1787 1960 finis.
1819 1922 1987 1960 struen-

255 2062 285 2093 4.
310 2061 396 2094 teum
417 2061 450 2094 M
469 2078 503 2084 -
521 2060 553 2092 7.
578 2059 780 2099 quintillium
801 2060 834 2093 M
858 2077 894 2082 —
923 2060 955 2093 8.
978 2060 1178 2093 intendentes
1199 2061 1251 2100 M;
1275 2061 1432 2094 tendentis
1453 2062 1579 2093 Haase.
1611 2077 1646 2084 -
1673 2061 1705 2093 9.
1729 2062 1934 2095 contumatia
1955 2063 1989 2095 M

213 2135 249 2141 —
276 2116 329 2149 43.
354 2117 461 2162 ὶασηις
487 2116 619 2158 (littera
648 2126 671 2148 a
698 2117 837 2158 punctis
860 2117 998 2158 notata)
1020 2117 1054 2150 M
1086 2135 1122 2142 —
1155 2117 1207 2150 44.
1233 2122 1263 2150 et
1292 2119 1402 2151 eodem
1425 2119 1577 2160 Lipsius:
1609 2119 1784 2159 eodemque
1803 2119 1929 2157 Ritter;
1959 2122 1990 2151 et

211 2173 386 2213 eodemque
407 2173 458 2212 M;
483 2176 529 2205 est
555 2174 729 2213 eodemque
743 2174 813 2206 Iac.
838 2174 1042 2206 Gronovius.
1074 2173 1124 2206 Cf.
1143 2174 1229 2207 Hist.
1246 2173 1279 2214 4,
1296 2173 1349 2207 54.
1381 2193 1415 2197 —
1443 2175 1494 2207 ⁴5.
1517 2175 1651 2207 vinctae
1672 2173 1799 2217 (littera
1812 2185 1836 2206 n
1850 2175 1989 2216 punctis

212 2230 341 2270 notata)
364 2229 396 2262 M
421 2246 456 2252 -
483 2230 535 2262 47.
561 2229 712 2262 dissicere
733 2231 764 2263 M
799 2248 834 2253 —
861 2233 1051 2271 proterrere
1075 2231 1109 2263 M
1143 2249 1176 2254 —
1210 2231 1262 2264 48.
1289 2229 1453 2264 “aduersi'a
1479 2232 1582 2273 “fem-i
1611 2231 1729 2273 (signis
1750 2233 1990 2274 transpositio-

210 2287 263 2320 nis
286 2285 351 2319 alia
374 2295 481 2319 manu
503 2285 640 2328 alioque
664 2286 1063 2329 atramento‘appositis)
1086 2288 1118 2321 M
1143 2305 1178 2310 —
1205 2289 1259 2321 24.
1284 2289 1432 2329 eniseque
1453 2289 1499 2322 M.

209 2411 322 2444 bantes
343 2411 442 2443 acies.
469 2428 504 2434 —
533 2411 653 2452 futura
679 2411 824 2453 volvens]
855 2412 960 2454 plene
984 2413 1072 2446 Hist.

213 2462 225 2493 4
243 2486 250 2500 ,
274 2460 335 2493 30:
361 2460 603 2492 comissationes
621 2464 653 2493 et
665 2461 865 2501 feminarum
879 2465 989 2494 coetus
1001 2463 1075 2494 vol—

1123 2412 1222 2445 misso
1251 2413 1345 2454 signo
1366 2416 1399 2445 et
1419 2412 1600 2445 vocibus.
1627 2413 1730 2445 «Post
1750 2421 1846 2445 voces
1869 2412 1989 2446 subin-

1123 2462 1237 2504 tellige
1259 2466 1379 2502 essent,
1409 2472 1454 2495 ne
1478 2461 1632 2495 colorem
1655 2462 1787 2495 haheat
1807 2462 1990 2496 nonnullo-

210 2511 259 2543 oit
291 2510 413 2542 animo.
461 2509 530 2542 Sed
564 2511 695 2543 volvere
728 2510 887 2544 absolute
922 2513 1075 2554 positum

210 2560 349 2593 Tacitus
372 2568 416 2591 ex
437 2562 622 2601 poetarum
643 2568 742 2592 more
759 2562 958 2603 usurpavit,
984 2563 1025 2594 ut
1039 2562 1072 2600 3,

211 2610 271 2642 38:
303 2608 422 2641 bellum
450 2609 611 2641 adversus
636 2618 697 2642 nos
724 2611 887 2642 volverat.
929 2611 1014 2643 Hist.
1041 2611 1072 2649 4,

210 2658 272 2692 54:
301 2667 383 2690 neom
410 2659 523 2690 eadem
548 2659 662 2690 acrius
682 2660 825 2692 volvens.
861 2658 925 2692 64:
957 2659 1075 2692 bellum

210 2708 372 2741 volvebat.

254 2758 307 2790 65.
331 2757 472 2789 invalidi
494 2757 594 2799 ignes]
612 2758 815 2798 stationum,
832 2758 1072 2799 excubiarum,

211 2807 364 2848 vigilum.
399 2808 588 2849 Comparat
618 2809 811 2841 Gronovius
842 2810 939 2842 Statii
962 2809 1071 2842 Theb.

210 2858 291 2890 266:
325 2858 396 2889 iam
426 2859 513 2890 maie
535 2859 681 2900 pervigii
701 2859 798 2901 iynis.
835 2859 886 2892 Cf.
911 2859 1071 2901 Xenoph.

210 2906 321 2940 Anah.
355 2907 393 2947 3,
430 2908 467 2946 4,
503 2907 540 2940 3;
576 2906 696 2940 ταῦτα
728 2907 974 2951 ἐννοούμενοι
1006 2909 1072 2941 καὶ

210 2953 371 2999 ἀθύμως
402 2951 571 2998 ο«ἔχοντες,
607 2954 729 3001 ὀλίγοι
760 2957 832 3000 μὲν
859 2954 985 2991 αὐτῶν
1018 2960 1073 3000 εἰς

211 3003 280 3049 τὴν
308 3005 471 3052 ἑσπέραν
501 3008 609 3040 σίτου
636 3005 856 3051 ἐγεύσαντο,
888 3005 1010 3052 ὀλίγοι
1031 3007 1072 3041 δὲ

211 3053 333 3103 πυρὰν
359 3052 549 3096 ἔκαυσαν,
580 3057 643 3096 ἐπὶ
672 3057 713 3091 δὲ
740 3056 787 3091 τὰ
816 3054 916 3091 ὅπλα
938 3058 1072 3092 πολλοὶ

211 3103 283 3140 οὐκ
298 3101 420 3150 ἦλθον
434 3104 576 3150 ταύτην
591 3105 661 3150 τὴν
675 3106 810 3148 νύκτα,
833 3105 1072 3142 ἀνεπαύοντο

210 3155 251 3190 δὲ
274 3152 372 3190 ὅπου
395 3155 602 3201 ἐτύγχανεν
624 3154 785 3200 ἕκαστος
806 3158 885 3191 κτλ.
912 3176 949 3183 -
967 3160 1072 3191 inter-—

210 3207 338 3249 ruptae]
355 3208 604 3249 abqebrochene,
628 3209 673 3241 ab
697 3210 779 3251 ipsis
796 3208 974 3250 vigilibus,
1000 3218 1071 3242 non

212 3257 477 3298 anter-brechene,
502 3258 546 3291 ab
570 3258 657 3292 aliis.
688 3260 759 3292 Cic.
781 3268 815 3301 p.
835 3258 951 3292 Caelio
971 3260 992 3301 S
1009 3260 1068 3292 59:

212 3306 417 3348 siynificabat
435 3309 630 3350 interruptis
645 3318 685 3341 ac
699 3309 912 3341 morientibus
925 3309 1068 3342 vocibus.

214 3354 318 3389 Doni).
342 3357 428 3390 Hist.
449 3360 483 3399 δ,
506 3359 560 3391 22.
590 3359 675 3392 item
698 3359 742 3391 de
765 3358 941 3401 vigilibus:
965 3360 1071 3393 inter-

1123 2523 1202 2546 rum
1229 2514 1430 2546 emendatio
1456 2513 1840 2546 adiacere—oberrare.»
1866 2514 1987 2546 Wour.

1127 2582 1162 2587 —
1187 2564 1265 2595 dira
1286 2563 1386 2604 quies]
1404 2564 1540 2596 maesto
1557 2563 1706 2595 somnio.
1731 2564 1860 2595 Lucan.
1878 2563 1911 2602 7,
1924 2563 1984 2595 26ε

1125 2614 1212 2646 Dira
1223 2613 1314 2653 quies
1323 2615 1355 2644 et
1364 2613 1511 2654 imaqine
1520 2615 1649 2644 maesta
1660 2613 1797 2644 diurna.
1818 2612 1869 2645 Cf.
1884 2613 1917 2651 2,
1931 2612 1985 2645 ⁴4.

1123 2664 1176 2700 44,
1194 2662 1225 2696 4.
1246 2663 1303 2702 42,
1322 2663 1374 2696 43.
1394 2663 1447 2703 46,
1465 2664 1496 2695 4.
1518 2680 1553 2686 -
1577 2662 1783 2704 intendentis]
1799 2661 1875 2696 scil.
1891 2663 1985 2702 Vari,

1120 2713 1159 2744 ut
1181 2713 1368 2745 Caecinam
1391 2721 1515 2745 secum
1543 2713 1710 2744 traheret.
1735 2712 1919 2745 WALrnen.
1946 2729 1982 2735 —

1122 2761 1278 2803 umentia]
1302 2761 1417 2808 qualia
1435 2762 1593 2803 uliyinem
1606 2763 1710 2794 vocat
1725 2770 1756 2794 c.
1774 2761 1827 2794 64.
1850 2779 1884 2785 —
1910 2762 1987 2794 vin-

1122 2812 1204 2853 ctae]
1234 2814 1333 2853 quasi
1364 2811 1510 2845 vinculis
1538 2821 1557 2844 a
1587 2811 1665 2852 fuga
1693 2812 1895 2854 impeditae.
1930 2813 1986 2844 Sic

1122 2862 1207 2894 Hist.
1227 2862 1258 2901 4,
1275 2861 1336 2893 79:
1360 2862 1449 2894 velut
1462 2862 1566 2894 vincti
1578 2861 1810 2894 caedebantur.
1834 2863 1914 2903 Agr.
1929 2861 1982 2893 32:

1121 2913 1251 2944 clausos
1273 2912 1416 2951 quodam
1424 2912 1520 2943 modo
1541 2915 1574 2944 et
1593 2912 1721 2944 vinctos
1742 2913 1776 2944 di
1797 2911 1890 2944 nobis
1910 2915 1985 2943 tra-

1122 2962 1285 2994 diderunt.
1310 2962 1381 2993 Liv.
1399 2962 1432 3000 5,
1450 2960 1511 2994 44:
1536 2961 1601 2993 nisi
1622 2962 1750 2994 vinctos
1770 2970 1881 2993 somno
1896 2961 1987 2993 velut

1115 3012 1257 3052 pecudes
1277 3011 1492 3044 trucidandos
1518 3012 1699 3044 tradidero.
1734 3012 1873 3043 Poetica
1894 3011 1984 3044 haec

1121 3062 1235 3101 imago
1262 3059 1365 3101 longe
1399 3060 1578 3094 efficacior
1607 3063 1662 3094 est
1689 3069 1796 3102 quam
1823 3060 1983 3094 Beroaldi

1119 3111 1238 3142 victae.
1271 3110 1452 3143 Poeticum
1481 3112 1536 3143 est
1566 3111 1672 3143 etiam
1702 3119 1857 3151 sequens
1885 3110 1984 3142 sinna

1120 3160 1214 3199 haec,
1239 3162 1270 3191 et
1292 3161 1358 3192 cet.
1382 3160 1466 3192 Stat.
1484 3159 1594 3192 Theb.
1612 3161 1649 3200 2,
1667 3160 1747 3192 659:
1772 3159 1870 3191 simul
1888 3159 1980 3200 haec,

1121 3213 1151 3241 et
1182 3218 1330 3241 crassum
1363 3211 1431 3242 cet.
1463 3226 1499 3233 —
1534 3209 1726 3250 rectoribus]
1759 3209 1841 3241 Sine
1875 3217 1981 3242 causa

1121 3259 1282 3292 Heinsius
1303 3258 1459 3292 malebat
1479 3259 1678 3298 vectoribus,
1705 3260 1743 3291 ut
1764 3267 1877 3300 aeque
1899 3259 1981 3292 inu-

1120 3307 1226 3342 tiliter
1246 3310 1281 3342 in
1303 3309 1372 3342 Silii
1390 3310 1443 3350 47,
1462 3310 1541 3343 438;
1568 3310 1703 3351 (equus)
1725 3312 1885 3342 rectorem
1899 3318 1981 3351 pro-

1119 3359 1202 3392 didit
1221 3360 1323 3400 hosti,
1347 3360 1408 3393 uhi
1431 3369 1464 3393 v.
1489 3358 1664 3392 Drakenh.
1698 3359 1811 3393 Etiam
1833 3359 1976 3393 sueton.
