2254 3770
722 301 876 346 Linea
903 301 973 344 xi.
1016 300 1119 358 cap.
1148 268 1215 344 as.
1244 299 1315 345 36.
1341 299 1410 345 ar.
1875 295 1960 342 339

173 419 295 456 turae
322 411 439 455 necis
459 409 564 466 fnit]
587 416 630 453 et
650 409 801 452 Titium
820 407 1047 452 Proculum
1069 405 1292 451 custodem
1313 420 1337 451 a
1358 405 1460 450 Silio
1479 378 1738 451 Messalinae
1753 403 1901 449 datum
1918 410 1961 450 et

176 487 376 531 indicium
406 485 677 535 offerentem„
707 484 887 528 Vettium
907 482 1123 527 Valentem
1149 482 1393 526 confessum
1417 489 1459 525 et
1484 481 1736 539 Pompeium
1758 480 1960 525 Urbicum

174 576 226 606 ac
243 561 461 607 Saufeium
478 563 660 617 Trogum
680 574 734 603 ex
748 559 933 603 consciis
948 558 1055 601 tradi
1072 556 1127 601 ad
1147 556 1405 614 supplicium
1426 557 1555 602 iubet.
1585 557 1766 602 Decrius
1785 569 1961 614 quoque

176 636 496 694 Calpurnianus,
519 635 692 692 vigilum
723 634 974 692 praefectus,
1007 632 1221 690 Sulpicius
1239 632 1381 683 Rufus,
1413 632 1500 676 ludi
1520 638 1785 690 procurator,
1806 632 1961 675 Iuncus

175 711 437 769 Vergilianus
463 716 636 754 senator
665 710 819 753 eadem
841 722 980 766 poena
1012 707 1162 751 affecti.
1194 708 1276 764 (36)
1302 707 1420 751 solus
1445 708 1631 752 Mnester
1651 707 1993 752 cunctationem5

174 787 320 837 attulit,
352 786 552 830 dilaniata
572 793 691 828 veste
722 784 942 828 clamitans
961 783 1175 840 aspiceret
1193 782 1424 827 verberum
1442 790 1584 834 notas,
1618 783 1963 827 reminisceretur

175 863 292 906 vocis
314 876 400 920 qua
426 875 474 905 se
498 861 728 904 obnoxium
753 859 882 903 iussis
907 858 1163 902 Messalinae
1182 857 1395 902 dedisset:
1423 858 1518 901 aliis
1540 858 1763 915 largitione
1779 865 1855 903 aut
1869 857 1962 915 spei

174 937 488 996 magnitudine,
521 936 601 979 sibi
634 949 687 978 ex
716 935 974 979 necessitate
1003 933 1198 991 culpam,
1230 947 1311 977 nec
1339 933 1538 991 cuiquam
1568 941 1665 978 ante
1693 933 1963 992 pereundum

174 1012 328 1063 fuisse,
370 1014 405 1056 si
437 1011 565 1055 Silius
595 1024 741 1054 rerum
769 1016 1001 1067 poteretur.
1047 1010 1305 1052 commotum
1335 1008 1401 1052 his
1429 1016 1473 1053 et
1501 1023 1682 1066 pronum
1712 1008 1768 1052 ad
1798 1008 1964 1053 miseri-

174 1088 365 1131 cordiam
404 1087 636 1131 Caesarem
672 1085 901 1143 perpulere
939 1084 1097 1135 liberti,
1138 1098 1192 1128 ne
1232 1091 1293 1127 tot
1328 1083 1564 1130 illustribus
1603 1085 1706 1127 viris
1734 1084 2015 1129 interfectislo

173 1162 366 1206 histrioni
409 1161 729 1206 consuleretur:
769 1166 921 1217 sponte
958 1173 1012 1202 an
1042 1167 1216 1204 coactus
1246 1166 1332 1202 tam
1360 1173 1514 1217 magna
1544 1160 1830 1216 peccavisset,
1863 1159 1961 1205 nihil

135 1280 142 1286 ,
175 1238 350 1281 referre.
409 1252 464 1281 ne
503 1236 641 1280 Trauli
683 1235 860 1294 quidem
888 1235 1090 1285 Montani,
1138 1235 1295 1292 equitis
1325 1235 1522 1286 Romani,
1567 1235 1760 1280 defensio
1790 1242 1965 1293 recepta

177 1320 254 1356 est.
295 1314 331 1356 is
371 1312 564 1356 modesta
602 1312 789 1361 iuventa,
835 1310 913 1354 sed
951 1324 1135 1368 corpore
1163 1309 1334 1368 insigni,
1377 1311 1538 1354 accitus
1567 1310 1681 1356 ultro
1708 1317 1964 1368 noctemque

178 1389 286 1431 intra
316 1402 443 1431 unam
472 1402 494 1430 a
527 1386 751 1431 Messalina
791 1385 1064 1443 proturbatus
1094 1393 1186 1429 erat
1214 1385 1389 1443 paribus
1417 1385 1604 1430 lasciviis
1635 1386 1686 1432 ad
1719 1386 1966 1445 cupidinem

177 1470 221 1506 et
249 1463 428 1507 fastidia.
479 1462 627 1506 Suillio
664 1461 903 1506 Caesonino
935 1467 977 1504 et
1005 1460 1168 1504 Plautio
1197 1461 1407 1505 Laterano
1436 1475 1552 1505 mors
1582 1462 1832 1513 remittitur„
1866 1461 2017 1506 huicw

177 1537 237 1582 ob
264 1538 402 1596 patrui
433 1528 653 1595 egregium
685 1537 903 1580 meritum:
948 1537 1212 1579 Caesoninus
1242 1536 1352 1579 vitiis
1382 1543 1602 1594 protectus
1631 1543 1714 1588 est,
1747 1544 1966 1595 tamquam

177 1615 220 1656 in
248 1613 320 1656 illo
349 1612 597 1656 foedissimo
628 1619 755 1656 coetu
783 1617 939 1669 passus
967 1610 1204 1655 muliebria.

289 1689 370 1744 (37)
401 1690 577 1732 Interim
603 1686 832 1731 Messalina
858 1685 1117 1731 Lucullianis
1143 1686 1187 1729 in
1215 1686 1351 1731 hortis
1375 1687 1590 1745 prolatare
1610 1690 1759 1740 vitam,
1792 1702 1967 1747 compo·-

179 1777 285 1811 nere
320 1777 494 1821 preces,
532 1777 616 1807 non
648 1762 763 1807 nulla
791 1775 870 1819 spe
899 1768 942 1805 et
970 1760 1199 1819 aliquando
1230 1762 1311 1806 ira:
1348 1769 1509 1809 tantum
1536 1763 1647 1808 inter
1676 1771 1865 1810 extrema
1892 1779 1968 1810 su-

177 1839 354 1896 perbiae
394 1838 583 1895 gerebat.
643 1852 696 1882 ac
734 1837 775 1880 ni
815 1836 993 1883 caedem
1023 1837 1122 1883 eius
1146 1838 1371 1883 Narcissus
1401 1839 1738 1896 properavisset‚
1780 1846 2017 1889 verteram

162 1956 165 1958 ,
175 1914 389 1972 pernicies
419 1913 462 1956 in
492 1919 798 1957 accusatorem.
841 1925 939 1955 nam
961 1909 1164 1955 Claudius
1194 1913 1366 1956 domum
1391 1927 1616 1971 regressus
1639 1922 1682 1958 et
1699 1916 1965 1974 tempestivis
2014 1970 2017 1972 ,

176 1989 314 2048 epulis
353 1987 586 2040 delenitus,
630 1987 703 2031 ubi
739 1987 837 2031 vino
874 1986 1063 2038 incaluit,
1106 1987 1156 2030 iri
1195 1986 1315 2031 iubet
1344 1989 1615 2048 nuntiarique
1645 1990 1831 2036 miserae
1862 1990 1963 2049 (hoc

176 2064 290 2108 enim
319 2063 452 2108 verbo
481 2078 607 2107 usum
636 2062 788 2119 ferunt)
818 2062 1045 2106 dicendam
1074 2062 1128 2106 ad
1152 2076 1327 2108 causam
1344 2070 1520 2121 postera
1538 2065 1608 2110 die
1629 2066 1815 2112 adesset.
1845 2066 1964 2125 quod

174 2185 289 2217 eadem
311 2185 499 2217 consimilia
520 2187 552 2217 cl
574 2184 718 2216 illustres
739 2183 862 2225 equites
884 2183 919 2215 R.
946 2181 1002 2215 vel
1025 2182 1071 2215 ad
1093 2183 1211 2225 priora
1233 2182 1290 2217 illa
1312 2193 1379 2216 non
1399 2193 1514 2217 moras
1535 2187 1726 2227 temptavit,
1746 2190 1907 2228 precatus
1926 2191 1965 2221 ul

173 2249 265 2273 mors
285 2240 537 2273 acceleraretur.
567 2258 604 2264 -
628 2240 661 2273 2.
686 2240 826 2274 neuim
846 2239 897 2274 M:
925 2238 1070 2272 Vectium
1090 2238 1208 2281 vulgo.
1229 2257 1265 2264 -
1289 2239 1325 2272 3.·
1346 2240 1519 2282 Saufeium
1540 2241 1694 2284 Lipsius:
1719 2244 1887 2285 sautalum
1907 2245 1960 2284 13

173 2296 356 2338 Saufelhm
370 2295 438 2329 ahi.
455 2295 543 2329 Vide
559 2295 608 2330 ad
621 2304 654 2328 e.
668 2296 700 2329 4,
713 2296 746 2328 2.
756 2295 788 2329 4.
803 2296 835 2328 6.
852 2313 888 2320 -—
906 2295 998 2328 tradi·
1012 2296 1063 2329 M:
1088 2296 1178 2329 trahe·
1192 2296 1435 2330 Rhenanus—
1454 2297 1586 2331 domus
1603 2299 1656 2333 M:
1681 2300 1805 2334 Decius
1818 2299 1962 2336 Beroal-

174 2353 253 2386 dus.
274 2371 309 2376 —
335 2352 525 2394 4.vi9·'lum
545 2354 592 2386 G:
615 2353 770 2395 uiyilium
791 2353 825 2386 M
850 2369 887 2375 —
912 2353 944 2385 5.
966 2360 1056 2398 pigna
1078 2353 1111 2385 M
1136 2370 1173 2376 —
1198 2352 1372 2394 δοκίμω
1394 2354 1428 2387 Μ
1453 2372 1488 2378 -—
1518 2355 1690 2387 undem
1711 2357 1745 2390 M
1770 2373 1806 2381 -
1832 2357 1888 2390 45.
1910 2357 1962 2399 5⁰·

172 2409 274 2441 mdia
294 2409 348 2442 M:
370 2409 507 2450 fastidio
528 2407 595 2441 alii.
624 2426 659 2432 —
685 2408 804 2441 Suillio
827 2416 912 2441 nos:
943 2408 1041 2440 suillo
1064 2408 1145 2450 (hoc
1166 2417 1237 2441 uno
1260 2408 1350 2451 loco)
1374 2411 1419 2443 M.
1444 2410 1532 2443 vide
1556 2410 1603 2443 ad
1623 2411 1656 2452 4,
1674 2411 1729 2445 34.
1748 2430 1784 2436 -
1809 2413 1961 2446 emmeno

173 2465 208 2499 M
235 2483 271 2488 —
297 2465 350 2498 46.
374 2466 527 2509 aregium
549 2466 584 2499 Μ
608 2483 644 2489 -
669 2469 832 2508 tanquam
853 2465 888 2499 M
909 2483 953 2489 —
982 2465 1034 2498 47.
1059 2468 1135 2512 σξιο
1156 2466 1190 2499 Μ
1215 2483 1250 2489 -
1284 2466 1338 2499 48.
1363 2466 1570 2500 Lucullianis
1590 2467 1763 2502 Alciatus:
1793 2469 1962 2502 hecilianis

174 2521 209 2554 M
225 2538 261 2544 —
287 2521 368 2554 ortis
383 2522 418 2554 M
433 2538 469 2544 —
489 2521 543 2554 49.
557 2518 633 2562 ᾖσσε
649 2521 683 2554 M
700 2539 737 2545 -
754 2523 885 2554 tantum
898 2537 917 2544 -
929 2538 950 2546 -
964 2520 1136 2562 superbiae
1156 2521 1290 2565 gerebat
1303 2521 1572 2565 Bezzenberger
1586 2524 1622 2557 et
1636 2523 1805 2566 Spengel:
1830 2528 1961 2558 tantum

174 2593 223 2601 --
237 2577 395 2620 superbia
416 2576 530 2620 egebat
551 2577 603 2616 M3
626 2580 724 2612 tanta
737 2593 787 2601 -—
800 2576 956 2619 superbia
978 2576 1099 2619 agebat
1120 2578 1158 2611 G.

174 2681 388 2725 manium]
425 2682 524 2717 conf.
549 2683 670 2726 Nepos
697 2682 803 2716 Phoc.
830 2681 867 2717 4:
900 2683 1046 2716 traditus

1091 2693 1156 2716 ναι
1183 2678 1237 2725 ὥς
1265 2683 1331 2718 καὶ
1357 2678 1414 2717 ἐπ’
1447 2679 1543 2717 ἄλλο
1572 2693 1608 2718 τι
1630 2680 1750 2719 αὐτοῦ
1773 2683 1955 2732 δεομένη·

175 2735 223 2766 est
257 2732 511 2772 andacimviris,
550 2731 668 2774 quibus
700 2732 745 2765 ad
776 2732 1043 2773 supplicem--

1091 2733 1157 2766 καὶ
1191 2728 1314 2774 οὕτως
1336 2728 1511 2775 εἰπόντος
1533 2729 1636 2778 αὐτῷ
1659 2734 1728 2769 τοῦ
1750 2735 1956 2776 Κλαυδίου,

130 2800 134 2807 ›
173 2781 300 2822 publice
319 2782 474 2816 damnati
498 2781 590 2814 tradi
617 2781 733 2815 solent.
762 2782 905 2819 Sueton.
929 2781 1041 2815 Vitell.

177 2831 239 2865 ⁴4:
274 2832 440 2872 quendam
459 2832 619 2873 supplicio
640 2832 813 2865 traditum.
843 2849 878 2855 —
902 2832 1045 2875 vigiliam

170 2882 375 2925 praefectus]
407 2882 493 2916 Vide
524 2882 571 2916 ad
600 2881 639 2921 4,
671 2883 704 2914 ὅ.
744 2900 780 2905 -
815 2882 889 2916 ludi
915 2891 1044 2923 pracu-

174 2930 286 2972 rator]
321 2932 380 2967 cui
408 2940 494 2965 cura
521 2931 685 2966 ludorum
714 2929 937 2974 publicorum
960 2940 1044 2974 per—

175 2982 285 3018 missa
314 2982 402 3015 erat.
438 2980 537 3015 Conf.
563 2980 624 3020 43,
648 2981 702 3016 22.
737 2981 868 3015 Inscrr.
890 2981 979 3013 Latt.
1005 2990 1040 3014 n.

176 3031 282 3066 6520:
302 3039 397 3072 proc.
413 3031 483 3064 luas
496 3031 665 3065 matutini.
690 3039 729 3065 n.
743 3029 828 3064 6947
840 3039 848 3062 ι
862 3039 955 3073 proc.
973 3029 1044 3064 ludo·

219 3130 275 3165 36.
297 3127 459 3172 Mnester]
489 3127 577 3161 Vide
605 3127 651 3163 ad
679 3137 710 3162 c.
737 3127 770 3162 4.
802 3145 839 3151 —
869 3128 1043 3162 verbenam

175 3179 282 3223 nom]
306 3178 436 3223 quibus
458 3178 575 3221 ipsum
586 3177 775 3212 Messalina
796 3176 896 3210 caedi
919 3177 1043 3210 iussis-

177 3230 244 3264 set.
270 3246 307 3252 -
331 3229 423 3263 vocis
444 3237 513 3269 qua
533 3236 568 3260 εο
582 3244 630 3251 --
644 3226 791 3268 dodi-sset]
815 3227 879 3259 Dio
902 3225 957 3266 60,
977 3227 1038 3259 22;

179 3277 260 3312 ἐπεὶ.
290 3276 440 3322 μηδένα
468 3274 612 3323 τρόπον
636 3273 731 3319 μήθ’
755 3271 1042 3318 ὑπισχνουμένη

180 3336 218 3362 τι
230 3325 317 3371 μήτ’
329 3326 560 3369 ἐκφοβοῦσα
569 3322 688 3360 αὐτὸν
703 3325 956 3370 συγγενέσθαι
969 3321 1044 3359 αὖ-

182 3374 227 3411 τ’
242 3372 449 3414 ἀναπεῖσαι
467 3374 638 3416 ἐδύνατο,
662 3373 838 3419 διελέχθη
852 3372 905 3419 τῷ
920 3371 1042 3422 ἀνδρί,

231 3423 348 3463 coeca
367 3422 487 3463 αὐτὸν
501 3426 722 3474 πειθαρχεῖν
736 3424 777 3459 ol
793 3420 1043 3468 ἀναγκασθῆ-

1092 2781 1205 2815 πάνθ’
1229 2777 1306 2816 ὅσα
1318 2778 1370 2816 ἂν
1385 2781 1667 2831 προστάττηται
1682 2782 1758 2818 ὑπὸ
1772 2785 1841 2830 τῆς
1855 2786 1958 2820 Μεσ-

1092 2832 1251 2877 σαλίνης
1267 2836 1403 2873 ποιεῖν,
1425 2831 1547 2876 συνῆν
1563 2829 1674 2881 αὐτῇ,
1698 2831 1751 2876 ὦς
1767 2837 1834 2871 καὶ
1849 2834 1955 2869 τοῦθ’

1092 2879 1152 2916 ὑπ’
1166 2883 1316 2918 ἐκείνου
1331 2881 1680 2926 κεκελευσμένος.-
1691 2885 1806 2919 Trauli
1818 2896 1849 2929 q.
1858 2887 1957 2920 Mon—

1091 2933 1175 2975 tani]
1198 2934 1260 2975 qui
1280 2933 1359 2965 Sem.
1386 2933 1526 2966 Traulus
1548 2935 1695 2968 vocatur
1720 2944 1741 2969 a
1763 2936 1897 2968 seneca
1920 2936 1956 2968 in

1091 2981 1174 3015 ludo
1198 2982 1243 3015 de
1266 2983 1381 3016 morte
1404 2981 1540 3016 Claudii
1555 2983 1608 3023 43,
1626 2983 1662 3018 4.
1678 3001 1715 3009 -—
1740 2985 1858 3018 Suillio
1872 2983 1958 3018 eao—

1090 3031 1217 3075 sooeino]
1243 3032 1282 3065 P.
1297 3030 1413 3065 -Suillii
1434 3032 1511 3066 Rufi
1535 3033 1579 3076 (4,
1604 3033 1658 3075 34)
1681 3033 1764 3068 filio.
1798 3034 1887 3068 Vide
1909 3033 1958 3067 ad

1092 3089 1123 3113 c.
1147 3081 1181 3114 2.
1207 3097 1244 3104 -
1279 3080 1411 3114 Plautio
1442 3082 1628 3125 Laterano]
1663 3083 1714 3116 Cf.
1741 3084 1794 3123 43,
1819 3083 1871 3115 44.
1897 3083 1952 3124 ⁴5,

1090 3129 1144 3163 49.
1163 3129 1218 3162 60.
1238 3147 1275 3154 —
1295 3131 1429 3175 patrui]
1442 3133 1483 3166 A.
1500 3131 1640 3173 Plautii,
1666 3133 1725 3174 qui
1741 3132 1955 3166 Britanniam

1092 3177 1239 3213 Claudio
1259 3179 1410 3222 subegit.
1436 3181 1487 3214 Cf.
1506 3181 1561 3221 43,
1577 3183 1631 3215 32.
1656 3182 1770 3224 Agric.
1788 3181 1841 3215 44.
1867 3182 1954 3215 Lirs.
2004 3214 2013 3221 ,

1094 3246 1131 3253 -
1148 3237 1271 3269 passus
1282 3229 1468 3272 muliebria]
1485 3230 1604 3264 Simile
1623 3229 1760 3264 illorum
1773 3231 1959 3265 inventum

1090 3277 1126 3310 in
1159 3278 1302 3312 sueton.
1334 3280 1464 3313 Domit.
1489 3281 1542 3320 40,
1567 3280 1625 3321 qui
1653 3289 1704 3320 so,
1738 3289 1802 3322 quo
1822 3280 1957 3323 facilius

1089 3330 1239 3368 mortes
1266 3329 1384 3371 culpae
1411 3330 1634 3370 ostenderem,
1662 3329 1847 3371 impudicos
1870 3339 1955 3374 pro·

1090 3375 1261 3411 haveram.
1286 3379 1374 3412 ans.
1648 3375 1650 3377 ’

1133 3424 1189 3465 3'1.
1210 3427 1377 3471 vertes-all,
1402 3427 1639 3467 intransitive,
1673 3429 1713 3463 ut
1745 3427 1843 3463 haud
1874 3437 1961 3465 raro.
