2254 3770
760 288 915 332 LIBER
942 288 975 331 Ι.
1019 286 1120 344 Cap.
1150 285 1218 329 54.
1248 286 1316 330 55.
1345 286 1413 329 ὅθ.

1922 283 1977 327 47

201 397 404 449 caritatis,
436 395 706 440 incitamenta
734 395 894 438 irarum
922 399 1025 452 aput
1054 392 1241 436 infensos
1262 399 1393 436 erant.
1445 392 1527 449 (56)
1556 391 1683 448 igitur
1702 390 1980 435 Germanicus

201 479 402 533 quattuor
443 471 651 530 legiones,
700 471 891 529 quinque
930 468 1196 513 auxiliarium
1229 467 1345 511 milia
1381 474 1423 511 et
1460 466 1755 511 tumultuarias
1789 472 1981 509 catervas

201 549 512 593 Germanorum
551 547 612 590 cis
650 546 845 590 Rhenum
884 544 1113 589 colentium
1147 544 1358 588 Caecinae
1388 542 1536 595 tradit3
1573 540 1750 586 totidem
1777 540 1980 598 legiones,

200 623 415 681 duplicem
444 622 662 666 sociorum
690 634 916 664 numerum
936 620 1029 678 ipse
1049 619 1183 668 ducit,
1214 619 1441 676 positoque
1462 617 1637 662 castello
1657 630 1788 674 super
1806 616 1985 673 vestigia

198 698 364 757 paterni
393 697 598 756 praesidii
627 697 670 739 in
699 703 842 739 monte
871 697 1016 739 Tauno
1046 690 1293 752 expeditum
1321 694 1556 737 exercitum
1585 693 1627 735 in
1658 691 1829 736 Chattos
1862 691 2016 749 rapit,5

199 775 244 817 L.
266 773 452 832 Apronio
483 772 536 816 ad
573 771 830 815 munitiones
859 770 1027 813 viarum
1063 776 1106 813 et
1142 768 1364 812 fluminum
1399 768 1560 812 relicto.
1610 781 1709 811 nam
1739 769 1898 824 (rarum
1927 765 1986 808 illi

200 848 334 905 caelo)
366 848 555 892 siccitate
576 854 619 890 et
638 846 833 890 amnibus
852 845 1033 889 modicis
1055 843 1311 887 inoffensum
1339 844 1420 887 iter
1447 849 1774 902 properaverat,
1806 842 1987 885 imbres-

156 928 161 931 '
201 938 287 983 que
317 931 359 968 et
388 923 611 966 fluminum
639 929 790 965 auctus
814 920 1074 979 regredienti
1103 919 1383 963 metuebatur.
1425 919 1503 962 sed
1526 919 1684 963 Chattis
1703 918 1814 962 adeo
1843 919 1988 975 inpro-

202 1001 321 1043 visus
361 999 550 1047 advenit,
591 1004 638 1040 ut
675 996 791 1055 quod
831 994 1091 1040 imbecillum
1126 1001 1264 1038 aetate
1304 1008 1355 1038 ac
1390 1008 1495 1038 sexu
1533 994 1673 1037 statim
1710 1000 1881 1051 captum
1917 999 1990 1036 aut

201 1074 460 1118 trucidatum
489 1073 554 1116 sit.
586 1073 784 1116 iuventus
813 1071 970 1114 flumen
993 1070 1207 1114 Adranam
1234 1069 1375 1113 nando
1398 1070 1654 1121 tramiserat,
1687 1070 2037 1126 Romanosqueio

200 1157 374 1208 pontem
410 1147 645 1206 coeptantis
684 1146 899 1191 arcebant.
944 1146 1042 1189 dein
1074 1146 1293 1189 tormentis
1323 1145 1572 1203 sagittisque
1602 1144 1735 1202 pulsi,
1776 1144 1989 1202 temptatis

199 1225 355 1268 frustra
394 1223 710 1268 conditionibus
749 1222 888 1280 pacis,
932 1234 1031 1265 cum
1062 1221 1239 1279 quidam
1277 1221 1333 1264 ad
1363 1220 1662 1264 Germanicum
1689 1220 1986 1278 perfugissent,

200 1300 355 1358 reliqui
376 1299 547 1343 omissis
566 1298 688 1356 pagis
710 1298 902 1355 vicisque
929 1297 973 1339 in
999 1296 1127 1340 silvas
1147 1295 1462 1354 disperguntur.
1503 1297 1662 1340 Caesar
1690 1296 1866 1340 incenso
1886 1296 1990 1339 Mat-

200 1376 258 1419 tio
290 1374 348 1432 (id
378 1374 492 1433 genti
524 1374 663 1431 caput)
695 1379 840 1431 aperta
871 1371 1100 1430 populatus
1129 1371 1254 1415 vertit
1283 1371 1336 1415 ad
1368 1371 1578 1422 Rhenum,
1610 1385 1696 1415 non
1730 1385 1836 1414 auso
1866 1370 1988 1414 hoste

200 1458 320 1509 terga
349 1449 597 1494 abeuntium
626 1448 863 1496 lacessere,
905 1447 1021 1506 quod
1051 1446 1109 1489 illi
1138 1446 1289 1497 moris,
1330 1447 1530 1504 quotiens
1560 1454 1654 1491 astu
1693 1447 1830 1505 magis
1860 1459 2039 1504 quamis

202 1540 282 1584 per
311 1525 581 1569 formidinem
610 1524 750 1568 cessit.
796 1523 934 1567 suerat
963 1522 1128 1566 animus
1153 1521 1382 1566 Cheruscis
1411 1522 1559 1567 iuvare
1581 1522 1773 1575 Chattos,
1806 1522 1884 1566 sed
1915 1536 1990 1566 ex-

243 1653 275 1687 8.
307 1652 513 1685 metuebatur
539 1652 591 1685 M:
626 1650 857 1684 metuebantur
888 1649 1038 1692 Lipsius.
1075 1668 1109 1675 -
1147 1650 1200 1683 40.
1232 1651 1426 1683 tramiserat
1452 1648 1645 1684 Acidalius:
1682 1650 1865 1683 tramiserit
1889 1650 1923 1684 M
1951 1667 1987 1673 —

201 1710 254 1743 43.
270 1708 378 1752 payis]
398 1709 495 1750 pacis
516 1708 550 1742 Μ
575 1725 610 1731 --
638 1707 691 1740 45.
716 1706 870 1748 quociens
890 1707 935 1740 M.

201 1823 351 1862 invisus,
380 1822 448 1863 ipsi
471 1821 588 1854 soceri
611 1821 786 1862 (Segestes
809 1822 846 1853 et
868 1820 1070 1862 Sigimerus,

1124 1821 1244 1854 Octav.
1268 1820 1301 1852 2.
1335 1818 1410 1852 Tib.
1436 1819 1468 1852 9.
1498 1820 1643 1862 Eutrop.
1667 1820 1700 1861 7,
1724 1820 1757 1853 5.
1792 1838 1829 1844 —
1854 1823 1991 1862 paterni

202 1872 246 1905 cf.
272 1873 337 1905 Dio
361 1871 416 1911 56,
434 1870 486 1911 49)
511 1871 654 1903 inimici.
691 1870 851 1912 Sigimeri
872 1871 993 1902 tamen
1015 1869 1073 1902 hic
1116 1869 1291 1912 praesidii]
1321 1870 1384 1902 Dio
1408 1869 1470 1910 54,
1502 1870 1563 1903 33·
1599 1880 1698 1903 ωστε
1726 1867 1794 1903 τὸν
1790 1869 1991 1930 Δροῦσον

204 1930 275 1955 non
305 1921 388 1954 sunt
409 1922 540 1961 partes.
577 1922 645 1953 Per
668 1922 780 1952 totum
803 1919 920 1952 locum
944 1919 989 1952 de
1013 1921 1074 1952 Ar-

204 1971 315 2004 minio
338 1971 477 2003 tantum
499 1971 536 2002 et
557 1971 702 2012 Segeste
721 1973 776 2002 est
796 1978 932 2008 sermo3
957 1970 992 2002 in
1007 1969 1073 2002 hos

204 2020 379 2054 dissidere
402 2020 546 2053 hostem
568 2021 799 2052 Germanicus
822 2018 1001 2061 sperabat.
1018 2037 1038 2044 -
1054 2037 1074 2043 -

201 2073 315 2104 Immo
338 2070 451 2103 verba
473 2069 530 2103 illa
552 2079 653 2112 ‚qener-
675 2071 803 2103 invisus
822 2071 950 2103 inimici
970 2073 1074 2104 soceri

203 2123 287 2155 sunt
301 2120 536 2163 epiphonema
550 2120 729 2161 quoddam
743 2120 789 2152 ad
801 2122 960 2163 proxime
973 2129 1075 2162 prae-

203 2170 367 2204 cedentia
399 2170 563 2211 Segestes,
599 2179 804 2211 quamquam
822 2186 842 2193 -
858 2187 877 2194 -
898 2173 1072 2211 rapuerat.

203 2221 352 2254 concisa
389 2221 563 2253 sententia
599 2220 695 2253 idem
726 2221 942 2262 exprimunt,
978 2220 1075 2262 quod

204 2271 286 2304 dein
324 2270 437 2312 magis
474 2269 667 2303 illustratur
702 2270 822 2303 verbis
861 2279 1009 2311 quaeque
1022 2289 1042 2295 -
1055 2289 1075 2295 -

203 2323 312 2353 erant.
338 2337 357 2343 -
372 2337 391 2344 -
406 2320 511 2352 Amat
532 2321 671 2353 Tacitus
692 2320 762 2353 hoc
786 2320 926 2352 dicendi
949 2329 1072 2362 genus.

205 2371 256 2403 Ci.
275 2371 308 2409 2,
335 2369 397 2403 45:
421 2370 542 2411 fratris
565 2371 636 2413 filio
664 2372 778 2404 iuveni
798 2374 946 2411 patruus
974 2380 1076 2403 sene-v

197 2429 321 2462 parere
337 2420 592 2461 dedignabatur.
611 2421 643 2460 3,
664 2422 724 2454 46;
748 2422 880 2453 utinam
893 2429 953 2462 eqo
961 2423 1077 2462 potius

203 2471 274 2513 filio
287 2471 400 2503 iuveni
417 2478 518 2510 quam
531 2471 587 2504 ille
594 2474 692 2512 patri
705 2473 775 2504 seni
793 2472 948 2504 cessisset.
975 2472 1076 2505 WAL-

205 2530 302 2553 rnen.
329 2520 379 2553 Cf.
405 2521 432 2552 1.
457 2520 493 2552 F.
517 2521 721 2554 Massmann
741 2522 929 2561 Arminius,
955 2522 1075 2555 Cheru-

203 2579 335 2603 scorum
353 2571 436 2603 dux.
463 2571 673 2612 Lemgoviae
694 2572 791 2605 ⁴839.
809 2589 846 2596 -
868 2573 1006 2605 vincula
1021 2582 1076 2605 ca-

207 2621 333 2663 ritatis]
356 2621 618 2655 Matrimonium
641 2622 736 2654 enim
753 2622 897 2655 Arminii
917 2624 953 2655 et
967 2623 1076 2656 Thus-

206 2670 331 2704 neldae
355 2671 499 2713 propius
523 2672 629 2704 etiam
652 2673 835 2713 Segestem
860 2681 942 2705 cum
958 2673 1074 2705 Armi—

206 2721 263 2753 nio
296 2721 443 2762 inngere
475 2720 647 2762 debebat,
687 2722 752 2755 sed
782 2725 904 2755 contra
936 2723 1071 2755 evenit:

207 2770 276 2802 noli
299 2779 384 2803 vero
407 2771 630 2813 interpretari
653 2771 698 2804 de
721 2772 943 2806 Thusneldae
959 2774 1075 2819 gravi-

208 2820 315 2854 ditate
340 2822 376 2854 et
396 2830 460 2863 spe
484 2821 734 2864 propagandae
756 2823 886 2865 stirpis.

249 2921 307 2953 56.
338 2920 456 2962 igitur]
489 2921 562 2954 Hac
591 2921 760 2964 particula
783 2922 881 2955 filum
909 2923 1074 2956 orationis

208 2970 289 3003 inde
312 2979 333 3003 a
356 2969 475 3003 verbis
491 2980 522 3003 c.
539 2972 593 3004 55.
613 2973 700 3012 quod
713 2989 763 2997 --
775 2974 945 3013 praecepit
965 2974 1075 3005 inter-

207 3023 351 3063 ruptum
381 3029 504 3053 rursus
526 3021 707 3063 excipitur.
749 3022 803 3056 Cf.
828 3031 859 3055 c.
885 3023 938 3055 62.
967 3024 1072 3056 BAcn.

211 3087 248 3095 -
273 3070 526 3111 mutuarias]
557 3072 802 3105 tantummodo
825 3072 869 3104 ad
896 3073 989 3105 hanc
1011 3081 1074 3105 ex-

208 3121 425 3163 peditionem
454 3120 571 3153 subito
600 3122 830 3164 conscriptas.
869 3123 925 3154 Sic
948 3124 1007 3161 ⁴5,
1033 3123 1072 3155 3:

209 3171 467 3203 tinnultuariam
489 3171 753 3211 provincialium
780 3179 919 3202 manum
949 3175 1073 3204 armat.

211 3219 299 3253 Alibi
321 3220 448 3253 subitus
469 3220 561 3252 miles
584 3220 670 3253 Hist.
689 3219 726 3259 4,
745 3220 814 3260 76„
838 3220 993 3253 subitarii
1014 3222 1077 3254 mi-

209 3270 280 3303 lites
316 3270 503 3312 (repentina
530 3268 680 3311 auoeilia)
714 3270 787 3302 Liv.
817 3269 857 3309 3,
887 3270 919 3303 4.
953 3289 988 3294 —
1030 3272 1078 3303 cis

211 3319 356 3352 Rhermm
389 3319 573 3361 colentium]
609 3318 853 3360 Significantnr
882 3319 975 3359 Ubii,
1010 3320 1078 3352 Su-

215 3368 354 3410 gambri
369 3369 415 3402 ab
429 3372 586 3412 Augusto
601 3369 763 3402 Rhenum
781 3368 931 3402 traducti
941 3394 949 3410 ,
975 3371 1016 3402 ut
1029 3369 1076 3402 ibi

217 3418 387 3452 colerent.
418 3420 459 3452 A.
484 3420 543 3459 42,
579 3418 633 3451 39.
669 3418 756 3452 nist.
779 3417 818 3460 4,
841 3419 896 3453 ΞΟ.
932 3420 1075 3453 sueton.

1123 1920 1205 1955 ἐκεῖ
1228 1931 1268 1954 τε
1298 1912 1325 1967 ᾖ
1360 1914 1384 1953 ὃ
1417 1930 1459 1953 τε
1479 1920 1654 1963 Λουπίας
1685 1922 1751 1955 καὶ
1782 1918 1804 1955 ὃ
1833 1918 1991 1957 ’Euam

1123 1972 1404 2015 συμμίγνυνται
1424 1969 1614 2019 φρούριόν
1635 1974 1672 2006 τι
1694 1983 1830 2014 σφισιν
1852 1973 1993 2007 ἐπιτει-

1123 2024 1232 2063 χέσαι
1259 2023 1326 2055 καὶ
1353 2017 1482 2070 ἕτερον
1508 2023 1549 2057 ἐν
1578 2023 1747 2067 Χάττοις
1778 2028 1864 2073 παρ’
1888 2024 1991 2071 αὐτῷ

1124 2072 1175 2118 τῷ
1196 2070 1328 2118 Ῥήνῳ.
1348 2092 1384 2097 -
1402 2076 1439 2107 in
1453 2079 1561 2108 monte
1577 2076 1700 2118 Tauno]
1724 2079 1817 2111 inter
1831 2080 1992 2113 Rhenum

1124 2128 1160 2158 et
1181 2126 1365 2165 Moenum,
1393 2126 1589 2159 Wiesbaden
1611 2129 1647 2160 et
1668 2129 1854 2173 Hombury,
1887 2132 1992 2165 hodie

1123 2177 1175 2209 die
1196 2176 1285 2208 Hohe
1307 2175 1356 2208 bei
1378 2176 1567 2224 Hombur9‚
1592 2176 1668 2211 aliis
1687 2179 1747 2211 der
1760 2180 1913 2220 Heyrich.
1940 2182 1991 2215 Cf.

1124 2228 1229 2261 Ukert
1245 2227 1445 2259 Germanien
1459 2235 1494 2269 p.
1505 2227 1581 2261 249.
1593 2245 1629 2251 —
1644 2229 1787 2272 Chattos]
1806 2231 1856 2264 Cf.
1873 2233 1991 2267 Germ.

1124 2277 1177 2310 30.
1203 2276 1415 2310 Habitabant
1436 2277 1482 2310 ad
1504 2278 1692 2321 Visurgim.
1716 2298 1753 2304 -—
1777 2282 1879 2324 rapit]
1902 2284 1993 2317 Ver-

1125 2327 1290 2369 gilianum
1311 2328 1392 2360 hoc.
1424 2328 1511 2361 Aen.
1537 2329 1570 2369 7,
1594 2330 1677 2363 725.
1709 2333 1800 2365 mille
1819 2336 1915 2375 rapit
1926 2345 1994 2376 po-

1118 2379 1229 2418 pulos.
1247 2377 1301 2416 40,
1319 2377 1400 2410 ⁴78:
1425 2379 1515 2411 mille
1527 2380 1621 2420 rapit
1633 2380 1759 2414 densos.
1775 2399 1812 2405 —
1829 2384 1868 2416 L.
1884 2384 1993 2426 Apro-

1123 2427 1191 2469 nio]
1217 2428 1255 2460 C.
1280 2427 1303 2460 f.
1330 2427 1368 2460 C.
1389 2436 1425 2460 n.
1451 2428 1596 2462 consule
1623 2431 1772 2465 suffecto
1795 2441 1827 2466 a.
1852 2442 1887 2467 u.
1913 2436 1991 2469 764.

1125 2477 1176 2510 Cf.
1200 2476 1323 2510 Vellei.
1341 2478 1380 2517 2,
1406 2477 1481 2510 446.
1501 2495 1538 2502 -
1562 2479 1746 2523 Adranam]
1762 2482 1868 2516 hodie
1890 2485 1991 2527 Eder,

1124 2535 1235 2569 prope
1259 2527 1380 2559 cassel.
1416 2528 1594 2562 Adranam
1625 2538 1645 2562 a
1669 2531 1787 2564 Tacito
1810 2533 1994 2569 confusam

1125 2586 1204 2610 esse
1228 2585 1311 2610 cum
1333 2578 1471 2619 Logana
1491 2578 1612 2622 (Lahn)
1635 2589 1741 2614 nemo
1765 2591 1859 2616 nunc
1883 2585 1995 2618 credit

1123 2628 1307 2661 Mannerto
1332 2628 1526 2668 (Germania
1546 2638 1583 2672 p.
1607 2629 1697 2671 464).
1723 2649 1760 2655 —-
1786 2636 1992 2675 tramiserat,

1124 2695 1172 2701 --
1183 2676 1351 2719 arcebant]
1374 2676 1532 2711 Alterum
1549 2679 1994 2727 praedicatumfareebant)

1124 2736 1195 2760 non
1218 2728 1489 2768 grammaticum
1507 2730 1604 2762 vocis
1625 2731 1780 2763 iuventus
1801 2741 1992 2767 numerum

1124 2777 1301 2819 sequitur,
1335 2777 1400 2809 sed
1428 2776 1591 2819 logicum.
1628 2780 1779 2813 Perinde
1804 2783 1862 2821 42,
1892 2783 1935 2815 33
1957 2785 1993 2816 et

1124 2827 1178 2860 40.
1206 2827 1264 2865 46,
1289 2827 1322 2858 2.
1347 2827 1420 2858 Liv.
1446 2829 1478 2867 4,
1503 2828 1565 2860 27:
1590 2838 1651 2861 suo
1671 2831 1766 2864 iussu
1789 2833 1990 2866 circ-ioman&

1123 2876 1288 2908 Albanum
1301 2877 1498 2916 exerc-itinn,
1515 2881 1555 2909 ut
1567 2878 1777 2913 Fidenatium
1789 2883 1883 2914 nuda
1897 2885 1993 2923 terya

1122 2927 1298 2958 invadant.
1338 2925 1392 2959 Cf.
1423 2927 1601 2961 Drakenb.
1633 2929 1679 2962 ad
1708 2930 1781 2963 Liv.
1807 2931 1843 2971 3,
1868 2932 1930 2971 28,
1955 2933 1989 2965 2.

1125 2976 1259 3008 Rrrrnn.
1281 2992 1316 2998 —
1335 2975 1438 3016 paqis
1458 2977 1616 3019 vicisque]
1641 2979 1758 3012 Gauen
1772 2981 1841 3012 und
1855 2981 1989 3023 Do‘rfer.

1125 3024 1176 3058 Cf.
1191 3026 1308 3056 Germ.
1323 3025 1377 3057 ⁴2.
1394 3042 1430 3048 —
1443 3026 1576 3068 Mattio]
1593 3028 1819 3071 Marburgum
1835 3030 1905 3063 hoc
1921 3039 1991 3064 non

1126 3082 1206 3106 esse
1237 3073 1331 3115 apud
1354 3083 1488 3109 omnes·
1501 3085 1595 3110 nunc
1617 3080 1775 3117 constat;
1807 3077 1862 3111 alii
1893 3079 1993 3121 (Wil-

1126 3122 1222 3156 helm
1244 3132 1279 3165 p.
1299 3124 1372 3165 488)
1397 3129 1572 3166 quaerunt
1594 3127 1630 3160 in
1646 3129 1723 3160 vico
1738 3129 1859 3160 Maden
1880 3137 1991 3173 prope

1126 3167 1348 3216 Gudensbery,
1365 3173 1422 3207 alu
1435 3177 1663 3220 (Reichardp
1679 3179 1752 3218 270)
1770 3179 1804 3210 in
1816 3179 1893 3211 vico
1905 3180 1993 3213 Ποία

1125 3223 1217 3255 inter
1231 3224 1439 3258 Niedenstein
1455 3227 1490 3258 et
1502 3226 1722 3267 Gudensbery.
1749 3226 1800 3258 Cf.
1815 3228 1925 3261 Zeuss
1940 3230 1994 3262 die

1125 3272 1308 3306 Deutschen
1323 3283 1358 3316 p.
1376 3273 1429 3306 98.
1455 3276 1568 3317 Prope
1586 3276 1738 3308 Geismar
1752 3274 1798 3308 ad
1812 3275 1991 3311 Adranam

1126 3322 1241 3365 (ledor)
1264 3323 1301 3356 ss.
1326 3325 1426 3365 ponit
1456 3325 1589 3357 Grimm
1620 3325 1767 3365 (mythol.
1792 3325 1848 3359 ed.
1871 3326 1929 3360 alt.
1953 3337 1990 3370 p.

1127 3371 1194 3412 63.)
1218 3373 1279 3414 qui
1301 3373 1429 3406 iterum
1446 3374 1714 3416 accuratiusque
1730 3374 1775 3408 de
1790 3375 1908 3409 nauto
1923 3376 1992 3410 dis-

1127 3421 1239 3454 seruit
1262 3421 1372 3455 Gesch.
1390 3422 1450 3455 dor
1469 3422 1513 3455 D.
1531 3421 1607 3463 Spr-
1624 3431 1659 3465 p.
1677 3423 1741 3457 578
1755 3430 1812 3465 aq.
