2254 3770
301 264 382 306 536

786 264 831 308 P.
862 262 1112 307 CORNELII
1141 263 1312 306 TACITI
1342 262 1608 307 ANNALIUM

303 370 455 414 balneo
487 370 638 414 inlatus
670 375 712 414 et
740 383 901 427 vapore
932 370 1024 412 eius
1055 368 1338 419 exanimatus,
1371 369 1463 412 sine
1492 368 1578 411 ullo
1600 368 1759 412 funeris
1781 367 1974 412 sollemni
1996 381 2091 412 cre·

305 452 453 490 matur.
485 446 541 488 ita
571 444 777 489 codicillis
808 445 1160 502 praescripserat,
1193 457 1290 487 cum
1316 444 1441 487 etiam
1473 450 1562 486 tum
1589 443 1815 501 praedives
1838 450 1879 487 et
1908 456 2090 502 praepo-

305 528 397 565 tens
427 521 639 578 supremis
670 520 759 563 suis
790 519 1044 563 consuleret.
1089 520 1169 575 (65)
1202 518 1312 562 fama
1342 519 1417 561 fuit
1446 519 1645 562 Subrium
1669 517 1841 561 Flavum
1872 532 1967 562 cum
1990 532 2090 562 cen-

306 596 542 640 turionibus
573 594 740 639 occulto
771 594 966 646 consilio,
998 608 1140 652 neque
1170 601 1310 637 tamen
1343 594 1559 651 ignorante
1587 594 1761 645 Seneca,
1794 593 2088 644 destinavisse,

274 678 351 715 5ut
379 677 476 729 post
506 670 696 714 occisum
726 683 858 728 opera
889 670 1054 713 Pisonis
1084 671 1298 713 Neronem
1326 669 1424 712 Piso
1450 682 1626 727 quoque
1658 668 1975 720 interficeretur,
2007 675 2092 712 tra-

306 747 567 802 dereturque
599 745 823 803 imperium
855 745 1063 796 Senecae,
1104 745 1227 802 quasi
1258 744 1496 788 insontibus
1527 744 1776 787 claritudine
1805 744 2006 787 virtutum
2035 743 2090 787 ad

306 836 519 865 summum
549 821 760 878 fastigium
790 819 970 864 delecto.
1013 821 1116 878 quin
1146 826 1188 863 et
1216 819 1346 863 verba
1371 819 1483 863 Flavi
1505 819 1795 876 vulgabantur,
1827 833 1910 863 non
1931 819 2091 863 referre

307 897 531 947 dedecori,
573 896 608 939 si
640 895 911 939 citharoedus
942 895 1243 939 demoveretur
1273 902 1315 938 et
1344 895 1574 952 tragoedus
1604 894 1876 946 succederet,
1917 894 2018 952 quia
2047 899 2093 938 ut

305 974 416 1016 Nero
448 971 627 1018 cithara.
660 971 716 1014 ita
745 971 843 1014 Piso
874 970 1033 1028 tragico
1064 977 1215 1013 ornatu
1246 970 1436 1015 canebat.

257 1061 293 1091 40

421 1048 500 1104 (66)
533 1048 732 1091 Ceterum
763 1046 953 1089 militaris
984 1060 1158 1104 quoque
1190 1045 1448 1103 conspiratio
1478 1059 1562 1088 non
1588 1044 1697 1089 ultra
1714 1044 1867 1095 fefellit,
1899 1044 2093 1088 accensis

308 1123 520 1167 indicibus
550 1122 603 1167 ad
634 1121 904 1180 prodendum
935 1121 1136 1164 Faenium
1165 1121 1333 1172 Rufum,
1367 1135 1496 1179 quem
1523 1120 1706 1164 eundem
1729 1120 1947 1164 conscium
1969 1127 2011 1164 et
2030 1119 2094 1163 in-

308 1200 557 1258 quisitorem
587 1212 672 1241 non
703 1197 951 1241 tolerabant.
983 1210 1085 1254 ergo
1116 1196 1284 1240 instanti
1313 1196 1606 1254 minitantique
1636 1195 1838 1240 renidens
1859 1195 2094 1239 Scaevinus

307 1275 521 1318 neminem
552 1274 608 1317 ait
637 1273 760 1332 plura
788 1273 899 1316 scire
929 1285 1056 1329 quam
1096 1272 1261 1329 ipsum,
1302 1271 1581 1330 hortaturque
1611 1270 1740 1318 ultro,
1779 1270 1982 1315 redderet
2009 1277 2095 1315 tam

307 1350 419 1393 bono
451 1349 630 1407 principi
660 1349 811 1392 vicem.
857 1362 940 1391 non
972 1361 1055 1391 vox
1084 1347 1310 1391 adversum
1342 1361 1395 1390 ea
1423 1347 1600 1398 Faenio,
1633 1361 1718 1390 non
1749 1346 1985 1396 silentium,
2016 1345 2095 1390 sed

257 1435 293 1465 ⁴5
308 1425 439 1469 verba
469 1439 546 1468 sua
577 1423 864 1482 praepediens
886 1429 928 1466 et
947 1422 1117 1480 pavoris
1138 1423 1395 1474 manifestuS,
1429 1423 1684 1481 ceterisque,
1718 1436 1768 1466 ac
1787 1423 1971 1466 maxime
1993 1422 2096 1467 Cer-

307 1502 425 1544 vario
442 1500 636 1550 Proculo,
665 1499 809 1557 equite
833 1500 892 1551 R„
925 1498 979 1541 ad
1001 1498 1340 1542 convincendum
1361 1512 1461 1541 eum
1481 1498 1651 1549 conisis,
1683 1498 1803 1541 iussu
1827 1498 2095 1556 imperatoris

306 1591 331 1620 a
361 1576 510 1621 Cassio
541 1575 692 1624 milite,
730 1574 802 1632 qui
833 1574 887 1617 ob
919 1574 1085 1631 insigne
1115 1573 1308 1631 corporis
1339 1573 1472 1617 robur
1500 1573 1717 1624 adstabat,
1751 1573 1977 1631 corripitur
2004 1573 2097 1617 vin-

372 1698 402 1729 4.
427 1697 564 1728 sollenni
595 1697 627 1729 M
656 1700 691 1718 '—
729 1695 761 1728 2.
790 1694 1030 1735 perscripserat
1060 1693 1284 1727 Puteolanus.
1319 1713 1353 1718 —
1386 1694 1541 1735 predives
1570 1698 1602 1727 et
1627 1698 1801 1735 prepotens
1830 1692 1976 1736 supiimis
1998 1695 2033 1729 M
2058 1713 2095 1719 —

304 1754 336 1787 3.
361 1754 502 1786 Flavum
518 1770 566 1776 —-
581 1752 678 1784 Flavi
697 1751 895 1784 Bekkerus:
921 1751 1064 1793 flavium
1078 1768 1127 1774 --
1141 1751 1238 1792 flauii
1261 1751 1294 1783 M
1322 1769 1354 1773 —
1383 1751 1413 1783 6.
1432 1752 1530 1792 quasi
1552 1751 1699 1783 sontibus
1716 1751 1915 1786 Wurmius:
1942 1752 2040 1793 quasi
2061 1751 2098 1784 in

302 1810 449 1843 sontibus
472 1811 616 1847 lansen3
643 1809 740 1850 quasi
761 1808 883 1839 insonti
906 1810 936 1840 et
958 1806 1134 1839 Acidalius
1158 1808 1194 1839 et
1217 1807 1380 1839 Pichena.
1402 1823 1436 1830 ·-
1465 1807 1496 1839 8.
1523 1808 1688 1839 dedecoris
1712 1808 1882 1840 Heinsius.
1905 1825 1940 1831 —
1966 1808 2020 1840 40.
2037 1817 2098 1840 ac-

303 1867 407 1899 censis
434 1866 584 1908 Lipsius:
615 1864 759 1896 accensis
788 1872 917 1904 quoque
946 1864 999 1904 (ex
1030 1862 1114 1895 falsa
1144 1863 1352 1904 repetitione
1378 1872 1398 1895 e
1423 1872 1528 1896 versu
1558 1864 1798 1905 praecedente
1822 1865 1973 1905 sumpta)
1997 1864 2031 1896 Μ
2057 1879 2095 1889 -

306 1924 358 1955 44.
382 1923 530 1964 faenium
554 1922 605 1955 M:
631 1921 769 1953 Fenium
791 1920 906 1961 vulgo.
929 1938 961 1943 -
991 1919 1045 1953 ⁴4.
1069 1919 1202 1960 Faenio]
1226 1920 1356 1961 faenius
1378 1919 1430 1957 M;
1456 1920 1544 1961 senio
1567 1921 1594 1952 G
1613 1938 1647 1943 —
1677 1920 1728 1952 46.
1747 1920 1854 1960 equile
1869 1920 1906 1951 R.
1925 1918 2094 1953 Orellius:

302 1979 391 2020 equit
414 1987 496 2011 cum
519 1977 576 2010 lin.
596 1986 705 2019 super
726 1976 807 2009 litt.t
829 1975 968 2018 (equiter
983 1985 1047 2018 pro
1063 1974 1232 2017 equitem.)
1256 1976 1307 2014 M;
1333 1976 1442 2016 equite
1464 1977 1584 2008 ceteri.
1612 1975 1661 2008 Cf.
1682 1985 1715 2017 p.
1731 1976 1807 2015 383,
1826 1975 1859 2009 4.
1878 1993 1913 2000 -
1936 1973 2028 2009 iussu
2049 1976 2095 2010 M.

302 2094 399 2141 ἄτην
429 2098 495 2130 καὶ
525 2093 692 2140 ἀνομίαν
719 2096 784 2128 καὶ
814 2091 1014 2139 ἀσέλγειαν
1044 2096 1175 2141 τρέπε-
1196 2099 1202 2154 Ι
1226 2095 1329 2135 dum,
1356 2095 1415 2136 qui
1438 2095 1476 2127 ut
1499 2095 1564 2137 ipsi
1587 2095 1664 2136 puri
1689 2096 1723 2127 et
1743 2095 1899 2127 insontes
1916 2093 2094 2135 vivebant,

303 2149 397 2182 σθαι
412 2158 418 2165 ·
443 2144 575 2191 ἔλεγον
598 2147 638 2180 δὲ
653 2143 772 2180 αὐτὸν
789 2147 854 2178 καὶ
870 2146 1026 2185 τέλειον,
1051 2142 1115 2178 διά
1129 2155 1173 2177 το

301 2198 445 2232 τέλειον
479 2195 575 2230 εἶναι
604 2195 672 2230 τὸν
701 2198 827 2243 τρίτον
857 2194 1025 2243 ἀριθμὸν
1048 2192 1174 2242 ἀρχὴν

300 2246 442 2289 ἔχοντα
465 2249 530 2281 καὶ
553 2249 675 2290 μέσον
698 2248 764 2280 καὶ
787 2246 905 2288 τέλος.
932 2249 1040 2280 ΒΟΕΙ).
1068 2242 1175 2280 (Ζθῒθὲ

301 2309 383 2332 rum
406 2300 499 2341 apud
526 2299 663 2331 Latinos
688 2299 742 2330 vix
767 2297 847 2330 alibi
873 2306 980 2339 quam
1005 2298 1058 2330 his
1083 2297 1174 2329 duo-

304 2348 370 2381 bus
387 2350 492 2381 Taciti
518 2348 603 2381 locis
628 2350 663 2380 et
686 2349 720 2380 in
747 2347 922 2380 Lambecii
944 2348 1054 2380 Fastis
1070 2347 1114 2378 ad
1130 2356 1174 2378 xv

303 2398 375 2430 Kal.
394 2400 478 2430 Nov.
499 2400 733 2430 memoratum
750 2398 909 2438 reperies
933 2398 1042 2428 Iovem
1057 2396 1175 2427 liberm

303 2452 425 2487 torem;
451 2457 469 2479 a
495 2449 637 2481 Graecis
661 2456 743 2480 eum
760 2447 826 2480 sibi
843 2447 1038 2488 sumpsisse
1056 2447 1175 2478 viden—

302 2501 360 2530 tur
383 2501 419 2530 et
441 2499 573 2530 Seneca
600 2499 635 2530 et
656 2498 821 2530 Thrasea.
843 2497 942 2530 Pind.
962 2496 1099 2538 Olymp.
1119 2497 1172 2534 Η,

306 2550 318 2580 4
335 2557 343 2580 :
367 2549 430 2580 καὶ
448 2545 571 2591 Ζηνὸς
589 2545 827 2594 Ἐλευθερίου
844 2566 894 2572 --
910 2545 1078 2593 Σώτειρα
1102 2544 1175 2579 Τύ-

304 2608 373 2638 χα,
406 2598 467 2631 ubi
490 2597 605 2631 Schol.
632 2598 784 2640 explicat
810 2595 955 2643 ἐφόρου
980 2595 1049 2639 τῆς
1072 2595 1175 2629 ἐλευ-

305 2650 444 2694 θερίας.
477 2648 634 2690 Thucyd.
653 2649 684 2686 2.
704 2649 761 2680 74:
790 2647 916 2689 θύσας
939 2647 979 2680 ἐν
1001 2645 1047 2694 τῇ
1068 2647 1174 2680 Πλα-

304 2699 420 2732 ταιῶν
444 2695 566 2744 ἀγορᾷ
589 2697 647 2731 Διὶ.
667 2694 890 2744 Ἐλευθερίῳ
916 2695 1009 2743 ἱερά.
1052 2697 1175 2730 suidas

305 2751 338 2782 in
353 2746 587 2795 Ἐλευθέριος
603 2758 636 2790 p.
653 2750 732 2782 4204
754 2751 781 2781 A
799 2750 856 2782 ed.
873 2749 974 2782 Gaisf.
994 2767 1027 2771 —
1049 2748 1174 2789 balneo]

306 2802 401 2833 sicco
426 2802 461 2833 et
478 2801 665 2837 Laconico.
693 2808 783 2841 quae
802 2801 907 2833 etiam
924 2800 1100 2832 sudatoria
1116 2807 1177 2830 vo-

307 2850 489 2883 cabantur.
533 2850 588 2882 Sic
617 2849 676 2888 ⁴4,
709 2849 766 2882 64:
806 2850 946 2883 Octavia
970 2849 1176 2890 praefervidi

307 2901 414 2933 balnei
435 2909 559 2942 vapore
581 2904 749 2933 enecatur.
771 2917 805 2924 —
833 2901 1001 2945 codicillis]
1026 2899 1114 2932 Vide
1130 2900 1175 2932 ad

307 2960 339 2984 c.
357 2952 410 2983 62.
432 2968 468 2973 —
493 2959 568 2982 cum
590 2951 691 2982 etiam
712 2954 782 2982 tum
797 2951 878 2992 cet]
903 2951 936 2983 h.
957 2960 988 2983 e.
1009 2959 1098 2992 quos
1115 2959 1176 2982 co-

308 3000 442 3034 dIcillos
473 3001 663 3042 scripserat
686 3009 728 3032 eo
753 3004 934 3042 tempore,
968 3010 1038 3042 quo
1062 3000 1177 3033 adhuc

309 3051 459 3090 divitias,
485 3051 678 3092 potentiam
693 3050 859 3088 haberet,
883 3051 1040 3083 nondum
1057 3059 1176 3083 semo—

310 3105 365 3134 tus
400 3109 483 3134 cura
518 3109 637 3133 rerum
669 3099 902 3142 publicarum,
945 3102 1033 3133 Nam
1062 3102 1176 3133 morte

310 3152 513 3184 denuntiata
545 3159 612 3183 non
644 3149 784 3183 licuisse
808 3151 1058 3183 testamentum
1090 3151 1179 3183 scri-

311 3202 396 3234 bere
421 3210 526 3243 supra
551 3201 714 3234 vidimus.
742 3201 822 3233 Em«.

354 3251 407 3283 65.
435 3251 592 3283 Subrium
614 3249 763 3291 Flavum]
788 3249 838 3282 Cf.
865 3258 894 3282 c.
919 3249 972 3282 49.
991 3251 1044 3283 50.
1064 3251 1117 3283 58.
1139 3267 1174 3273 —

309 3300 499 3343 insontibus]
525 3303 591 3333 Pro
614 3300 656 3332 ab
677 3300 875 3339 insontibus,
900 3301 939 3331 ut
961 3308 1068 3341 saepe
1084 3299 1178 3342 apud

312 3351 480 3384 Tacitum.
506 3351 593 3384 Vide
617 3351 663 3383 ad
685 3352 718 3391 2,
741 3351 795 3383 50.
832 3349 1034 3382 «Insontibus
1056 3351 1100 3382 ad
1118 3351 1179 3382 Su-

313 3401 429 3434 brium
459 3402 752 3443 centurionesque
780 3401 988 3443 ceterosque
1018 3400 1179 3433 referen—

1224 2146 1269 2178 ita
1294 2146 1489 2187 principem
1521 2146 1696 2177 insontem
1720 2144 1942 2186 flagitabant;
1968 2145 2098 2178 diversi

1226 2195 1270 2228 illi
1295 2205 1312 2228 a
1338 2195 1514 2228 nobilibus
1538 2196 1785 2228 coniurationis
1803 2196 1927 2234 sociis,
1954 2197 2012 2237 qui
2033 2195 2098 2238 ipsi

1226 2246 1439 2287 degeneres,
1466 2247 1501 2278 et
1524 2246 1637 2278 Subrii
1655 2245 1800 2287 quidem
1824 2245 1952 2278 iudicio
1972 2246 2098 2288 effemi-

1224 2297 1297 2328 nali
1321 2296 1361 2338 (c.
1380 2296 1452 2336 67),
1484 2297 1647 2328 Pisonem
1671 2295 1868 2336 elegerant,
1903 2295 1960 2328 cui
1980 2294 2100 2335 procul

1225 2347 1379 2389 yravitus
1406 2356 1537 2379 morum
1569 2350 1627 2378 aut
1659 2348 1868 2387 voluptatum
1891 2346 2100 2386 parsimonia

1226 2399 1311 2430 erat.
1349 2398 1484 2438 Nempe
1509 2399 1603 2436 quasi
1627 2406 1708 2429 cum
1736 2397 1857 2429 delecto
1881 2397 2099 2437 coniungen-

1226 2448 1309 2480 dum
1336 2449 1400 2479 est.
1439 2449 1554 2489 Longe
1586 2446 1686 2480 aliter
1716 2447 1961 2488 Kiesslingius:
1998 2447 2098 2488 quasi

1227 2499 1347 2530 essent
1369 2498 1541 2535 insontes,
1568 2499 1596 2529 si
1621 2496 1675 2529 ille
1701 2497 1746 2529 ob
1764 2496 2008 2530 claritudinem
2025 2497 2098 2528 vir-

1227 2549 1339 2579 tutum
1358 2547 1401 2578 ad
1416 2556 1594 2579 summum
1608 2547 1781 2588 fastigium
1796 2546 1954 2579 delectus
1967 2547 2096 2580 esset.»

1226 2598 1332 2630 Dossn.
1363 2615 1397 2619 —
1423 2607 1488 2629 non
1512 2598 1636 2639 referre
1659 2596 1827 2638 dedecori]
1864 2595 1967 2629 «nihil
1991 2596 2099 2629 inter-

1227 2656 1306 2680 esse
1337 2648 1428 2680 inter
1460 2647 1635 2687 dedecus,
1673 2657 1754 2680 cum
1786 2649 1877 2680 Nero
1905 2647 2099 2688 imperaret

1228 2700 1288 2730 aut
1309 2699 1407 2737 Piso;
1434 2698 1529 2731 idem
1552 2707 1738 2731 remanere
1762 2699 1796 2731 in
1818 2707 1856 2731 re
1882 2697 2020 2739 publica
2037 2696 2099 2730 de-

1228 2749 1374 2782 decus.»
1402 2768 1436 2773 —
1463 2750 1701 2790 demoveretur]
1726 2748 1776 2781 Cf.
1796 2749 1848 2788 ⁴3,
1868 2748 1928 2781 ⁴4:
1953 2749 2099 2780 demovet

1228 2798 1408 2831 Pallantem
1441 2808 1526 2831 cura
1555 2808 1680 2832 rerum.
1718 2817 1754 2822 —
1793 2799 1863 2831 Piso
1879 2815 1928 2822 --
1942 2796 2096 2840 canebat]

1228 2849 1314 2881 Vide
1338 2849 1383 2881 ad
1407 2858 1437 2882 c.
1458 2849 1510 2882 48.

1272 2949 1325 2982 66.
1341 2949 1466 2992 fefellit]
1489 2948 1600 2988 latuit,
1624 2950 1663 2981 ut
1680 2949 1763 2981 Hist.
1778 2949 1811 2987 2,
1829 2948 1882 2981 98.
1901 2966 1936 2972 —
1955 2948 2100 2981 accensis

1227 2999 1398 3041 indicibus]
1425 3001 1518 3032 tanta
1543 3000 1593 3031 ira
1611 2999 1805 3037 concitatis,
1830 2999 1869 3030 ut
1891 2997 2026 3031 indices
2041 3006 2098 3031 ex-

1229 3050 1403 3082 sisterent.
1423 3067 1459 3072 —
1483 3050 1666 3082 redderet-
1678 3066 1697 3072 -
1712 3048 1828 3090 vicem]
1855 3048 1990 3080 «omnia
2007 3045 2098 3080 ultro

1229 3099 1428 3132 confitendo
1453 3102 1591 3140 gratum
1608 3108 1646 3132 se
1664 3098 1878 3131 monstraret
1894 3105 1976 3139 erga
2001 3096 2099 3138 prin-

1230 3150 1344 3191 cipem
1368 3151 1439 3182 tam
1464 3149 1556 3181 bene
1576 3148 1620 3181 de
1644 3150 1721 3190 ipso
1747 3149 1946 3180 meritumu.
1972 3145 2023 3179 Cf.
2043 3145 2096 3186 43,

1228 3202 1282 3233 20.
1305 3219 1341 3224 —
1355 3199 1583 3241 praepediens]
1601 3199 1652 3231 Cf.
1671 3199 1756 3231 Hist.
1776 3198 1809 3238 3,
1827 3197 1886 3230 68:
1910 3198 2099 3239 μαυρωθ-

1227 3251 1373 3291 pediente
1397 3249 1559 3291 (vocem).
1597 3247 1849 3282 Drakenborch
1877 3245 1921 3278 ad
1946 3245 2017 3278 Liv.
2040 3244 2095 3283 28.

1230 3302 1260 3339 ⁴,
1280 3300 1311 3332 6.
1327 3317 1362 3322 -
1385 3300 1491 3340 equile
1511 3299 1561 3340 R]
1581 3299 1661 3331 Sine
1684 3297 1839 3339 epitheto
1858 3296 2027 3328 Romanus
2040 3293 2097 3326 vel

1227 3351 1384 3390 illustris,
1408 3350 1612 3390 splendidus,
1636 3348 1776 3390 insiqnis
1798 3345 1891 3388 apud
1911 3345 2096 3377 historicos

1229 3401 1283 3433 vix
1300 3399 1459 3432 absolute
1478 3399 1617 3442 ponitur
1631 3406 1727 3439 equos
1741 3396 1785 3430 de
1798 3403 1882 3429 un0.
1902 3395 1969 3435 Sic,
1983 3401 2095 3428 unum
