2254 3770
725 280 882 326 LIBER
910 280 961 325 11.
1006 279 1108 338 Cap.
1138 278 1207 324 6⁴.
1236 279 1305 325 62.
1336 279 1404 324 63.
1432 280 1503 325 64.
1925 281 2007 326 423

223 397 415 438 ceterum
442 394 546 448 aput
572 394 768 432 senatum
797 385 1001 430 disseruit
1028 399 1113 429 non
1141 384 1384 444 Philippum
1412 385 1760 437 Atheniensibus,
1791 399 1875 430 non
1900 388 2009 445 Pyr-

222 467 347 511 rhum
382 470 456 508 aut
489 462 742 507 Antiochum
778 460 940 519 populo
980 462 1171 505 Romano
1200 460 1379 518 perinde
1407 461 1664 506 metuendos
1693 461 1838 505 fuisse.
1893 466 2008 505 extat

222 540 358 586 oratio
392 552 480 598 qua
514 537 850 596 magnitudinem
884 536 982 588 viri,
1021 535 1265 579 violentiam
1304 535 1595 580 subiectarum
1636 535 1676 581 ei
1714 536 1922 594 gentium,
1967 543 2010 580 et

221 629 354 675 quam
381 613 650 672 propinquus
679 611 824 655 Italiae
855 611 1004 662 hostis,
1036 624 1203 668 suaque
1233 610 1274 653 in
1295 609 1558 655 destruendo
1579 625 1632 655 eo
1653 610 1830 655 consilia
1850 610 2008 655 extulit.

221 698 265 736 et
291 688 579 734 Maroboduus
608 686 785 746 quidem
812 687 1039 730 Ravennae
1064 685 1252 737 habitus,
1285 685 1321 729 si
1342 686 1516 743 quando
1536 685 1843 730 insolescerent
1863 686 2041 736 Suebi‚5

221 765 346 824 quasi
375 763 592 809 rediturus
621 763 665 806 in
693 775 874 820 regnum
902 760 1206 804 ostentabatur.
1248 760 1326 804 sed
1355 775 1441 804 non
1461 762 1647 806 excessit
1665 760 1782 805 Italia
1801 775 1882 819 per
1901 761 2010 805 duo-

220 839 423 898 deviginti
472 852 608 882 annos
660 836 971 894 consenuitque
1015 835 1195 879 multum
1238 835 1458 880 imminuta
1503 836 1692 880 claritate
1736 836 1791 880 ob
1835 837 2009 880 nimiam

218 915 391 960 vivendi
419 913 678 972 cupidinem.
721 911 838 955 idem
859 910 1090 955 Catualdae
1111 924 1240 955 casus
1268 924 1412 969 neque
1442 911 1546 955 aliut
1569 911 1822 969 perfugium.
1859 912 2010 969 pulsus

218 990 335 1035 haud
371 989 504 1033 multo
541 992 640 1047 post
674 985 1074 1031 Hermundurorum
1112 985 1267 1043 opibus
1305 993 1347 1030 et
1376 986 1528 1030 Vibilio
1566 987 1678 1030 duce
1722 994 2010 1045 receptusque

218 1068 376 1111 Forum
403 1064 568 1115 Iulium,
599 1061 889 1107 Narbonensis
909 1061 1070 1105 Galliae
1100 1060 1323 1109 coloniam,
1355 1061 1542 1104 mittitur.
1580 1061 1754 1105 barbari
1780 1069 2060 1120 utrumquem

220 1141 406 1187 comitati
444 1153 499 1184 ne
537 1138 705 1197 quietas
739 1137 982 1195 provincias
1011 1136 1187 1179 immixti
1216 1136 1452 1186 turbarent,
1493 1137 1735 1180 Danuvium
1763 1136 1873 1181 ultra
1902 1138 2012 1181 inter

218 1216 396 1260 flumina
423 1215 588 1258 Marum
617 1220 660 1257 et
690 1213 851 1257 Cusum
880 1211 1095 1262 locantur,
1127 1210 1227 1254 dato
1256 1225 1359 1268 rege
1389 1211 1550 1256 Vannio
1581 1212 1718 1269 gentis
1747 1212 2008 1265 Quadorum.

221 1291 304 1349 (64)
335 1289 463 1335 simul
490 1289 680 1332 nuntiato
710 1301 859 1345 regem
887 1287 1085 1331 Artaxian
1114 1286 1323 1330 Armeniis
1345 1300 1370 1330 a
1391 1286 1644 1331 Germanico
1665 1287 1827 1339 datum,
1860 1287 2011 1332 decre—

220 1380 325 1411 vere
368 1371 513 1423 patres
557 1370 604 1407 ut
648 1362 928 1407 Germanicus
972 1368 1102 1420 atque
1144 1362 1310 1405 Drusus
1354 1369 1532 1405 ovantes
1575 1362 1728 1406 urbem
1776 1363 2009 1410 introirent.

220 1441 370 1486 structi
399 1446 442 1484 et
469 1453 596 1484 arcus
627 1441 788 1483 circum
816 1437 952 1482 latera
980 1436 1124 1496 templi
1145 1437 1288 1480 Martis
1310 1436 1464 1481 Ultoris
1485 1450 1583 1481 cum
1603 1437 1742 1494 effigie
1765 1438 2008 1490 Caesarum,
2025 1450 2061 1481 ⁴5

220 1516 398 1561 laetiore
437 1514 622 1565 Tiberio,
665 1514 767 1573 quia
801 1526 952 1571 pacem
981 1512 1190 1570 sapientia
1218 1511 1480 1563 firmaverat,
1519 1525 1651 1570 quam
1680 1513 1716 1556 si
1745 1512 1904 1557 bellum
1933 1528 2012 1571 per

222 1592 338 1637 acies
377 1590 642 1635 confecisset.
693 1589 821 1647 igitur
858 1587 1165 1645 Rhescuporim
1195 1600 1392 1645 quoque,
1437 1587 1667 1631 Thraeciae
1704 1602 1871 1646 regem,
1916 1597 2010 1633 astu

221 1666 480 1726 adgreditur.
523 1679 694 1709 omnem
724 1678 821 1708 eam
849 1663 1066 1707 nationem
1095 1661 1418 1707 Rhoemetalces
1449 1669 1662 1716 tenuerat;
1693 1677 1780 1721 quo
1811 1663 2010 1709 defuncto

220 1744 435 1801 Augustus
464 1747 630 1799 partem
658 1739 896 1783 Thraecum
924 1737 1255 1796 Rhescuporidi,
1284 1738 1401 1781 fratri
1431 1738 1544 1790 eius,
1577 1745 1743 1795 partem
1770 1738 1857 1783 filio
1888 1740 2011 1799 Cotyi

285 1856 318 1890 3.
343 1858 373 1889 ei
394 1854 606 1888 Beroaldus:
630 1857 661 1887 et
674 1855 709 1888 M
725 1871 762 1877 —
781 1854 813 1887 5.
838 1855 867 1887 si
881 1853 1087 1887 Rhenanus:
1112 1853 1190 1886 Nesi
1205 1853 1239 1887 M
1257 1868 1293 1876 —
1313 1853 1345 1885 6.
1362 1853 1531 1885 rediturus
1544 1852 1751 1886 Rhenanus:
1774 1854 1900 1886 reditus
1920 1855 1955 1887 M
1972 1872 2008 1877 -

221 1914 254 1947 9.
278 1913 394 1946 nibilio
416 1911 490 1945 h.l.
507 1911 542 1945 M
551 1920 559 1950 ;
582 1910 732 1943 uibillius
755 1910 810 1950 42,
834 1910 888 1942 29.
916 1926 953 1933 —-
978 1910 1073 1942 daice
1093 1910 1128 1943 M
1150 1926 1187 1932 —
1213 1910 1268 1942 44.
1292 1912 1450 1950 nequetas
1472 1908 1549 1951 (sic)
1570 1918 1623 1952 pr.
1641 1910 1676 1943 M
1700 1927 1736 1934 —
1762 1911 1816 1943 47.
1841 1910 2013 1944 thaeaciae

223 1970 295 2011 (sic)
319 1969 354 2003 Μ
378 1986 416 1992 -
439 1976 551 2010 reqem
569 1967 584 2008 ΙΙ
600 1975 712 2009 reyem
734 1967 769 2000 Μ
794 1983 830 1990 -
857 1966 910 1999 48.
935 1974 978 1999 ea
991 1966 1035 1999 M.

220 2069 336 2101 datum
361 2069 420 2100 est.
464 2067 594 2100 Contra
626 2066 756 2099 'tullum
788 2065 917 2098 aditum
948 2074 1016 2099 esse
1048 2065 1093 2098 ad

219 2117 360 2152 Nervios
380 2116 639 2157 mercatoribus,
665 2117 797 2149 Caesar
819 2116 856 2148 B.
883 2116 923 2148 G.
947 2116 987 2156 2,
1010 2115 1063 2147 45.

266 2167 321 2201 63.
346 2166 549 2208 Danuvium]
574 2167 624 2199 De
645 2166 713 2198 hac
728 2166 901 2207 scriptura
918 2164 961 2198 cf.
979 2166 1090 2197 Inscr.

221 2219 310 2251 Latt.
335 2227 396 2250 nn.
422 2217 497 2250 648.
522 2217 598 2249 750.
623 2215 720 2248 3234.
745 2215 844 2249 5400.
871 2233 907 2238 -
933 2217 1093 2248 Noricam

216 2267 268 2309 p.]
300 2268 392 2299 inter
420 2267 577 2298 Raetiam
610 2268 646 2299 et
672 2267 900 2299 Pannoniam.
928 2284 965 2288 —
1000 2268 1095 2297 extat

222 2317 343 2359 oratio]
373 2317 409 2349 in
432 2317 519 2348 actis
542 2316 625 2358 puta
650 2317 807 2348 senatus.
834 2332 870 2338 —
895 2315 925 2346 si
947 2315 1092 2356 quando]

223 2365 363 2400 Codicis
385 2365 576 2399 lectionem
597 2374 640 2398 ne
653 2366 682 2397 si
697 2365 831 2406 quando
846 2365 1016 2398 Duebner
1030 2374 1095 2398 ex-

222 2416 348 2459 plicat:
381 2424 453 2448 «ne
477 2417 664 2448 occasione
688 2415 777 2448 forte
801 2416 881 2448 data
905 2415 1095 2449 insolesce—

221 2467 336 2501 rent.»
361 2465 594 2499 Doederlein:
627 2474 718 2506 «ne,
743 2467 773 2498 si
796 2465 937 2507 quando
961 2464 1095 2498 insole-

222 2517 367 2550 scerent
388 2516 533 2556 animis,
557 2515 659 2549 factis
674 2516 781 2548 etiam
803 2515 1092 2548 insolescerent.»

222 2568 355 2599 Neutra
370 2566 459 2598 ratio
474 2564 603 2608 placet.
617 2583 652 2589 —
667 2566 988 2606 Hermundurorum]
1005 2565 1093 2599 Vide

226 2617 344 2650 Germ.
370 2625 403 2649 c.
420 2615 475 2649 44.
495 2633 532 2638 -
556 2616 682 2648 Forum
695 2616 828 2658 Iulium]
844 2615 949 2648 bodie
963 2617 1092 2657 Frejus.

226 2683 260 2691 -
287 2674 330 2699 ne
358 2666 488 2707 quietas
518 2666 602 2708 cet.]
637 2666 756 2698 Timor
786 2666 844 2699 hic
875 2666 1095 2699 demonstrat

222 2717 407 2758 utriusque
431 2717 467 2749 et
488 2715 698 2749 Marobodui
721 2717 757 2748 et
773 2715 963 2749 Catualdae
987 2718 1095 2749 comi-

223 2768 317 2800 tatus
340 2767 425 2800 satis
447 2774 658 2799 numerosos
674 2765 800 2806 fuisse,
826 2766 956 2807 quibus
972 2768 1096 2800 remis-

224 2817 273 2850 sis
295 2816 363 2858 ipsi
385 2816 513 2848 artiore
537 2817 608 2848 iam
631 2816 790 2848 custodia
813 2816 923 2849 habiti
946 2825 1026 2850 esse
1040 2818 1095 2849 vi-

224 2865 363 2899 dentur.
399 2865 451 2899 Cf.
470 2864 590 2898 Vellei.
614 2867 648 2906 2,
674 2866 748 2898 429.
774 2866 919 2899 Sueton.
944 2866 1019 2898 Tib.
1037 2866 1091 2898 37.

225 2933 263 2940 —
286 2917 437 2957 Marum]
459 2915 588 2949 Plinius
610 2917 652 2948 N.
677 2916 718 2948 H.
743 2915 783 2956 4,
809 2915 829 2958 5
852 2916 911 2949 84;
946 2917 975 2949 Δ
996 2918 1096 2950 Maro

223 2966 292 2999 sive
312 2967 341 2998 is
355 2967 467 2999 Duria
482 2970 547 3007 est,
571 2975 594 2998 a
608 2967 724 2999 Suevis
737 2975 904 3008 regnoque
922 2967 1095 3000 Vanniano

225 3016 383 3049 dirimens
404 3025 458 3049 eos
474 3016 631 3057 (Dacos),
657 3025 777 3048 aversa
792 3016 974 3049 Basternae
988 3020 1096 3049 tenent

224 3065 349 3106 aliique
370 3065 445 3098 inde
461 3066 630 3098 Germani.
655 3065 819 3098 Straboni
842 3066 874 3105 7,
898 3074 934 3105 p.
954 3065 1016 3098 304
1041 3068 1096 3098 est

223 3115 388 3155 Mar-isus,
423 3115 587 3148 lornandi
615 3124 646 3148 c.
677 3116 720 3148 22
749 3115 913 3155 Marisia,
948 3115 1095 3148 Aethico

223 3166 380 3205 Marsus,
403 3163 510 3197 hodie
533 3163 713 3207 plerisque
736 3165 789 3197 die
808 3164 942 3204 March,
968 3165 1095 3198 Ukerto

223 3224 261 3258 p.
285 3214 328 3248 54
355 3216 519 3255 Morava,
560 3214 784 3247 Schaffarikio
814 3214 911 3256 apud
940 3215 1094 3248 eundem

224 3274 261 3308 p.
291 3265 354 3298 468
386 3265 553 3299 Marosch.
596 3282 631 3287 -
673 3264 805 3304 Cusum]
841 3263 1021 3306 Plerisque
1057 3266 1096 3297 ut

225 3313 427 3348 Wilhelmio
455 3323 490 3357 p.
515 3314 557 3347 59
585 3316 640 3347 est
668 3314 720 3346 die
744 3314 857 3356 Waaq
885 3314 960 3347 sive
986 3314 1093 3356 Wag,

227 3365 351 3398 contra
373 3364 569 3398 Reichardo
597 3374 634 3407 p.
659 3365 723 3397 240
750 3365 808 3397 der
831 3364 1038 3398 Gussenbach
1059 3365 1095 3397 in

226 3414 365 3448 Austria
388 3423 408 3448 e
430 3415 574 3457 regione
598 3414 718 3458 oppidi
734 3414 830 3456 Ems,
856 3414 981 3448 Ukerto
997 3423 1033 3457 p.
1051 3413 1094 3448 54

1141 2065 1200 2098 der
1215 2065 1328 2106 Gran,
1353 2064 1579 2098 Schaffarikio
1601 2065 1752 2098 Keresch.
1778 2084 1814 2090 -
1838 2066 1916 2098 dato
1937 2076 2014 2108 rege

1145 2116 1283 2156 Vannio]
1319 2115 1370 2148 Cf.
1397 2116 1458 2154 42,
1490 2115 1533 2147 29
1564 2123 1617 2157 sq.
1647 2134 1683 2139 —
1722 2116 1926 2159 Quadorum]
1960 2117 2010 2150 Cf.

1142 2167 1251 2199 Zeuss
1275 2174 1308 2207 p.
1328 2166 1403 2198 447.
1429 2166 1534 2199 Ukert
1548 2174 1583 2207 p.
1602 2165 1678 2198 402.
1704 2167 2013 2200 Marcomanorum

1143 2218 1243 2248 erant
1256 2216 1358 2248 vicini
1371 2216 1549 2248 Orientem
1561 2224 1698 2248 versus.
1716 2217 1890 2249 Ammian.
1905 2218 2012 2250 Marc.

1144 2267 1197 2305 47,
1224 2266 1283 2298 42;
1316 2266 1493 2298 Sarmatas
1514 2269 1545 2298 et
1569 2266 1702 2305 Quados
1722 2267 1894 2299 vicinitate
1915 2271 1946 2299 et
1967 2268 2014 2299 si-

1141 2316 1326 2349 militudine
1360 2325 1492 2348 morum
1525 2319 1786 2357 armaturaeque
1825 2319 2012 2351 concordes.

1143 2366 1231 2399 Vide
1255 2369 1373 2399 Germ.
1399 2365 1452 2398 42.

1187 2416 1241 2449 64.
1265 2417 1382 2448 structi
1405 2419 1436 2448 et
1449 2424 1550 2448 arcus
1564 2416 1647 2458 cet.]
1671 2416 1792 2449 Exstat
1806 2426 1918 2460 prope
1933 2427 2015 2460 por-

1144 2468 1217 2499 tam
1247 2467 1282 2499 S.
1307 2465 1503 2498 Sebastiani
1531 2474 1636 2498 arcus
1659 2465 1773 2499 dictus
1795 2467 1918 2507 Drusi,
1949 2468 2012 2500 sed

1144 2517 1174 2549 is
1196 2516 1301 2549 Drusi
1316 2516 1465 2548 senioris
1482 2516 1552 2555 est,
1579 2515 1623 2547 de
1641 2524 1711 2557 quo
1727 2517 1870 2548 Sueton.
1890 2516 2010 2549 Claud.

1145 2567 1180 2605 4;
1215 2566 1397 2608 spectatur
1428 2573 1511 2597 cum
1538 2565 1611 2598 suis
1640 2566 1794 2607 tropaeis
1821 2566 1856 2598 in
1881 2565 2013 2599 Claudii

1144 2615 1366 2657 imperatoris
1397 2623 1555 2647 nummo.
1596 2615 1700 2647 Drusi
1733 2615 1880 2648 iunioris
1909 2624 2013 2649 arcus

1144 2674 1274 2699 aevum
1303 2674 1373 2697 non
1403 2664 1491 2697 tulit.
1517 2666 1638 2698 Ornat.
1675 2665 1725 2698 Cf.
1752 2665 1881 2698 Eckhel
1904 2667 1945 2698 D.
1970 2668 2011 2699 N.

1145 2717 1200 2748 vl.
1236 2725 1272 2757 p.
1299 2715 1374 2747 477.
1414 2715 1546 2747 Canina
1578 2715 1790 2747 Indicazione
1822 2724 1858 2757 p.
1888 2714 1942 2747 42.
1975 2734 2011 2739 -

1144 2766 1254 2807 templi
1275 2765 1396 2799 Martis
1413 2765 1544 2806 Ultoris]
1567 2766 1639 2797 voti
1653 2765 1699 2798 ab
1716 2767 1904 2798 Octaviano
1920 2765 2013 2798 bello

1144 2815 1358 2858 Philippensi
1374 2823 1438 2856 pro
1454 2815 1552 2847 necis
1567 2816 1735 2856 paternae
1751 2815 1893 2848 ultione.
1913 2815 2011 2848 Ovid.

1145 2867 1235 2899 Fast.
1262 2866 1294 2905 6,
1319 2864 1395 2898 545.
1432 2866 1575 2897 Sueton.
1601 2866 1720 2898 Octav.
1745 2866 1799 2898 29.
1827 2884 1863 2889 -
1890 2866 2013 2898 Caesa-

1143 2915 1231 2957 rum]
1261 2914 1461 2947 Germanici
1492 2916 1529 2946 et
1555 2915 1673 2948 Drusi.
1701 2934 1737 2939 —
1771 2916 2011 2958 Rhescuporim]

1144 2967 1184 2998 In
1200 2973 1347 2997 nummo
1363 2964 1456 3005 apud
1474 2964 1691 2998 Viscontium
1705 2966 1855 3006 Iconoyr.
1873 2974 2015 3007 yrecque

1144 3015 1193 3054 11,
1217 3022 1253 3055 p.
1279 3013 1363 3046 4⁴3:
1399 3011 1651 3046 ΒΑΣΙΛΕΩΣ
1676 3013 2014 3047 ΡΑΙΣΚΟΤΠΟΡΙ-

1145 3063 1237 3096 ΔΟΣ
1264 3072 1347 3096 cum
1377 3063 1550 3096 Victoriae
1578 3066 1683 3107 typo3
1717 3073 1759 3097 ex
1781 3063 1890 3096 altera
1911 3067 2012 3107 parte

1144 3112 1383 3147 ΒΑΣΙΛΕΥΣ
1405 3113 1558 3147 ΚΟΤΤΣ
1581 3123 1663 3147 cum
1680 3115 1782 3146 huius
1799 3115 1925 3156 capite.
1950 3116 2013 3148 Di·-

1145 3164 1345 3206 stinguendi
1366 3167 1487 3197 autem
1509 3165 1553 3197 ab
1578 3165 1646 3198 hoc
1663 3165 1829 3197 Thraciae
1849 3174 1932 3207 rege
1956 3167 2013 3200 alii

1145 3215 1311 3256 quattuor
1349 3214 1511 3247 eiusdem
1545 3215 1695 3247 nominis
1729 3222 1832 3255 reges
1865 3215 2013 3258 Bospori

1146 3264 1337 3296 Cimmerii.
1371 3281 1406 3287 -
1441 3263 1688 3304 Rhoemetalces]
1727 3263 1831 3296 huius
1859 3266 2011 3299 nominis

1143 3314 1290 3355 primus.
1326 3314 1365 3346 In
1388 3314 1542 3346 nummis
1566 3322 1608 3345 ex
1631 3320 1700 3344 una
1722 3314 1821 3354 parte
1843 3313 2012 3347 ΚΑΙΣΑ-

1143 3363 1233 3396 ΡΟΣ
1255 3363 1505 3396 ΣΕΒΑΣΤΟΤ
1526 3371 1607 3395 cum
1624 3364 1738 3405 capite
1754 3364 1877 3405 huius,
1903 3374 2011 3407 quem

1144 3418 1315 3448 auctorem
1344 3414 1440 3457 regni
1470 3414 1516 3446 ita
1545 3412 1797 3456 profitebatur,
1833 3424 1876 3448 ex
1902 3414 2010 3448 altera
