2254 3770
234 278 301 309 xn

347 368 454 417 Cum
483 372 632 430 itaque
660 374 794 416 multa
816 386 872 416 ex
894 373 1036 418 Taciti
1057 374 1263 431 operibus
1283 373 1503 432 deessent,
1532 374 1580 416 ut
1599 373 1769 418 Niccoli
1790 374 2011 418 voluntati

234 460 394 492 morem
417 451 598 508 gereret
618 449 834 509 Poggius,
862 450 923 492 nil
944 451 1086 493 omisit
1106 451 1385 496 intentatum.
1412 451 1461 492 ut
1481 461 1561 505 per
1581 449 1836 493 monachum
1859 451 2010 495 nescio

235 536 360 580 quem
391 537 415 567 e
437 523 673 568 Germania
694 525 892 568 Tacitum
923 528 1111 569 erueret.
1152 526 1206 568 In
1237 527 1332 568 eius
1361 524 1566 580 Epistola
1594 523 1731 568 XXV
1757 524 1815 568 ad
1843 525 2011 570 Nicco-

233 599 320 641 lum
335 594 365 650 1)
398 598 503 642 data
530 584 700 643 Romae
729 614 771 643 v.
800 599 902 643 Kal.
933 598 1113 645 Octobr.
1138 598 1304 644 1427:
1333 599 1404 643 De
1437 597 1651 644 Cornelio
1675 594 1877 656 (inquit)
1911 601 2012 645 Τα-

234 676 347 734 cito,
378 678 454 732 qui
483 677 553 718 est
581 678 630 718 in
665 673 947 735 Germania,
977 676 1045 719 nil
1072 679 1234 719 sentio.
1280 675 1521 731 Eae-specto
1551 687 1821 732 responsum
1845 676 1904 719 ab
1934 677 2012 720 illo

232 749 455 793 monacho
476 752 561 795 cet.
607 750 668 793 Et
697 752 742 793 in
772 751 914 808 Epist.
939 750 1043 794 LX:
1076 751 1275 804 Quidam
1304 750 1557 794 monachus
1588 755 1764 795 amicus
1793 764 1923 796 meus
1951 764 2014 795 ex

233 827 430 885 quodam
448 829 729 870 monasterio
754 824 1051 883 Germaniae,
1072 829 1147 886 qui
1167 827 1275 870 olim
1296 841 1325 869 a
1345 826 1475 870 nobis
1493 829 1696 885 recessit,
1718 827 1788 870 ad·
1799 839 1871 870 me
1885 829 2014 872 misit

232 901 429 960 litteras,
460 914 574 960 quas
603 901 773 945 nudius
802 905 994 961 quartus
1025 905 1204 959 accepi,
1232 914 1317 959 per
1347 915 1461 961 quas
1489 901 1651 945 scribit
1679 915 1728 946 se
1757 905 2013 960 repperisse

231 976 389 1035 aliqua
417 977 652 1021 volumina
682 978 738 1020 de
767 980 940 1020 nostris
970 979 1054 1021 cet.
1097 975 1230 1020 Inter
1258 990 1315 1020 ea
1344 977 1578 1020 volumina
1598 980 1670 1020 est
1688 975 1836 1021 Iulius
1855 976 2014 1022 Fron-

231 1055 377 1112 tinus,
419 1055 466 1096 et
505 1052 662 1111 aliqua
692 1065 833 1109 opera
866 1050 1073 1095 Cornelii
1106 1052 1263 1096 Taciti
1291 1052 1421 1096 nobis
1449 1055 1609 1110 iynota
1639 1055 1724 1096 cet.
1780 1053 1842 1097 Et
1871 1053 2014 1110 Epist.

229 1126 405 1172 LXVI:
456 1124 698 1171 Cornelius
739 1127 932 1171 Tacitus
970 1128 1077 1171 silet
1113 1130 1236 1170 inter
1270 1125 1553 1180 Germanos,
1588 1141 1731 1188 neque
1768 1129 2015 1188 quidquam

230 1204 400 1247 ewinde
429 1206 536 1247 novi
567 1206 752 1261 percepi
781 1203 837 1245 de
867 1206 965 1247 eius
995 1203 1205 1260 operibus
1235 1206 1319 1247 cet.
1373 1203 1568 1247 Tandem
1598 1203 1838 1248 monachus
1866 1204 2014 1247 Hers-

230 1278 445 1322 feldensis
490 1277 672 1322 Romam
712 1279 835 1321 venit
875 1290 970 1322 cum
1009 1280 1258 1321 inventario
1297 1280 1465 1335 aliquot
1506 1280 1735 1335 librorum,
1775 1281 1820 1322 in
1859 1280 2015 1337 quibus

230 1354 373 1398 Taciti
402 1355 607 1397 volumen
637 1353 984 1397 describebatur.
1027 1353 1230 1412 Poggius
1258 1356 1303 1397 in
1332 1354 1475 1409 Epist.
1499 1353 1654 1398 LXX:
1683 1354 1827 1399 Mitto
1857 1359 2016 1400 autem

229 1431 293 1474 ad
331 1434 376 1473 te
417 1443 540 1473 nuiic
582 1432 765 1487 partem
804 1431 1060 1472 inventarii
1089 1433 1162 1473 sui
1192 1429 1254 1478 (id
1286 1434 1373 1488 est,
1415 1430 1618 1474 monachi
1647 1430 1807 1486 illius),
1848 1434 1899 1475 in
1928 1444 2014 1491 quo

230 1505 508 1549 describitur
535 1504 747 1548 volumen
775 1503 892 1548 illud
919 1501 1123 1548 Cornelii
1146 1504 1327 1569 Taciti,
1358 1509 1405 1549 et
1434 1507 1657 1565 aliorum,
1689 1507 1848 1566 quibus
1877 1519 2014 1551 care-

227 1595 330 1625 mus
360 1582 445 1625 cet.

305 1672 307 1675 ·
339 1656 434 1699 Res
475 1657 621 1698 tamen
657 1656 702 1697 in
739 1655 907 1697 irritum
945 1656 1080 1698 cessit
1119 1668 1257 1712 usque
1295 1656 1352 1699 ad
1391 1658 1557 1701 Leonis
1587 1657 1632 1700 X
1670 1659 1883 1715 aetatem,
1927 1671 2013 1715 quo

230 1731 399 1789 quidem
430 1731 646 1775 Pontifice
677 1730 868 1774 Cornelii
900 1730 1043 1774 Taciti
1074 1732 1194 1774 Libri
1225 1734 1415 1788 quinque
1444 1734 1489 1775 in
1518 1733 1756 1777 Germania
1785 1733 1910 1777 fuere
1939 1735 2013 1776 in-

228 1809 374 1862 venti,
405 1807 575 1864 ipsique
604 1806 806 1850 Pontifici
838 1807 986 1849 oblati.
1030 1805 1440 1850 Animadvertenda
1470 1808 1600 1851 eiiam
1631 1811 1734 1851 sunt
1763 1809 1862 1865 illa,
1901 1821 2014 1866 quae

229 1884 284 1927 de
314 1883 464 1926 Leone
494 1882 540 1925 X
570 1883 724 1926 scribit
754 1884 798 1924 in
828 1882 1032 1938 Epistola
1062 1882 1204 1926 Taciti
1234 1882 1413 1926 editioni
1444 1883 1674 1927 Romanae
1701 1884 1900 1940 praelixa
1917 1884 2014 1928 Be-

227 1958 410 2002 roaldus
438 1959 604 2001 iunior:
634 1956 734 2016 Aye
764 1970 870 2000 vero
901 1960 1072 2013 quanto
1102 1956 1186 2000 hoc
1214 1960 1365 2015 ipsum
1395 1959 1533 2002 laude
1560 1960 1750 2017 diqnum
1778 1963 1863 2007 est,
1895 1961 2014 2020 quod

227 2034 553 2093 propemodum
592 2035 836 2089 praeconis
864 2046 971 2075 voce
1000 2036 1209 2089 inqentia
1245 2037 1458 2090 praemia
1487 2035 1840 2092 indayatoribus
1869 2035 2013 2079 libro-

227 2124 331 2154 rum
368 2111 672 2167 proposuisti,
717 2111 760 2151 si
789 2121 898 2167 quos
939 2107 1078 2152 libros
1107 2110 1316 2152 vetustas
1349 2109 1478 2153 nobis
1507 2111 1698 2170 invidit,
1742 2110 1965 2155 alicundex
1985 2124 2011 2154 e

228 2186 435 2229 latibulis
464 2181 774 2228 eduoeissent?
805 2183 934 2238 Quae
962 2186 1148 2226 venatio
1173 2180 1378 2227 Cornelii
1402 2183 1558 2228 Taciti
1575 2182 1854 2243 hos-'primos
1873 2189 2010 2246 quin-

228 2273 311 2322 que
341 2260 506 2318 libros,
537 2262 614 2319 qui
641 2272 725 2317 per
754 2258 939 2317 lonyum
967 2258 1226 2303 seculorum
1255 2259 1479 2303 ambitum
1507 2260 1762 2320 latuerant,
1792 2264 1842 2304 in
1871 2261 2012 2306 salti-

227 2337 310 2380 bus
357 2333 640 2381 Germaniae
686 2337 877 2377 invenit.
946 2333 1094 2387 Quam
1139 2338 1190 2377 tu
1230 2335 1457 2392 praedam
1501 2336 1564 2379 ad
1604 2339 1649 2379 te
1689 2336 1911 2397 allatam,
1955 2351 2012 2381 ac

227 2424 398 2470 mayna
427 2411 636 2453 mercede
667 2413 987 2464 comparatam
1018 2411 1102 2453 cet.
1157 2407 1407 2454 Concinunt
1436 2410 1548 2455 haec
1577 2412 1728 2456 verbis
1757 2412 1867 2466 illis,
1899 2424 2011 2469 quae

228 2487 284 2531 ad
314 2488 478 2531 calcem
511 2485 656 2529 dictae
678 2484 885 2528 editionis
904 2483 1113 2540 apposita
1132 2487 1256 2539 sunt,
1286 2486 1516 2530 videlicet:
1545 2485 1745 2531 Nomine
1768 2486 1939 2531 Leonis
1958 2486 2017 2532 X

228 2561 366 2606 Pont.
396 2557 532 2604 Maoe.
562 2563 802 2618 proposita
831 2564 941 2604 suut
969 2564 1181 2618 praemia
1211 2574 1303 2605 non
1332 2562 1582 2605 mediocria
1611 2561 1698 2622 his,
1728 2566 1805 2623 qui
1824 2563 1888 2606 ad
1907 2575 2011 2607 eum

228 2637 368 2681 libros
407 2639 606 2695 veteres,
645 2648 788 2695 neque
825 2635 1051 2679 hactenus
1087 2637 1233 2679 editos
1265 2637 1513 2680 attulerint
1542 2640 1627 2682 cet.
1679 2637 1753 2681 Ad
1784 2651 1859 2693 ea,
1898 2651 2010 2694 quae

229 2712 284 2756 de
316 2712 437 2756 hisce
468 2712 657 2767 quinque
688 2711 907 2767 prioribus
928 2711 1120 2755 Cornelii
1146 2712 1268 2755 libris
1288 2713 1518 2768 praefatur
1535 2712 1742 2756 laudatus
1761 2713 2011 2757 Beroaldus

228 2787 445 2832 accedant
475 2788 604 2830 etiam
636 2798 747 2842 quae
777 2786 954 2842 Lipsius
984 2786 1188 2829 edisserit
1217 2787 1273 2829 ad
1305 2799 1357 2830 ea
1386 2788 1525 2831 verba
1553 2787 1614 2830 11.
1646 2786 1885 2831 Annalium
1917 2789 2009 2833 Ca-

229 2865 321 2921 pite
351 2862 441 2906 IX:
469 2862 644 2919 flumen
683 2860 890 2918 Visuryis
919 2861 1230 2918 interfluebat.
1279 2862 1464 2905 «Mutua
1492 2862 1789 2906 Romanorum
1819 2863 2009 2908 Germa-

228 2949 468 2995 norumque
498 2935 624 2980 clade
655 2936 814 2979 nobilis
843 2937 1000 2992 amnis,
1032 2937 1099 2980 cui
1131 2938 1286 2980 famam
1319 2939 1555 2994 praecipue
1577 2937 1759 2982 Tacitus
1790 2938 1932 2994 dedit,
1963 2941 2009 2982 et

228 3016 323 3070 ipse
354 3013 510 3057 Tacito
541 3011 709 3059 (mirum
740 3009 895 3059 fatum)
924 3012 1072 3054 vitam.
1122 3012 1231 3056 Nam
1263 3012 1452 3068 quinque
1488 3013 1532 3055 hi
1563 3014 1777 3069 primores
1806 3014 1905 3057 libri
1934 3015 2008 3057 in-

228 3090 353 3132 venti
383 3089 620 3140 Corbeiae,
651 3086 767 3143 quod
798 3088 1106 3129 monasterium
1136 3087 1192 3130 ad
1224 3088 1445 3146 Visurgim
1477 3091 1558 3131 est.
1601 3085 1753 3145 Atque
1782 3090 1903 3133 illinc
1922 3087 2007 3132 de-

229 3166 474 3222 promptum
510 3174 618 3205 vere
655 3161 772 3205 hunc
809 3161 1059 3205 thesaurum
1101 3164 1311 3218 quaestor
1341 3162 1513 3219 quidam
1544 3164 1795 3219 pontificius
1823 3163 1881 3206 ad
1909 3175 2007 3206 ma-

228 3253 360 3298 gnum
405 3239 597 3282 Leonem
642 3236 820 3290 detulit,
866 3237 1054 3280 donatus
1097 3239 1153 3281 ab
1198 3251 1250 3281 eo
1289 3239 1435 3281 aureis
1473 3240 1762 3296 quingentis.»
1826 3239 2007 3296 Lipsius

322 3403 359 3444 1)
383 3402 553 3436 Edltlonls
578 3404 721 3437 curante
747 3400 828 3435 clar.
857 3401 932 3436 viro
956 3399 1146 3435 Laurentio
1171 3399 1297 3435 Mehuu
1326 3408 1404 3444 pag.
1431 3399 1490 3435 78.
