2254 3770
325 295 408 338 500

805 300 848 342 P.
880 298 1130 343 CORNELII
1159 299 1328 346 TACITI
1358 300 1624 346 ANNALIUM

438 402 519 461 (49)
558 404 870 449 Percrebuerat
898 420 949 450 ea
985 412 1237 465 tempestate
1268 407 1545 465 pravissimus
1574 422 1689 460 mos,
1730 422 1827 452 cum
1855 407 2108 466 propinquis

324 478 506 523 comitiis
547 486 619 523 aut
648 487 762 524 sorte
793 481 1107 539 provinciarum
1149 481 1346 541 plerique
1376 483 1468 527 orbi
1498 482 1607 527 fictis
1638 483 1939 542 adoptionibus
1969 482 2108 527 adsci-

323 562 491 599 scerent
519 555 648 608 filios,
681 562 991 615 praeturasque
1021 564 1063 601 et
1092 557 1334 616 provincias
1365 558 1474 602 inter
1500 566 1645 616 patres
1673 560 1806 603 sortiti
1828 559 1966 603 statim
1986 559 2106 603 emit-

321 637 459 675 terent
487 619 616 676 manu
645 646 756 690 quos
785 631 1103 690 adoptaverant.
1135 647 1288 691 magna
1318 647 1414 677 cum
1435 633 1594 678 invidia
1614 641 1806 678 senatum
1828 634 2008 687 adeunt;
2038 634 2106 678 ius

289 712 515 758 maturae,
547 706 719 751 labores
749 707 961 752 educandi
991 708 1198 752 adversus
1228 708 1420 753 fraudem
1451 716 1494 753 et
1522 716 1634 754 artes
1665 716 1707 755 et
1730 709 1983 754 brevitatem
2001 708 2107 754 ado-

319 782 475 840 ptionis
510 790 773 827 enumerant.
819 784 928 839 satis⁴
950 784 1074 842 pretii
1108 798 1205 829 esse
1236 785 1353 828 orbis
1383 784 1501 843 quod
1531 785 1662 829 multa
1691 785 1940 837 securitate,
1978 784 2105 829 nuliis

319 858 521 903 oneribus
551 859 730 916 gratiam
760 857 964 911 honores,
997 866 1149 904 cuncta
1177 867 1374 918 prompta
1403 867 1445 904 et
1475 860 1601 905 obvia
1631 861 1848 905 haberent.
1895 860 1975 905 sibi
2004 873 2106 919 pro—

317 934 448 977 missa
478 933 618 992 legum
649 934 722 979 diu
752 941 975 993 expectata
1004 935 1046 978 in
1075 935 1305 979 ludibrium
1335 936 1463 988 verti,
1495 935 1669 994 quando
1699 934 1796 995 quis
1826 936 1918 980 sine
1948 935 2106 980 sollici-

316 1008 462 1054 tudine
491 1023 669 1068 parens,
710 1010 804 1054 sine
832 1010 948 1055 luctu
979 1011 1110 1055 orbus
1140 1010 1265 1068 longa
1295 1017 1463 1069 patrum
1492 1019 1590 1056 vota
1620 1016 1797 1070 repente
1827 1011 2102 1070 adaequaret.

265 1096 301 1127 ιο
314 1084 470 1129 factum
499 1100 553 1130 ex
582 1099 635 1130 eo
666 1093 839 1130 senatus
870 1086 1128 1138 consultum,
1161 1101 1215 1130 ne
1245 1086 1440 1131 simulata
1470 1087 1642 1145 adoptio
1673 1087 1715 1130 in
1744 1086 1830 1131 ulla
1858 1093 1979 1145 parte
2009 1101 2103 1130 mu-

313 1161 429 1205 neris
464 1161 623 1220 publici
662 1162 827 1206 iuvaret
862 1176 912 1206 ac
941 1176 996 1207 ne
1025 1162 1286 1220 usurpandis
1316 1162 1492 1221 quidem
1525 1162 1831 1207 hereditatibus
1860 1162 2102 1220 prodesset.

426 1237 508 1294 (20)
541 1237 659 1281 Exim
690 1237 893 1282 Claudius
923 1237 1171 1282 Timarchus
1204 1238 1420 1282 Cretensis
1451 1252 1552 1282 reus
1582 1238 1729 1296 agitur,
1773 1237 1927 1286 ceteris
1960 1236 2103 1282 crimi-

309 1312 456 1365 nibus,
489 1319 536 1357 ut
565 1313 702 1357 solent
731 1312 965 1371 praevalidi
995 1313 1320 1371 provincialium
1349 1321 1391 1357 et
1420 1314 1574 1372 opibus
1594 1314 1734 1357 nimiis
1755 1313 1810 1357 ad
1827 1312 2002 1356 iniurias
2021 1312 2102 1356 mi-

309 1402 462 1432 norum
493 1388 612 1433 elati:
644 1403 729 1433 una
758 1403 841 1433 vox
871 1389 965 1433 eius
995 1403 1135 1448 usque
1166 1389 1221 1433 ad
1251 1388 1550 1433 contumeliam
1581 1395 1755 1433 senatus
1788 1394 2097 1447 penetraverat,

259 1475 295 1505 45
309 1464 426 1522 quod
456 1464 691 1509 dictitasset
718 1465 759 1508 in
781 1479 859 1509 sua
879 1471 1089 1523 potestate
1111 1465 1256 1517 situm,
1288 1478 1342 1508 an
1360 1464 1703 1523 proconsulibus,
1735 1464 1810 1523 qui
1832 1464 2002 1509 Cretam
2021 1463 2100 1508 ob-

308 1540 548 1593 tinuissent,
581 1547 723 1599 grates
754 1547 994 1599 agerentur.
1026 1554 1156 1599 quam
1187 1540 1460 1585 occasionem
1481 1541 1635 1584 Paetus
1657 1539 1843 1584 Thrasea
1863 1539 1917 1584 ad
1937 1541 2111 1584 bonum

305 1615 526 1674 publicum
555 1623 747 1668 vertens,
779 1622 1009 1675 postquam
1039 1616 1094 1660 de
1124 1630 1199 1660 reo
1230 1623 1456 1660 censuerat
1484 1615 1704 1674 provincia
1725 1616 1851 1660 Creta
1877 1615 2098 1674 depellen—

305 1691 426 1744 dum,
459 1693 567 1737 haec
586 1692 772 1736 addidit:
809 1706 915 1736 «usu
941 1691 1167 1750 probatum
1187 1698 1270 1744 est,
1302 1698 1445 1750 patres
1467 1691 1712 1750 conscripti,
1747 1690 1866 1749 leges
1887 1691 2096 1750 egregias,

304 1767 501 1826 exempla
520 1768 698 1813 honesta
719 1768 834 1826 apud
853 1768 991 1812 bonos
1012 1781 1065 1811 ex
1081 1767 1246 1812 delictis
1263 1766 1444 1811 aliorum
1464 1768 1589 1826 gigni.
1613 1769 1675 1812 sic
1691 1772 1909 1811 oratorum
1927 1766 2097 1812 licentia

253 1853 290 1885 20
305 1843 494 1888 Cinciam
531 1844 811 1902 rogationem,
852 1843 1174 1888 candidatorum
1213 1843 1395 1887 ambitus
1435 1840 1562 1887 Iulias
1592 1842 1732 1901 leges,
1773 1843 2096 1901 magistratuum

367 1997 398 2029 4.
419 1996 574 2037 prauissi-
593 1996 682 2038 (fort.
709 2005 802 2029 corr.
828 2005 871 2028 ex
889 1996 1043 2038 prauum)
1066 2005 1137 2029 mos
1159 2005 1235 2029 cum
1250 1997 1283 2031 M
1301 2013 1338 2021 -
1364 1997 1395 2029 3.
1415 1999 1517 2038 patre
1532 1996 1566 2030 M
1584 2014 1619 2020 —
1645 1995 1677 2029 4.
1695 1996 1938 2037 adoptaverant
1955 2017 2091 2028 ......

299 2061 426 2095 maana
453 2053 668 2095 Nipperdey.
695 2071 732 2076 —
765 2054 910 2103 adeunt,·
944 2054 997 2086 ius
1026 2054 1236 2087 Rhenanus:
1274 2053 1468 2087 adeuntibus
1499 2054 1551 2092 M;
1584 2054 1708 2087 adeunt
1736 2053 1794 2095 qm·
1823 2053 1876 2086 ius
1897 2052 2091 2086 Ernestius.

302 2127 339 2133 -
363 2110 396 2142 5.
421 2112 543 2143 nature
571 2110 606 2144 M
640 2127 673 2132 —
706 2109 736 2143 6.
760 2108 825 2151 ptis·
852 2110 886 2144 M
912 2127 947 2133 —
981 2110 1034 2143 42.
1059 2113 1228 2151 tymarcus
1255 2111 1288 2144 M
1323 2127 1359 2133 —
1396 2110 1514 2157 ceteris
1545 2110 1578 2144 M
1614 2127 1649 2132 —
1685 2108 1737 2143 44.
1767 2108 1966 2142 conttmtelt'a
1991 2109 2025 2143 M
2052 2124 2090 2131 —

300 2165 354 2199 48.
378 2166 412 2198 P.
431 2165 467 2199 G.
492 2166 538 2199 M.

298 2293 357 2325 ties
378 2291 515 2325 aerario
536 2290 681 2325 inlatum
703 2292 809 2325 estad
830 2292 1037 2325 retinendam
1057 2292 1171 2334 populi

296 2343 406 2385 fldem.

342 2392 396 2426 49.
420 2391 639 2424 adsciscerent
658 2392 756 2434 filios]
784 2393 873 2425 Nam
896 2401 939 2425 ex
962 2390 1038 2434 lege
1064 2392 1170 2434 Papia

296 2443 461 2484 Poppaea
484 2442 528 2475 de
552 2442 758 2476 maritandis
781 2442 965 2477 ordinibus
991 2443 1170 2485 praescri-

295 2493 398 2534 ptum
422 2493 514 2525 erat:
550 2493 613 2533 Qui
636 2493 892 2526 candidatorum
914 2493 1030 2535 plures
1052 2493 1170 2526 liberos

295 2542 441 2583 habebit,
463 2542 663 2584 praefertor.
689 2526 776 2575 iside
793 2544 825 2584 2,
843 2544 896 2576 5⁴.
922 2542 1112 2585 p11n.Epp.
1132 2543 1164 2582 7,

295 2593 349 2626 46.
366 2593 475 2626 Doni).
496 2610 533 2617 -
558 2594 647 2625 inter
666 2593 792 2635 patres]
815 2592 970 2635 intellige
988 2603 1059 2627 non
1075 2594 1167 2626 inter

295 2645 492 2684 senatores,
517 2643 582 2677 sed
597 2645 689 2677 inter
704 2654 779 2685 eos,
798 2645 858 2687 qui
874 2654 958 2678 vere
976 2646 1011 2678 et
1026 2646 1163 2686 natura,

296 2703 366 2727 non
382 2694 571 2737 adoptione
588 2693 662 2727 sola
678 2697 798 2737 patres
815 2696 947 2728 essent.
975 2695 1062 2728 Item
1076 2694 1166 2727 infra

293 2745 401 2787 lonqa·
415 2747 554 2785 patrum
575 2748 665 2777 vota.
692 2745 800 2778 Dono.
826 2744 928 2778 neben
951 2745 1012 2778 den
1034 2745 1165 2778 wirklt'-

293 2795 373 2828 chen
394 2795 515 2827 Vatern
527 2795 715 2827 Gutmann.
729 2812 765 2818 —
778 2795 959 2828 emitterent
973 2795 1087 2836 manu]
1105 2804 1165 2838 pa-

293 2845 358 2877 tria
373 2844 558 2887 potestate.
586 2844 672 2876 Cod.
691 2845 723 2885 7,
740 2844 795 2885 40,
809 2846 845 2878 2:
871 2848 1048 2886 postquam
1062 2854 1167 2878 manu

290 2898 436 2936 paterna
450 2894 638 2936 --ruerint
659 2894 802 2928 liberati.
825 2913 857 2920 -
878 2904 1005 2938 magna
1027 2905 1102 2929 cum
1116 2897 1166 2929 in-

291 2944 394 2987 vidia]
419 2944 548 2977 amaris
565 2952 646 2977 cum
663 2944 815 2986 querelis
826 2970 834 2985 ,
860 2954 951 2987 quae
968 2945 1089 2979 odium
1106 2946 1166 2979 ad-

293 3003 418 3029 versus
435 2993 616 3028 simulatos
633 2993 708 3028 illos
724 2996 843 3037 patres
860 2996 1087 3029 concitarent.
1111 2996 1162 3033 Cf.

293 3046 325 3087 4,
343 3046 402 3079 53:
427 3045 590 3078 invidiam
612 3053 653 3077 ac
672 3053 787 3085 preces
808 3046 949 3078 orditur.
971 3065 1006 3070 —
1030 3046 1163 3089 adeunt]

293 3095 367 3130 scil.
385 3096 460 3130 veri
482 3097 611 3138 patres.
637 3113 672 3119 —
697 3095 848 3137 qratiam
870 3096 1020 3137 honores,
1045 3100 1165 3131 cuncta

294 3146 377 3188 cet]
400 3145 488 3178 Vide
513 3144 558 3178 ad
581 3144 613 3184 3,
639 3145 692 3178 25.
721 3162 757 3168 -
790 3145 890 3187 longa
911 3150 1051 3186 patrum
1072 3147 1162 3190 vota]

294 3205 385 3239 quae
409 3197 528 3239 patres
547 3194 695 3229 familias
712 3195 771 3228 diu
787 3195 823 3228 in
839 3196 927 3229 votis
944 3197 1161 3231 habuissent.

336 3246 392 3278 20.
416 3249 454 3278 ut
481 3245 584 3278 solent
614 3244 819 3287 praevalidi]
854 3245 1016 3287 qualibus
1050 3247 1164 3280 soient

292 3294 435 3328 obnoxii
458 3304 539 3329 esse
563 3294 768 3338 praevalidi.
797 3312 833 3318 -
857 3303 961 3336 usque
983 3297 1029 3328 ad
1052 3301 1165 3330 conlu-

292 3345 426 3378 melt'am
446 3349 579 3379 senalus
596 3345 843 3387 penetraverat]
869 3353 911 3378 eo
934 3354 1047 3388 usque
1066 3355 1163 3380 arro-

293 3395 410 3435 gantia
432 3404 474 3428 ac
497 3396 676 3437 protervia
698 3403 886 3438 progressa
902 3395 994 3435 erat,
1020 3397 1057 3428 ut
1074 3404 1162 3429 con-

293 3444 475 3478 tumeliam
498 3445 631 3479 faceret
652 3440 887 3487 vel‘senatui‚
921 3454 964 3478 ex
987 3454 1057 3487 quo
1079 3455 1162 3488 pro-

1223 2291 1346 2325 dibant
1368 2289 1601 2334 proconsules
1617 2299 1637 2323 a
1653 2289 1838 2324 Timarcho
1855 2290 1952 2322 tanto
1967 2288 2094 2332 despe-

1221 2343 1293 2375 ctui
1316 2342 1437 2376 habiti.
1463 2360 1499 2365 —
1525 2345 1638 2384 grates
1660 2339 1850 2383 ayerentur]
1876 2341 1998 2373 Grates
2014 2338 2092 2372 iliae

1220 2401 1291 2426 non
1313 2392 1424 2425 verba
1447 2392 1629 2425 dumtaxat
1652 2392 1771 2432 erant,
1806 2389 1871 2424 sed
1902 2389 2094 2432 proderant

1220 2443 1266 2476 ad
1289 2444 1482 2486 sequentes
1505 2443 1660 2476 honores
1683 2440 1937 2484 assequendos.
1963 2439 2092 2475 Plinius

1218 2496 1346 2537 Paneg.
1364 2495 1428 2528 70:
1453 2495 1540 2528 Bene
1561 2493 1734 2535 suffrayiis
1755 2492 1984 2525 consularium
2004 2490 2095 2524 viro-

1217 2554 1294 2578 rum
1324 2544 1439 2586 urbes,
1467 2543 1602 2585 populi,
1632 2546 1742 2586 gentes
1765 2543 1971 2576 inseruntur.
2006 2540 2093 2584 Effl-

1216 2595 1427 2629 cacisstmum
1451 2604 1517 2636 pro
1542 2594 1723 2627 candidato
1748 2601 1853 2635 qenus
1877 2595 1924 2625 ost
1947 2591 2091 2634 rogandi

1215 2647 1347 2688 gratias
1369 2654 1480 2688 agere.
1509 2662 1545 2669 —
1571 2645 1691 2677 Paetus
1714 2642 1874 2683 Thrasea]
1911 2641 2008 2676 Conf.
2034 2640 2088 2682 43,

1216 2696 1270 2729 49.
1299 2714 1334 2721 -
1361 2694 1594 2737 depellendum]
1618 2693 1655 2727 id
1678 2694 1732 2727 est
1757 2691 1999 2735 relegandum.
2034 2691 2091 2724 Sic

1215 2746 1296 2779 urbe
1326 2745 1483 2787 depellere
1506 2745 1545 2786 3,
1570 2743 1626 2778 24.
1665 2743 1767 2777 Italia
1789 2743 1946 2785 depellere
1968 2741 2021 2784 44,
2046 2741 2089 2774 50

1216 2798 1253 2830 et
1275 2797 1329 2838 46,
1354 2796 1408 2830 33.
1437 2815 1472 2820 -
1497 2795 1650 2836 exempla
1675 2795 1822 2835 honesta]
1852 2792 1939 2826 Vide
1963 2791 2010 2826 ad
2032 2791 2087 2833 42,

1214 2848 1268 2880 20.
1297 2865 1333 2870 -
1361 2847 1511 2880 Cinciam
1532 2844 1758 2888 roqationem]
1783 2843 1870 2877 Vide
1895 2843 1949 2885 44,
1973 2843 2006 2875 5.
2033 2841 2086 2882 43,

1215 2897 1269 2931 42.
1294 2915 1328 2921 -
1354 2898 1459 2930 Iulias
1480 2896 1576 2939 leqes]
1606 2897 1676 2930 Una
1701 2894 1920 2927 memoratur
1942 2891 2088 2935 Augusti

1216 2948 1260 2981 de
1291 2947 1437 2981 ambitu.
1474 2948 1615 2980 Sueton.
1645 2947 1732 2987 Aug.
1759 2945 1802 2978 34
1828 2945 1865 2978 et
1892 2943 1945 2978 40.
1985 2941 2085 2977 Conf.

1215 2998 1278 3045 Dio
1301 2997 1355 3038 54,
1375 2997 1428 3030 46.
1446 2997 1500 3036 55,
1518 2997 1550 3029 5.
1573 3015 1609 3020 -
1628 2995 1815 3036 Calpurnia
1828 2992 1924 3035 scita]
1947 2993 1985 3026 L.
2004 2990 2087 3025 Cal-

1214 3048 1360 3091 purnius
1383 3048 1463 3081 Piso
1486 3048 1601 3089 Frugi,
1626 3045 1789 3079 tribunus
1816 3043 1863 3088 pl.
1889 3052 1921 3077 a.
1945 3051 1982 3076 u.
2007 3041 2084 3084 605,

1213 3098 1349 3140 primus
1372 3096 1487 3139 legem
1512 3095 1557 3129 de
1585 3095 1743 3138 pecuniis
1766 3091 1972 3137 repetundis
1993 3089 2082 3124 tulit.

1213 3147 1300 3181 Vide
1331 3147 1459 3180 Baiteri
1491 3145 1650 3180 Iudicem
1672 3144 1791 3188 legum
1814 3153 1849 3187 p.
1877 3142 1940 3177 446
1962 3149 2017 3184 sq.
2044 3158 2081 3165 —

1213 3198 1312 3238 culpa
1334 3205 1436 3240 quam
1455 3205 1565 3238 poena
1587 3198 1732 3236 tempore
1748 3192 1858 3236 prior]
1883 3193 1969 3226 Cato
1993 3191 2084 3224 Cen-

1213 3248 1327 3280 sorius
1343 3246 1439 3290 apud
1454 3246 1591 3279 Livium
1608 3244 1661 3285 34,
1680 3244 1718 3278 4:
1745 3244 1841 3277 Sicut
1861 3243 1938 3275 ante
1952 3239 2083 3274 morbos

1212 3306 1338 3331 necesse
1358 3300 1406 3331 est
1427 3298 1576 3339 cognitos
1590 3304 1657 3329 esse
1673 3303 1775 3336 quam
1791 3292 1938 3326 remedia
1951 3299 2079 3333 corun,

1211 3349 1259 3381 sic
1286 3348 1482 3390 cupiditates
1505 3349 1605 3388 prius
1633 3348 1735 3378 natae
1758 3346 1835 3377 sunt
1856 3351 1957 3384 quam
1981 3342 2078 3384 loyes,

1212 3406 1298 3438 quae
1307 3397 1349 3430 iis
1355 3398 1490 3430 modum
1499 3397 1657 3438 facerent.
1665 3393 1786 3427 -alt'bl
1797 3401 1899 3434 quam
1910 3394 1947 3426 tn
1957 3391 2080 3424 civitam
2153 3405 2164 3420 ι

1209 3447 1332 3481 iudicio
1354 3447 1431 3490 esse]
1455 3447 1477 3479 i.
1496 3455 1528 3480 e.
1546 3445 1627 3479 aiibi
1645 3445 1680 3478 et
1697 3442 1792 3487 apud
1807 3441 1893 3477 alios
1909 3441 2077 3476 iudicium
