2254 3770
283 267 338 310 28
760 270 804 312 P.
836 268 1086 313 CORNELII
1115 267 1285 312 TACITI
1314 268 1581 313 ANNALIUM

284 389 370 433 que
398 374 532 419 filium
561 376 829 434 imperatoris
849 374 1174 419 obsidebimus?
1203 375 1300 434 quis
1321 375 1598 418 certaminum
1619 374 1745 419 finis?
1772 375 2066 419 Percennione

284 457 326 494 et
344 450 550 495 Vibuleno
571 457 881 495 sacramentum
904 450 1054 494 dicturi
1077 451 1257 494 sumus?
1298 450 1556 494 Percennius
1586 457 1628 494 et
1646 450 1877 495 Vibulenus
1906 451 2067 508 stipen-

284 525 353 569 dia
383 525 601 576 militibus,
636 540 761 584 agros
792 525 978 587 emeritis
1007 525 1266 583 largientur?
1303 525 1489 584 denique
1518 540 1597 584 pro
1627 525 1866 570 Neronibus
1896 532 1938 569 et
1958 527 2068 569 Dru-

283 601 342 644 sis
380 601 602 659 imperium
642 600 787 660 populi
827 601 1002 645 Romani
1041 602 1296 659 capessent?
1340 601 1442 659 quin
1483 601 1644 659 potius,
1690 607 1736 644 ut
1764 601 1983 645 novissimi
2026 601 2068 644 in

250 675 468 734 5culpam‚
502 677 558 720 ita
586 677 710 735 primi
743 676 796 719 ad
826 677 1128 734 paenitentiam
1159 677 1336 720 sumus?
1365 676 1486 720 tarda
1515 683 1612 719 sunt
1635 691 1747 735 quae
1779 676 1820 719 in
1841 690 2067 720 commune

283 751 624 809 expostulentur:
655 752 852 810 privatim
882 753 1060 810 gratiam
1089 753 1226 795 statim
1257 765 1473 800 mereare,
1507 751 1644 795 statim
1675 751 1897 809 recipias.»
1951 766 2069 796 com-

282 827 407 870 motis
436 841 516 885 per
543 826 650 871 haec
679 827 892 871 mentibus
923 834 965 872 et
994 828 1102 871 inter
1132 841 1179 871 se
1210 828 1442 885 suspectis,
1486 827 1667 870 tironem
1697 841 1719 870 a
1751 834 1973 876 veterano,
2005 827 2067 871 le-

282 902 452 959 gionem
473 917 495 946 a
517 902 683 961 legione
705 903 948 946 dissociant.
989 909 1078 946 tum
1099 903 1241 946 redire
1261 902 1465 960 paulatim
1486 916 1606 946 amor
1625 902 1842 960 obsequii:
1875 902 2070 946 omittunt

281 985 447 1036 portas,
481 979 600 1036 signa
629 994 762 1022 unum
783 979 823 1022 in
845 978 985 1022 locum
1007 978 1215 1036 principio
1237 977 1458 1021 seditionis
1481 985 1736 1035 congregata
1756 991 1857 1021 suas
1878 977 1918 1020 in
1940 977 2067 1022 sedes

232 1066 268 1096 ao
283 1053 481 1097 referunt.
542 1055 622 1111 (29)
666 1056 829 1097 Drusus
869 1061 961 1097 orto
997 1053 1067 1097 die
1108 1061 1149 1097 et
1188 1060 1337 1097 vocata
1379 1054 1596 1104 contione,
1642 1067 1905 1111 quamquam
1949 1053 2068 1097 rudis

283 1129 473 1179 dicendi,
515 1129 732 1174 nobilitate
764 1129 947 1187 ingenita
978 1130 1143 1174 incusat
1170 1129 1337 1187 priora,
1379 1129 1532 1187 probat
1560 1129 1825 1187 praesentim
1865 1134 1991 1186 negat
2019 1134 2071 1172 se'

282 1211 447 1249 terrore
477 1212 519 1248 et
547 1205 672 1249 minis
693 1205 823 1249 vinci:
856 1204 990 1249 flexos
1012 1204 1065 1248 ad
1090 1205 1346 1248 modestiam
1367 1205 1400 1248 si
1424 1204 1584 1255 videat,
1618 1204 1652 1247 si
1675 1203 1891 1262 supplices
1912 1203 2067 1255 audiat,

283 1281 540 1339 scripturum
560 1281 686 1338 patri,
715 1287 761 1324 ut
780 1280 970 1339 placatus
993 1280 1206 1338 legionum
1226 1294 1379 1338 preces
1400 1280 1628 1338 exciperet.
1659 1279 1879 1323 orantibus
1899 1293 2070 1323 rursum

283 1355 398 1400 idem
417 1355 595 1399 Blaesus
625 1363 667 1400 et
690 1357 734 1399 L.
758 1356 988 1414 Apronius,
1022 1371 1157 1414 eques
1187 1358 1401 1400 Romanus
1424 1370 1447 1400 e
1469 1356 1644 1400 cohorte
1665 1355 1809 1406 Drusi,
1842 1356 2071 1414 Iustusque

233 1445 269 1475 ⁴5
285 1431 504 1478 Catonius.
538 1431 662 1489 primi
695 1432 856 1475 ordinis
887 1432 1097 1481 centurio,
1131 1432 1183 1475 ad
1216 1432 1428 1476 Tiberium
1459 1432 1689 1475 mittuntur.
1734 1438 1941 1476 certatum
1971 1431 2070 1476 inde

283 1507 523 1556 sententiis,
564 1521 662 1550 cum
692 1507 760 1550 alii
791 1507 1079 1565 opperiendos
1109 1507 1270 1565 legatos
1301 1514 1429 1566 atque
1459 1507 1626 1551 interim
1657 1508 1853 1551 comitate
1883 1507 2072 1565 permul-

284 1582 466 1627 cendum
502 1582 678 1626 militem
709 1591 952 1635 censerent,
993 1583 1061 1626 alii
1100 1583 1343 1627 fortioribus
1381 1583 1584 1626 remediis
1616 1583 1849 1640 agendum:
1895 1582 1997 1626 nihil
2027 1583 2071 1625 in

282 1658 409 1715 vulgo
430 1658 662 1711 modicum3
694 1665 874 1707 terrere,
907 1659 948 1701 ni
979 1665 1180 1716 paveant3
1211 1659 1284 1702 ubi
1312 1659 1624 1716 pertimuerint,
1657 1659 1816 1717 inpune
1837 1659 2069 1712 contemni;

283 1733 386 1777 dum
425 1734 668 1792 superstitio
704 1740 872 1792 urgeat,
920 1734 1169 1778 adiciendos
1207 1748 1258 1778 ex
1299 1734 1409 1778 duce
1448 1740 1587 1777 metus
1629 1733 1805 1778 sublatis
1847 1734 2070 1778 seditionis

231 1822 269 1852 20
283 1807 542 1854 auctoribus.
581 1817 827 1868 promptum
856 1809 908 1853 ad
940 1810 1161 1868 asperiora
1191 1809 1406 1867 ingenium
1436 1811 1576 1873 Druso
1606 1816 1715 1854 erat:
1746 1816 1920 1854 vocatos
1941 1809 2070 1854 Vibu-

282 1885 427 1929 lenum
448 1892 490 1928 et
509 1886 791 1929 Percennium
811 1885 986 1929 interfici
1012 1886 1141 1929 iubet.
1188 1886 1358 1929 tradunt
1386 1885 1581 1943 plerique
1612 1886 1720 1929 intra
1749 1885 2071 1929 tabernaculum

283 1960 404 2004 ducis
435 1960 627 2010 obrutos,
672 1960 739 2003 alii
772 1974 955 2018 corpora
985 1967 1103 2004 extra
1132 1960 1289 2004 vallum
1320 1960 1484 2004 abiecta
1515 1962 1710 2005 ostentui.
1772 1962 1852 2018 (30)
1883 1968 1991 2012 tum,
2023 1967 2071 2004 ut

282 2035 466 2094 quisque
496 2035 755 2094 praecipuus
787 2035 995 2088 turbator,
1029 2036 1278 2095 conquisiti3
1324 2043 1366 2081 et
1395 2051 1515 2095 pars,
1548 2043 1666 2080 extra
1697 2044 1835 2081 castra
1863 2037 2068 2095 palantes,

325 2132 357 2164 4.
377 2139 440 2172 per
449 2131 660 2163 CENNIONI
678 2132 711 2164 M
735 2132 965 2172 (Percennione
988 2134 1124 2173 margo)
1149 2150 1184 2155 —
1211 2132 1243 2165 4.
1269 2134 1364 2173 quiin
1387 2133 1420 2165 M
1442 2133 1560 2174 priore
1583 2134 1595 2165 i
1619 2131 1747 2165 deleta.
1776 2151 1812 2156 —
1837 2134 1869 2166 5.
1888 2142 1951 2174 que
1971 2134 2006 2167 M
2031 2150 2067 2156 —

281 2182 313 2214 7.
338 2184 538 2214 auerterano
563 2181 635 2223 (sic)
659 2182 692 2214 M
718 2199 754 2204 —
781 2182 833 2214 40.
852 2184 1055 2214 contentione
1078 2183 1111 2215 M
1134 2183 1297 2224 (contione
1320 2188 1452 2224 margo)
1481 2201 1516 2206 -
1550 2183 1602 2216 44.
1629 2184 1770 2224 aponius
1793 2182 1988 2224 (superscr.
2014 2181 2070 2215 lit-

282 2232 358 2264 tera
379 2232 413 2272 r)
435 2232 469 2264 M
492 2248 528 2254 -
555 2240 674 2271 aeques
689 2232 722 2265 M
746 2230 871 2272 (littera
895 2241 918 2264 a
939 2234 1071 2274 puncto
1092 2233 1222 2274 notata)
1247 2251 1284 2256 —
1311 2233 1364 2266 46.
1381 2234 1574 2274 operiendos
1589 2234 1621 2266 M
1640 2251 1676 2256 —
1699 2234 1964 2274 primulcendum
1979 2233 2013 2266 M
2031 2251 2067 2256 —

282 2281 335 2314 20.
358 2282 498 2323 inynwm
520 2282 553 2314 M
577 2282 758 2323 (inqeniwm
779 2283 925 2324 margo).
1396 2295 1401 2299 ·

283 2363 319 2395 et
349 2363 446 2394 extra
477 2361 717 2405 (Patron-iiten).
762 2363 927 2396 Stationes
952 2365 1034 2397 sunt
1061 2363 1154 2406 globi

283 2410 431 2445 militum
457 2413 529 2444 tam
553 2413 587 2445 in
612 2413 735 2446 castris
757 2421 863 2454 quam
881 2423 949 2446 non
966 2414 1090 2456 procul
1107 2414 1151 2447 ab

282 2463 324 2495 iis
348 2471 413 2504 per
434 2462 614 2495 intervalla
639 2463 860 2496 custodiendi
877 2473 984 2497 causa
1008 2465 1155 2498 tenden-

244 2537 247 2540 -
282 2514 337 2546 tes
361 2512 631 2555 (Wachtposten).
675 2514 818 2555 Species
842 2516 1031 2548 stationum
1054 2516 1153 2558 ipsae

282 2563 449 2595 custodiae
457 2566 637 2604 portarum
653 2565 747 2604 sunt,
763 2573 854 2606 quae
865 2565 982 2604 ,aditus
994 2566 1028 2597 in
1043 2566 1153 2608 portis

283 2613 480 2646 castrorum
505 2612 697 2646 observant
720 2615 944 2656 tuenturque.
972 2615 1022 2648 Cf.
1041 2616 1072 2655 4,
1091 2616 1154 2648 25:

278 2665 398 2704 portas
430 2663 623 2696 stationibus
657 2664 836 2703 (custodiis
868 2665 1060 2706 portarum)
1091 2667 1155 2707 fir-

282 2715 387 2746 mant.
427 2713 457 2753 4,
481 2712 541 2746 32:
575 2714 728 2755 vigilias,
753 2714 935 2754 stationes,
968 2718 999 2747 et
1028 2715 1056 2747 si
1087 2724 1155 2756 qua

283 2763 356 2796 alia
377 2771 535 2803 praesens
557 2772 636 2795 usus
658 2763 846 2804 indioeerat,
877 2764 939 2805 ipsi
955 2764 1155 2805 partieban-

282 2816 350 2846 tur.
393 2813 446 2853 44,
474 2812 530 2845 48;
560 2813 733 2853 stationes,
766 2814 916 2855 viyiliae,
948 2815 1072 2846 diurna
1092 2824 1155 2847 no-

282 2866 468 2903 cturnaque
489 2864 617 2895 munia.
647 2863 700 2902 43,
719 2863 776 2896 35:
801 2867 992 2904 veteranos,
1017 2866 1073 2905 qui
1088 2874 1155 2897 non

282 2912 474 2952 stationem,
498 2921 565 2944 non
586 2912 719 2954 vigilias
738 2914 883 2946 inissent.
910 2915 1043 2947 Rrrrnn.

327 2963 381 2996 29.
417 2962 599 3004 orantibus]
625 2971 705 2994 cum
730 2965 887 3004 orarent,
920 2965 959 2996 ut
982 2963 1155 2998 scriberet

283 3013 386 3055 patri.
400 3029 434 3035 —
453 3012 539 3044 idem
554 3012 699 3053 Blaesus]
716 3013 774 3054 qui
792 3015 895 3046 antea
911 3015 1041 3048 missus
1058 3016 1152 3054 erat;

285 3062 328 3095 ct.
355 3071 385 3095 c.
416 3061 465 3094 49.
499 3079 535 3084 -
569 3070 586 3094 e
611 3062 755 3102 cohorte]
784 3062 858 3095 scil.
893 3064 1091 3097 amicorum
1119 3066 1154 3097 et

284 3113 470 3151 comitum,
495 3113 534 3144 ut
557 3112 644 3144 Ann.
663 3112 695 3151 3,
715 3112 766 3144 43.
794 3112 825 3153 6,
843 3113 874 3145 9.
910 3114 991 3146 Hor.
1012 3115 1100 3156 Epp.
1121 3115 1152 3153 4,

284 3162 316 3201 8,
343 3161 403 3194 44ε
429 3165 465 3194 ut
486 3161 618 3202 placeat
640 3162 750 3194 iuveni
768 3166 965 3202 percontare
985 3167 1083 3204 atque
1097 3174 1155 3197 co-

287 3211 384 3243 horti.
411 3212 554 3244 Sueton.
572 3210 647 3244 Tib.
666 3211 719 3244 46.
741 3212 848 3244 Donn.
876 3213 949 3244 Hoc
961 3221 1069 3246 sensu
1081 3215 1155 3256 pri-

284 3269 383 3293 mum
411 3262 550 3303 repperi
575 3261 668 3304 apud
693 3261 764 3294 Cic.
790 3261 834 3294 ad
859 3263 898 3301 Q.
926 3263 979 3295 Fr.
1005 3264 1036 3303 4,
1064 3265 1094 3303 4,
1120 3264 1152 3297 4.

285 3310 322 3342 et
345 3309 467 3342 Catuli.
493 3311 547 3351 28,
574 3311 605 3343 4.
638 3329 666 3334 -
703 3311 811 3343 Iustus
834 3311 1000 3354 Catonius]
1032 3316 1154 3354 postea

284 3358 486 3401 praefectus
510 3361 699 3402 praetorio,
725 3362 922 3402 imperante
941 3360 1097 3401 Claudio,
1120 3364 1156 3395 et

285 3407 491 3443 Messalinae
510 3409 631 3443 fraude
650 3410 852 3444 interfectus
868 3419 900 3444 a.
918 3411 994 3445 796.
1020 3412 1082 3445 Dio
1099 3413 1153 3454 60,

1204 2365 1257 2398 48.
1284 2365 1363 2397 Sen.
1382 2364 1469 2397 Lud.
1490 2365 1542 2405 43,
1561 2366 1592 2397 5.
1616 2384 1648 2388 —
1667 2373 1711 2398 ex
1726 2365 1806 2398 duce
1819 2364 1934 2408 metus]
1957 2365 2069 2398 Dictio

1203 2416 1274 2455 est,
1301 2424 1408 2457 quam
1433 2417 1528 2448 amat
1550 2416 1700 2449 Tacitus.
1733 2417 1780 2449 Ita
1801 2417 1834 2456 2,
1859 2416 1913 2449 38.
1936 2416 1988 2456 44,
2013 2416 2068 2449 20.

1202 2466 1345 2507 Αςπ.46.
1363 2466 1391 2498 Α
1405 2464 1565 2499 Sallustio
1582 2467 1733 2509 sumpsit
1749 2466 1803 2506 (de
1819 2475 1895 2509 rep.
1910 2466 1955 2499 ad
1967 2466 2068 2500 Caes.

1203 2524 1233 2548 c.
1262 2516 1274 2548 4
1304 2516 1425 2556 extr.):
1458 2524 1562 2556 neque
1592 2525 1790 2557 quemquam
1818 2526 1841 2549 a
1867 2517 1980 2549 multis
1999 2525 2071 2550 me—

1202 2567 1357 2598 tuendum
1380 2574 1464 2606 esse,
1491 2566 1570 2606 quin
1593 2567 1638 2598 ad
1652 2575 1727 2599 eum
1745 2567 1887 2608 formido
1902 2576 1946 2600 σω
1959 2567 2072 2599 multis

1201 2616 1339 2648 recidat.
1365 2615 1450 2647 Lirs.
1473 2633 1506 2637 —
1527 2619 1721 2656 promptum
1736 2617 1781 2649 ad
1800 2626 1871 2658 asp.
1889 2615 2069 2659 ingenium]

1203 2666 1242 2698 C.
1259 2666 1319 2698 76:
1346 2666 1476 2698 Drusus
1491 2674 1699 2708 quamquam
1713 2667 1771 2699 vili
1790 2667 1951 2709 sanquine
1973 2667 2072 2699 nimis

1201 2716 1359 2757 yaudens.
1378 2716 1453 2748 Dio.
1468 2716 1523 2755 57,
1541 2716 1600 2748 43:
1619 2713 1792 2762 Δρούσῳ,
1805 2712 2070 2761 ἀσελγεστάτῳ

1201 2765 1267 2798 καὶ
1290 2762 1488 2809 ὠμοτάτῳ.
1516 2765 1566 2798 Cf.
1591 2767 1680 2799 Ann.
1705 2766 1738 2807 4,
1763 2767 1794 2800 3.
1819 2785 1854 2790 —
1881 2771 1980 2800 extra
1993 2768 2071 2800 val-

1201 2814 1280 2857 lum]
1315 2816 1355 2849 Ut
1388 2816 1423 2847 in
1454 2815 1590 2857 oppidis
1619 2816 1944 2850 animadversiones
1964 2819 2070 2850 *extra

1202 2874 1341 2904 muros,
1367 2865 1418 2898 sic
1442 2867 1476 2897 et
1498 2866 1531 2897 in
1557 2866 1680 2899 castris
1697 2868 1793 2899 extra
1809 2866 1950 2900 vallum.
1985 2867 2068 2900 Ideo

1202 2923 1350 2957 corpora
1374 2915 1431 2947 hic
1455 2914 1592 2948 abiecta
1616 2915 1651 2947 in
1667 2924 1749 2948 eum
1772 2915 1906 2956 locum,
1932 2917 1991 2958 qui
2007 2916 2071 2949 suit

1203 2966 1300 2997 extra
1316 2966 1453 3007 portam
1479 2964 1726 3005 decumanam,
1752 2974 1771 2998 a
1788 2967 1984 2999 castrorum
2001 2967 2070 2999 ter-

1202 3023 1263 3056 go,
1288 3015 1338 3047 uti
1362 3024 1405 3047 ex
1427 3014 1571 3056 Vegetio
1595 3014 1710 3048 discas
1735 3015 1764 3053 4,
1782 3014 1837 3048 23.
1872 3017 2006 3049 Seneca
2023 3016 2067 3050 de

1202 3065 1257 3096 Ira
1283 3065 1312 3104 4,
1339 3065 1394 3097 46;
1431 3065 1607 3097 damnatus
1634 3068 1733 3097 extra
1761 3065 1887 3098 vallum
1914 3067 2070 3100 deductus

1201 3117 1265 3155 est,
1297 3117 1327 3147 et
1356 3115 1426 3146 iam
1447 3114 1605 3147 cervicem
1629 3115 1838 3157 porrigebat,
1868 3124 1944 3148 cum
1963 3116 2068 3149 subito

1202 3165 1362 3206 apparuit
1377 3164 1553 3196 commilito
1569 3164 1633 3197 ille.
1653 3165 1738 3197 LlPs.
1758 3182 1793 3188 -
1820 3166 1969 3207 ostentm]
1985 3175 2070 3208 poe-

1203 3223 1269 3247 nae
1294 3213 1455 3257 exemplo
1472 3215 1599 3247 ceteris
1622 3214 1796 3248 seditiosis
1818 3215 2043 3250 imminentis.

1246 3265 1298 3297 30.
1330 3265 1435 3297 tutari
1461 3265 1570 3306 signa]
1601 3266 1696 3297 recta
1728 3264 1859 3298 habere
1889 3266 1924 3298 et
1951 3265 2067 3299 defixa

1203 3323 1352 3347 servare
1372 3315 1406 3347 in
1430 3315 1619 3357 principiis.
1644 3333 1687 3338 —
1710 3315 1817 3356 Rapta
1836 3315 1950 3347 subitis
1969 3316 2067 3358 siqua

1202 3364 1386 3396 turbinibus
1407 3365 1441 3396 in
1459 3365 1575 3397 Crassi
1591 3363 1811 3406 expeditione
1827 3365 1984 3398 Parthica
2000 3374 2064 3407 pro

1203 3413 1279 3446 diro
1313 3414 1430 3446 omine
1464 3413 1705 3455 habebantur,
1741 3413 1828 3447 Flor.
1862 3414 1901 3455 3,
1932 3415 1992 3456 44,
2017 3414 2064 3455 3.,
