2254 3770
673 328 828 376 mei
854 331 938 376 xv.
983 330 1084 389 cap.
1114 331 1183 375 29.
1212 330 1279 375 30.
1309 330 1377 375 3⁴.

1848 321 1934 367 507

161 439 203 482 in
223 437 396 485 modum
415 437 574 496 templi.
604 437 749 482 medio
767 437 951 482 tribunal
971 437 1119 481 sedem
1141 437 1330 481 curulem
1351 444 1394 482 et
1413 436 1541 481 sedes
1559 435 1743 494 effigiem
1754 432 1935 478 Neronis

159 513 404 558 sustinebat.
435 513 488 556 ad
519 527 648 571 quam
676 526 931 571 progressus
962 511 1186 563 TiridateS,
1219 514 1357 557 caesis
1386 526 1441 557 ex
1470 525 1588 556 more
1607 510 1800 561 victimis,
1831 508 1934 552 sub-

157 587 288 632 latum
316 588 453 646 capite
483 587 680 632 diadema
708 588 879 645 imagini
908 587 1106 639 subiecit,
1147 588 1311 645 magnis
1347 587 1461 646 apud
1492 594 1668 632 cunctos
1696 585 1934 629 animorum

158 662 360 714 motibus,
392 676 502 722 quos
529 663 713 721 augebat
733 663 855 707 insita
874 661 1015 707 adhuc
1034 661 1168 707 oculis
1189 664 1452 707 exercituum
1470 664 1757 707 Romanorum
1775 660 1934 704 caedes

158 745 230 783 aut
270 737 450 782 obsidio.
494 744 536 782 at
571 752 686 782 nunc
713 751 862 782 versos
892 751 1040 782 casus:

1085 737 1240 781 iturum
1271 738 1482 782 Tiridaten
1511 737 1694 782 ostentui
1724 735 1965 793 gentibus,5

158 819 317 872 quanto
352 813 493 856 minus
529 827 660 871 quam
697 813 942 871 captivum?
996 813 1076 870 (30)
1108 812 1270 856 addidit
1298 813 1457 870 gloriae
1480 812 1665 858 Corbulo
1695 811 1935 856 comitatem

157 888 416 947 epulasque3
447 894 489 932 et
518 889 725 945 rogitante
755 902 856 945 rege
887 901 1061 939 causas,
1092 888 1289 946 quotiens
1319 902 1477 931 novum
1502 887 1662 946 aliquid
1683 886 1934 936 adverterat,

156 970 204 1007 ut
233 964 348 1006 initia
376 962 615 1020 vigiliarum
643 977 724 1021 per
751 963 1043 1007 centurionem
1065 963 1259 1014 nuntiari,
1291 964 1532 1007 convivium
1552 964 1706 1007 bucina
1726 961 1875 1006 dimitti
1896 967 1938 1005 et

157 1045 359 1082 structam
387 1044 484 1082 ante
513 1037 716 1095 augurale
747 1052 862 1081 aram
893 1038 1063 1081 subdita
1081 1037 1173 1081 face
1194 1038 1393 1088 accendi,
1426 1046 1577 1082 cuncta
1598 1038 1640 1081 in
1659 1038 1797 1082 maius
1817 1036 1938 1080 attol-

158 1116 250 1157 lens
290 1113 568 1156 admiratione
610 1114 736 1170 prisci
777 1114 908 1157 moris
937 1113 1089 1157 affecit.
1134 1120 1308 1171 postero
1338 1113 1408 1157 die
1437 1114 1620 1171 spatium
1650 1113 1803 1163 oravit,
1850 1119 1987 1169 qu0⁴0

157 1195 317 1232 tantum
350 1189 510 1231 itineris
541 1187 733 1231 aditurus
763 1188 914 1232 fratres
944 1195 1040 1232 ante
1064 1194 1329 1246 matremque
1349 1189 1530 1232 viseret:
1563 1188 1755 1232 obsidem
1776 1187 1939 1230 interea

158 1263 287 1307 filiam
316 1263 443 1307 tradit
471 1262 717 1320 litterasque
748 1263 963 1321 supplices
985 1263 1037 1306 ad
1059 1265 1283 1310 Neronem.
1327 1263 1407 1320 (31)
1430 1271 1472 1307 et
1491 1263 1711 1320 digressus
1730 1264 1938 1306 Pacorum

160 1338 275 1397 apud
296 1338 454 1388 Medos,
476 1337 714 1395 Vologesen
736 1338 960 1382 Ecbatanis
982 1339 1180 1397 repperit,
1203 1352 1286 1382 non
1308 1339 1567 1382 incuriosum
1588 1338 1749 1382 fratris:
1780 1336 1939 1395 quippe

161 1420 205 1457 et
232 1414 418 1471 propriis
447 1414 603 1456 nuntiis
634 1427 657 1456 a
689 1413 930 1458 Corbulone
960 1414 1156 1471 petierat,
1187 1428 1242 1457 ne
1271 1427 1400 1472 quam
1430 1413 1655 1471 imaginem
1685 1412 1844 1456 servitii
1874 1411 1942 1454 'ri-

163 1489 320 1533 ridates
363 1489 572 1547 perferret
600 1502 684 1532 neu
719 1489 878 1532 ferrum
906 1489 1094 1533 traderet
1122 1495 1194 1532 aut
1222 1488 1445 1546 complexu
1477 1488 1717 1546 provincias
1747 1487 1989 1546 optinen-ns

224 1628 257 1660 2.
284 1627 363 1660 cesis
384 1628 417 1661 M
443 1644 478 1651 —-
504 1626 669 1660 sublatum
684 1629 730 1660 G:
756 1627 876 1660 sublati
897 1629 931 1661 M
950 1647 984 1652 —
1011 1628 1042 1661 3.
1060 1629 1168 1669 capite
1182 1628 1388 1661 Rhenanus:
1413 1628 1564 1669 capitiM
1582 1646 1617 1652 -
1642 1629 1675 1660 5.
1699 1628 1826 1660 itur-um
1846 1627 1941 1660 Rhe—

160 1692 292 1716 nanus:
327 1684 447 1716 iterum
475 1684 506 1716 M
540 1701 574 1706 —
608 1684 640 1717 7.
664 1685 864 1726 royttantcm
886 1693 996 1727 reqem
1023 1686 1048 1717 Ι.
1075 1685 1128 1718 Fr.
1154 1685 1359 1718 Gronovius.
1388 1702 1423 1708 —
1457 1685 1576 1725 aliquit
1597 1685 1629 1717 M
1655 1700 1690 1707 —
1721 1684 1753 1716 9.
1778 1683 1943 1726 auanale

159 1739 317 1782 Lipsius:
342 1736 509 1781 auam-al?
533 1740 566 1772 M
592 1757 627 1764 —
655 1740 708 1772 ⁴0.
733 1741 967 1774 ammiratione
989 1741 1021 1774 M
1047 1758 1083 1765 --
1109 1741 1162 1774 42.
1187 1741 1327 1773 tradidit
1349 1739 1515 1774 Halmius.
1544 1756 1579 1764 -
1603 1749 1762 1781 pacarem
1782 1740 1827 1774 M.

160 1855 272 1899 κόνες
307 1853 376 1890 τοῦ
409 1857 587 1903 Νέρωνος
618 1855 841 1901 ἐστάθησαν
879 1859 1023 1900 (cogita,
1077 1858 1258 1892 ἵστασθαι
1273 1855 1372 1891 κατὰ
1386 1855 1478 1900 τοὺς
1494 1857 1611 1900 ἰδίους
1623 1857 1778 1900 τόπους.
1803 1857 1853 1891 Cf.
1867 1858 1938 1891 Liv.

161 1910 197 1942 in
220 1908 338 1941 medio
359 1907 523 1941 tribunali
547 1910 583 1941 et
608 1910 642 1941 in
665 1911 817 1951 utroque
841 1911 977 1949 cornu),
1003 1904 1026 1942 ὅ
1075 1910 1129 1950 30,
1148 1911 1179 1942 5.
1206 1909 1369 1943 Similiter
1383 1911 1486 1952 igitur
1501 1911 1640 1952 signum
1655 1909 1798 1943 finiendi
1815 1917 1941 1942 cenam

161 1967 203 1991 τε
225 1955 437 2004 Τηριδάτης
459 1957 608 1991 πολλῶν
629 1958 700 2000 μὲν
719 1956 918 2006 Ἀρμενίων
934 1958 1028 1992 πολ-
1075 1960 1204 1993 bucina
1228 1960 1389 1993 dabatur.
1409 1979 1444 1984 -
1471 1961 1646 2003 auyarale]
1670 1960 1758 1993 Vide
1781 1961 1814 1999 2,
1833 1959 1884 1992 ⁴3.
1903 1977 1938 1982 —

162 2007 238 2041 λῶν
264 2007 306 2041 δὲ
333 2007 501 2055 Πάρθων
530 2010 594 2041 καὶ
613 2006 807 2052 Ῥωμαίων
829 2006 1027 2056 παρόντων
1076 2019 1175 2043 aram
1193 2019 1219 2042 s.
1236 2011 1261 2052 f.
1279 2011 1430 2053 accendi]
1454 2012 1641 2050 incertum,
1665 2012 1783 2043 utrum
1798 2010 1837 2042 ut
1851 2008 1943 2042 liba-

163 2056 360 2105 προσῆλθέ
376 2068 416 2091 τε
435 2055 570 2100 αὐταῖς
583 2060 649 2092 καὶ
661 2057 936 2106 προσεκύνησε,
955 2056 1028 2092 θύ-

163 2118 236 2149 σας
258 2118 299 2141 τε
319 2109 387 2141 καὶ
409 2107 688 2152 ἐπευφημήσας
705 2106 750 2142 τὸ
766 2107 934 2153 διάδημα
949 2106 1027 2142 ἀπό

162 2167 204 2191 τε
234 2157 305 2201 τῆς
341 2156 516 2201 κεφαλῆς
547 2156 683 2200 ἀφεῖλε
715 2160 779 2192 καὶ
814 2160 1028 2206 παρέθηκεν

163 2205 308 2250 αὐταῖς.
335 2226 371 2231 -
400 2218 459 2242 nec
481 2210 544 2242 nisi
566 2219 671 2242 marm
691 2211 832 2242 Neronis
853 2210 1028 2252 remanere]

164 2259 215 2292 Cf.
241 2260 295 2299 46,
319 2259 375 2291 23.
402 2276 433 2283 —
462 2260 500 2291 in
520 2260 655 2292 modum
676 2260 797 2301 templi]
821 2262 942 2302 Aeque
965 2268 1031 2292 au-

163 2310 305 2349 gustum
334 2310 370 2340 et
398 2307 599 2350 religiosum
627 2309 690 2341 fuit
720 2311 832 2342 totum
856 2310 925 2342 hoc
947 2318 1031 2351 spe-

164 2357 340 2390 ctaculum
363 2358 430 2391 suh
454 2359 546 2399 divo,
575 2368 617 2391 ac
640 2361 669 2392 si
692 2358 905 2401 colloquium
927 2359 1030 2392 habi-

163 2409 239 2440 tum
273 2410 369 2440 esset
397 2409 431 2440 in
455 2408 587 2450 templo
616 2409 674 2450 (les
694 2410 820 2451 tmaqes
841 2410 895 2442 des
916 2410 1029 2449 dicum,

164 2459 243 2490 dont
264 2458 398 2497 l'aspoct
420 2459 558 2490 donnait
580 2458 603 2491 ὰ
624 2468 659 2491 cc
674 2459 740 2492 lieu
754 2459 790 2491 la
802 2461 941 2500 maJestc
955 2459 1031 2491 d'nn

165 2508 279 2549 tentple
300 2508 479 2547 Burnous).

209 2559 262 2591 30.
291 2559 392 2591 initia
422 2559 617 2600 viyiliarum
645 2569 709 2600 per
738 2562 961 2592 centurionem
982 2561 1030 2602 n.]

165 2609 331 2650 vegetius
355 2609 387 2647 3,
412 2609 450 2642 8:
481 2610 562 2649 quia
583 2609 780 2649 impossibile
801 2610 975 2642 videbatur
997 2611 1033 2641 in

165 2659 304 2699 speculis
323 2667 388 2699 per
415 2662 518 2690 totam
544 2662 670 2690 noctem
692 2659 868 2700 viyilantes
889 2659 1034 2700 singulos

163 2717 381 2749 permanere,
412 2709 484 2741 idco
506 2709 542 2740 in
565 2712 723 2749 quattuor
740 2713 856 2749 partes
878 2710 924 2740 ad
945 2709 1033 2749 clep-

165 2759 291 2798 sydran
321 2762 395 2790 siant
418 2759 542 2790 divisae
563 2759 717 2799 vigiliae,
747 2761 786 2790 ut
805 2768 872 2790 non
894 2760 1034 2799 amplius

167 2815 269 2849 quam
299 2807 405 2839 tribus
432 2808 523 2839 horis
543 2809 714 2839 nocturnis
734 2816 861 2840 neccsse
882 2809 926 2840 sit
945 2809 1034 2849 viyi-

166 2857 250 2889 lare.
283 2857 310 2889 Δ
333 2857 475 2890 tubicine
497 2860 607 2889 omnes
620 2858 756 2899 viyiliae
772 2857 1032 2897 committantur,

167 2909 197 2939 οι
215 2907 320 2948 finitis
340 2907 430 2939 horis
451 2916 474 2938 a
494 2908 660 2939 cornicine
672 2911 884 2939 revocantur.
910 2905 1031 2947 Polyb.

167 2956 200 2996 6,
223 2955 277 2994 36,
294 2957 334 2988 5:
358 2952 430 2998 τὴν
452 2954 482 2988 δ’
507 2955 723 2999 ἐπιμέλειαν
746 2954 815 2989 τοῦ
839 2953 936 2988 κατὰ
960 2966 1035 2996 φυ-

168 3002 289 3047 λακὴν
318 3004 536 3050 βουκανᾷν,
572 3005 636 3039 ἵνα
668 3004 880 3048 σύμφωνον
906 2999 933 3051 ἧ
954 3008 1035 3046 τοῖς

169 3053 398 3095 ἑφοδεύουσι
433 3053 527 3102 πρὸς
560 3053 652 3097 τούς
685 3054 967 3096 φυλάττοντας,
998 3056 1038 3088 οἱ

168 3104 238 3149 τῆς
272 3102 422 3152 πρώτης
456 3107 628 3149 σημαίας
659 3105 736 3138 τῶν
769 3107 946 3153 τριαρίων
968 3116 1036 3138 τα-

169 3153 320 3203 ξίαρχοι
337 3157 582 3195 (centuriones)
605 3156 692 3188 καθ’
710 3153 857 3202 ἡμέραν
879 3154 1037 3189 ποιοῦν-

169 3216 243 3239 ται.
264 3223 299 3229 -
323 3207 513 3238 convivium
536 3205 658 3238 bucina
678 3206 810 3247 dimitti]
833 3205 957 3246 Polyb.
980 3205 1034 3245 ⁴4,

171 3256 211 3289 3:
234 3251 366 3289 ’.Ἔστιν
397 3251 489 3296 ἔθος
513 3251 714 3299 Ῥωμαίοις
743 3253 841 3288 κατὰ
869 3253 938 3288 τὸν
966 3254 1035 3292 τοῦ

171 3304 324 3338 δείπνου
346 3302 482 3351 καιρὸν
503 3302 594 3346 τοὺς
615 3302 834 3348 βυκανητὰς
856 3306 921 3338 καὶ
944 3305 1037 3338 σαλ-

173 3353 331 3398 πιγκτὰς
362 3353 506 3396 πάντας
527 3356 728 3398 σημαίνειν
751 3353 853 3401 παρὰ
874 3352 944 3398 τὴν
966 3354 1034 3389 τοῦ

174 3405 388 3452 στρατηγοῦ
411 3403 577 3449 σκηνήν,
602 3404 714 3452 χάριν
736 3404 804 3439 τοῦ
822 3403 891 3447 τὰς
906 3415 1035 3439 νυκτε-

174 3452 280 3502 ρινὰς
311 3453 488 3497 φυλακὰς
519 3452 618 3489 κατὰ
643 3452 712 3488 τὸν
740 3453 876 3503 καιρὸν
897 3454 1035 3489 τοῦτον

1076 2063 1130 2093 tas
1154 2069 1264 2094 cenae
1288 2060 1398 2102 dapes
1421 2060 1474 2094 dis
1497 2060 1681 2100 offerrent,
1707 2059 1803 2102 quod
1828 2059 1943 2101 Lipsio

1076 2109 1224 2152 placuit,
1258 2118 1302 2142 an
1325 2111 1364 2142 ut
1387 2119 1519 2152 pernox
1543 2109 1685 2143 arderet
1709 2110 1849 2150 (structa
1873 2109 1944 2142 sci-

1076 2160 1159 2193 licet
1182 2169 1223 2192 ex
1247 2160 1412 2200 materie,
1438 2169 1529 2202 quae
1553 2160 1700 2194 accendi
1724 2161 1760 2192 et
1781 2158 1943 2193 comburi

1076 2212 1225 2253 poterat)
1258 2212 1293 2243 et
1315 2209 1359 2242 ad
1384 2219 1464 2243 eam
1486 2210 1618 2252 vigilias
1642 2210 1780 2243 obirent
1801 2208 1942 2248 milites,

1078 2261 1174 2303 quod
1197 2260 1271 2294 vult
1292 2261 1495 2301 Rutgersius
1516 2270 1590 2294 var.
1610 2260 1691 2294 lect.
1711 2261 1743 2300 3,
1760 2260 1814 2292 20.
1839 2260 1941 2292 Baor.

1081 2329 1117 2334 —
1139 2312 1242 2351 prisci
1265 2311 1384 2351 moris]
1412 2311 1485 2343 Hoc
1508 2311 1624 2353 ipsum
1647 2310 1806 2343 Tiridatis
1829 2308 1945 2342 admi-

1078 2362 1250 2393 rationem
1285 2360 1459 2401 augebat,
1495 2361 1591 2402 quod
1623 2361 1658 2392 in
1692 2361 1746 2392 his
1780 2357 1944 2392 omnibus

1079 2410 1293 2453 explicandis
1325 2409 1479 2443 Corbulo
1509 2420 1590 2443 eum
1614 2410 1767 2443 docebat
1788 2410 1944 2451 priscum

1080 2470 1122 2493 ac
1144 2459 1352 2492 sollemnem
1376 2469 1455 2493 esse
1479 2461 1715 2493 Romanorum
1739 2467 1887 2491 morem.
1905 2475 1941 2481 —

1079 2510 1204 2551 affecit]
1232 2518 1372 2550 regem:
1408 2518 1525 2551 neque
1554 2518 1638 2542 vero
1667 2517 1756 2551 opus
1787 2510 1841 2541 est
1863 2516 1943 2540 cum

1081 2561 1255 2593 Gronovio
1284 2568 1389 2602 supra
1417 2559 1573 2592 scribere
1596 2561 1795 2602 royitantem
1816 2566 1942 2599 reyem3

1080 2611 1131 2642 tot
1154 2610 1247 2642 enim
1265 2609 1372 2642 verba
1395 2610 1599 2652 interposita
1622 2611 1658 2642 in
1675 2605 1943 2642 ἀνακολούθου

1082 2668 1187 2693 causa
1210 2660 1361 2692 fuerunt.
1591 2668 1594 2670 ’

1125 2709 1178 2742 3⁴.
1204 2710 1376 2751 Pacorum]
1402 2709 1452 2742 Cf.
1479 2718 1510 2742 c.
1527 2711 1561 2742 2.
1584 2728 1616 2733 —-
1635 2708 1826 2750 Ecbatanis]
1849 2707 1943 2749 quod

1082 2758 1263 2801 oppidum,
1280 2760 1316 2791 in
1333 2758 1551 2791 meridionali
1566 2762 1665 2801 parte
1679 2759 1813 2792 Mediae
1825 2759 1944 2797 situm,

1082 2809 1289 2842 Parthorum
1313 2808 1456 2849 regibus
1479 2811 1697 2842 reservatum
1722 2810 1816 2845 erat;
1841 2807 1944 2840 hodie

1082 2859 1271 2891 Hamadan.
1297 2858 1474 2899 (Forbiger
1497 2859 1703 2900 Geoqraphie
1724 2859 1770 2897 11,
1795 2866 1831 2899 p.
1856 2857 1944 2896 590.)

1088 2926 1120 2931 -
1147 2911 1177 2940 et
1195 2908 1343 2948 propriis
1363 2907 1503 2949 nuntiis]
1535 2908 1682 2941 diversis
1705 2907 1750 2940 ah
1773 2907 1832 2947 iis,
1857 2914 1946 2947 quos

1083 2958 1262 2990 communi
1286 2956 1430 2990 consilio
1446 2957 1635 2999 Vologeses
1659 2960 1694 2990 et
1716 2957 1885 2989 Tiridates
1902 2955 1947 2987 ad

1085 3005 1321 3039 Corbulonem
1350 3007 1520 3039 miserant
1552 3008 1594 3047 (c.
1612 3008 1676 3046 27).
1705 3024 1741 3030 —
1769 3007 1947 3047 imaginem

1083 3057 1219 3096 servicii]
1243 3055 1349 3088 veluti
1373 3059 1515 3090 catenas
1538 3066 1662 3089 aureas
1679 3055 1733 3088 vel
1749 3057 1945 3096 argenteas.

1086 3124 1122 3130 —
1140 3106 1279 3148 sem-nm]
1295 3109 1474 3140 acinacem
1486 3133 1494 3148 ,
1520 3116 1590 3149 quo
1606 3108 1700 3140 omui
1715 3109 1875 3148 tempore
1891 3106 1946 3140 vel

1084 3158 1176 3190 inter
1197 3157 1319 3199 epulas
1342 3159 1487 3190 accincti
1509 3160 1609 3190 erant
1624 3157 1750 3190 Parthi.
1775 3157 1946 3199 Iosephus

1087 3207 1139 3245 48,
1163 3207 1196 3245 2,
1221 3207 1262 3240 4:
1294 3207 1447 3240 Orodem
1470 3206 1725 3239 obtruncarunt
1745 3206 1878 3246 Parthi,
1906 3205 1946 3239 ἐν

1085 3254 1269 3297 σπονδαῖς
1296 3258 1361 3289 καὶ
1391 3258 1605 3302 τραπέζαις·
1639 3258 1946 3302 μαχαιροφορεῖν

1084 3302 1158 3352 γὰρ
1179 3302 1270 3348 ἔθος
1292 3303 1447 3339 ἅπασιν.
1476 3306 1647 3338 Ammian.
1672 3305 1726 3344 23,
1752 3307 1782 3339 6.
1813 3323 1845 3329 —
1872 3310 1947 3338 tra-

1085 3356 1184 3398 deret]
1207 3356 1340 3389 scilicet
1356 3355 1558 3395 Corbuloni,
1579 3356 1669 3388 sicut
1684 3354 1765 3387 olim
1781 3356 1946 3397 Tigranes

1083 3415 1145 3438 rex
1162 3407 1328 3449 Pompeio
1344 3405 1545 3438 tradiderat.
1563 3403 1736 3441 Plutarch.
1749 3406 1871 3447 Pomp.
1885 3405 1943 3437 33:

1083 3457 1149 3490 καὶ
1177 3453 1223 3489 τὸ
1253 3454 1366 3499 ξίφος
1391 3458 1472 3497 τοῖς
1494 3451 1726 3501 ῥαβδούχοις
1747 3451 1945 3488 ἀπολυσά-
