2254 3770
753 238 798 281 P.
830 236 1080 281 CORNELII
1109 235 1280 281 TACITI
1310 235 1578 282 ANNALIUM

276 341 423 400 quinta
452 342 632 387 decuma
668 342 780 400 legio
810 342 993 387 ducente
1023 342 1154 387 Mario
1186 342 1311 388 Celso
1343 356 1367 387 e
1397 343 1614 387 Pannonia
1643 343 1808 389 adiecta
1838 351 1915 390 est.
1956 347 2063 392 scri-

275 417 390 461 bitur
418 417 640 462 tetrarchis
670 431 721 462 ac
741 417 915 473 regibus
935 418 1250 477 praefectisque
1272 424 1314 462 et
1334 418 1704 476 procuratoribus,
1737 426 1780 465 et
1799 421 1872 480 qui
1893 427 2064 480 praeto-

275 506 370 536 rum
398 492 596 537 finitimas
625 493 866 551 provincias
895 493 1118 551 regebant,
1150 493 1280 538 iussis
1317 494 1569 538 Corbulonis
1599 494 1800 555 obsequi,
1834 497 1875 540 in
1903 503 2064 543 tantum

273 567 405 613 ferme
436 567 610 612 modum
641 574 766 612 aucta
793 575 1022 627 potestate,
1054 583 1184 628 quem
1213 569 1399 628 populus
1420 571 1634 615 Romanus
1654 571 1727 616 Cn.
1748 573 1952 631 Pompeio
1972 573 2063 618 bel-

241 650 260 680 ὅ
273 643 360 687 lum
379 644 604 702 piraticum
625 650 798 701 gesturo
820 643 1010 688 dederat.
1034 658 1280 703 regressum
1295 646 1483 698 Paetum,
1507 660 1605 690 cum
1626 647 1820 705 graviora
1839 655 2060 694 metueret»

273 719 434 763 facetiis
460 719 657 763 insectari
678 719 779 763 satis
800 719 947 763 habuit
967 720 1135 772 Caesar,
1169 720 1233 764 his
1256 720 1389 765 ferme
1409 721 1564 774 verbis,
1596 723 1821 780 ignoscere
1841 738 1889 769 se
1910 725 2060 777 statim,

219 828 225 832 .
273 808 326 839 ne
355 800 440 838 tam
470 801 692 852 promptus
723 794 765 837 in
796 808 1001 852 pavorem
1030 795 1223 853 longiore
1255 795 1538 841 sollicitudine
1569 805 1851 856 aegresceret.

384 870 465 927 (26)
505 871 555 913 At
592 869 778 914 Corbulo
819 876 971 929 quarta
1007 878 1049 915 et
1087 871 1359 916 duodecuma
1389 872 1646 930 legionibus,
1690 888 1802 933 quae
1832 874 2061 920 fortissimo

271 959 446 1004 quoque
477 946 634 989 amisso
666 951 709 990 et
738 946 893 990 ceteris
925 947 1137 991 exterritis
1167 961 1319 1005 parum
1348 947 1512 992 habiles
1536 948 1699 1007 proelio
1722 949 1987 1003 videbantur,
2018 951 2061 995 in

222 1034 259 1064 io
272 1021 438 1080 Syriam
468 1020 700 1072 translatis,
733 1027 897 1066 sextam
925 1022 1024 1066 inde
1055 1036 1106 1066 ac
1135 1023 1301 1069 tertiam
1332 1023 1542 1081 legiones,
1575 1024 1785 1083 integrum
1813 1025 1988 1070 militem
2018 1033 2062 1071 et

270 1095 434 1140 crebris
464 1110 514 1141 ac
543 1097 763 1155 prosperis
794 1096 1014 1141 laboribus
1040 1098 1290 1149 exercitum,
1324 1099 1367 1142 in
1388 1100 1630 1144 Armeniam
1651 1101 1777 1145 ducit.
1808 1101 2059 1161 addiditque

269 1172 483 1230 legionem
514 1172 721 1230 quintam,
763 1185 876 1230 quae
913 1187 992 1230 per
1020 1174 1201 1217 Pontum
1231 1188 1363 1233 agens
1393 1189 1548 1233 expers
1579 1175 1712 1220 cladis
1740 1176 1898 1229 fuerat,
1935 1177 2060 1222 simul

268 1247 679 1306 quintadecumanos
718 1262 870 1292 recens
910 1248 1117 1293 adductos
1155 1256 1198 1294 et
1236 1250 1387 1294 vexilla
1427 1250 1691 1295 delectorum
1730 1265 1784 1296 ex
1818 1252 1989 1312 Illyrico
2018 1259 2062 1297 et

269 1325 483 1382 Aegypto,
516 1322 722 1381 quodque
752 1323 916 1367 alarum
947 1324 1290 1384 cohortiumque,
1323 1332 1365 1370 et
1394 1325 1548 1371 auxilia
1571 1341 1721 1386 regum
1741 1328 1784 1371 in
1804 1342 1935 1372 unum
1957 1342 2060 1373 con-

219 1410 255 1440 45
269 1398 396 1443 ducta
426 1398 539 1456 apud
570 1398 814 1451 Melitenen,
847 1414 934 1458 qua
963 1400 1194 1445 tramittere
1226 1401 1469 1460 Euphraten
1498 1403 1689 1461 parabat.
1720 1409 1808 1448 tum
1834 1403 2059 1449 lustratum

267 1474 347 1518 rite
380 1475 613 1519 exercitum
643 1474 698 1518 ad
729 1475 970 1519 contionem
1000 1483 1124 1520 vocat
1153 1476 1404 1536 orditurque
1434 1478 1659 1535 magnifica
1679 1479 1734 1524 de
1758 1479 1960 1538 auspiciis
1983 1480 2060 1524 im-

266 1550 477 1608 peratoris
524 1549 742 1609 rebusque
785 1564 811 1595 a
854 1565 901 1595 se
945 1552 1095 1608 gestis,
1139 1553 1322 1597 adversa
1362 1553 1403 1596 in
1440 1554 1649 1598 inscitiam
1679 1555 1794 1599 Paeti
1825 1554 2056 1609 declinans,

241 1625 398 1670 .multa
427 1626 694 1678 auctoritate,
727 1640 839 1685 quae
868 1627 959 1670 viro
984 1626 1150 1671 militari
1180 1643 1260 1687 pro
1290 1628 1488 1673 facundia
1517 1636 1619 1674 erat.
1663 1631 1744 1688 (27)
1775 1645 1874 1674 mox
1903 1631 1984 1675 iter
2012 1632 2057 1676 L.

265 1701 440 1747 Lucullo
471 1700 688 1759 quondam
717 1708 1006 1760 penetratum,
1038 1704 1196 1761 apertis
1225 1718 1336 1762 quae
1357 1711 1545 1749 vetustas
1575 1705 1872 1765 obsaepserat,
1903 1707 2053 1765 pergit.

277 236 358 279 504

329 1843 362 1875 2.
381 1842 570 1884 praefectis.
596 1849 658 1888 que
679 1845 710 1875 et
732 1843 765 1876 M
791 1860 824 1867 -
860 1842 891 1876 4.
919 1843 982 1876 Gn.
1007 1844 1041 1877 M
1068 1861 1102 1868 -
1135 1843 1166 1876 9.
1186 1844 1317 1885 praelio
1340 1845 1373 1878 M
1399 1862 1434 1868 —
1468 1845 1521 1878 40.
1545 1847 1639 1886 syria
1660 1846 1695 1879 M
1725 1864 1768 1870 —-
1799 1846 1853 1879 43.
1878 1846 2000 1880 illirico
2022 1848 2055 1881 M

268 1917 302 1922 -
330 1898 382 1933 44.
407 1902 524 1942 egypto
546 1899 580 1933 M
599 1917 635 1923 —
653 1899 847 1932 cohortium.
874 1908 936 1946 que
957 1903 988 1933 et
1010 1901 1043 1934 M
1065 1918 1100 1923 —
1128 1900 1181 1933 45.
1200 1901 1386 1935 tramittere
1399 1902 1452 1935 M:
1478 1903 1702 1934 transmittere
1718 1901 1832 1944 vulgo.
1853 1920 1890 1927 -
1917 1903 1969 1936 46.
1988 1903 2054 1936 im-

259 1956 427 1997 peratoris
448 1956 498 1989 M:
523 1956 748 1997 imperatoriis
769 1956 972 1990 Beroaldus.
994 1974 1028 1981 -
1057 1957 1109 1991 47.
1134 1958 1277 1991 adversa
1298 1958 1334 1991 in
1349 1959 1630 1993 Freinshemius:
1656 1958 1801 1993 aduersa
1815 1960 1849 1994 M
1868 1979 1904 1985 —
1922 1960 1976 1994 49.
1993 1960 2055 1993 ob-

261 2015 408 2054 sepserat
429 2012 473 2046 M.

260 2131 471 2165 nistrationis
502 2132 670 2165 exsecutio
703 2131 948 2173 (iurisdictio).
994 2132 1131 2166 Nomen

260 2183 460 2226 provinciae
484 2183 625 2225 ponitur
652 2191 716 2224 pro
741 2191 889 2216 munere
913 2183 1130 2225 provinciam

259 2232 418 2274 regendi.
444 2233 585 2266 WALm.
622 2231 786 2265 Similiter
807 2233 930 2266 Cicero
954 2242 988 2275 p.
1007 2232 1131 2266 Flacco

261 2283 280 2326 5
304 2285 324 2317 ὅ
347 2284 544 2324 Hispaniae,
570 2283 718 2323 Galliae,
744 2283 888 2324 Ciliciae,
915 2284 1032 2317 Cretae
1048 2285 1132 2317 vitia

260 2336 289 2367 et
310 2333 444 2375 flagitia
466 2334 570 2366 vocat
586 2342 647 2374 ea,
672 2342 764 2375 quae
782 2334 817 2366 in
833 2333 969 2367 illarum
986 2335 1131 2377 provin-

261 2384 394 2417 ciarum
422 2383 722 2416 administratione
752 2384 941 2417 commissa
972 2386 1063 2418 sunt.
1092 2403 1127 2408 -

261 2433 380 2475 Cestio]
413 2432 526 2473 Gallo,
551 2442 660 2475 quem
683 2434 805 2474 Syriae
830 2433 983 2475 legatum
1008 2435 1127 2474 fuisse,

260 2483 400 2525 quando
424 2482 558 2515 bellum
581 2483 616 2516 in
635 2482 765 2516 Iudaea
787 2482 889 2525 culpa
906 2485 1017 2517 Gessii
1042 2484 1130 2517 Flori

260 2534 449 2567 conflatum
470 2535 535 2573 est,
561 2542 652 2566 anno
672 2534 807 2567 scilicet
823 2536 1008 2576 sequente,
1033 2537 1130 2577 patet

259 2594 302 2618 ex
327 2585 413 2618 Hist.
438 2585 471 2624 5,
498 2584 538 2617 40
563 2585 598 2617 et
621 2585 770 2627 Iosepho
794 2586 830 2618 B.
857 2585 932 2618 Iud.
959 2586 992 2626 2,
1019 2585 1071 2627 44,
1094 2586 1126 2619 3.

259 2635 416 2668 Cestium
445 2635 515 2667 iam
544 2634 613 2667 hoc
641 2643 734 2667 anno
758 2635 845 2675 (846)
878 2635 999 2677 Syriae
1023 2644 1129 2678 prae-

258 2684 364 2718 fuisse
389 2685 526 2717 certum
550 2684 694 2726 quidem
717 2693 787 2717 non
809 2686 874 2726 est,
894 2685 959 2718 sed
976 2685 1050 2718 veri
1074 2686 1129 2718 ta-

258 2744 341 2768 men
365 2734 489 2769 simile.
514 2752 550 2758 —
577 2736 695 2776 quinta
718 2736 856 2768 decuma
878 2736 973 2778 tegio]
997 2734 1129 2778 Apolli-

258 2786 364 2818 naris.
391 2785 477 2818 Vide
498 2781 658 2830 ad1,46.
681 2803 716 2809 -
735 2786 847 2819 Mario
865 2786 965 2828 Celso]
987 2795 1007 2819 a
1021 2785 1128 2819 Galba

257 2837 381 2878 postea
405 2834 548 2868 consule
572 2835 754 2876 designato
780 2836 876 2878 (Hist.
903 2836 935 2875 4,
965 2835 1037 2877 ili),
1068 2836 1129 2878 qui

258 2887 482 2928 magistratus
505 2886 538 2919 ei
561 2886 667 2919 etiam
690 2895 709 2918 a
732 2885 869 2919 Vitellio
893 2888 1055 2920 servatus
1075 2887 1129 2920 est

259 2936 357 2978 (Hist.
382 2936 415 2975 2,
437 2935 502 2976 60).
523 2953 559 2959 —
579 2936 822 2977 praefectisque
844 2940 876 2969 et
891 2937 1128 2978 procuratori-

258 2985 327 3028 bus]
351 2985 511 3027 Praefecti
533 2986 616 3019 sunt
638 2986 748 3019 duces
773 2986 972 3020 cohortium
996 2988 1031 3019 et
1054 2986 1128 3019 ala-

258 3044 339 3068 rum
353 3034 537 3068 socialium
553 3044 619 3078 per
634 3036 831 3077 provincias
846 3037 1000 3070 minores
1013 3037 1128 3079 dispo-

258 3087 406 3119 sitarum
430 3086 592 3128 (quodque
614 3086 749 3119 alarum
764 3087 1012 3128 cohortiumque
1027 3097 1058 3120 c.
1073 3088 1126 3129 26)

259 3137 294 3168 et
317 3135 438 3170 classis
462 3137 625 3169 Ponticae
653 3136 705 3177 (H.
728 3136 767 3176 2,
793 3136 859 3177 83).
894 3137 1128 3171 Procuratores

258 3185 472 3228 intelligendi
502 3195 571 3219 non
593 3186 646 3219 rei
672 3186 827 3228 privatae
853 3186 1030 3227 Caesaris,
1063 3188 1126 3221 sed

258 3237 519 3278 provinciarum
541 3237 731 3276 minorum,
754 3237 793 3268 ut
813 3236 1070 3278 Cappadociae.
1088 3256 1122 3261 —-

255 3290 453 3327 praetorum
466 3287 490 3327 f.
507 3286 708 3328 provincias]
724 3287 746 3319 i.
765 3295 797 3319 e.
814 3287 1010 3328 provincias
1027 3296 1126 3329 prae·

260 3336 385 3376 torias,
411 3335 539 3378 quihus
562 3337 750 3379 praeerant
764 3335 867 3378 legati
882 3344 946 3378 pro
963 3338 1124 3377 praetore

260 3387 442 3430 praetorii,
480 3386 653 3428 Ciliciam,
689 3386 877 3428 Galatiam,
913 3386 1056 3428 Lyciam
1091 3389 1126 3420 et

1182 2127 1435 2170 Pamphyliam.
1466 2146 1500 2152 —
1526 2128 1582 2162 Cn.
1609 2127 1772 2171 Pompeio]
1803 2127 1880 2171 lege
1909 2129 2053 2164 Gabinia

1182 2186 1213 2210 a.
1238 2187 1273 2210 u.
1293 2178 1368 2210 687.
1393 2177 1545 2212 Velleius
1568 2180 1599 2219 2,
1626 2179 1685 2211 3⁴:
1710 2178 1748 2211 A.
1771 2179 1931 2213 Gabinius
1952 2180 2055 2222 legem

1181 2229 1276 2269 tulit,
1301 2232 1338 2261 ut
1352 2246 1400 2253 --
1416 2229 1474 2262 Cn.
1499 2230 1669 2270 Pompeius
1691 2230 1736 2262 ad
1751 2239 1804 2263 eos
1820 2230 1974 2272 (piratas)
1991 2240 2053 2272 op-

1178 2279 1369 2320 primendos
1389 2280 1576 2312 mitteretur
1597 2283 1742 2321 essetque
1755 2280 1787 2312 ei
1800 2281 1978 2321 imperium
1992 2290 2053 2314 ae·-

1183 2338 1285 2370 quum
1307 2329 1342 2361 in
1357 2329 1506 2362 omnibus
1517 2330 1702 2370 provinciis
1715 2338 1791 2362 cum
1800 2330 2053 2371 proconsulibus

1181 2387 1284 2420 usque
1305 2379 1351 2411 ad
1366 2379 1676 2421 quinquayesimum
1698 2380 1883 2412 miliarium
1904 2389 1927 2412 a
1948 2381 2049 2414 mari.

1183 2429 1233 2463 Cf.
1259 2429 1434 2462 Plutarch.
1459 2431 1582 2472 Pomp.
1607 2431 1661 2463 25.
1695 2430 1759 2462 Dio
1783 2430 1837 2470 36,
1862 2430 1894 2463 6.

1224 2480 1279 2513 26.
1305 2483 1430 2520 quarta
1445 2483 1477 2512 et
1491 2481 1697 2513 duodecuma
1711 2480 1748 2520 l.]
1771 2481 1822 2513 De
1838 2480 1893 2514 his
1910 2481 1946 2513 et
1960 2489 2052 2522 quae

1181 2531 1379 2572 sequuntur
1401 2530 1595 2572 legionibus
1619 2531 1662 2563 cf.
1686 2539 1718 2564 c.
1738 2531 1769 2564 6.
1789 2547 1826 2553 —
1851 2531 1979 2564 vexilla
1993 2531 2052 2564 de-

1180 2581 1358 2621 lectorum]
1383 2580 1469 2613 Vide
1494 2580 1539 2613 ad
1563 2581 1594 2621 4,
1620 2580 1673 2613 38.
1702 2598 1739 2604 -
1770 2580 1919 2623 Illyrico]
1955 2580 2049 2623 quod

1182 2629 1428 2673 complectitur
1449 2630 1678 2671 Dalmatiam,
1704 2631 1932 2671 Pannoniam,
1958 2631 2050 2665 Moe-

1181 2682 1270 2714 siam
1301 2689 1382 2714 cum
1414 2682 1542 2714 Norico
1566 2682 1601 2714 et
1622 2681 1752 2714 Raetia.
1781 2698 1815 2704 —
1840 2681 1974 2714 auxilia
1993 2690 2050 2714 re-

1180 2732 1276 2774 9um]
1312 2732 1362 2766 Cf.
1390 2732 1442 2772 43,
1468 2732 1499 2765 7.
1529 2749 1562 2756 -
1589 2730 1779 2772 Melitenen]
1814 2731 1983 2773 oppidum
2013 2732 2049 2765 in

1182 2782 1426 2824 Cappadociae
1450 2780 1506 2814 vel
1529 2781 1669 2824 proprie
1693 2781 1879 2814 Armeniae
1903 2782 2048 2815 minoris

1181 2837 1281 2878 parte
1311 2834 1531 2868 meridionali
1554 2836 1660 2868 situm
1683 2834 1728 2867 ad
1752 2834 1884 2867 flumen
1907 2834 2048 2876 aliquod

1180 2885 1348 2928 Euphrati
1374 2886 1545 2924 vicinum,
1574 2886 1697 2927 postea
1727 2886 1835 2926 caput
1861 2885 2047 2918 Armeniae

1179 2935 1371 2968 secundae.
1427 2935 1478 2967 lbi
1515 2935 1620 2968 etiam
1657 2935 1782 2968 stativa
1813 2933 1959 2975 legionis
1988 2934 2047 2968 XII

1179 2984 1405 3018 Fulminatae.
1430 2984 1541 3018 Hodie
1561 2986 1710 3018 vocatur
1725 2984 1882 3024 Maleae,
1907 2983 2047 3018 diversa

1179 3045 1199 3068 a
1222 3034 1401 3076 Melitene,
1426 3036 1594 3068 Susianae
1618 3035 1762 3076 regione
1777 3059 1785 3074 ,
1810 3042 1880 3066 non
1904 3033 2045 3076 oppido.

1178 3085 1229 3118 Cf.
1251 3084 1415 3126 Forbiger
1432 3085 1638 3127 Geoyraphie
1660 3085 1710 3124 11,
1735 3092 1770 3126 p.
1789 3083 1851 3116 302
1868 3084 1904 3116 et
1918 3083 1995 3116 584.
2008 3101 2043 3108 —

1175 3134 1364 3177 lustratum]
1389 3136 1464 3168 Mos
1488 3136 1564 3168 erat
1586 3135 1779 3168 exercitum
1803 3140 1930 3166 recens
1945 3141 2047 3166 acce·-

1178 3187 1276 3228 ptum
1310 3185 1459 3219 lustrare
1495 3184 1808 3224 suovetaurilibus,
1844 3185 1936 3218 sicut
1964 3183 2046 3217 fecit

1177 3235 1343 3269 Aemilius
1360 3235 1487 3269 Paulus
1504 3235 1597 3278 apud
1613 3235 1699 3269 Plut.
1717 3234 1842 3268 Aemil.
1859 3243 1891 3270 c.
1906 3234 1942 3267 64
1963 3230 2045 3277 (τὴν

1176 3284 1337 3329 δύναμιν
1359 3285 1400 3319 ἐν
1415 3283 1632 3330 Μακεδονίᾳ
1654 3283 1867 3332 παρέλαβεν
1888 3284 1953 3317 καὶ
1976 3281 2045 3317 τὸν

1176 3333 1340 3370 εἰωθότα
1352 3335 1579 3377 συντελέσας
1587 3333 1791 3382 καθαρμὸν
1802 3331 1923 3378 αὐτῆς
1932 3333 2041 3377 κτλ),

1175 3389 1260 3421 item
1284 3388 1321 3421 C.
1342 3387 1526 3421 Flaminius
1546 3387 1640 3431 apud
1655 3388 1726 3422 Cic.
1745 3386 1790 3421 de
1805 3386 1916 3419 Divin.
1935 3387 1966 3427 4,
1984 3385 2039 3420 345.
