2254 3770
308 332 392 379 ⁸22
788 335 834 378 Ρ.
864 332 1118 378 CORNELII
1147 332 1318 378 TACITI
1346 331 1617 378 ANNALIUM

309 445 488 499 repente
517 446 608 485 atra
636 440 752 485 nube
783 445 1033 498 coopertum
1064 438 1392 497 fulguribusque
1422 439 1656 484 discretum
1684 447 1766 493 est,
1808 447 1855 486 ut
1883 441 2007 500 quasi
2036 440 2102 484 in-

308 515 573 561 fensantibus
604 516 698 560 deis
728 515 857 560 exitio
886 514 997 558 tradi
1028 514 1290 560 crederetur.
1328 514 1385 559 ob
1414 514 1523 559 haec
1552 515 1841 561 consalutatus
1870 517 2103 575 imperator

309 592 441 643 Nero,
474 597 517 635 et
545 597 720 635 senatus
749 589 944 635 consulto
974 590 1308 649 supplicationes
1339 589 1532 643 habitae3
1563 597 1815 651 statuaeque
1845 598 1889 637 et
1913 604 2040 636 arcus
2061 596 2104 636 et

310 666 496 711 continui
525 665 771 711 consulatus
795 665 995 724 principi,
1019 672 1152 724 utque
1174 666 1283 710 inter
1302 665 1433 710 festos
1453 665 1685 710 referretur
1702 667 1810 719 dies,
1832 681 1919 726 quo
1939 671 2104 725 patrata

277 742 505 794 ὀνίαισι-ξε,
538 755 625 801 quo
655 741 864 793 nuntiata,
896 755 984 800 quo
1014 741 1195 786 relatum
1223 741 1279 785 de
1310 755 1363 785 ea
1392 747 1527 793 esset,
1561 741 1727 801 aliaque
1754 743 1797 786 in
1817 742 2001 787 eandem
2019 741 2104 786 for·

308 832 421 863 mam
450 817 762 869 decernuntur,
795 816 906 862 adeo
936 816 1111 861 modum
1141 830 1327 875 egressa,
1360 822 1405 860 ut
1431 817 1475 862 C.
1499 817 1672 862 Cassius
1702 818 1757 863 de
1787 818 1942 863 ceteris
1970 817 2106 862 hono-

309 892 428 938 ribus
459 892 688 944 adsensus,
721 892 757 936 si
779 906 858 950 pro
879 892 1137 950 benignitate
1159 892 1352 936 fortunae
1374 892 1441 936 dis
1463 899 1605 950 grates
1628 899 1868 951 agerentur,
1896 907 1952 937 ne
1971 898 2104 937 totum

309 968 488 1028 quidem
530 982 690 1012 annum
733 967 1118 1026 supplicationibus
1163 967 1362 1012 sufficere
1406 967 1678 1020 disseruerit,
1726 982 1869 1027 eoque
1905 973 2105 1027 oportere

309 1043 440 1088 dividi
482 1057 631 1088 sacros
672 1049 715 1088 et
753 1044 1000 1101 negotiosos
1037 1044 1152 1095 dies,
1199 1043 1296 1101 quis
1336 1042 1479 1087 divina
1510 1042 1700 1088 colerent
1729 1050 1771 1088 et
1807 1042 1992 1088 humana
2019 1057 2105 1091 non

258 1131 294 1163 to
309 1119 576 1178 impedirent.

423 1195 504 1252 (42)
534 1194 670 1240 Variis
712 1193 870 1238 deinde
911 1193 1083 1239 casibus
1114 1194 1292 1239 iactatus
1323 1201 1367 1238 et
1395 1193 1624 1238 multorum
1654 1193 1754 1239 odia
1782 1195 1960 1238 meritus
1987 1208 2103 1245 reus,

308 1270 425 1318 haud
454 1277 596 1315 tamen
627 1270 720 1314 sine
752 1269 911 1314 invidia
942 1270 1152 1323 Senecae,
1185 1269 1422 1314 damnatur.
1460 1269 1497 1313 is
1517 1268 1593 1313 fuit
1612 1269 1787 1314 Publius
1808 1269 1994 1322 Suillius,
2026 1271 2106 1317 im—

306 1346 517 1405 peritante
548 1345 726 1391 Claudio
756 1344 958 1390 terribilis
988 1359 1039 1389 ac
1068 1344 1253 1397 venalis,
1287 1353 1329 1390 et
1347 1346 1580 1390 mutatione
1602 1351 1843 1404 temporum
1863 1359 1949 1390 non
1967 1360 2103 1405 quan·-

307 1428 397 1470 tum
428 1422 586 1467 inimici
615 1427 824 1479 cuperent
853 1421 1085 1473 demissus,
1118 1421 1280 1479 quique
1311 1434 1358 1466 se
1388 1427 1615 1465 nocentem
1635 1421 1771 1465 videri
1793 1435 1921 1480 quam
1943 1420 2106 1479 suppli-

258 1507 294 1542 45
308 1511 404 1543 cem
432 1496 587 1542 mallet.
619 1497 713 1541 eius
745 1496 1014 1555 opprimendi
1045 1496 1180 1555 gratia
1209 1496 1436 1554 repetitum
1461 1496 1719 1541 credebatur
1739 1502 1913 1541 senatus
1933 1495 2106 1541 consul-

307 1580 396 1618 tum
425 1586 655 1631 poenaque
676 1572 848 1618 Cinciae
878 1571 985 1629 legis
1016 1571 1246 1616 adversum
1275 1585 1363 1623 eos,
1396 1573 1471 1630 qui
1500 1572 1638 1630 pretio
1669 1585 1825 1616 causas
1850 1575 2103 1618 oravissent.

308 1663 390 1694 nec
418 1648 595 1694 Suillius
625 1654 782 1707 questu
812 1653 885 1692 aut
915 1647 1246 1705 exprobratione
1270 1646 1528 1699 abstinebat,
1562 1654 1732 1705 praeter
1751 1647 1955 1692 ferociam
1976 1647 2104 1694 animi

308 1731 498 1774 extrema
534 1730 709 1771 senecta
747 1723 858 1770 liber
896 1730 938 1767 et
976 1723 1186 1768 Senecam
1223 1723 1450 1781 increpans
1487 1722 1700 1767 infensum
1736 1723 1884 1768 amicis
1925 1722 2103 1774 Claudii,

372 1847 405 1880 4.
429 1849 562 1888 repenle
584 1846 666 1888 post
687 1845 736 1878 ita
758 1844 877 1888 posuit
898 1844 1108 1878 Rhenanus:
1134 1845 1215 1877 ante
1238 1842 1406 1877 moenibus
1428 1843 1538 1877 habet
1559 1844 1612 1884 Μ,
1638 1845 1719 1877 ante
1748 1845 1799 1877 ila
1824 1842 1997 1885 Halmius,
2022 1845 2104 1877 ante

304 1903 453 1937 illustria
474 1903 603 1935 Haase.
631 1919 667 1924 —
692 1901 943 1944 fulgoribusque
966 1901 1018 1942 M,
1045 1909 1136 1943 quae
1160 1899 1274 1933 forma
1296 1900 1483 1942 poetarum
1508 1901 1573 1933 est.
1610 1900 1660 1933 Cf.
1689 1901 1827 1933 Luci-et.
1852 1900 1886 1940 6,
1913 1900 1988 1933 470.
2011 1900 2104 1933 Ver-

305 1959 365 2003 gil.
389 1959 478 1994 Aen.
501 1958 542 1999 8,
567 1958 643 1993 524.
663 1958 750 1993 Cic.
775 1957 821 1991 de
844 1958 994 1992 Divinat.
1019 1958 1040 1992 2
1064 1958 1083 2000 S
1106 1957 1148 1991 82
1173 1957 1220 1999 (in
1242 1965 1350 1992 versu
1372 1956 1584 1999 Homerico).
1621 1957 1691 1990 Sed
1713 1958 1809 2000 apud
1832 1958 1991 1991 Tacitum
2014 1956 2103 1991 infra

309 2017 363 2056 45,
381 2015 422 2049 47
447 2017 500 2049 est
522 2016 709 2058 fulqurum,
734 2016 770 2048 et
791 2015 904 2058 fulqor
927 2015 1069 2058 proprie
1093 2002 1221 2047 dicitur
1244 2013 1403 2056 (fulgores
1425 2014 1614 2056 armorum)
1630 2017 1710 2055 Agr.
1728 2014 1783 2048 33.
1804 2032 1840 2037 —
1865 2013 2104 2055 infensantibus

309 2073 416 2106 dedeis
438 2074 472 2107 M
495 2090 528 2097 ·-
555 2073 587 2105 2.
605 2072 832 2106 consalutatus
854 2072 1061 2105 Rhenanus:
1088 2072 1277 2104 consolatus
1292 2071 1325 2104 M
1344 2088 1379 2094 —
1404 2060 1486 2112 52}-
1503 2072 1534 2104 Μ
1555 2089 1590 2094 -
1610 2071 1642 2104 3.
1660 2061 1725 2104 ἕᾶ
1740 2071 1773 2104 Μ
1794 2089 1829 2094 -
1847 2070 1958 2104 habite
1971 2073 2104 2103 statuae

309 2138 372 2171 que
393 2130 428 2163 Μ
452 2147 487 2152 -
514 2128 548 2163 4.
572 2129 773 2171 refererelur
794 2129 828 2162 M
853 2145 889 2152 —
916 2129 949 2162 6.
967 2128 1016 2171 C.]
1034 2128 1075 2161 G.
1093 2128 1126 2162 M
1152 2145 1188 2151 —
1213 2127 1246 2160 7.
1270 2127 1404 2169 fortune
1426 2128 1460 2161 M
1486 2145 1522 2150 —
1550 2128 1603 2161 ⁴2.
1629 2136 1740 2161 senece
1761 2128 1795 2161 M
1819 2144 1854 2151 —
1883 2128 1935 2160 45.
1958 2115 2103 2168 ἓῖρο-

307 2195 419 2229 nuque
439 2186 543 2220 cincio
563 2186 598 2220 M
624 2203 658 2210 —
686 2185 739 2218 46.
761 2182 831 2226 fiilio
855 2185 899 2219 M.

309 2281 444 2324 apertis
465 2279 601 2313 bellum
622 2280 767 2313 strenue
784 2288 911 2322 gerere
926 2279 1096 2313 voluisset
1111 2281 1182 2313 Ro·-
1230 2281 1376 2325 γένετο·
1403 2275 1450 2313 οὗ
1474 2276 1548 2326 γὰρ
1569 2275 1789 2326 ἀπέχρησεν
1803 2275 1907 2323 αὐτῷ
1929 2273 2105 2322 τῆνἸου-

309 2339 498 2366 manue.—
515 2330 768 2373 fulguribusque
782 2329 969 2372 discretum]
989 2330 1112 2364 Modus
1128 2329 1182 2362 lo-
1232 2330 1316 2365 λίαν
1333 2331 1545 2372 (Germanici
1562 2328 1680 2370 filiam)
1695 2327 1906 2372 μοιχεῦσαι
1921 2323 2011 2362 οὐδὲ
2021 2326 2106 2369 βελ-

311 2381 444 2424 quendi
467 2381 595 2415 ductus
610 2390 631 2413 a
650 2381 777 2423 poetis,
796 2381 856 2422 qui
872 2379 1068 2422 fulguribus
1083 2381 1183 2414 nubes

1231 2382 1323 2415 τίων
1344 2379 1389 2414 ἐκ
1412 2378 1480 2423 τῆς
1502 2377 1631 2424 φυγῆς
1653 2379 1819 2423 ἐγένετο,
1847 2376 1947 2412 ἀλλὰ
1969 2379 2034 2412 καὶ
2056 2376 2104 2426 τῇ

310 2432 414 2468 dividi
443 2431 577 2474 (scindi)
607 2431 737 2464 dicunt.
778 2431 898 2464 Horat.
931 2431 970 2464 C.
996 2431 1028 2470 4,
1054 2431 1116 2472 34,
1141 2432 1180 2464 5:
1227 2427 1445 2478 Ἀγριππίνῃ
1469 2427 1628 2477 τοιαύτῃ
1651 2440 1691 2463 τε
1715 2426 1815 2477 οὔσῃ
1839 2430 1904 2463 καὶ
1926 2428 2104 2464 τοιοῦτον

310 2481 477 2523 Diespiter
498 2482 570 2524 tyni
592 2490 729 2514 corusco
751 2481 869 2514 nubila
883 2480 1044 2514 dividens.
1070 2482 1113 2514 Et
1133 2482 1184 2514 sic

311 2541 420 2574 saepe
444 2531 511 2565 alii.
538 2532 619 2564 Enu.
644 2532 740 2564 Bene
765 2532 1004 2564 Gutmannus:
1028 2541 1094 2564 von
1112 2532 1184 2564 Bli-

313 2586 387 2615 tzen
404 2582 617 2615 durchzu'ckl.
641 2599 674 2604 —
693 2582 730 2614 in
753 2582 890 2614 eandem
911 2582 1068 2625 formam]
1094 2582 1184 2615 eius-

313 2632 396 2666 dem
427 2631 540 2672 modi,
566 2633 606 2664 ut
628 2632 681 2671 45,
707 2630 761 2664 24.
791 2649 827 2654 —
862 2631 898 2665 C.
923 2632 1066 2674 Cassius]
1096 2631 1183 2664 Vide

313 2682 360 2718 ad
375 2682 435 2722 ⁴2,
454 2682 507 2715 44.
530 2699 566 2705 -
584 2680 778 2724 myotwsos]
802 2690 868 2723 pro
891 2680 992 2715 solito
1009 2682 1184 2724 profestos,

314 2731 443 2774 quibus
466 2731 615 2772 negotiis
635 2740 761 2765 vacare
784 2730 919 2767 liceret.

358 2782 412 2817 42.
438 2783 473 2815 P.
498 2782 649 2822 Suillius]
674 2781 724 2815 Cf.
750 2781 789 2822 4,
815 2782 868 2815 34.
895 2784 1011 2816 Gener
1026 2782 1088 2815 fuit
1104 2783 1185 2816 Ovi-

315 2833 363 2868 dii
385 2832 546 2872 Nasonis,
571 2832 631 2874 qui
653 2832 697 2864 ad
722 2841 806 2865 eum
829 2841 873 2865 ex
895 2835 1005 2866 Ponto
1029 2833 1061 2873 4,
1087 2833 1119 2873 8,
1147 2835 1183 2866 t:

314 2885 445 2918 Μίκκα
474 2891 551 2917 sera
585 2883 733 2923 quidem,
769 2883 887 2916 studiis
914 2883 1044 2916 exculte
1075 2884 1185 2925 Suilli,

315 2935 387 2968 Huc
409 2937 471 2967 lua
488 2932 656 2973 pervenit,
687 2933 743 2966 sed
770 2932 851 2966 mihi
872 2937 976 2975 9rala
997 2937 1118 2966 tamen.
1147 2951 1181 2957 —

316 2985 353 3019 S.
370 2984 408 3018 C.
429 2991 603 3025 poenaque
626 2983 759 3016 Cinciae
781 2983 874 3025 lepis]
899 2982 950 3016 Cf.
969 2984 1023 3024 44,
1041 2985 1061 3017 5
1079 2986 1116 3016 et
1131 2983 1184 3024 43,

316 3036 350 3069 δ.
377 3052 415 3067 -,-
439 3032 590 3074 exilium]
616 3032 666 3066 Cf.
693 3033 747 3072 ⁴2.
765 3033 797 3065 8.
818 3051 855 3057 -
880 3035 996 3067 studiis
1016 3034 1186 3077 inertibus]

317 3083 559 3128 philosophiae
581 3081 666 3116 nihil
689 3082 735 3115 ad
757 3084 864 3115 vitam
880 3086 1062 3117 actuosam
1078 3086 1186 3126 atque

318 3133 458 3168 civilem
473 3134 635 3169 iuvantis.
652 3151 687 3158 -
705 3133 863 3165 iuvenum
877 3134 1064 3176 inportune]
1082 3135 1187 3174 Quin-

318 3184 458 3219 tilianus
482 3185 535 3224 40,
562 3184 595 3224 4,
621 3183 683 3216 4ἳὸ
711 3182 756 3215 de
781 3183 934 3215 Seneea:
975 3184 1054 3217 Tum
1076 3188 1188 3217 aulem

318 3235 406 3268 solus
434 3234 487 3267 hle
507 3234 576 3276 fere
597 3233 633 3268 tn
654 3233 808 3266 manibus
829 3234 1087 3267 adulescentium
1108 3235 1185 3276 fuit.

322 3302 359 3310 --
384 3284 496 3328 lium]
522 3283 574 3318 Cf.
599 3282 687 3318 Dial.
712 3283 759 3317 de
782 3282 839 3316 Or.
864 3283 924 3316 25:
950 3287 982 3316 et
1004 3284 1143 3318 Calvum
1158 3289 1189 3319 et

319 3334 470 3368 Asinium
498 3337 532 3368 et
559 3334 668 3376 ipsum
689 3334 877 3367 Ciceronem
906 3334 1004 3366 credo
1025 3334 1136 3367 solitos
1157 3339 1188 3368 et

319 3385 467 3418 mium
477 3388 508 3417 el
522 3384 635 3418 livere.
653 3402 689 3409 -
708 3385 823 3418 donnus
833 3383 902 3416 eius
910 3383 1110 3425 adulterum]
1123 3385 1186 3418 Dio
1211 3378 1214 3392 ⁸

1233 2480 1319 2516 υἱὸν
1342 2479 1488 2528 ἐχούσῃ
1513 2479 1748 2524 ἐπλησίαζεν.
1774 2499 1808 2503 -
1834 2481 1974 2523 gravius
2003 2481 2104 2513 aesti-

1231 2531 1403 2574 mandum]
1421 2532 1554 2564 Caesar
1568 2532 1606 2564 B.
1626 2533 1664 2564 G.
1683 2532 1715 2571 7,
1730 2530 1790 2564 ⁴4:
1815 2530 1919 2563 mullo
1933 2530 2006 2571 illa,
2023 2530 2105 2563 haee

1233 2585 1261 2616 si
1282 2584 1406 2626 yravia
1428 2585 1490 2615 aut
1504 2581 1627 2614 acerba
1640 2582 1829 2621 videantur,
1845 2583 1986 2623 gravius
2002 2582 2106 2614 aesli-

1232 2642 1341 2672 mare,
1366 2633 1495 2672 liberos,
1520 2632 1674 2673 coniuges
1688 2632 1723 2663 in
1738 2632 1927 2664 servitutem
1942 2630 2102 2671 abstrahi,

1232 2685 1321 2725 ipsos
1338 2683 1491 2724 interfici.
1512 2700 1548 2706 -
1566 2686 1680 2722 sponte
1693 2679 1884 2724 litiqato'ris]
1904 2681 1990 2714 Vide
2005 2680 2052 2714 ad
2066 2681 2100 2720 2,

1234 2735 1288 2768 59.
1314 2751 1348 2758 -—
1374 2734 1468 2766 intra
1488 2732 1754 2774 quadriennium]
1781 2732 1864 2765 inde
1886 2731 1932 2765 ab
1955 2731 2104 2766 Neronis

1234 2785 1443 2828 principatu.
1463 2801 1499 2807 —
1526 2787 1576 2816 ter
1592 2783 1699 2816 miltes
1720 2782 1912 2824 sestertium]
1938 2782 2001 2815 Dio
2023 2780 2046 2815 l.
2063 2780 2102 2814 1.:

1235 2839 1316 2876 τοῖς
1339 2831 1571 2868 πλουτοῦσιν
1591 2831 1760 2877 ἐγκαλῶν
1787 2830 1925 2867 οὐσίαν
1951 2831 2104 2866 ἑπτακι-

1235 2884 1393 2925 σχιλίων
1413 2885 1480 2917 καὶ
1502 2885 1763 2917 πεντακοσίων
1782 2881 1977 2929 μυριάδων
1992 2879 2106 2926 ἐκτή-

1236 2946 1345 2970 σατο.
1365 2937 1418 2968 De
1434 2935 1590 2968 Senecae
1608 2934 1736 2967 divitiis
1752 2934 1795 2967 cf.
1815 2933 1869 2974 44,
1886 2934 1928 2966 53
1945 2942 2041 2975 sq.-
2060 2935 2107 2966 te-

1235 2989 1399 3020 stamenta
1411 2989 1441 3018 el
1455 2984 1560 3026 orbos]
1571 2980 1614 3018 ἓν
1621 2981 1684 3017 διὰ
1695 2983 1802 3018 δυοῖν
1815 2984 2032 3017 rhetoricum
2040 2991 2105 3025 pro

1235 3037 1393 3070 orborum
1407 3038 1612 3068 testamenta.
1635 3036 1750 3077 Saepe
1761 3036 1882 3067 autem
1897 3034 1934 3067 hi
1944 3035 2107 3076 captato-

1237 3096 1296 3121 res
1319 3087 1392 3120 sive
1415 3085 1644 3127 heredipetae
1660 3084 1888 3118 venatoribus
1909 3083 1965 3117 vel
1988 3084 2106 3126 pisca-

1235 3137 1372 3170 toribus
1395 3137 1659 3177 comparantur.
1695 3135 1747 3169 Cf.
1773 3135 1892 3168 Horat.
1917 3134 1987 3166 Set..
2012 3134 2045 3172 2,
2069 3133 2103 3173 5,

1236 3187 1290 3220 23.
1309 3188 1430 3219 Iuven.
1449 3186 1501 3224 42,
1520 3185 1572 3218 98.
1599 3185 1740 3218 Lucian.
1759 3183 1846 3218 Dial.
1863 3184 1968 3217 mort.
1985 3183 2006 3215 δ
2021 3190 2102 3224 sqq.

1240 3254 1275 3260 -
1301 3235 1446 3277 hauriri]
1478 3235 1672 3268 Ferebatur
1693 3234 1933 3267 Britannicum
1954 3230 2102 3271 bellum,

1237 3285 1454 3328 paulo.post
1483 3286 1684 3325 narratum,
1715 3284 1762 3317 ob
1786 3284 2005 3325 iniquitatem
2029 3282 2105 3316 fae·-

1237 3337 1331 3369 noris
1360 3337 1494 3374 ortum,
1532 3342 1603 3376 quo
1632 3336 1769 3368 Seneca
1795 3333 1978 3366 Britannos
2001 3341 2104 3375 pres-

1237 3386 1351 3418 sisset.
1389 3385 1453 3417 Dio
1477 3384 1531 3423 62,
1556 3385 1595 3417 2:
1632 3379 1694 3417 ὅτι
1726 3379 1749 3416 ὁ
1783 3383 1946 3423 Σενέκας
1979 3381 2103 3424 χιλίας

321 3434 377 3475 et,
395 3435 454 3469 to:
481 3430 504 3467 ὁ
525 3433 567 3470 δὲ
588 3434 753 3476 Σενέκας
774 3434 901 3470 αἰτίαν
914 3429 1006 3473 ῗέσχε
1027 3434 1092 3467 καὶ
1108 3433 1188 3467 ἐνε-
1236 3436 1351 3475 σφίσι
1380 3431 1568 3480 μυριάδας
1598 3433 1907 3475 (quadringenties)
1938 3427 2103 3467 ἄκουσιν

321 3481 447 3528 πλήθη
463 3479 563 3519 ἄλλα
577 3494 617 3518 τε
633 3485 702 3518 καὶ
714 3478 779 3519 ἔτι
788 3482 835 3532 τῇ
847 3480 1063 3531 Ἀγριππίνῃ
1077 3493 1188 3518 συνε-
1235 3484 1297 3519 ἐπὶ
1340 3486 1528 3531 χρησταῖς
1572 3482 1698 3516 ἐλπίσι
1740 3479 1864 3516 τόκων
1908 3481 2099 3525 δανείσας,
