2254 3770
326 325 410 371 226
803 327 847 370 P.
881 325 1131 371 CORNELII
1160 326 1331 371 TACITI
1339 370 1341 372 ,
1361 325 1629 370 ANNALIUM

326 431 562 477 habebatur
590 445 766 490 gnarum
798 431 1036 484 meliorum,
1076 438 1117 476 et
1146 446 1258 490 quae
1289 431 1399 475 fama
1429 431 1695 476 clementiam
1725 438 2001 490 sequeretur,
2037 433 2110 475 tri-

327 507 455 552 stiora
483 507 622 553 malle.
667 521 808 565 neque
839 507 954 551 enim
989 506 1186 551 socordia
1222 507 1448 565 peccabat:
1491 521 1571 551 nec
1601 506 1813 551 occultum
1843 514 1908 551 est
1937 505 2110 565 quando

327 596 381 627 ex
417 583 609 634 veritate,
651 582 823 641 quando
862 582 1112 628 adumbrata
1149 582 1304 627 laetitia
1342 582 1451 626 facta
1490 582 1791 639 imperatorum
1829 582 2110 627 celebrentur.

326 658 429 716 quin
472 659 582 716 ipse,
629 658 877 716 conpositus
922 657 1025 701 alias
1071 665 1113 702 et
1159 657 1275 701 velut
1319 657 1591 701 eluctantium
1635 657 1882 707 verborum,
1933 656 2112 701 solutius

294 733 651 791 spromptiusque
680 733 973 791 eloquebatur,
1000 733 1196 791 quotiens
1227 731 1485 777 subveniret.
1531 738 1572 775 at
1601 734 1645 776 P.
1677 732 1882 785 Suillium,
1912 738 2112 790 quaesto-

325 822 417 852 rem
452 807 669 866 quondam
707 809 965 858 Germanici,
1005 823 1101 853 cum
1143 807 1258 852 ltalia
1293 814 1512 852 arceretur
1548 808 1765 852 convictus
1800 808 2027 866 pecuniam
2057 806 2113 850 ob

323 897 416 929 rem
447 883 715 928 iudicandam
744 884 932 942 cepisse,
970 883 1256 928 amovendum
1293 883 1334 925 in
1364 881 1546 925 insulam
1575 883 1758 933 censuit,
1797 889 1911 926 tanta
1939 888 2112 928 conten-

325 961 439 1016 tione
478 959 606 1003 animi
644 965 691 1003 ut
728 959 821 1004 iure
861 958 1040 1003 iurando
1080 958 1362 1015 obstringeret
1401 971 1425 1001 e
1465 971 1512 1001 re
1549 957 1720 1015 publica
1759 958 1801 1002 id
1840 972 1951 1002 esse.
1997 955 2114 1015 quod

324 1048 479 1093 aspere
518 1040 744 1092 acceptum
780 1034 834 1078 ad
873 1048 1100 1092 praesens,
1141 1048 1240 1077 mox
1279 1034 1321 1076 in
1359 1032 1528 1076 laudem
1558 1033 1684 1077 vertit
1712 1047 1912 1091 regresso
1942 1031 2112 1083 Suillio,

275 1119 310 1151 4ο
324 1124 455 1169 quem
493 1109 598 1154 vidit
636 1123 824 1167 sequens
866 1116 983 1154 aetas
1021 1115 1362 1167 praepotentem,
1406 1107 1600 1152 venalem
1638 1101 1680 1152 et
1716 1108 1879 1153 Claudii
1909 1107 2114 1166 principis

323 1185 506 1231 amicitia
546 1184 620 1228 diu
660 1198 889 1242 prospere,
930 1198 1164 1242 numquam
1201 1183 1312 1228 bene
1352 1196 1490 1226 usum.
1536 1184 1690 1228 eadem
1722 1197 1865 1242 poena
1895 1183 1934 1226 in
1965 1183 2114 1227 Catum

322 1261 524 1305 Firmium
553 1267 795 1304 senatorem
826 1259 1032 1309 statuitur,
1067 1267 1282 1317 tamquam
1312 1258 1426 1302 salsis
1455 1259 1687 1303 maiestatis
1718 1258 1964 1303 criminibus
1993 1271 2116 1302 soro-

323 1350 416 1382 rem
434 1335 668 1395 petivisset.
714 1335 853 1386 CatuS‚
881 1342 928 1379 ut
945 1334 1097 1384 rettuli,
1123 1335 1327 1378 Libonem
1348 1333 1552 1378 inlexerat
1572 1333 1749 1385 insidiis,
1781 1333 1938 1379 deinde
1958 1332 2114 1378 indicio

322 1411 577 1471 perculerat.
623 1411 716 1456 eius
746 1424 906 1469 operae
936 1424 1101 1455 memor
1131 1410 1342 1460 Tiberius,
1383 1409 1460 1454 sed
1492 1409 1575 1453 alia
1604 1408 1911 1467 praetendens,
1943 1407 2116 1454 exilium

273 1496 310 1528 ⁴⁵
324 1488 579 1547 deprecatus
609 1493 694 1532 est:
725 1501 813 1545 quo
843 1486 983 1530 minus
1013 1492 1164 1530 senatu
1192 1484 1435 1543 pelleretur,
1469 1499 1552 1528 non
1583 1484 1755 1533 obstitit,

437 1563 518 1620 (32)
549 1562 760 1621 Pleraque
790 1576 957 1613 eorum,
994 1575 1106 1619 quae
1137 1560 1277 1604 rettuli
1308 1574 1509 1618 quaeque
1539 1560 1740 1611 referam,
1782 1573 1914 1618 parva
1941 1559 2117 1604 forsitan

325 1645 369 1684 et
394 1638 505 1684 levia
534 1644 771 1683 memoratu
800 1636 934 1683 videri
964 1651 1048 1680 non
1087 1636 1258 1680 nescius
1294 1650 1408 1680 sum:
1450 1635 1530 1680 sed
1567 1649 1694 1680 nemo
1732 1634 1907 1680 annales
1946 1641 2116 1679 nostros

325 1728 423 1759 cum
453 1714 662 1772 scriptura
691 1727 842 1758 eorum
871 1712 1147 1763 contenderit,
1179 1712 1252 1770 qui
1285 1717 1452 1756 veteres
1477 1710 1623 1769 populi
1644 1711 1820 1755 Romani
1850 1724 1923 1756 res
1953 1723 2117 1768 conpo-

391 1858 424 1894 3.
448 1857 674 1892 caelebrantur
695 1859 730 1892 M
754 1876 790 1882 —
823 1857 855 1891 4.
880 1858 1023 1891 solacius
1043 1858 1077 1891 M
1103 1875 1138 1882 —
1172 1858 1204 1891 5.
1230 1857 1385 1890 Suillium
1414 1857 1466 1898 M,
1499 1857 1538 1889 ut
1561 1858 1616 1890 est
1638 1856 1733 1899 apud
1756 1856 1917 1890 Ovidium
1940 1865 1984 1890 ex
2005 1856 2116 1890 Ponto

325 1914 367 1957 4,
397 1915 435 1957 8,
460 1915 500 1956 4,
532 1915 568 1948 in
591 1916 700 1949 Fastis
724 1914 936 1958 Capitolinis,
964 1916 1100 1948 Gruteri
1125 1914 1199 1954 404,
1226 1915 1264 1947 6:
1302 1914 1445 1947 suillum
1467 1915 1617 1956 Lipsius.
1654 1913 1705 1947 Cf.
1732 1914 1785 1953 44,
1811 1913 1825 1945 4
1854 1921 1934 1955 sqq.
1962 1930 1998 1937 —
2023 1912 2056 1946 8.
2080 1914 2117 1944 ut

323 1973 398 2006 iure
419 1973 565 2005 iurando
586 1972 697 2005 Ritter
720 1973 756 2004 et
777 1971 1052 2005 Weissenborn:
1083 1971 1284 2004 uteiurando
1311 1979 1366 2013 pr.
1391 1971 1441 2009 M;
1474 1973 1512 2003 ut
1533 1974 1563 2002 et
1587 1970 1731 2002 iurando
1753 1978 1845 2002 corr.
1869 1970 1922 2008 M:
1949 1969 2000 2002 uti
2021 1967 2116 2011 (atei)

324 2028 398 2062 iure
419 2028 563 2061 iurando
585 2028 621 2061 F.
646 2029 702 2061 W.
728 2028 817 2061 Otto.
847 2046 881 2051 -—
908 2036 926 2060 e
946 2037 976 2061 r.
999 2036 1036 2068 p.
1054 2028 1087 2061 M
1111 2045 1146 2050 —
1173 2027 1225 2060 43.
1252 2026 1392 2059 tibonem
1413 2027 1447 2060 M
1471 2025 1634 2068 (Libonem
1657 2025 1790 2068 margo)
1819 2043 1854 2050 -—
1879 2026 2004 2058 indicio
2025 2025 2116 2058 Ver-

325 2085 480 2118 tranius:
509 2085 633 2118 iudicio
655 2085 690 2118 M
715 2102 751 2108 —-
783 2085 836 2117 45.
863 2081 1018 2126 depe-atus
1040 2085 1073 2118 Μ
1107 2101 1144 2108 -
1180 2084 1231 2117 48.
1256 2085 1374 2117 veteris
1395 2083 1673 2123 Freinshemius,
1707 2082 1785 2116 coll.
1811 2083 1843 2123 4,
1869 2082 1901 2115 4.
1927 2098 1964 2106 -
1996 2079 2117 2123 οόροε-

325 2141 433 2175 siuere
453 2141 489 2175 M
498 2150 506 2182 ;
531 2139 742 2182 conposivere
763 2140 980 2183 Nipperdey.
1006 2140 1058 2174 Cf.
1083 2140 1299 2174 Priscianum
1324 2140 1377 2180 40,
1403 2140 1435 2180 7,
1461 2139 1514 2172 37.
1541 2139 1738 2173 charisium
1761 2139 1794 2179 3,
1820 2139 1852 2179 4,
1877 2138 1910 2172 8.

326 2266 411 2300 vcov
427 2261 604 2313 Πρόκλου
620 2260 889 2308 ἀνθυπάζτου).
906 2266 1035 2299 Mionn.
1049 2266 1106 2298 111.
1117 2266 1193 2298 674.

327 2317 469 2350 Osserv.
488 2323 585 2348 num.
603 2314 684 2348 dec.
703 2315 789 2348 XIV.
814 2315 992 2349 Boncnnsn
1013 2333 1049 2339 -—
1075 2316 1197 2348 adum-

327 2365 436 2406 brata]
456 2364 629 2402 simulata,
643 2381 680 2388 —
698 2365 894 2407 conpositus]
913 2374 995 2398 cum
1008 2367 1084 2398 arte
1101 2367 1137 2398 et
1151 2365 1196 2398 si·

327 2414 517 2449 mulatione
533 2414 694 2456 loquens.
712 2433 747 2438 —
766 2415 992 2458 eluctantium]
1007 2416 1063 2448 vix
1079 2425 1121 2448 ac
1134 2415 1196 2448 dif-

327 2464 466 2498 ficulter
489 2464 692 2497 exeuntium
716 2473 757 2498 ex
779 2473 852 2497 ore.
878 2465 1005 2498 Statius
1024 2465 1144 2498 Achill.
1161 2466 1193 2505 4,

326 2515 403 2547 525:
424 2514 567 2547 Tandem
575 2514 663 2555 fessa
674 2516 815 2546 tremens
826 2515 934 2556 longis
943 2515 1123 2557 mugitibus
1134 2523 1196 2547 ora

327 2563 434 2596 Solvit
455 2566 487 2596 et
508 2563 693 2604 oppositum
715 2572 784 2596 vox
805 2564 953 2596 eluctata
970 2565 1120 2606 furorem
1135 2567 1192 2597 est.

330 2631 367 2639 -
391 2614 427 2646 P.
444 2613 610 2656 Suillium]
634 2613 779 2654 Rufum,
805 2613 988 2648 consulem
1011 2624 1044 2648 a.
1063 2624 1099 2648 u.
1117 2615 1193 2655 799,

327 2663 470 2697 Domitii
487 2661 695 2696 Corbulonis
713 2663 755 2704 (3,
774 2663 826 2705 34)
852 2663 995 2697 fratrem
1020 2673 1063 2697 ex
1082 2666 1194 2697 matre

328 2712 471 2747 Vestilia
494 2711 590 2753 (Plin.
615 2714 655 2745 N.
678 2713 718 2745 H.
738 2713 757 2745 7
782 2713 801 2755 ἓ
824 2713 891 2754 39).
917 2713 967 2747 Cf.
988 2715 1041 2755 44,
1061 2715 1091 2747 4.
1110 2713 1141 2747 4.
1160 2716 1193 2747 5.

329 2763 382 2804 43,
399 2761 455 2796 42.
472 2761 526 2796 43.
546 2778 577 2784 —
601 2762 783 2804 arceretur]
808 2765 952 2796 senatus
969 2762 1141 2796 consulto.
1156 2781 1192 2787 —

328 2811 367 2845 ob
388 2820 460 2845 rem
479 2812 705 2854 iudicandam]
730 2812 791 2844 Est
814 2811 974 2853 formula,
1001 2822 1070 2854 qua
1088 2814 1196 2846 utitur

328 2862 436 2895 etiam
459 2862 582 2895 Cicero
605 2862 641 2895 in
657 2862 755 2895 Verr.
774 2863 849 2896 Act.
869 2863 889 2895 2
901 2887 910 2904 ,
927 2863 947 2896 2
971 2862 990 2904 S
1007 2864 1060 2897 78.
1086 2864 1125 2896 ob
1143 2866 1196 2897 ius

328 2912 502 2945 dicendum
522 2911 542 2953 S
560 2912 634 2944 449.
656 2929 692 2935 -
718 2914 756 2944 ut
775 2913 850 2945 iure
871 2913 1015 2945 iurando
1032 2913 1114 2955 oet]
1132 2913 1196 2946 Pli-

327 2963 407 2996 nius
428 2962 536 3004 Epist.
562 2962 595 3002 ὅ,
621 2962 662 2994 43
686 2962 771 3003 (44),
797 2961 835 2995 4:
873 2963 953 3003 quin
975 2964 1076 2996 etiam
1098 2965 1194 2997 Dex-

327 3015 436 3053 trum,
468 3011 526 3052 qui
548 3011 678 3052 primus
701 3012 869 3044 diversum
891 3017 1082 3054 censuerat,
1109 3023 1195 3054 pro-

1244 2265 1377 2306 forma,
1402 2274 1472 2306 qua
1496 2273 1581 2298 usus
1605 2265 1659 2298 est
1679 2264 1819 2297 Tacitus
1843 2272 1985 2305 quoque
2008 2271 2115 2306 supra

1244 2316 1284 2355 2,
1316 2316 1370 2348 55.
1405 2332 1442 2338 -
1478 2316 1638 2357 ayrarias
1674 2314 1980 2355 frumentariasque
2010 2313 2112 2356 leges]

1246 2365 1473 2407 Sempronias
1489 2365 1727 2397 Gracchorum
1747 2363 1931 2405 significat.
1951 2381 1987 2388 —
2012 2363 2115 2397 libero

1245 2414 1387 2457 eqressu]
1414 2415 1586 2456 quantum
1601 2413 1750 2454 vellent,
1775 2414 1811 2446 in
1834 2412 1945 2447 rebus
1965 2413 2115 2447 internis

1244 2464 1450 2498 enarrandis
1494 2465 1678 2497 versantes
1715 2465 1822 2506 atque
1860 2463 2111 2500 immorantes:

1243 2523 1377 2556 egressu
1399 2516 1519 2547 autem
1544 2514 1645 2554 dicit,
1672 2523 1743 2546 non
1765 2514 1936 2556 inpressu,
1961 2514 2044 2556 quia
2066 2512 2112 2546 ab

1244 2565 1399 2597 externis
1424 2563 1708 2606 egrediebantur.
1746 2564 1826 2606 lpse
1849 2564 1970 2596 autem
1998 2562 2114 2597 libens

1242 2616 1301 2648 hic
1324 2614 1521 2656 egreditur,
1547 2623 1591 2647 ne
1616 2614 1782 2647 continuo
1805 2622 1912 2647 saeva
1929 2614 2113 2648 etatrocia
2164 2625 2167 2628 ⁴

1244 2673 1387 2698 narrare
1419 2673 1566 2697 necesse
1598 2664 1740 2696 habeat.
1766 2680 1802 2687 —
1839 2663 1876 2696 in
1907 2662 2002 2705 arto]
2037 2663 2112 2696 Iam

1243 2715 1324 2748 iude
1348 2723 1368 2746 a
1391 2715 1526 2748 Mureto
1550 2715 1757 2756 comparant
1778 2712 1906 2755 Vergil.
1931 2714 2058 2755 Georg.
2074 2711 2109 2754 4,

1244 2766 1284 2798 6:
1316 2765 1355 2796 In
1384 2765 1474 2797 tenui
1501 2764 1618 2797 tabor:
1650 2767 1686 2796 at
1707 2763 1814 2796 tenuis
1834 2771 1902 2795 non
1921 2762 2045 2805 aleria.
2072 2780 2108 2787 —

1242 2813 1360 2856 motus]
1387 2822 1516 2847 causae
1540 2815 1646 2855 atque
1670 2813 1777 2846 initia.
1802 2811 1888 2846 Plin.
1913 2811 2000 2854 Epp.
2019 2811 2052 2853 3,
2067 2810 2108 2845 4:

1242 2863 1372 2896 Audisti
1393 2864 1522 2896 consilii
1544 2864 1606 2896 mei
1629 2866 1748 2895 ηιοιιιε.
1776 2862 1826 2894 De
1843 2869 1883 2895 re
1900 2861 1945 2895 cf.
1962 2861 2034 2894 Liv.
2052 2861 2109 2902 27,

1244 2914 1283 2946 9:
1308 2914 1366 2946 Εω
1379 2913 1498 2954 parvis
1510 2913 1606 2946 rebus
1620 2921 1716 2954 saepe
1729 2920 1931 2954 magnarum
1944 2913 2111 2946 moenenta

1237 2964 1393 3005 pendent.
1916 2969 1918 2971 ’

1290 3013 1343 3046 33.
1368 3013 1494 3046 delecta
1514 3022 1558 3045 ειη
1579 3012 1620 3045 iis
1642 3015 1674 3046 et
1695 3013 1884 3045 consociata
1897 3010 2111 3053 reipublicae

326 3062 400 3094 lata
432 3062 502 3104 leae
535 3061 573 3093 de
607 3063 725 3093 senatu
755 3061 902 3094 habendo
933 3063 1050 3095 iurare
1089 3064 1197 3105 coepit
1241 3063 1368 3105 forma]
1401 3062 1542 3104 qualem
1564 3061 1730 3104 Polybius
1754 3062 1837 3095 dicit
1858 3063 2052 3095 Romanam
2074 3062 2107 3101 6,

327 3111 475 3154 (Flavius
486 3110 591 3154 Aper)
615 3119 633 3144 e
654 3119 692 3143 re
707 3111 844 3151 publica
866 3121 933 3146 esse
948 3115 1035 3154 quod
1050 3115 1195 3147 censuis-

326 3165 385 3195 set.
403 3178 440 3185 —-
464 3161 698 3194 iureiurando
713 3160 940 3204 obstringeret]
966 3162 1017 3195 Cf.
1037 3163 1069 3203 4,
1088 3162 1140 3196 44.
1155 3181 1190 3186 -

325 3213 364 3244 ut
384 3210 510 3254 rettuli]
534 3209 622 3243 Vide
644 3210 683 3250 2,
708 3210 749 3242 27
773 3218 852 3251 sqq.

368 3261 423 3296 32.
449 3262 495 3294 aa
514 3262 649 3295 interna
664 3261 924 3303 praeverterent]
948 3262 1110 3303 sepositis
1134 3271 1193 3296 ex-

326 3312 434 3345 ternis
457 3311 503 3345 ad
518 3311 656 3344 interna
670 3319 750 3344 sese
767 3312 1027 3344 converterent.
1054 3313 1110 3345 Sic
1125 3313 1193 3345 Ho-

324 3362 390 3395 rat.
415 3362 486 3396 Sat.
514 3363 547 3403 4,
565 3361 597 3402 3,
615 3361 674 3394 38:
699 3361 783 3394 Illuc
798 3364 1069 3402 praevertemur.
1103 3361 1188 3395 Plin.

1244 3113 1263 3145 9
1288 3114 1323 3146 et
1344 3113 1554 3155 praesertim
1578 3113 1612 3145 44
1630 3122 1637 3143 :
1666 3107 1749 3145 Ὅτε
1769 3110 1842 3154 μὲν
1864 3111 1917 3153 εἰς
1939 3107 2012 3155 τὴν
2033 3108 2109 3144 τῶν

1243 3158 1397 3196 ὑπάτων
1435 3158 1677 3205 &macunen
1713 3159 1914 3204 ἐξουσίαν,
1958 3159 2108 3202 τελείως

1241 3209 1481 3260 μοναρχικὸν
1505 3211 1715 3256 πολίτευμα
1736 3211 1901 3254 ἐφαίνετ’
1923 3208 2022 3245 εἶναι
2042 3211 2108 3244 καὶ

1240 3260 1463 3303 βασιλικόν,
1489 3257 1553 3296 ὅτε
1574 3260 1616 3295 δὲ
1637 3263 1691 3304 εἰς
1705 3258 1776 3306 τὴν
1791 3259 1861 3305 τῆς
1875 3258 2105 3304 συγκλήτου,

1241 3310 1354 3346 πάλιν
1391 3308 1726 3360 ἀριστοκρατικόν,
1760 3311 1826 3345 καὶ
1857 3308 1939 3355 μὴν
1971 3311 2007 3344 εἰ
2037 3308 2108 3355 τὴν

1240 3362 1316 3395 τῶν
1339 3362 1489 3396 πολλῶν
1505 3361 1685 3406 ἐξουσίαν
1698 3362 1866 3409 θεωροίη
1882 3370 1957 3404 τις,
1982 3358 2108 3395 ἐδόκει

325 3411 412 3454 Epp.
438 3412 471 3452 5,
496 3411 557 3444 45:
592 3411 788 3444 Praevertor
818 3411 863 3443 ad
892 3419 933 3443 ea
962 3413 1045 3451 eet,
1075 3412 1190 3453 potius
1241 3410 1378 3454 σαφῶς
1411 3410 1508 3446 εἶναι
1542 3407 1837 3460 δημοκρατικόν.
1871 3412 1923 3445 'Ae
1955 3410 2106 3445 sonasse

324 3468 383 3495 me
397 3461 510 3496 verto.
535 3461 768 3503 Frequentior
780 3460 900 3494 autem
915 3460 971 3494 est
982 3459 1191 3504 deponentis

1240 3462 1379 3497 Tacitus
1403 3463 1583 3497 Ciceronis
1613 3461 1660 3497 do
1688 3470 1730 3498 re
1751 3459 1893 3506 publiea
1914 3459 2025 3497 libros
2044 3468 2106 3495 re-
