2254 3770
765 259 922 305 Lmen
951 259 1018 304 1v.
1062 259 1164 318 cap.
1194 260 1262 304 56.
1292 260 1360 305 57.
1389 261 1458 306 58.

1926 261 2012 307 247

329 367 412 425 (57)
454 368 570 411 Inter
604 380 717 426 quae
755 365 829 410 diu
864 365 1068 411 meditato
1113 365 1368 426 prolatoque
1406 368 1580 426 saepius
1621 367 1799 413 consilio
1835 367 2010 413 tandem

219 443 378 488 Caesar
406 443 449 486 in
481 442 770 501 Campaniam,
803 443 950 500 specie
979 440 1206 485 dedicandi
1234 442 1392 500 templa
1410 443 1526 501 apud
1547 443 1734 501 Capuam
1754 443 1857 494 Iovi,
1889 441 2006 500 apud

216 517 364 563 Nolam
381 517 584 575 Augusto,
615 517 695 562 sed
724 523 866 562 certus
894 515 1046 575 procul
1075 516 1182 560 urbe
1203 516 1376 575 degere.
1409 532 1584 563 causam
1603 518 1834 563 abscessus
1855 531 2007 577 quam·

219 606 348 652 quam
366 598 540 637 secutus
559 592 766 651 plurimos
786 598 1008 637 auctorum
1027 591 1083 636 ad
1102 592 1245 636 Seiani
1266 599 1380 637 artes
1399 594 1553 647 rettuli,
1583 593 1685 653 quia
1703 600 1848 638 tamen
1871 594 2005 638 caede

218 668 312 712 eius
340 674 506 725 patrata
534 682 612 712 sex
640 674 792 726 postea
821 681 955 712 annos
983 668 1076 725 pari
1101 674 1269 712 secreto
1290 668 1523 720 coniunxit,
1554 669 1809 727 plerumque
1832 680 2035 727 permo-is

215 725 323 787 vem-⁶
348 758 452 787 num
480 743 536 787 ad
563 743 705 801 ipsum
733 743 884 787 referri
914 743 1060 787 verius
1090 743 1160 795 sit,
1193 743 1415 787 saevitiam
1443 758 1495 788 ac
1525 743 1747 788 libidinem
1767 757 1865 788 cum
1883 744 2004 788 factis

214 825 446 877 promeret,
488 818 594 863 locis
632 818 926 863 occultantem.
973 825 1093 863 erant
1132 820 1206 878 qui
1237 818 1462 863 crederent
1490 821 1532 863 in
1563 826 1782 865 senectute
1812 820 2004 877 corporis

215 908 391 952 quoque
420 893 612 938 habitum
640 895 798 952 pudori
828 893 981 938 fuisse:
1013 894 1174 952 quippe
1204 894 1264 938 illi
1293 895 1568 953 praegracilis
1598 902 1641 939 et
1659 896 1831 939 incurva
1848 908 2006 953 proce-

213 970 333 1019 ritas,
363 969 505 1012 nudus
536 968 690 1026 capillo
720 977 884 1020 vertex,
917 969 1115 1013 ulcerosa
1142 969 1273 1014 facies
1303 984 1354 1014 ac
1373 970 1629 1029 plerumque
1649 969 2004 1015 medicaminibus

214 1044 487 1088 interstincta.
520 1050 562 1088 et
580 1044 717 1088 Rhodi
748 1051 916 1089 secreto
936 1045 1068 1089 vitare
1089 1051 1257 1096 coetus,
1287 1045 1523 1091 recondere
1541 1045 1781 1104 voluptates
1800 1046 2002 1090 insuerat.
2015 1057 2055 1087 io

212 1119 392 1164 traditur
430 1120 560 1164 etiam
596 1120 741 1164 matris
780 1121 1015 1178 inpotentia
1054 1126 1291 1171 extrusum,
1336 1134 1466 1179 quam
1503 1121 1803 1165 dominationis
1842 1121 2005 1166 sociam

213 1194 524 1254 aspernabatur
551 1209 694 1254 neque
724 1195 943 1254 depellere
973 1202 1157 1253 poterat,
1191 1210 1289 1240 cum
1319 1196 1651 1241 dominationem
1679 1197 1818 1254 ipsam
1843 1196 2005 1240 donum

218 1271 312 1315 eius
341 1271 593 1328 accepisset.
629 1285 727 1314 nam
749 1270 1018 1314 dubitaverat
1037 1272 1250 1330 Augustus
1272 1272 1588 1323 Germanicum,
1620 1272 1782 1316 sororis
1801 1279 2005 1330 nepotem

215 1352 258 1391 et
287 1346 451 1390 cunctis
480 1345 715 1399 laudatum,
747 1347 809 1390 rei
841 1348 1054 1404 Romanae
1074 1347 1315 1405 imponere:
1348 1347 1426 1391 sed
1449 1347 1654 1405 precibus
1673 1348 1820 1391 uxoris
1839 1348 2003 1392 evictus

215 1421 383 1465 Tiberio
413 1421 732 1471 Germanicum,
764 1421 844 1465 sibi
876 1421 1091 1465 Tiberium
1119 1422 1310 1466 adscivit.
1341 1423 1474 1481 idque
1493 1424 1683 1481 Augusta
1703 1423 1999 1481 exprobrabat,
2015 1433 2053 1464 45

213 1495 481 1554 reposcebat.
538 1497 620 1553 (58)
659 1497 866 1554 prosectio
913 1503 1004 1541 arto
1043 1498 1243 1542 comitatu
1279 1498 1375 1541 suit:
1420 1513 1532 1542 unus
1569 1505 1742 1542 senator
1778 1499 2002 1543 consulatu

210 1571 397 1623 functus,
444 1571 652 1616 Cocceius
689 1573 845 1623 Nerva,
891 1573 959 1616 cui
994 1572 1136 1630 legum
1164 1573 1337 1631 peritia,
1384 1588 1520 1633 eques
1549 1576 1785 1626 Romanus,
1828 1581 2003 1633 praeter

212 1647 425 1696 Seianum,
458 1661 512 1691 ex
539 1646 790 1692 inlustribus
811 1648 980 1692 Curtius
1001 1649 1179 1701 Atticus;
1212 1650 1343 1693 ceteri
1363 1649 1612 1694 liberalibus
1631 1650 1783 1694 studiis
1803 1650 1998 1708 praediti,

210 1723 343 1768 ferme
375 1723 548 1773 Graeci,
588 1737 772 1780 quorum
801 1724 1071 1768 sermonibus
1099 1724 1326 1769 levaretur.
1371 1724 1564 1769 serebant
1596 1726 1721 1784 periti
1752 1726 2001 1771 caelestium

275 1863 307 1895 4.
330 1862 453 1905 interq;
475 1862 510 1895 M
534 1878 570 1884 —
602 1862 635 1894 2.
659 1863 695 1894 in
718 1863 935 1911 campaniam
956 1864 1009 1897 M:
1039 1864 1075 1896 in
1097 1865 1317 1906 Campaniam
1340 1864 1493 1898 abscessit
1518 1863 1677 1900 Halmius
1700 1865 1778 1899 coll.
1802 1875 1837 1900 v.
1862 1866 1883 1900 3
1906 1868 1942 1900 et
1965 1867 1998 1909 6,

209 1918 269 1958 38;
294 1919 330 1950 in
346 1918 566 1959 Campaniam
586 1920 743 1952 concessit
764 1921 798 1954 F.
818 1921 873 1953 W.
893 1921 970 1953 Otto
987 1920 1064 1954 coll.
1083 1921 1114 1962 3,
1133 1922 1169 1954 34
1185 1932 1192 1961 ;
1217 1923 1374 1956 concessit
1391 1923 1427 1955 in
1443 1923 1666 1962 Campaniam
1681 1924 1807 1957 Haase.
1828 1942 1864 1948 —
1883 1924 1915 1958 7.
1941 1934 2000 1957 oc-

208 1975 387 2009 cultantem
408 1976 616 2009 Rhenanus:
642 1977 837 2010 occultantis
854 1978 888 2011 M
906 1995 942 2001 -
969 1978 1022 2012 43.
1039 1979 1265 2013 dubutauerat
1280 1981 1314 2013 M
1332 1997 1368 2003 —
1395 1979 1450 2013 ⁴4.
1472 1978 1589 2021 iic-ibus
1610 1980 1645 2013 M
1670 1998 1707 2004 —
1733 1980 1786 2014 48.
1804 1980 1936 2014 curcius
1949 1981 1996 2015 M.

208 2099 299 2132 herii
327 2100 511 2133 senectute
541 2099 697 2142 loquitur
724 2102 882 2142 Tacitus,
915 2102 960 2135 de
989 2102 1078 2136 virili

208 2150 322 2182 aetate
346 2150 533 2183 Suetonius
557 2151 617 2183 68:
650 2151 795 2192 Corpore
821 2152 887 2192 fuit
914 2153 1026 2194 amplo
1049 2157 1080 2186 et

206 2198 362 2240 robusto,
385 2202 537 2239 statura,
562 2209 648 2241 quae
669 2201 794 2234 iustam
812 2203 1000 2241 eaecedereu
1023 2204 1079 2235 la-

207 2252 259 2282 tus
291 2249 334 2281 ab
367 2250 512 2282 humeris
545 2253 575 2282 et
605 2254 738 2290 pectore
749 2261 761 2290 ;
804 2254 920 2285 celeris
949 2262 1080 2294 quoque

207 2299 361 2332 membris
381 2308 485 2340 usque
506 2301 552 2332 ad
573 2300 656 2332 imos
671 2302 772 2342 pedes
787 2303 938 2342 aequalis
951 2307 983 2335 et
997 2313 1079 2335 con-

206 2358 340 2391 qruem.
375 2348 507 2382 Velleio
529 2351 569 2389 2,
605 2349 647 2383 94
682 2352 736 2383 est
767 2352 911 2392 iuvenis,
947 2362 1076 2394 genere,

206 2399 337 2440 forma,
362 2399 552 2431 celsitudine
566 2401 716 2440 corporis
730 2418 749 2424 -
759 2418 779 2424 -
793 2402 1075 2436 instructissimus.

211 2466 248 2471 —
272 2448 424 2480 ulcerosa
445 2449 566 2491 facies]
597 2450 784 2483 Suetonius
807 2451 961 2484 ibidem:
991 2454 1078 2494 facie

206 2499 353 2538 honesta,
377 2499 413 2530 in
429 2507 497 2539 qua
519 2502 629 2531 tamen
644 2500 752 2532 crebri
767 2504 796 2533 et
811 2501 907 2534 subiti
922 2505 1076 2536 tumores.

207 2546 359 2580 Iulianus
375 2548 410 2580 in
423 2548 635 2581 Caesaribus
651 2549 695 2582 de
709 2550 867 2583 Tiberio:
886 2546 1077 2595 ὤφθησαν

207 2593 359 2630 ὥτειλαὶ
378 2595 478 2631 κατὰ
494 2596 562 2631 τὸν
581 2597 702 2632 νῶτον
716 2602 869 2646 μυρίαι,
890 2602 1077 2648 καυτῆρές

207 2658 305 2689 τινες
338 2649 402 2680 καὶ
438 2645 611 2691 ξέσματα
643 2651 710 2682 καὶ
744 2650 883 2695 πληγαὶ
911 2652 1074 2691 χαλεπαὶ

207 2698 272 2730 καὶ
287 2697 491 2741 μώλωπες,
513 2695 590 2732 ὑπό
605 2710 645 2732 τε
660 2696 873 2743 ἀκολασίας
888 2704 954 2736 καὶ
969 2701 1077 2746 ὠμό-

206 2758 322 2791 τητος
357 2748 492 2795 ψῶραί
533 2759 632 2791 τινες
675 2752 742 2783 καὶ
779 2750 951 2795 λειχῆνες
990 2750 1075 2786 οἷον

207 2798 492 2842 ἐγκεκαυμέναι.
529 2799 681 2834 Galenus
705 2801 749 2833 de
774 2802 938 2845 Compos.
959 2804 1075 2836 medi-

207 2857 298 2881 cam.
323 2850 355 2888 5,
375 2849 415 2881 42
438 2850 650 2891 praescribit
671 2851 870 2885 remedium
894 2850 989 2899 πρὸς
1013 2848 1075 2899 ἕρ-

206 2907 328 2940 πητας
350 2898 490 2931 Tiberii.
509 2915 546 2922 —
573 2900 675 2932 Rhodi
696 2902 828 2941 secreto]
855 2902 906 2934 Cf.
932 2904 963 2942 4,
982 2902 1014 2936 4.
1036 2922 1071 2927 --

204 2948 325 2980 matris
344 2948 537 2989 inpotentia]
561 2948 676 2982 abusu
698 2952 876 2992 potentiae
901 2954 936 2984 et
958 2953 1074 2985 domi-

205 2997 312 3030 nandi
340 2998 524 3039 cupidine;
561 2998 605 3031 de
636 3008 706 3041 qua
735 3001 816 3033 vide
845 3002 995 3034 Dionem
1017 3004 1071 3042 57,

205 3047 259 3079 ⁴2.
286 3047 346 3088 qui
368 3047 404 3079 in
426 3046 496 3080 fine
518 3049 641 3090 capitis
657 3049 771 3081 addit:
797 3051 861 3081 καὶ
877 3049 984 3092 τέλος
999 3050 1073 3083 τῶν

204 3095 277 3139 μὲν
307 3094 506 3139 δημοσίων
535 3096 778 3131 παντάπασιν
805 3097 927 3141 αὐτὴν
949 3096 1073 3143 ἀπήλ-

206 3143 314 3188 λαξε,
345 3143 392 3178 τὰ
419 3144 449 3178 δ’
472 3144 574 3179 οἴκοι
605 3145 763 3180 διοικεῖν
787 3149 827 3181 οἱ
847 3149 971 3191 ἐφείς,
1001 3148 1071 3183 εἶθ’

206 3192 259 3237 ὦς
272 3196 337 3228 καὶ
354 3195 395 3229 ἐν
409 3193 561 3237 τούτοις
576 3195 751 3240 ἐπαχθὴς
768 3194 827 3240 ἦν,
853 3195 1072 3242 ἀποδημίας

206 3255 248 3278 τε
283 3245 479 3279 ἐστέλλετο
516 3247 580 3279 καὶ.
619 3246 742 3279 πάντα
775 3245 918 3294 τρόπον
951 3246 1073 3293 αὐτὴν

209 3294 402 3338 ἐξίστατο,
436 3292 535 3330 ὥστε
564 3298 630 3329 καὶ
660 3296 699 3338 ἐς
726 3294 795 3340 τὴν
825 3298 999 3345 Καπρίαν
1029 3299 1073 3333 δι’

210 3344 356 3390 ἐκείνην
379 3343 452 3386 οὐχ
468 3343 608 3390 ἥκιστα
622 3346 869 3391 μεταστῆναι.
895 3349 945 3382 Cf.
966 3351 1072 3384 etiam

211 3395 351 3431 Sueton.
375 3397 451 3432 Tib.
468 3399 523 3433 50.
540 3399 594 3432 54.
614 3416 650 3422 -
669 3399 791 3432 donum
807 3399 889 3442 eius]
913 3400 977 3433 Dio
991 3400 1015 3435 1.
1033 3400 1071 3435 1.:

1128 2103 1190 2138 ἐπί
1211 2114 1252 2137 τε
1272 2102 1346 2150 γὰρ
1368 2103 1437 2138 τοῦ
1459 2101 1685 2150 Αὐγούστου
1709 2105 1892 2148 μέγιστον
1912 2104 1998 2140 ἐδυ-

1128 2153 1230 2198 νήθη
1254 2156 1320 2188 καὶ
1342 2155 1410 2188 τὸν
1428 2155 1602 2203 Τιβέριον
1617 2151 1714 2198 αὐτὴ
1730 2152 1999 2203 αὗτοκράτορα

1129 2207 1377 2249 πεποιηκέναι
1398 2203 1515 2250 ἔλεγε.
1536 2225 1572 2230 -
1594 2206 1817 2248 dubitaverat]
1842 2207 1863 2238 i.
1882 2216 1916 2249 q.
1936 2217 1999 2240 su-

1126 2265 1189 2298 pra
1213 2258 1257 2298 (c.
1284 2257 1336 2299 40)
1368 2258 1548 2290 meditatus
1575 2260 1667 2297 erat,
1700 2266 1768 2290 nec
1791 2259 1911 2290 tamen
1935 2267 1999 2291 ex-

1127 2310 1284 2340 secutus.
1312 2326 1348 2332 —-
1373 2310 1500 2341 sororis
1520 2308 1677 2350 nepotem]
1701 2307 1790 2340 Vide
1814 2308 1859 2340 ad
1882 2309 1914 2347 2,
1940 2308 1994 2342 43.

1129 2374 1166 2379 —
1191 2357 1396 2398 reposcebat]
1428 2357 1627 2400 imputabat
1657 2358 1758 2399 quasi
1779 2357 1996 2392 beneficium

1126 2406 1193 2439 sibi
1217 2407 1389 2440 debitum.

1170 2457 1223 2490 58.
1250 2457 1403 2490 Cocceius
1425 2458 1558 2499 Nerva,
1584 2459 1638 2491 cui
1661 2458 1770 2500 leyum
1786 2458 1923 2500 peritia]
1947 2459 1993 2491 Μ.

1128 2505 1297 2540 Cocceius
1321 2508 1365 2540 M.
1392 2508 1414 2540 f.
1439 2509 1573 2548 Nerva,
1605 2507 1742 2541 Nei‘vae
1772 2509 1995 2550 imperatoris

1126 2564 1232 2596 avus⁷
1259 2557 1382 2591 consul
1404 2558 1468 2591 fuit
1490 2567 1571 2591 cum
1592 2559 1630 2592 C.
1648 2558 1748 2590 Vibio
1773 2559 1812 2591 C.
1829 2558 1851 2591 f.
1869 2558 1994 2591 Rufino

1127 2614 1158 2637 a.
1185 2615 1216 2639 u.
1244 2607 1319 2645 775,
1346 2610 1489 2640 curator
1512 2617 1685 2649 aquarum
1709 2608 1930 2650 publicarum
1948 2607 1993 2640 ab

1126 2665 1217 2688 anno
1241 2665 1275 2688 u.
1295 2658 1358 2689 776
1382 2667 1495 2699 usque
1519 2658 1564 2690 ad
1588 2667 1619 2690 a.
1638 2658 1714 2698 786,
1740 2667 1811 2700 quo
1832 2660 1993 2691 mortuus

1126 2707 1198 2745 est,
1235 2707 1324 2739 teste
1365 2708 1530 2740 Frontino
1564 2708 1608 2741 de
1642 2708 1802 2749 Aquaed.
1839 2717 1869 2741 e.
1908 2709 1990 2740 ⁴02:

1126 2756 1224 2788 Tario
1248 2756 1440 2797 (successit)
1464 2758 1536 2790 Ser.
1555 2758 1704 2791 Cornelio
1727 2758 1863 2800 Cethego
1877 2758 1914 2790 L.
1938 2758 1994 2789 Vi-

1123 2807 1215 2838 sellio
1242 2807 1390 2839 Varrone
1411 2816 1492 2839 coss.
1516 2809 1563 2840 M.
1590 2808 1743 2841 Cocceius
1763 2809 1893 2847 Nerva,
1923 2807 1994 2839 divi

1125 2857 1255 2888 Nervae
1288 2865 1389 2896 avus,
1424 2858 1564 2889 scientia
1595 2859 1697 2890 etiam
1723 2859 1810 2890 iuris
1836 2856 1989 2889 illustris.

1123 2906 1209 2937 Huic
1238 2907 1392 2938 successit
1418 2907 1522 2939 Fabio
1543 2908 1672 2939 Persico
1693 2907 1731 2940 L.
1759 2907 1885 2940 Vitellio
1906 2914 1988 2939 coss.

1126 2955 1169 2996 (a.
1195 2964 1228 2987 u.
1255 2956 1328 2995 787)
1354 2955 1389 2988 C.
1411 2957 1568 2989 Octavius
1589 2958 1730 2990 Laenas.
1756 2957 1807 2990 Cf.
1825 2956 1857 2995 6,
1874 2956 1929 2988 26.
1950 2973 1988 2980 —

1123 3014 1167 3037 ex
1189 3005 1391 3047 inlustribus]
1415 3006 1502 3043 Vide
1526 3007 1572 3039 ad
1595 3008 1628 3049 2,
1653 3008 1707 3040 59.
1726 3025 1762 3030 —
1789 3005 1992 3039 CurtiusAt-

1123 3054 1216 3095 ticus]
1242 3054 1351 3098 Ovidii
1375 3056 1522 3096 amicus,
1548 3057 1594 3089 ad
1618 3066 1726 3099 quem
1750 3056 1890 3097 scripsit
1913 3056 1991 3097 epi-

1123 3103 1230 3137 stolas
1254 3113 1297 3136 ex
1320 3107 1429 3138 Ponto
1449 3107 1487 3147 2,
1505 3106 1525 3140 4
1542 3109 1577 3140 et
1593 3107 1624 3140 7.
1652 3107 1703 3140 Cf.
1722 3107 1753 3145 6,
1772 3107 1824 3139 40.
1846 3123 1882 3129 -
1907 3106 1990 3139 libe-

1122 3153 1251 3186 ralibus
1272 3157 1312 3188 st.
1339 3156 1505 3198 praediti]
1530 3157 1673 3189 Sueton.
1699 3156 1772 3188 Tib.
1798 3156 1859 3188 70:
1894 3155 1990 3189 Artes

1121 3203 1271 3236 liberales
1291 3206 1463 3246 utriusque
1484 3206 1613 3248 ameris
1627 3206 1860 3238 studiosissime
1873 3206 1986 3239 coluit.

1126 3271 1162 3276 —
1186 3254 1289 3294 ferme
1310 3255 1442 3298 Graeci]
1467 3257 1608 3288 Sueton.
1634 3254 1708 3287 Tib.
1733 3255 1798 3287 56:
1819 3257 1989 3289 convicto-

1122 3312 1176 3335 res
1191 3304 1388 3346 Graeculos,
1414 3306 1534 3348 quibus
1554 3305 1606 3337 vel
1627 3306 1778 3338 maxime
1798 3307 1988 3348 acquiesce-

1122 3352 1190 3385 bat.
1210 3371 1246 3377 -
1264 3354 1442 3396 levaretur]
1464 3356 1697 3395 recrearetur,
1721 3356 1761 3388 ut
1774 3356 1878 3398 Verg.
1895 3358 1983 3391 Aen.

1121 3403 1159 3444 8,
1190 3403 1254 3437 308
1287 3414 1351 3439 rex
1383 3407 1527 3439 Aenean
1557 3405 1793 3440 comitabatur
1823 3408 1986 3450 varioque
