2254 3770
685 301 840 352 LIBER
867 300 955 352 xli,
1000 298 1100 356 Cap.
1131 298 1199 342 58.
1229 298 1298 349 59.
1325 299 1395 347 60.
1424 298 1492 342 64.
1897 298 1980 346 383

313 411 394 468 (60)
433 408 596 453 Eodem
637 421 748 453 anno
784 406 958 464 saepius
998 404 1143 451 audita
1172 418 1254 449 vox
1282 405 1505 463 principis,
1544 419 1692 463 parem
1721 406 1808 448 vim
1839 419 1981 450 rerum

200 486 440 536 habendam
469 498 494 529 a
523 481 873 542 procuratoribus
904 481 994 525 suis
1025 479 1304 527 iudicatarum
1334 495 1384 525 ac
1412 481 1449 524 si
1474 481 1567 538 ipse
1588 480 1822 531 statuisset,
1855 494 1907 524 ac
1926 494 1980 525 ne

199 562 367 607 fortuito
405 559 634 618 prolapsus
668 557 906 608 videretur,
950 563 1122 601 senatus
1158 569 1333 613 quoque
1372 555 1567 605 consulto
1604 563 1776 605 cautum
1816 555 1981 614 plenius

199 651 328 697 quam
357 642 482 679 antea
511 640 554 678 et
580 634 769 678 uberius.
800 647 898 675 nam
919 632 1043 676 divus
1070 633 1282 688 Augustus
1302 631 1415 688 apud
1441 631 1608 689 equites
1627 632 1674 675 R.
1693 631 1768 689 qui
1788 634 1981 689 Aegypto

198 711 496 771 praesiderent
532 712 627 767 lege
666 709 732 769 agi
771 707 1033 764 decretaque
1073 721 1222 752 eorum
1260 705 1439 764 perinde
1473 705 1618 752 haberi
1656 708 1839 750 iusserat
1867 720 1917 752 ac
1944 706 2015 750 sis

198 787 468 845 magistratus
505 784 681 829 Romani
721 782 1049 827 constituissent.
1093 795 1192 829 mox
1220 781 1325 826 alias
1355 795 1433 839 per
1460 781 1704 839 provincias
1732 789 1775 826 et
1803 782 1845 826 in
1875 781 1981 830 urbe

199 862 404 921 pleraque
433 873 643 908 concessa
673 865 771 904 sunt
802 871 914 916 quae
945 857 1045 902 olim
1074 871 1099 900 a
1127 856 1397 914 praetoribus
1427 857 1726 900 noscebantur.
1780 857 1994 926 Claudius

200 951 327 985 omne
371 937 438 980 ius
482 934 673 985 tradidit,
720 934 774 978 de
805 947 892 991 quo
932 933 1086 982 totiens
1116 931 1327 975 seditione
1356 938 1428 976 aut
1456 932 1584 975 armis
1613 939 1840 984 certatum,
1886 947 1983 977 cum

198 1002 465 1070 *Semproniis
502 1008 796 1068 rogationibus
833 1014 1037 1065 equester
1066 1007 1172 1051 ordo
1202 1007 1243 1050 in
1279 1007 1556 1064 possessione
1586 1007 1842 1052 iudiciorum
1871 1008 1986 1053 loca-

200 1094 336 1138 retur,
378 1093 450 1131 aut
488 1099 658 1130 rursum
687 1083 892 1128 Serviliae
922 1083 1040 1141 leges
1070 1083 1235 1127 senatui
1266 1081 1422 1126 iudicia
1453 1082 1700 1134 redderent,
1742 1084 2036 1142 Mariusquew

202 1169 245 1208 et
283 1161 399 1206 Sulla
428 1160 529 1205 olim
558 1159 613 1204 de
643 1173 696 1204 eo
723 1158 793 1206 vel
822 1158 1055 1216 praecipue
1087 1156 1305 1201 bellarent.
1350 1157 1427 1200 sed
1459 1164 1559 1201 tunc
1588 1158 1786 1202 ordinum
1816 1159 1986 1207 diversa

202 1237 362 1288 studia,
394 1242 438 1280 et
465 1249 577 1293 quae
607 1235 813 1285 vicerant,
845 1232 1015 1292 publice
1045 1232 1255 1278 valebant.
1297 1233 1341 1277 C.
1372 1233 1539 1290 Oppius
1570 1240 1612 1276 et
1642 1233 1863 1278 Cornelius
1891 1234 1986 1280 Bal-

203 1313 283 1357 bus
325 1311 449 1370 primi
492 1310 688 1355 Caesaris
733 1308 888 1367 opibus
931 1314 1112 1366 potuere
1152 1307 1427 1352 condiciones
1464 1308 1584 1366 pacis
1613 1315 1657 1352 et
1684 1310 1858 1354 arbitria
1885 1310 1985 1354 belli

203 1394 396 1432 tractare.
442 1385 590 1435 Matios
619 1383 800 1442 posthac
829 1390 871 1427 et
898 1383 1055 1427 Vedios
1085 1389 1128 1427 et
1156 1389 1299 1427 cetera
1330 1383 1521 1440 equitum
1548 1385 1833 1428 Romanorum
1861 1399 1987 1444 prae-

203 1462 342 1511 valida
381 1461 552 1511 nomina
590 1459 749 1503 referre
786 1457 887 1503 nihil
918 1458 1151 1510 attinuerit,
1191 1471 1289 1502 oum
1320 1457 1522 1502 Claudius
1552 1458 1745 1511 libertos,
1785 1474 1895 1518 quos
1923 1463 1986 1507 rei
1999 1468 2036 1505 ⁴⁵

203 1537 394 1582 familiari
424 1535 703 1594 praefecerat,
736 1533 906 1592 sibique
937 1541 978 1577 et
1006 1533 1172 1591 legibus
1201 1533 1519 1591 adaequaverit.

318 1612 399 1670 (64)
445 1610 615 1655 Rettulit
657 1609 757 1653 dein
802 1608 856 1653 de
902 1609 1150 1652 inmunitate
1194 1608 1292 1652 Cois
1335 1608 1560 1653 tribuenda
1595 1610 1813 1669 multaque
1856 1625 1988 1670 super

205 1688 452 1746 antiquitate
490 1699 640 1730 eorum
677 1684 946 1728 memoravit:
992 1683 1170 1741 Argivos
1212 1682 1279 1728 vel
1312 1683 1494 1739 Coeum,
1531 1685 1717 1729 Latonae
1752 1694 1984 1744 parentem,

269 1784 302 1817 2.
327 1783 554 1816 iudicatarum
576 1781 783 1814 Rhenanus:
808 1780 1035 1813 iudicaturum
1057 1779 1091 1812 M
1117 1797 1152 1803 -
1178 1779 1208 1812 3.
1231 1778 1392 1820 prolapsa
1407 1779 1582 1813 Heinsius.
1604 1799 1640 1805 —
1664 1780 1696 1814 4.
1712 1781 1890 1825 Auyustus]
1906 1792 1985 1826 auq.

208 1841 243 1883 M
267 1857 302 1865 —
330 1838 452 1879 equites
475 1847 519 1871 .r.
542 1837 717 1870 Baiterus:
747 1839 911 1879 equestres
939 1836 992 1874 Μς
1021 1835 1144 1876 equites
1171 1835 1314 1867 illustres
1334 1835 1398 1868 Ad.
1423 1835 1582 1868 Schmidt
1605 1837 1767 1879 (Zeitschr.
1789 1838 1815 1879 f.
1841 1839 1986 1873 Geschw.

206 1895 290 1929 4848
313 1904 350 1937 p.
367 1894 455 1934 454).
481 1893 534 1926 Cf.
559 1893 612 1932 43,
638 1892 691 1925 40.
717 1893 771 1932 45,
796 1892 849 1926 66.
874 1909 911 1916 -
937 1893 969 1924 5.
990 1891 1128 1933 pennae
1150 1892 1195 1923 G:
1216 1891 1323 1931 prode
1343 1892 1377 1924 M
1397 1909 1430 1915 -
1450 1892 1503 1925 42.
1521 1901 1607 1933 quac
1628 1894 1796 1927 evicerant
1811 1895 1985 1929 Heinsius.

208 1970 245 1978 —
270 1950 325 1986 44.
347 1950 490 1984 mathios
510 1950 545 1983 M
569 1967 605 1973 —
631 1949 685 1982 45.
709 1948 810 1981 nichil
830 1948 864 1982 M
887 1965 924 1971 -
951 1948 1003 1981 47.
1029 1948 1103 1981 dein
1125 1948 1165 1980 cle
1186 1948 1236 1981 M:
1266 1948 1379 1980 deinde
1401 1948 1440 1980 de
1461 1947 1675 1991 Nipperdey.
1702 1966 1739 1974 —-
1770 1950 1823 1984 48.
1846 1951 1989 1994 Argivos

204 2010 250 2042 G:
276 2007 392 2050 aryioc
413 2007 458 2040 M.
484 2006 535 2040 Cf.
560 2014 634 2039 var.
658 2004 740 2039 lect.
765 2005 810 2038 ad
830 2013 868 2048 p.
891 2004 969 2046 400,
993 2004 1026 2038 8.
1054 2022 1090 2030 -—
1115 2004 1236 2038 Coeum
1256 2005 1325 2038 Ios.
1350 2005 1549 2038 Mercerus:
1574 2014 1650 2039 cum
1671 2006 1718 2040 M.

13 3320 16 3323 .
0 3285 7 3298 ⁶
0 2596 19 3250 mm*-

208 2107 244 2114 —
269 2088 425 2130 indiqnas
452 2086 579 2130 sordes]
611 2085 815 2128 squalorem
844 2086 1072 2128 ceteramque

207 2139 387 2174 miseriam
410 2138 474 2171 rei.
500 2137 550 2171 Cf.
575 2136 661 2170 Dial.
688 2137 748 2169 42.
773 2137 885 2170 sordes
906 2145 947 2169 ac
969 2136 1073 2169 lacri-

205 2198 280 2223 mas
301 2198 446 2223 remum.
474 2206 509 2212 —
544 2189 641 2221 curia
662 2187 815 2230 exactus]
846 2188 971 2220 senatu
993 2195 1074 2221 mo-

206 2241 281 2280 tus;
311 2241 391 2283 post
419 2240 455 2272 in
482 2239 629 2272 Neronis
663 2239 810 2280 gratiam
833 2238 1014 2271 restitutus
1038 2239 1074 2270 et

206 2289 397 2333 proconsul
428 2289 541 2323 factus
570 2289 775 2330 Bithyniae,
809 2297 851 2322 ex
875 2297 944 2330 qua
967 2297 1074 2330 repe-

207 2339 398 2373 tundarum
421 2339 608 2372 damnatus
632 2340 698 2372 est.
725 2338 776 2371 Cf.
802 2337 856 2378 44,
881 2337 935 2371 46.

251 2390 305 2423 60.
333 2399 356 2423 α
379 2389 657 2431 procuratoribus
683 2388 768 2430 suis]
803 2387 879 2421 fisci
907 2386 1072 2429 intellige,

210 2449 281 2474 non
304 2438 593 2482 procuratoribus
609 2439 770 2472 Caesaris
787 2439 865 2480 vice
887 2437 1072 2480 praesidis,

210 2488 333 2531 quales
361 2490 551 2531 praeerant
575 2488 743 2528 Iudaeae,
775 2487 912 2521 duabus
935 2489 1075 2521 Maure-

208 2539 328 2578 taniis,
354 2540 514 2578 Raetiae,
539 2539 685 2576 Norico,
710 2538 890 2571 Thraciae.
918 2538 1014 2579 (Hist.
1041 2538 1072 2577 4,

209 2589 276 2628 44.)
296 2587 364 2621 Illis
380 2597 465 2621 vero
479 2588 557 2622 fisci
573 2588 758 2621 dumtaxat
772 2585 1073 2630 procuratoribus,

209 2638 269 2680 qui
291 2646 399 2680 saepe
423 2637 539 2671 liberti
558 2639 676 2678 erant,
702 2637 869 2670 traditum
886 2645 966 2670 esse
982 2644 1076 2669 onme

207 2687 277 2728 ius,
301 2687 338 2720 id
355 2689 426 2728 est,
450 2686 594 2730 plenam
609 2687 902 2727 iurisdictionem=
921 2685 1076 2728 indigna-

209 2738 267 2770 tur
289 2737 440 2771 Tacitus.
466 2738 608 2770 Sueton.
636 2735 758 2770 Claud.
779 2738 839 2769 ⁴2:
864 2739 903 2768 ut
922 2739 1003 2768 rata
1024 2744 1075 2768 cs-

213 2790 300 2827 sent,
325 2795 413 2828 quae
430 2790 668 2828 procuratores
689 2787 740 2820 sui
761 2787 796 2818 in
818 2786 995 2818 iudicando
1009 2789 1076 2818 stan

210 2838 354 2876 tuerent,
376 2836 532 2877 precario
554 2837 674 2878 exegit.
700 2835 751 2868 Cf.
769 2834 802 2875 4,
823 2835 875 2868 45.
895 2852 931 2858 -
948 2843 989 2867 nc
1001 2834 1075 2875 for-

209 2886 293 2918 tuito
310 2886 488 2927 prolapsus
508 2885 554 2927 v.]
586 2894 630 2918 ne
659 2887 795 2918 temere
821 2886 927 2926 atque
950 2885 1075 2917 incon-

210 2933 300 2968 sulte
324 2935 416 2968 hanc
430 2943 557 2968 vocem
574 2933 707 2968 fudisse
722 2934 914 2966 videretur.
932 2951 968 2956 —
986 2933 1076 2966 Sem-

207 2984 337 3026 proniis
364 2983 610 3026 rogationibus]
641 2984 663 3016 i.
691 2993 722 3017 e.
748 2982 825 3024 lege
850 2983 1031 3016 iudiciaria
1055 2992 1075 3016 a

213 3033 252 3066 C.
277 3033 435 3065 Graccho
457 3031 526 3065 lata
541 3041 573 3066 a.
592 3041 628 3065 u.
646 3032 721 3073 634,
747 3041 815 3074 qua
838 3032 965 3065 iudicia
982 3041 1001 3065 a
1017 3041 1076 3066 se-

212 3084 297 3115 natu
319 3082 365 3115 ad
388 3083 524 3125 equites
541 3083 718 3116 Romanos
734 3081 919 3115 transtulit.
940 3100 976 3106 —
1001 3082 1077 3114 Ser-

210 3132 312 3165 viliae
333 3131 435 3174 loyes]
469 3132 542 3165 Una
572 3133 627 3164 est
652 3130 710 3164 lex
730 3130 798 3164 lata
823 3139 844 3164 a
868 3131 908 3170 Q.
932 3130 1076 3164 Servilio

214 3183 391 3224 Caepione
415 3181 570 3224 (patrono
591 3184 725 3214 senalus
746 3179 861 3214 Valer.
887 3181 975 3214 Max.
992 3181 1025 3220 6,
1042 3181 1074 3220 9,

215 3226 269 3272 43)
298 3232 335 3264 in
357 3229 542 3264 consulatu
564 3238 597 3263 a.
621 3238 657 3263 u.
682 3238 714 3263 c.
739 3229 821 3269 648,
853 3237 923 3271 qua
950 3228 1077 3262 iudicia

214 3280 436 3314 senatoribus
467 3279 627 3313 restituit.
662 3277 750 3311 Vide
772 3278 899 3310 Baiteri
921 3277 1077 3312 Iudicem

212 3329 330 3371 legum
353 3339 388 3373 p.
413 3328 475 3362 443
499 3330 536 3362 et
556 3328 633 3361 269.
654 3344 687 3361 φ
714 3326 821 3369 Sulla]
842 3326 973 3360 Iudicia
996 3335 1077 3361 cum

214 3378 284 3411 ia'm
315 3387 346 3411 a.
377 3387 412 3411 u.
437 3378 500 3410 650
534 3375 712 3419 equitibus
746 3376 910 3408 Romanis
939 3375 1077 3409 reddita

215 3428 350 3468 essent,
376 3425 470 3460 sulla
492 3434 524 3469 a.
548 3434 586 3459 u.
603 3424 667 3459 673
690 3423 735 3457 ab
758 3422 824 3458 iliis
847 3422 893 3457 ad
914 3426 1078 3458 senatum

1122 2084 1306 2119 transtulit.
1336 2083 1458 2119 Vellei.
1481 2086 1519 2126 2,
1546 2085 1606 2127 32,
1631 2086 1664 2120 3.
1698 2086 1749 2120 Cf.
1774 2089 1829 2129 44,
1852 2089 1907 2123 22.
1932 2090 1984 2133 (L.

1121 2134 1251 2169 Aurelii
1281 2135 1401 2168 Cottae
1429 2137 1602 2178 praetoris
1631 2135 1748 2179 legem
1769 2138 1987 2175 iudiciariam

1123 2195 1154 2218 a.
1173 2195 1209 2218 u.
1227 2185 1290 2219 684
1313 2185 1437 2226 latam,
1464 2195 1533 2228 qua
1557 2187 1683 2221 iudicia
1705 2191 1860 2231 senatui,
1886 2192 1988 2234 equi-

1123 2235 1229 2276 tibus,
1246 2236 1395 2270 tribunis
1411 2238 1555 2271 aerariis
1571 2240 1771 2272 communia
1788 2240 1878 2274 facta
1893 2243 1986 2284 sunt,

1123 2286 1261 2319 Tacitus
1284 2287 1435 2327 transit.)
1456 2305 1493 2311 —
1520 2288 1555 2321 C.
1575 2289 1709 2332 oppius]
1732 2291 1875 2325 intimus
1897 2293 1989 2326 Cae-

1123 2337 1212 2369 saris
1240 2337 1388 2370 amicus.
1426 2337 1478 2370 Cf.
1503 2338 1646 2374 sueton.
1671 2339 1733 2373 lul.
1758 2341 1812 2374 52.
1846 2342 1917 2375 Cic.
1942 2342 1988 2375 ad

1123 2387 1191 2419 Att.
1209 2387 1241 2426 ὅ,
1260 2387 1291 2418 4.
1312 2404 1348 2410 -
1367 2386 1536 2420 Cornelius
1549 2388 1682 2431 Balbus]
1708 2391 1830 2433 maior,
1855 2393 1987 2434 origine

1124 2435 1331 2478 Gaditanus,
1355 2446 1419 2479 pro
1443 2446 1512 2480 quo
1536 2440 1591 2472 est
1606 2439 1786 2474 Ciceronis
1805 2443 1928 2477 oratio.
1949 2461 1985 2469 --

1123 2486 1327 2519 condiciones
1342 2487 1438 2528 pacis
1452 2504 1501 2512 --
1517 2489 1679 2532 tractare]
1705 2489 1795 2524 Nihil
1818 2491 1886 2526 hoc
1908 2494 1989 2535 qui-

1124 2536 1206 2569 dem
1230 2535 1276 2568 ad
1290 2545 1368 2569 rem
1384 2537 1620 2579 iudiciariam,
1646 2539 1691 2572 de
1711 2549 1781 2582 qua
1797 2543 1987 2585 praecipue

1123 2585 1181 2618 hic
1204 2586 1291 2627 agit,
1316 2586 1382 2619 sed
1404 2589 1599 2628 generatim
1622 2589 1812 2630 significat:
1840 2592 1986 2633 «immo,

1124 2634 1220 2676 quod
1243 2635 1356 2669 maius
1373 2636 1479 2669 etiam
1495 2639 1564 2678 est,
1589 2638 1683 2671 tanta
1699 2638 1762 2675 fnit
1777 2640 1987 2684 simplicium

1125 2685 1283 2726 equitum
1298 2685 1554 2726 Romanorum,
1579 2686 1681 2721 nullis
1701 2688 1894 2724 honoribus
1909 2690 1988 2723 fun—

1125 2734 1280 2775 ctorum,
1305 2736 1477 2776 potentia,
1502 2737 1541 2769 ut
1564 2736 1734 2771 arbitratu
1755 2747 1820 2772 suo
1843 2741 1927 2773 tunc
1941 2740 1987 2773 de

1123 2782 1225 2816 bellis
1247 2792 1289 2816 ac
1312 2784 1460 2826 pacibus
1476 2784 1717 2820 deciderent.»
1737 2806 1770 2811 —
1788 2789 1920 2832 Matios]
1946 2790 1985 2823 C.

1124 2833 1268 2867 Matium
1294 2833 1466 2875 intelligit,
1500 2835 1659 2869 Caesaris
1682 2830 1855 2879 primum,
1887 2839 1988 2872 dein-

1125 2891 1209 2925 ceps
1230 2883 1407 2916 octaviani
1429 2884 1601 2925 amicum,
1626 2887 1726 2920 cuius
1750 2890 1864 2922 exstat
1884 2887 1988 2922 nobi—

1123 2932 1255 2965 lissima
1289 2931 1436 2974 epistola
1468 2933 1515 2966 ad
1545 2935 1752 2970 Ciceronem
1780 2939 1905 2980 missa,
1941 2938 1987 2972 ad

1124 2983 1219 3015 Fam.
1245 2981 1299 3021 44,
1324 2981 1378 3015 28.
1415 2982 1549 3017 Crebra
1572 2986 1647 3019 eius
1669 2986 1708 3019 fit
1730 2987 1824 3029 apud
1848 2988 1987 3022 Cicero·

1124 3039 1208 3064 nem
1240 3032 1385 3065 mentio,
1424 3032 1511 3067 Vide
1542 3034 1721 3069 onomast.
1756 3036 1841 3070 Tull.
1872 3037 1940 3071 vol.
1964 3038 1985 3071 2

1125 3089 1159 3123 p.
1185 3080 1242 3113 394
1270 3089 1324 3123 sq.
1357 3080 1443 3115 Plin.
1468 3084 1510 3116 N.
1534 3084 1576 3117 H.
1603 3085 1643 3118 42
1668 3085 1688 3127 5
1713 3086 1772 3120 ⁴3:
1802 3086 1837 3120 C.
1860 3088 1988 3122 Matius

1125 3138 1169 3163 ex
1190 3130 1333 3170 equestri
1353 3132 1486 3173 ordine,
1511 3133 1578 3167 divi
1599 3134 1739 3176 Anausin·
1761 3136 1898 3170 amicus.
1933 3137 1984 3171 Cf.

1126 3178 1255 3212 Bitschl
1284 3181 1434 3223 Parerga
1457 3183 1490 3223 1,
1515 3191 1550 3225 p.
1575 3182 1628 3216 37.
1655 3200 1690 3206 —
1721 3184 1843 3226 Vedios]
1874 3186 1987 3228 Signi-

1125 3227 1207 3261 ficat
1235 3228 1384 3263 Vedium
1411 3230 1622 3273 Pollionem,
1655 3233 1754 3266 cuius
1779 3232 1881 3269 luxus
1906 3243 1985 3277 me-

1126 3278 1337 3320 moraturi,
1361 3280 1414 3313 40.

1169 3326 1221 3360 64.
1246 3328 1376 3371 Coeum]
1402 3328 1496 3363 Caeli
1512 3332 1548 3363 et
1562 3331 1689 3363 Terrae
1707 3331 1827 3372 filium,
1852 3333 1898 3368 de
1914 3344 1983 3377 quo

1126 3375 1299 3411 Hesiodus
1329 3378 1457 3437 Theog.
1482 3379 1564 3412 404·
1601 3378 1723 3424 Φοίβη
1751 3375 1837 3416 δἀὅ
1864 3383 1984 3425 Κοίου

1125 3423 1366 3474 πολυήρατος
1393 3421 1509 3471 ἢλθεν
1536 3427 1577 3470 ἐς
1609 3425 1742 3474 εὐνήν·
1777 3431 1984 3481 Κυσαμόνη
