2254 3770
326 309 380 352 36
798 314 844 357 P.
877 313 1126 359 CORNELII
1156 313 1326 359 TACITI
1355 312 1624 359 ANNALIUM

326 416 504 461 dimittit.
555 418 636 475 (40)
667 432 720 463 eo
749 419 792 463 in
822 426 938 464 metu
968 435 1150 480 arguere
1181 420 1481 465 Germanicum
1512 434 1662 465 omnes
1691 421 1807 480 quod
1837 436 1924 467 non
1953 420 2008 467 ad
2037 435 2112 467 su-

325 493 540 550 periorem
569 496 801 539 exercitum
831 503 1046 554 pergeret,
1089 497 1162 540 ubi
1193 496 1403 554 obsequia
1443 502 1486 555 et
1516 502 1663 541 contra
1690 497 1865 543 rebellis
1894 497 2110 543 auxilium.

324 569 426 613 satis
456 583 673 628 superque
710 571 914 615 missione
945 578 987 615 et
1014 572 1198 629 pecunia
1227 577 1270 615 et
1298 570 1497 614 mollibus
1528 571 1731 617 consultis
1761 579 1999 631 peccatum.
2042 571 2112 617 vel

324 644 359 686 si
389 643 484 688 vilis
513 644 594 703 ipsi
625 645 760 697 salus,
804 660 880 690 cur
914 646 1048 690 filium
1084 646 1326 704 parvulum,
1370 660 1447 690 cur
1482 646 1701 704 gravidam
1737 649 1963 707 coniugem
1999 649 2111 693 inter

292 718 511 763 sfurentes
550 727 593 764 et
628 721 765 764 omnis
801 721 973 765 humani
1004 722 1108 765 iuris
1138 721 1368 766 violatores
1401 722 1609 766 haberet?
1652 722 1746 768 illos
1777 724 1928 768 saltem
1958 737 2039 768 avo
2069 730 2113 768 et

323 795 384 839 rei
414 794 611 852 publicae
643 796 855 840 redderet.
897 796 970 840 diu
1001 803 1221 841 cunctatus
1253 804 1552 854 aspernantem
1582 812 1781 850 uxorem,
1814 813 1911 844 cum
1941 813 1990 844 se
2011 799 2110 844 divo

320 871 509 927 Augusto
539 877 674 914 ortam
692 886 835 930 neque
856 872 1116 929 degenerem
1137 872 1190 916 ad
1212 872 1404 930 pericula
1423 879 1668 924 testaretur,
1701 881 1919 932 postremo
1937 878 2111 918 uterum

321 945 414 989 eius
444 953 486 990 et
514 960 782 1008 communem
811 947 945 990 filium
973 947 1104 991 multo
1136 961 1233 991 cum
1264 946 1367 991 fletu
1388 947 1657 1005 complexus,
1689 955 1736 992 ut
1754 948 1891 993 abiret
1909 948 2108 1007 perpulit.

319 1020 545 1065 incedebat
573 1022 782 1066 muliebre
812 1029 855 1067 et
883 1022 1127 1066 miserabile
1157 1037 1329 1080 agmen,
1370 1023 1551 1081 profuga
1580 1023 1703 1067 ducis
1732 1038 1842 1068 uxor
1881 1023 2109 1082 parvulum

269 1110 306 1140 4ο
318 1096 413 1140 sinu
443 1097 575 1141 filium
604 1112 776 1156 gerens,
813 1098 1092 1142 lamentantes
1122 1100 1283 1143 circum
1314 1099 1550 1143 amicorum
1579 1099 1802 1158 coniuges,
1839 1113 1953 1158 quae
1982 1098 2108 1144 simul

316 1171 611 1227 trahebantur;
642 1188 723 1218 nec
752 1174 891 1217 minus
922 1174 1063 1218 tristes
1093 1174 1167 1232 qui
1188 1173 1428 1217 manebant.
1480 1173 1560 1231 (44)
1592 1188 1678 1218 non
1698 1173 1887 1218 florentis
1909 1175 2106 1219 Caesaris

316 1262 457 1306 neque
494 1249 583 1293 suis
619 1249 663 1292 in
701 1249 871 1300 castris,
913 1256 978 1292 set
1015 1249 1132 1293 velut
1168 1250 1210 1292 in
1245 1249 1353 1293 urbe
1394 1249 1505 1293 victa
1544 1249 1697 1301 facies,
1741 1250 2012 1309 gemitusque
2054 1264 2106 1295 ac

316 1323 510 1380 planctus
540 1324 668 1368 etiam
696 1324 876 1368 militum
906 1339 1032 1369 aures
1054 1339 1217 1383 oraque
1240 1325 1478 1368 advertere.
1519 1313 1854 1383 progrediuntur
1873 1325 2105 1370 contuber-

262 1434 265 1437 .
315 1399 408 1443 niis.
459 1400 556 1458 quis
586 1400 655 1444 ille
685 1400 840 1444 flebilis
870 1401 1031 1444 sonus?
1061 1400 1179 1458 quod
1208 1407 1294 1444 tam
1324 1400 1474 1444 triste?
1504 1399 1683 1444 feminas
1713 1399 1912 1453 inlustres
1945 1427 1999 1435 —
2019 1414 2106 1445 non

266 1486 303 1517 ⁴5
315 1475 607 1520 centurionem
637 1475 690 1519 ad
719 1475 909 1527 tutelam,
951 1490 1037 1519 non
1065 1475 1259 1527 militem,
1291 1475 1394 1519 nihil
1423 1475 1724 1533 imperatoriae
1755 1476 1899 1520 uxoris
1930 1482 2003 1520 aut
2031 1489 2105 1521 co-

314 1552 484 1595 mitatus
515 1551 626 1596 soliti
654 1577 707 1585 -—
728 1565 909 1610 pergere
919 1551 985 1607 ‚ad
1005 1551 1202 1595 Treviros
1224 1558 1267 1595 et
1286 1557 1488 1595 externae
1508 1551 1621 1595 fidei.
1652 1551 1795 1609 pudor
1823 1551 1924 1596 inde
1954 1558 1998 1596 et
2025 1552 2106 1595 mi-

314 1628 471 1671 seratio
513 1634 555 1672 et
589 1627 721 1685 patris
759 1627 988 1685 Agrippae,
1029 1627 1206 1685 Augusti
1243 1627 1309 1671 avi
1348 1626 1576 1680 memoria;
1622 1641 1748 1672 socer
1776 1614 1964 1680 Drusus;
2010 1627 2105 1686 ipsa

313 1703 466 1761 insigni
488 1702 764 1754 fecunditate,
796 1702 1020 1760 praeclara
1048 1702 1273 1760 pudicitia;
1307 1702 1392 1746 iam
1421 1703 1556 1746 infans
1586 1703 1628 1745 in
1660 1702 1810 1746 castris
1840 1704 2027 1761 genitus,
2059 1703 2103 1746 in

312 1779 592 1823 contubernio
621 1778 838 1836 legionum
868 1777 1069 1831 eductus,
1102 1791 1234 1836 quem
1261 1777 1430 1822 militari
1450 1774 1661 1822 vocabulo
1688 1777 1922 1836 Caligulam
1952 1777 2102 1837 appel-

262 1865 299 1897 20
312 1854 475 1907 labant,
517 1855 619 1913 quia
653 1853 909 1912 plerumque
947 1854 1002 1898 ad
1033 1854 1299 1898 concilianda
1326 1853 1442 1912 vulgi
1473 1853 1612 1897 studia
1643 1868 1695 1898 eo
1726 1854 1912 1912 tegmine
1940 1853 2101 1913 pedum

311 1930 581 1975 induebatur.
611 1930 692 1974 sed
722 1930 824 1973 nihil
855 1943 994 1987 aeque
1024 1928 1140 1974 flexit
1166 1943 1297 1988 quam
1325 1928 1484 1974 invidia
1510 1929 1553 1972 in
1580 1929 1790 1973 Treviros.
1833 1936 1956 1974 orant
1984 1929 2101 1974 obsi-

351 2052 384 2084 5.
410 2048 479 2084 ems
492 2051 527 2085 M
544 2067 580 2073 —
606 2050 638 2083 7.
658 2050 815 2092 deqenere
835 2059 890 2092 pr.
907 2050 942 2084 M
958 2067 994 2073 —
1021 2050 1054 2083 8.
1071 2052 1213 2093 conflatu
1234 2059 1288 2093 pr.
1306 2051 1341 2085 M
1358 2067 1396 2076 -·-
1420 2050 1474 2083 43.
1491 2049 1734 2083 conturberniis
1748 2050 1782 2083 M
1801 2069 1837 2076 -
1863 2049 1917 2085 ⁴4.
1935 2050 2016 2091 qm'd
2030 2053 2100 2084 tam

309 2107 483 2141 HeInsius.
500 2124 537 2130 -
557 2107 609 2139 45.
626 2105 708 2147 imp.
720 2106 823 2139 uoeori
836 2106 970 2139 honoris
984 2109 1044 2139 aut
1054 2107 1248 2140 Wurmius.
1265 2124 1299 2130 —
1315 2107 1369 2140 46.
1386 2109 1454 2140 ext.
1471 2106 1563 2139 tradi
1574 2106 1651 2149 fidei
1665 2106 1774 2139 idem.
1790 2124 1826 2129 —
1846 2107 1898 2139 47.
1914 2107 2098 2149 augustam·

307 2165 471 2198 memoria
491 2163 526 2198 M
553 2180 590 2186 —
615 2162 669 2196 2⁴.
695 2163 796 2196 elean't
816 2171 871 2205 pr.
895 2163 930 2196 M
955 2180 991 2186 —
1017 2162 1178 2196 absistunt
1198 2172 1252 2206 pr.
1277 2163 1330 2203 M;
1355 2162 1517 2196 absistant
1539 2171 1633 2196 corr.
1655 2163 1689 2196 M
1713 2162 1882 2206 (obsistunt
1905 2163 2052 2206 margo).

351 2257 405 2291 40.
430 2258 466 2290 iu
487 2257 586 2299 metu]
610 2257 646 2290 in
666 2255 894 2290 formidoloso
910 2265 953 2290 ac
968 2257 1107 2299 trepido
1122 2266 1178 2290 re·
1227 2257 1372 2300 quidem
1388 2257 1555 2299 gregarii,
1582 2256 1711 2299 quibus
1728 2255 1813 2290 nihil
1828 2257 1891 2298 sit,
1917 2258 2014 2300 quod
2029 2259 2098 2292 im-

308 2316 388 2340 rum
404 2308 513 2347 statu,
539 2306 625 2340 dum
648 2306 886 2347 metuebatur,
911 2315 956 2339 ne
972 2306 1091 2340 rabies
1108 2308 1176 2340 cito
1226 2309 1398 2350 peratoris
1429 2315 1578 2341 uxorem
1606 2307 1757 2349 indicet,
1795 2307 1879 2341 nihil
1908 2309 2096 2342 comitatus

308 2357 451 2391 rediret.
483 2357 534 2390 Cf.
561 2356 619 2396 44,
645 2356 699 2390 43.
726 2358 779 2398 45,
805 2356 859 2390 45.
885 2357 971 2389 Hist.
999 2358 1030 2398 4,
1055 2357 1109 2390 86.
1137 2374 1172 2381 —-
1225 2357 1444 2391 honorifici.»
1473 2358 1601 2389 Ducam.
1636 2375 1673 2381 —
1708 2360 1868 2390 externae
1893 2358 1983 2402 fidei]
2017 2357 2094 2392 scil.

305 2407 412 2450 fllium
431 2406 623 2448 parvulum]
656 2407 778 2439 Gaium
803 2407 994 2439 Caesarem
1025 2405 1177 2448 (Caligu-

307 2456 389 2499 lam)
421 2459 542 2490 natum
570 2456 661 2499 prid.
692 2455 765 2490 Kal.
796 2457 892 2499 Sept.
923 2465 955 2489 a.
986 2465 1021 2489 u.
1055 2466 1086 2490 c.
1112 2458 1176 2490 765

310 2509 399 2541 teste
423 2507 590 2541 Suetonio
615 2506 722 2548 Calig.
748 2507 780 2540 8.
801 2525 837 2530 —
861 2515 965 2548 neque
987 2507 1177 2549 degenerem

308 2558 353 2590 ad
370 2557 535 2598 pericula]
560 2565 631 2590 non
654 2557 701 2590 ita
724 2556 994 2599 degeneratam,
1019 2558 1058 2588 ut
1079 2557 1177 2599 peri-

309 2606 386 2640 cula
409 2607 528 2640 subire
552 2608 727 2649 nequiret.
749 2625 784 2631 -—
809 2606 966 2640 muliebre
988 2609 1018 2640 et
1039 2607 1177 2640 misera-

308 2657 370 2691 bile
390 2657 519 2700 aymen]
543 2658 783 2691 infirmitatem
807 2666 913 2691 sexus
935 2656 1095 2700 pluribus
1111 2666 1176 2699 pe-

306 2707 425 2742 riculis
442 2708 589 2751 expositi
605 2710 711 2750 atque
726 2708 871 2741 inermis
883 2708 1055 2749 significat
1066 2707 1175 2740 multo

307 2758 452 2800 melius,
485 2767 593 2801 quam
620 2759 650 2791 si
674 2758 819 2792 dixisset
845 2758 1031 2791 miserabile
1056 2767 1175 2800 cymen

306 2809 474 2843 muliebre.

350 2860 405 2895 44.
429 2863 477 2894 set
495 2860 584 2893 velut
605 2860 641 2892 in
659 2859 741 2892 urbe
753 2859 843 2892 victa
858 2859 940 2900 eet]
964 2859 1024 2899 Ea,
1046 2859 1171 2901 inquit,

307 2911 414 2944 facies
433 2917 554 2942 rerum
566 2934 574 2950 ,
599 2918 670 2941 non
686 2909 824 2942 florenti
840 2909 983 2942 Caesari
999 2909 1035 2941 et
1049 2909 1174 2941 castris

305 2962 379 2995 suis
402 2959 568 3000 subnixo,
600 2959 665 2992 sed
692 2959 772 2991 urbi
795 2960 918 3001 captae
942 2959 1170 2999 conveniens,

306 3012 342 3044 h.
368 3020 400 3044 e.
427 3010 605 3043 discessus
636 3009 694 3042 hic
722 3007 904 3042 muliebris
928 3008 1075 3050 agminis
1099 3010 1173 3041 tre-

305 3054 409 3103 pidus
432 3061 537 3101 atque
559 3059 753 3091 inhonorus
773 3058 995 3100 gemitusque
1012 3066 1054 3090 ac
1069 3056 1171 3100 plan-

306 3111 383 3143 ctus
414 3110 520 3142 etiam
546 3107 696 3141 militum
718 3108 854 3141 animos
877 3108 956 3140 visu
978 3107 1170 3149 audituque

304 3159 491 3201 percussit.
515 3158 541 3191 1.
564 3158 600 3191 F.
624 3159 773 3190 Gnouov.
804 3174 840 3180 —
872 3156 973 3199 triste]
1005 3156 1171 3189 substan-

305 3210 365 3241 tivi
391 3210 468 3242 vice
499 3208 652 3250 fungitur
681 3215 746 3250 pro
771 3207 888 3240 «triste
911 3205 1169 3248 spectaculum,

303 3259 408 3291 tristis
424 3267 516 3300 res‚»
539 3261 578 3292 ut
593 3254 735 3299 Vergilii
748 3255 820 3290 Ecl.
835 3256 868 3297 3,
884 3257 945 3290 80:
969 3257 1062 3289 tm‘ste
1075 3257 1172 3297 lupus

302 3308 449 3342 stabulis.
473 3310 562 3342 Ann.
581 3309 635 3350 45,
653 3307 714 3341 34:
739 3307 831 3340 triste
845 3324 894 3332 --
909 3307 1025 3340 evenit.
1045 3324 1081 3330 —
1103 3316 1170 3339 non

303 3358 525 3391 centurionem
550 3375 604 3382 --
629 3356 725 3399 soliti]
759 3357 884 3398 Magno
918 3356 1046 3389 affectu
1079 3356 1168 3389 haec

303 3406 397 3440 nude
427 3407 715 3449 interponuntur,
749 3406 817 3440 hoc
845 3414 974 3439 sensu:
1012 3404 1166 3447 «quibus

302 3464 373 3491 non
396 3457 555 3498 centurio
571 3457 722 3491 addatur
737 3455 783 3489 ad
798 3455 956 3497 tutelam,
977 3463 1022 3489 ne
1038 3453 1167 3488 milites

1224 2407 1379 2440 homines.
1415 2407 1505 2439 Cum
1527 2405 1655 2439 Wolfio
1684 2415 1749 2448 pro
1778 2407 1939 2448 genetivo
1960 2407 2096 2441 habere

1224 2458 1381 2499 praestat
1403 2465 1510 2499 quam
1534 2464 1616 2489 cum
1639 2455 1714 2490 aliis
1737 2466 1802 2500 pro
1827 2457 1962 2499 dativo,
1986 2458 2034 2491 ita
2056 2458 2097 2491 ut

1226 2515 1270 2539 ex
1291 2515 1326 2539 v.
1346 2515 1486 2548 pergere
1509 2504 1722 2539 eliciendum
1745 2507 1791 2540 sit
1811 2507 1983 2542 committi.
2002 2508 2096 2553 ¹Tra-

1225 2557 1289 2589 viri
1312 2558 1431 2589 autem
1454 2555 1612 2589 nondum
1636 2558 1737 2589 erant
1759 2558 1855 2591 cives
1871 2557 2030 2591 Romani.
2054 2558 2095 2591 In

1224 2606 1402 2649 plerisque
1437 2606 1724 2649 inscriptionibus
1758 2608 1853 2650 apud
1886 2608 2095 2642 Lei-scnium

1225 2658 1506 2691 centralmuseum
1538 2657 1596 2690 111.
1633 2656 1837 2691 scribuntur
1871 2658 2021 2699 Treuert,
2057 2658 2095 2692 in

1226 2707 1366 2741 duabus
1394 2708 1514 2740 tamen
1542 2716 1577 2749 p.
1603 2707 1634 2740 3.
1662 2707 1798 2741 Treviri.
1835 2710 1878 2742 At
1901 2709 2026 2742 Cicero
2048 2707 2095 2742 ad

1226 2759 1322 2791 Fam.
1347 2758 1379 2798 7,
1406 2757 1459 2798 43,
1484 2758 1524 2790 2:
1558 2758 1708 2791 Treviros
1727 2758 1810 2791 vites
1830 2767 1963 2793 censeo:
1992 2759 2095 2792 audio

1224 2807 1379 2849 capitalis
1406 2815 1483 2840 esse.
1510 2824 1547 2830 —
1579 2815 1671 2840 socer
1692 2807 1835 2850 Drusus]
1863 2809 1924 2842 Vis
1949 2808 2094 2850 insignis

1225 2859 1280 2891 est
1307 2858 1342 2890 in
1371 2857 1439 2889 hac
1469 2857 1761 2889 commutatione:
1795 2867 1865 2890 non
1895 2859 1967 2891 tam
1989 2857 2094 2891 Drusi

1223 2907 1394 2940 memoria
1418 2914 1526 2947 quam
1549 2906 1625 2947 ipse
1642 2907 1880 2940 amatissimus
1900 2907 2094 2949 imperator

1223 2957 1349 2990 animis
1377 2955 1638 2989 obversabatur
1666 2964 1748 2989 cum
1772 2956 1963 2990 miserabili
1986 2965 2089 2990 nuru.

1222 3007 1341 3040 Wow.
1367 3006 1629 3049 Enumerantur
1644 3005 1702 3038 hic
1717 3005 1902 3047 gradatim,
1921 3014 2012 3048 quae
2029 3013 2091 3039 eos

1220 3057 1349 3098 flectere
1374 3055 1589 3097 inceperint;
1622 3063 1700 3088 rem
1729 3053 1880 3088 absolvit
1904 3055 2034 3088 invidia
2053 3055 2090 3087 in

1223 3106 1383 3139 Treviros.
1411 3122 1447 3130 —
1471 3104 1595 3146 insigni
1615 3104 1825 3146 fecunditate]
1850 3103 1902 3137 Cf.
1927 3104 1960 3145 2,
1976 3103 2032 3138 43.
2049 3120 2086 3127 —

1219 3156 1255 3189 in
1277 3155 1397 3188 castris
1416 3154 1554 3197 genitus]
1580 3155 1721 3187 sueton.
1744 3153 1851 3195 Calig.
1868 3154 1905 3187 8:
1931 3153 1990 3187 On.
2007 3154 2089 3187 Len-

1219 3206 1307 3239 tulus
1334 3206 1523 3239 Gaetulicus
1553 3204 1665 3237 Tiburi
1690 3204 1837 3247 genitum
1863 3203 1997 3237 scribit:
2024 3204 2089 3238 Pli-

1218 3257 1294 3290 m'us
1318 3256 1487 3289 Secundus
1511 3255 1800 3298 (Germanicorum
1822 3254 1981 3287 bellonam
2000 3255 2089 3287 eert-

1214 3310 1294 3348 ptor
1314 3307 1404 3339 Ann.
1430 3306 1462 3346 4,
1487 3305 1539 3347 69)
1571 3304 1607 3338 in
1637 3304 1780 3338 Treviris
1806 3303 1879 3337 vico
1899 3303 2086 3347 Ambtattuo

1216 3364 1320 3397 supra
1339 3355 1562 3398 Confluentes:
1584 3354 1678 3387 addit
1691 3354 1793 3387 eliam
1809 3362 1875 3395 pro
1889 3356 2086 3395 argumente

1217 3414 1299 3438 aras
1311 3403 1356 3437 ibo·
1371 3404 1495 3437 ostendi
1506 3404 1684 3445 inscriptas
1694 3402 1740 3437 ob
1752 3403 1964 3445 Agrippinae
1980 3410 2086 3445 puer-

1216 3455 1368 3497 perium.
1396 3453 1552 3487 Versu-ult
1572 3453 1756 3495 imper-ame
1774 3461 1857 3486 moa>
1870 3460 1908 3486 οο
1922 3451 2085 3495 divulgati
