<?xml version="1.0" encoding="UTF-8"?>
<!DOCTYPE html PUBLIC "-//W3C//DTD XHTML 1.0 Transitional//EN"
    "http://www.w3.org/TR/xhtml1/DTD/xhtml1-transitional.dtd">
<html xmlns="http://www.w3.org/1999/xhtml" xml:lang="en" lang="en">
 <head>
  <title>
</title>
<meta http-equiv="Content-Type" content="text/html;charset=utf-8" />
  <meta name='ocr-system' content='tesseract 3.04.00' />
  <meta name='ocr-capabilities' content='ocr_page ocr_carea ocr_par ocr_line ocrx_word'/>
</head>
<body>
  <div class='ocr_page' id='page_1' title='image "./pcorneliitacitio01taciuoft_0573.png"; bbox 0 0 2254 3770; ppageno 0'>
   <div class='ocr_carea' id='block_1_1' title="bbox 775 277 1967 337">
    <p class='ocr_par' dir='ltr' id='par_1_1' title="bbox 775 277 1967 337">
     <span class='ocr_line' id='line_1_1' title="bbox 775 277 1967 337; baseline -0.003 -12"><span class='ocrx_word' id='word_1_1' title='bbox 775 280 930 325; x_wconf 89' lang='lat' dir='ltr'>LIBER</span> <span class='ocrx_word' id='word_1_2' title='bbox 956 280 1038 324; x_wconf 86' lang='lat' dir='ltr'>XV.</span> <span class='ocrx_word' id='word_1_3' title='bbox 1083 280 1184 337; x_wconf 91' lang='lat' dir='ltr'>Cap.</span> <span class='ocrx_word' id='word_1_4' title='bbox 1214 279 1282 323; x_wconf 88' lang='lat'>63.</span> <span class='ocrx_word' id='word_1_5' title='bbox 1313 280 1381 324; x_wconf 70' lang='lat'>64.</span> <span class='ocrx_word' id='word_1_6' title='bbox 1885 277 1967 322; x_wconf 83' lang='lat'>535</span> 
     </span>
    </p>
   </div>
   <div class='ocr_carea' id='block_1_2' title="bbox 176 383 2013 1424">
    <p class='ocr_par' dir='ltr' id='par_1_2' title="bbox 176 383 2013 1424">
     <span class='ocr_line' id='line_1_2' title="bbox 184 383 1968 445; baseline -0.004 -11"><span class='ocrx_word' id='word_1_7' title='bbox 184 389 300 434; x_wconf 92' lang='lat' dir='ltr'>nullo</span> <span class='ocrx_word' id='word_1_8' title='bbox 329 389 372 432; x_wconf 91' lang='lat' dir='ltr'>in</span> <span class='ocrx_word' id='word_1_9' title='bbox 399 387 620 432; x_wconf 87' lang='lat' dir='ltr'>Paulinam</span> <span class='ocrx_word' id='word_1_10' title='bbox 649 387 822 445; x_wconf 88' lang='lat' dir='ltr'>proprio</span> <span class='ocrx_word' id='word_1_11' title='bbox 852 386 971 438; x_wconf 91' lang='lat' dir='ltr'>odio,</span> <span class='ocrx_word' id='word_1_12' title='bbox 1003 399 1054 435; x_wconf 91' lang='lat' dir='ltr'>ac</span> <span class='ocrx_word' id='word_1_13' title='bbox 1079 399 1133 429; x_wconf 90' lang='lat' dir='ltr'>ne</span> <span class='ocrx_word' id='word_1_14' title='bbox 1155 385 1353 442; x_wconf 82' lang='lat' dir='ltr'>glisceret</span> <span class='ocrx_word' id='word_1_15' title='bbox 1373 384 1531 429; x_wconf 90' lang='lat' dir='ltr'>invidia</span> <span class='ocrx_word' id='word_1_16' title='bbox 1551 383 1829 434; x_wconf 82' lang='lat' dir='ltr'>crudelitatis,</span> <span class='ocrx_word' id='word_1_17' title='bbox 1859 383 1968 427; x_wconf 83' lang='lat' dir='ltr'>iubet</span> 
     </span>
     <span class='ocr_line' id='line_1_3' title="bbox 182 459 1964 519; baseline -0.003 -10"><span class='ocrx_word' id='word_1_18' title='bbox 182 464 363 509; x_wconf 85' lang='lat' dir='ltr'>inhiberi</span> <span class='ocrx_word' id='word_1_19' title='bbox 392 470 586 509; x_wconf 89' lang='lat' dir='ltr'>mortem.</span> <span class='ocrx_word' id='word_1_20' title='bbox 632 461 896 507; x_wconf 85' lang='lat' dir='ltr'>hortantibus</span> <span class='ocrx_word' id='word_1_21' title='bbox 924 460 1128 504; x_wconf 88' lang='lat' dir='ltr'>militibus</span> <span class='ocrx_word' id='word_1_22' title='bbox 1158 461 1270 504; x_wconf 91' lang='lat' dir='ltr'>servi</span> <span class='ocrx_word' id='word_1_23' title='bbox 1307 460 1535 519; x_wconf 86' lang='lat' dir='ltr'>libertique</span> <span class='ocrx_word' id='word_1_24' title='bbox 1564 459 1751 518; x_wconf 84' lang='lat' dir='ltr'>obligant</span> <span class='ocrx_word' id='word_1_25' title='bbox 1779 459 1964 510; x_wconf 90' lang='lat' dir='ltr'>brachia,</span> 
     </span>
     <span class='ocr_line' id='line_1_4' title="bbox 180 534 1967 599; baseline -0.004 -15"><span class='ocrx_word' id='word_1_26' title='bbox 180 545 379 599; x_wconf 91' lang='lat' dir='ltr'>premunt</span> <span class='ocrx_word' id='word_1_27' title='bbox 410 539 678 596; x_wconf 83' lang='lat' dir='ltr'>sanguinem,</span> <span class='ocrx_word' id='word_1_28' title='bbox 711 538 919 582; x_wconf 92' lang='lat' dir='ltr'>incertum</span> <span class='ocrx_word' id='word_1_29' title='bbox 948 550 1002 580; x_wconf 92' lang='lat' dir='ltr'>an</span> <span class='ocrx_word' id='word_1_30' title='bbox 1021 537 1207 594; x_wconf 85' lang='lat' dir='ltr'>ignarae.</span> <span class='ocrx_word' id='word_1_31' title='bbox 1237 549 1335 579; x_wconf 92' lang='lat' dir='ltr'>nam</span> <span class='ocrx_word' id='word_1_32' title='bbox 1354 542 1401 579; x_wconf 92' lang='lat' dir='ltr'>ut</span> <span class='ocrx_word' id='word_1_33' title='bbox 1422 542 1487 579; x_wconf 92' lang='lat' dir='ltr'>est</span> <span class='ocrx_word' id='word_1_34' title='bbox 1505 535 1657 593; x_wconf 83' lang='lat' dir='ltr'>vulgus</span> <span class='ocrx_word' id='word_1_35' title='bbox 1677 534 1732 578; x_wconf 90' lang='lat' dir='ltr'>ad</span> <span class='ocrx_word' id='word_1_36' title='bbox 1752 534 1967 578; x_wconf 85' lang='lat' dir='ltr'>deteriora</span> 
     </span>
     <span class='ocr_line' id='line_1_5' title="bbox 180 610 1967 674; baseline -0.004 -15"><span class='ocrx_word' id='word_1_37' title='bbox 180 622 440 674; x_wconf 87' lang='lat' dir='ltr'>promptum,</span> <span class='ocrx_word' id='word_1_38' title='bbox 486 627 572 658; x_wconf 92' lang='lat' dir='ltr'>non</span> <span class='ocrx_word' id='word_1_39' title='bbox 615 613 790 657; x_wconf 86' lang='lat' dir='ltr'>defuere</span> <span class='ocrx_word' id='word_1_40' title='bbox 834 613 908 671; x_wconf 91' lang='lat' dir='ltr'>qui</span> <span class='ocrx_word' id='word_1_41' title='bbox 952 611 1195 662; x_wconf 87' lang='lat' dir='ltr'>crederent,</span> <span class='ocrx_word' id='word_1_42' title='bbox 1241 611 1381 655; x_wconf 93' lang='lat' dir='ltr'>donec</span> <span class='ocrx_word' id='word_1_43' title='bbox 1418 610 1714 668; x_wconf 82' lang='lat' dir='ltr'>inplacabilem</span> <span class='ocrx_word' id='word_1_44' title='bbox 1752 611 1967 654; x_wconf 89' lang='lat' dir='ltr'>Neronem</span> 
     </span>
     <span class='ocr_line' id='line_1_6' title="bbox 180 684 1996 743; baseline -0.003 -9"><span class='ocrx_word' id='word_1_45' title='bbox 180 691 387 741; x_wconf 89' lang='lat' dir='ltr'>timuerit,</span> <span class='ocrx_word' id='word_1_46' title='bbox 420 690 573 732; x_wconf 89' lang='lat' dir='ltr'>famam</span> <span class='ocrx_word' id='word_1_47' title='bbox 603 689 789 732; x_wconf 86' lang='lat' dir='ltr'>sociatae</span> <span class='ocrx_word' id='word_1_48' title='bbox 820 701 916 732; x_wconf 91' lang='lat' dir='ltr'>cum</span> <span class='ocrx_word' id='word_1_49' title='bbox 947 687 1097 730; x_wconf 92' lang='lat' dir='ltr'>marito</span> <span class='ocrx_word' id='word_1_50' title='bbox 1124 685 1272 729; x_wconf 89' lang='lat' dir='ltr'>mortis</span> <span class='ocrx_word' id='word_1_51' title='bbox 1292 685 1515 743; x_wconf 89' lang='lat' dir='ltr'>petivisse,</span> <span class='ocrx_word' id='word_1_52' title='bbox 1548 685 1705 729; x_wconf 91' lang='lat' dir='ltr'>deinde</span> <span class='ocrx_word' id='word_1_53' title='bbox 1726 684 1868 729; x_wconf 91' lang='lat' dir='ltr'>oblata</span> <span class='ocrx_word' id='word_1_54' title='bbox 1887 686 1996 728; x_wconf 82' lang='lat' dir='ltr'>mi-5</span> 
     </span>
     <span class='ocr_line' id='line_1_7' title="bbox 179 760 1962 823; baseline -0.003 -13"><span class='ocrx_word' id='word_1_55' title='bbox 179 765 287 810; x_wconf 90' lang='lat' dir='ltr'>tiore</span> <span class='ocrx_word' id='word_1_56' title='bbox 327 778 404 823; x_wconf 91' lang='lat' dir='ltr'>spe</span> <span class='ocrx_word' id='word_1_57' title='bbox 441 764 738 808; x_wconf 90' lang='lat' dir='ltr'>blandimentis</span> <span class='ocrx_word' id='word_1_58' title='bbox 768 763 879 806; x_wconf 90' lang='lat' dir='ltr'>vitae</span> <span class='ocrx_word' id='word_1_59' title='bbox 911 762 1112 813; x_wconf 87' lang='lat' dir='ltr'>evictam;</span> <span class='ocrx_word' id='word_1_60' title='bbox 1152 761 1220 805; x_wconf 92' lang='lat' dir='ltr'>cui</span> <span class='ocrx_word' id='word_1_61' title='bbox 1255 760 1419 804; x_wconf 87' lang='lat' dir='ltr'>addidit</span> <span class='ocrx_word' id='word_1_62' title='bbox 1446 774 1608 818; x_wconf 88' lang='lat' dir='ltr'>paucos</span> <span class='ocrx_word' id='word_1_63' title='bbox 1636 767 1788 818; x_wconf 88' lang='lat' dir='ltr'>postea</span> <span class='ocrx_word' id='word_1_64' title='bbox 1816 774 1962 812; x_wconf 90' lang='lat' dir='ltr'>annos,</span> 
     </span>
     <span class='ocr_line' id='line_1_8' title="bbox 177 833 1966 894; baseline -0.003 -10"><span class='ocrx_word' id='word_1_65' title='bbox 177 839 379 885; x_wconf 88' lang='lat' dir='ltr'>laudabili</span> <span class='ocrx_word' id='word_1_66' title='bbox 410 840 451 882; x_wconf 92' lang='lat' dir='ltr'>in</span> <span class='ocrx_word' id='word_1_67' title='bbox 482 840 679 883; x_wconf 91' lang='lat' dir='ltr'>maritum</span> <span class='ocrx_word' id='word_1_68' title='bbox 707 838 913 882; x_wconf 91' lang='lat' dir='ltr'>memoria</span> <span class='ocrx_word' id='word_1_69' title='bbox 943 844 987 881; x_wconf 90' lang='lat' dir='ltr'>et</span> <span class='ocrx_word' id='word_1_70' title='bbox 1014 850 1089 880; x_wconf 93' lang='lat' dir='ltr'>ore</span> <span class='ocrx_word' id='word_1_71' title='bbox 1115 850 1166 880; x_wconf 91' lang='lat' dir='ltr'>ac</span> <span class='ocrx_word' id='word_1_72' title='bbox 1184 833 1454 880; x_wconf 76' lang='lat' dir='ltr'>membris&#39;in</span> <span class='ocrx_word' id='word_1_73' title='bbox 1475 850 1575 880; x_wconf 90' lang='lat' dir='ltr'>eum</span> <span class='ocrx_word' id='word_1_74' title='bbox 1593 835 1800 894; x_wconf 92' lang='lat' dir='ltr'>pallorem</span> <span class='ocrx_word' id='word_1_75' title='bbox 1818 835 1966 880; x_wconf 89' lang='lat' dir='ltr'>alben-</span> 
     </span>
     <span class='ocr_line' id='line_1_9' title="bbox 178 911 1962 969; baseline -0.002 -10"><span class='ocrx_word' id='word_1_76' title='bbox 178 916 308 966; x_wconf 91' lang='lat' dir='ltr'>tibus,</span> <span class='ocrx_word' id='word_1_77' title='bbox 341 921 387 958; x_wconf 92' lang='lat' dir='ltr'>ut</span> <span class='ocrx_word' id='word_1_78' title='bbox 416 915 600 958; x_wconf 89' lang='lat' dir='ltr'>ostentui</span> <span class='ocrx_word' id='word_1_79' title='bbox 630 921 746 958; x_wconf 91' lang='lat' dir='ltr'>esset</span> <span class='ocrx_word' id='word_1_80' title='bbox 774 913 950 956; x_wconf 91' lang='lat' dir='ltr'>multum</span> <span class='ocrx_word' id='word_1_81' title='bbox 979 911 1117 956; x_wconf 90' lang='lat' dir='ltr'>vitalis</span> <span class='ocrx_word' id='word_1_82' title='bbox 1147 911 1320 969; x_wconf 85' lang='lat' dir='ltr'>spiritus</span> <span class='ocrx_word' id='word_1_83' title='bbox 1351 917 1557 968; x_wconf 84' lang='lat' dir='ltr'>egestum.</span> <span class='ocrx_word' id='word_1_84' title='bbox 1590 912 1755 956; x_wconf 89' lang='lat' dir='ltr'>Seneca</span> <span class='ocrx_word' id='word_1_85' title='bbox 1783 911 1962 964; x_wconf 89' lang='lat' dir='ltr'>interim,</span> 
     </span>
     <span class='ocr_line' id='line_1_10' title="bbox 181 985 1964 1038; baseline -0.002 -3"><span class='ocrx_word' id='word_1_86' title='bbox 181 991 361 1035; x_wconf 87' lang='lat' dir='ltr'>durante</span> <span class='ocrx_word' id='word_1_87' title='bbox 391 996 526 1034; x_wconf 89' lang='lat' dir='ltr'>tractu</span> <span class='ocrx_word' id='word_1_88' title='bbox 556 996 598 1033; x_wconf 92' lang='lat' dir='ltr'>et</span> <span class='ocrx_word' id='word_1_89' title='bbox 626 989 876 1033; x_wconf 91' lang='lat' dir='ltr'>lentitudine</span> <span class='ocrx_word' id='word_1_90' title='bbox 895 988 1065 1038; x_wconf 89' lang='lat' dir='ltr'>mortis,</span> <span class='ocrx_word' id='word_1_91' title='bbox 1098 987 1275 1030; x_wconf 89' lang='lat' dir='ltr'>Statium</span> <span class='ocrx_word' id='word_1_92' title='bbox 1294 987 1526 1038; x_wconf 88' lang='lat' dir='ltr'>Annaeum,</span> <span class='ocrx_word' id='word_1_93' title='bbox 1558 985 1632 1030; x_wconf 92' lang='lat' dir='ltr'>diu</span> <span class='ocrx_word' id='word_1_94' title='bbox 1652 986 1733 1030; x_wconf 90' lang='lat' dir='ltr'>sibi</span> <span class='ocrx_word' id='word_1_95' title='bbox 1754 987 1964 1031; x_wconf 86' lang='lat' dir='ltr'>amicitiae</span> 
     </span>
     <span class='ocr_line' id='line_1_11' title="bbox 178 1061 2013 1122; baseline -0.002 -12"><span class='ocrx_word' id='word_1_96' title='bbox 178 1066 264 1110; x_wconf 89' lang='lat' dir='ltr'>fide</span> <span class='ocrx_word' id='word_1_97' title='bbox 295 1072 338 1110; x_wconf 91' lang='lat' dir='ltr'>et</span> <span class='ocrx_word' id='word_1_98' title='bbox 366 1072 456 1110; x_wconf 89' lang='lat' dir='ltr'>arte</span> <span class='ocrx_word' id='word_1_99' title='bbox 485 1065 725 1109; x_wconf 88' lang='lat' dir='ltr'>medicinae</span> <span class='ocrx_word' id='word_1_100' title='bbox 755 1065 997 1122; x_wconf 87' lang='lat' dir='ltr'>probatum,</span> <span class='ocrx_word' id='word_1_101' title='bbox 1030 1069 1141 1114; x_wconf 92' lang='lat' dir='ltr'>orat,</span> <span class='ocrx_word' id='word_1_102' title='bbox 1172 1061 1392 1120; x_wconf 88' lang='lat' dir='ltr'>provisum</span> <span class='ocrx_word' id='word_1_103' title='bbox 1421 1061 1589 1119; x_wconf 88' lang='lat' dir='ltr'>pridem</span> <span class='ocrx_word' id='word_1_104' title='bbox 1614 1076 1844 1115; x_wconf 90' lang='lat' dir='ltr'>venenum,</span> <span class='ocrx_word' id='word_1_105' title='bbox 1876 1076 2013 1120; x_wconf 79' lang='lat' dir='ltr'>quoio</span> 
     </span>
     <span class='ocr_line' id='line_1_12' title="bbox 178 1137 1964 1199; baseline -0.003 -13"><span class='ocrx_word' id='word_1_106' title='bbox 178 1141 364 1186; x_wconf 88' lang='lat' dir='ltr'>damnati</span> <span class='ocrx_word' id='word_1_107' title='bbox 392 1140 565 1199; x_wconf 90' lang='lat' dir='ltr'>publico</span> <span class='ocrx_word' id='word_1_108' title='bbox 585 1139 905 1184; x_wconf 85' lang='lat' dir='ltr'>Atheniensium</span> <span class='ocrx_word' id='word_1_109' title='bbox 925 1138 1084 1182; x_wconf 90' lang='lat' dir='ltr'>iudicio</span> <span class='ocrx_word' id='word_1_110' title='bbox 1106 1137 1462 1195; x_wconf 83' lang='lat' dir='ltr'>extinguerentur,</span> <span class='ocrx_word' id='word_1_111' title='bbox 1492 1143 1727 1194; x_wconf 82' lang='lat' dir='ltr'>promeret3</span> <span class='ocrx_word' id='word_1_112' title='bbox 1758 1137 1964 1181; x_wconf 90' lang='lat' dir='ltr'>adlatum-</span> 
     </span>
     <span class='ocr_line' id='line_1_13' title="bbox 177 1212 1962 1275; baseline -0.003 -14"><span class='ocrx_word' id='word_1_113' title='bbox 177 1231 264 1275; x_wconf 92' lang='lat' dir='ltr'>que</span> <span class='ocrx_word' id='word_1_114' title='bbox 307 1217 448 1261; x_wconf 89' lang='lat' dir='ltr'>hausit</span> <span class='ocrx_word' id='word_1_115' title='bbox 487 1216 659 1264; x_wconf 88' lang='lat' dir='ltr'>frustra,</span> <span class='ocrx_word' id='word_1_116' title='bbox 706 1215 882 1272; x_wconf 84' lang='lat' dir='ltr'>frigidus</span> <span class='ocrx_word' id='word_1_117' title='bbox 917 1215 1002 1258; x_wconf 91' lang='lat' dir='ltr'>iam</span> <span class='ocrx_word' id='word_1_118' title='bbox 1039 1221 1155 1258; x_wconf 90' lang='lat' dir='ltr'>artus</span> <span class='ocrx_word' id='word_1_119' title='bbox 1188 1220 1231 1258; x_wconf 91' lang='lat' dir='ltr'>et</span> <span class='ocrx_word' id='word_1_120' title='bbox 1259 1213 1379 1258; x_wconf 90' lang='lat' dir='ltr'>cluso</span> <span class='ocrx_word' id='word_1_121' title='bbox 1409 1226 1592 1271; x_wconf 91' lang='lat' dir='ltr'>corpore</span> <span class='ocrx_word' id='word_1_122' title='bbox 1621 1212 1850 1257; x_wconf 89' lang='lat' dir='ltr'>adversum</span> <span class='ocrx_word' id='word_1_123' title='bbox 1877 1213 1962 1256; x_wconf 90' lang='lat' dir='ltr'>vim</span> 
     </span>
     <span class='ocr_line' id='line_1_14' title="bbox 176 1289 1962 1350; baseline -0.002 -14"><span class='ocrx_word' id='word_1_124' title='bbox 176 1292 342 1337; x_wconf 89' lang='lat' dir='ltr'>veneni.</span> <span class='ocrx_word' id='word_1_125' title='bbox 387 1298 604 1350; x_wconf 92' lang='lat' dir='ltr'>postremo</span> <span class='ocrx_word' id='word_1_126' title='bbox 643 1298 838 1349; x_wconf 82' lang='lat' dir='ltr'>stagnum</span> <span class='ocrx_word' id='word_1_127' title='bbox 877 1289 1041 1334; x_wconf 91' lang='lat' dir='ltr'>calidae</span> <span class='ocrx_word' id='word_1_128' title='bbox 1077 1303 1216 1348; x_wconf 91' lang='lat' dir='ltr'>aquae</span> <span class='ocrx_word' id='word_1_129' title='bbox 1246 1289 1420 1341; x_wconf 93' lang='lat' dir='ltr'>introiit,</span> <span class='ocrx_word' id='word_1_130' title='bbox 1458 1302 1715 1346; x_wconf 82' lang='lat' dir='ltr'>respergens</span> <span class='ocrx_word' id='word_1_131' title='bbox 1743 1289 1962 1346; x_wconf 85' lang='lat' dir='ltr'>proximos</span> 
     </span>
     <span class='ocr_line' id='line_1_15' title="bbox 177 1363 1962 1424; baseline -0.003 -11"><span class='ocrx_word' id='word_1_132' title='bbox 177 1381 421 1419; x_wconf 88' lang='lat' dir='ltr'>servorum,</span> <span class='ocrx_word' id='word_1_133' title='bbox 463 1366 606 1410; x_wconf 90' lang='lat' dir='ltr'>addita</span> <span class='ocrx_word' id='word_1_134' title='bbox 644 1380 770 1418; x_wconf 90' lang='lat' dir='ltr'>voce,</span> <span class='ocrx_word' id='word_1_135' title='bbox 810 1365 944 1410; x_wconf 89' lang='lat' dir='ltr'>libare</span> <span class='ocrx_word' id='word_1_136' title='bbox 981 1380 1029 1410; x_wconf 91' lang='lat' dir='ltr'>se</span> <span class='ocrx_word' id='word_1_137' title='bbox 1069 1365 1281 1424; x_wconf 87' lang='lat' dir='ltr'>liquorem</span> <span class='ocrx_word' id='word_1_138' title='bbox 1310 1365 1429 1409; x_wconf 93' lang='lat' dir='ltr'>illum</span> <span class='ocrx_word' id='word_1_139' title='bbox 1456 1365 1545 1409; x_wconf 88' lang='lat' dir='ltr'>Iovi</span> <span class='ocrx_word' id='word_1_140' title='bbox 1573 1364 1804 1409; x_wconf 91' lang='lat' dir='ltr'>liberatori.</span> <span class='ocrx_word' id='word_1_141' title='bbox 1849 1363 1962 1408; x_wconf 85' lang='lat' dir='ltr'>exim</span> 
     </span>
    </p>
   </div>
   <div class='ocr_carea' id='block_1_3' title="bbox 0 0 23 707">
    <p class='ocr_par' dir='ltr' id='par_1_3' title="bbox 0 0 23 707">
     <span class='ocr_line' id='line_1_16' title="bbox 0 0 23 707; baseline 0 3063"><span class='ocrx_word' id='word_1_142' title='bbox 0 0 23 707; x_wconf 95' lang='lat' dir='ltr'> </span> 
     </span>
    </p>
   </div>
   <div class='ocr_carea' id='block_1_4' title="bbox 173 1510 1961 1725">
    <p class='ocr_par' dir='ltr' id='par_1_4' title="bbox 173 1510 1961 1725">
     <span class='ocr_line' id='line_1_17' title="bbox 243 1510 1960 1554; baseline -0.001 -9"><span class='ocrx_word' id='word_1_143' title='bbox 243 1515 274 1547; x_wconf 84' lang='grc'>4.</span> <span class='ocrx_word' id='word_1_144' title='bbox 298 1513 386 1546; x_wconf 82' lang='lat' dir='ltr'>iubet</span> <span class='ocrx_word' id='word_1_145' title='bbox 406 1512 547 1545; x_wconf 82' lang='lat' dir='ltr'>inhiberi</span> <span class='ocrx_word' id='word_1_146' title='bbox 568 1515 708 1545; x_wconf 86' lang='lat' dir='ltr'>mortem</span> <span class='ocrx_word' id='word_1_147' title='bbox 730 1512 910 1546; x_wconf 88' lang='lat' dir='ltr'>Heinsius:</span> <span class='ocrx_word' id='word_1_148' title='bbox 942 1512 1082 1546; x_wconf 75' lang='lat' dir='ltr'>inhiberi</span> <span class='ocrx_word' id='word_1_149' title='bbox 1101 1516 1241 1546; x_wconf 87' lang='lat' dir='ltr'>mortem</span> <span class='ocrx_word' id='word_1_150' title='bbox 1262 1512 1406 1554; x_wconf 82' lang='lat' dir='ltr'>imperat</span> <span class='ocrx_word' id='word_1_151' title='bbox 1426 1513 1472 1550; x_wconf 89' lang='lat' dir='ltr'>G;</span> <span class='ocrx_word' id='word_1_152' title='bbox 1506 1511 1646 1544; x_wconf 72' lang='lat' dir='ltr'>inhiberi</span> <span class='ocrx_word' id='word_1_153' title='bbox 1666 1513 1806 1544; x_wconf 81' lang='lat' dir='ltr'>mortem</span> <span class='ocrx_word' id='word_1_154' title='bbox 1828 1510 1960 1544; x_wconf 88' lang='lat' dir='ltr'>omisso</span> 
     </span>
     <span class='ocr_line' id='line_1_18' title="bbox 174 1566 1961 1611; baseline -0.002 -8"><span class='ocrx_word' id='word_1_155' title='bbox 174 1569 288 1603; x_wconf 89' lang='lat' dir='ltr'>verbo</span> <span class='ocrx_word' id='word_1_156' title='bbox 312 1571 365 1609; x_wconf 81' lang='lat' dir='ltr'>M;</span> <span class='ocrx_word' id='word_1_157' title='bbox 397 1569 540 1602; x_wconf 80' lang='lat' dir='ltr'>inhibere</span> <span class='ocrx_word' id='word_1_158' title='bbox 561 1573 701 1602; x_wconf 82' lang='lat' dir='ltr'>mortem</span> <span class='ocrx_word' id='word_1_159' title='bbox 725 1570 922 1602; x_wconf 85' lang='lat' dir='ltr'>Rhenanus.</span> <span class='ocrx_word' id='word_1_160' title='bbox 950 1587 987 1593; x_wconf 90' lang='lat'><strong>—</strong></span> <span class='ocrx_word' id='word_1_161' title='bbox 1013 1570 1044 1603; x_wconf 90' lang='lat'>3.</span> <span class='ocrx_word' id='word_1_162' title='bbox 1062 1568 1182 1611; x_wconf 59' lang='lat' dir='ltr'>{imunt</span> <span class='ocrx_word' id='word_1_163' title='bbox 1204 1570 1238 1604; x_wconf 87' lang='lat' dir='ltr'>M</span> <span class='ocrx_word' id='word_1_164' title='bbox 1264 1587 1301 1594; x_wconf 91' lang='lat'>—</span> <span class='ocrx_word' id='word_1_165' title='bbox 1326 1569 1357 1603; x_wconf 73' lang='lat'>4.</span> <span class='ocrx_word' id='word_1_166' title='bbox 1379 1566 1553 1610; x_wconf 60' lang='lat' dir='ltr'>promptis</span> <span class='ocrx_word' id='word_1_167' title='bbox 1579 1568 1614 1601; x_wconf 87' lang='grc' dir='ltr'>Μ</span> <span class='ocrx_word' id='word_1_168' title='bbox 1638 1586 1674 1592; x_wconf 92' lang='lat'><em>-</em></span> <span class='ocrx_word' id='word_1_169' title='bbox 1700 1568 1732 1600; x_wconf 85' lang='lat'>5.</span> <span class='ocrx_word' id='word_1_170' title='bbox 1756 1567 1885 1609; x_wconf 84' lang='lat' dir='ltr'>famam</span> <span class='ocrx_word' id='word_1_171' title='bbox 1905 1575 1961 1600; x_wconf 86' lang='lat' dir='ltr'>so-</span> 
     </span>
     <span class='ocr_line' id='line_1_19' title="bbox 173 1622 1961 1667; baseline -0.002 -8"><span class='ocrx_word' id='word_1_172' title='bbox 173 1627 283 1660; x_wconf 76' lang='lat' dir='ltr'>ciatae</span> <span class='ocrx_word' id='word_1_173' title='bbox 305 1625 533 1660; x_wconf 90' lang='lat' dir='ltr'>Puteolanus:</span> <span class='ocrx_word' id='word_1_174' title='bbox 557 1626 652 1667; x_wconf 80' lang='lat' dir='ltr'>fama</span> <span class='ocrx_word' id='word_1_175' title='bbox 673 1627 860 1658; x_wconf 82' lang='lat' dir='ltr'>societatem</span> <span class='ocrx_word' id='word_1_176' title='bbox 883 1627 916 1659; x_wconf 83' lang='lat' dir='ltr'>M</span> <span class='ocrx_word' id='word_1_177' title='bbox 941 1643 978 1649; x_wconf 91' lang='lat'>—</span> <span class='ocrx_word' id='word_1_178' title='bbox 1003 1626 1035 1659; x_wconf 85' lang='lat'>9.</span> <span class='ocrx_word' id='word_1_179' title='bbox 1061 1635 1204 1659; x_wconf 84' lang='lat' dir='ltr'>anneum</span> <span class='ocrx_word' id='word_1_180' title='bbox 1228 1627 1261 1659; x_wconf 83' lang='lat' dir='ltr'>M</span> <span class='ocrx_word' id='word_1_181' title='bbox 1286 1644 1322 1650; x_wconf 85' lang='lat'>-</span> <span class='ocrx_word' id='word_1_182' title='bbox 1349 1626 1401 1659; x_wconf 75' lang='lat'>⁴0.</span> <span class='ocrx_word' id='word_1_183' title='bbox 1427 1633 1492 1665; x_wconf 80' lang='lat' dir='ltr'>quo</span> <span class='ocrx_word' id='word_1_184' title='bbox 1514 1625 1665 1658; x_wconf 87' lang='lat' dir='ltr'>damnati</span> <span class='ocrx_word' id='word_1_185' title='bbox 1687 1625 1737 1657; x_wconf 88' lang='lat' dir='ltr'>G:</span> <span class='ocrx_word' id='word_1_186' title='bbox 1771 1624 1814 1664; x_wconf 79' lang='lat' dir='ltr'>qd</span> <span class='ocrx_word' id='word_1_187' title='bbox 1836 1622 1882 1665; x_wconf 93' lang='lat' dir='ltr'>(id</span> <span class='ocrx_word' id='word_1_188' title='bbox 1906 1623 1961 1656; x_wconf 83' lang='lat' dir='ltr'>est</span> 
     </span>
     <span class='ocr_line' id='line_1_20' title="bbox 174 1680 1511 1725; baseline -0.001 -9"><span class='ocrx_word' id='word_1_189' title='bbox 174 1684 271 1725; x_wconf 79' lang='lat' dir='ltr'>quod)</span> <span class='ocrx_word' id='word_1_190' title='bbox 294 1684 367 1716; x_wconf 82' lang='lat' dir='ltr'>anti</span> <span class='ocrx_word' id='word_1_191' title='bbox 389 1683 423 1716; x_wconf 87' lang='lat' dir='ltr'><strong>M</strong></span> <span class='ocrx_word' id='word_1_192' title='bbox 449 1700 483 1706; x_wconf 95' lang='lat'><strong>—</strong></span> <span class='ocrx_word' id='word_1_193' title='bbox 510 1683 563 1715; x_wconf 75' lang='lat'>⁴2.</span> <span class='ocrx_word' id='word_1_194' title='bbox 586 1683 730 1724; x_wconf 73' lang='lat' dir='ltr'>friyidus</span> <span class='ocrx_word' id='word_1_195' title='bbox 749 1683 819 1715; x_wconf 88' lang='lat' dir='ltr'>iam</span> <span class='ocrx_word' id='word_1_196' title='bbox 841 1685 937 1715; x_wconf 88' lang='lat' dir='ltr'>artus</span> <span class='ocrx_word' id='word_1_197' title='bbox 958 1683 1010 1716; x_wconf 87' lang='lat' dir='ltr'>M:</span> <span class='ocrx_word' id='word_1_198' title='bbox 1034 1683 1168 1725; x_wconf 69' lang='lat' dir='ltr'>frigidis</span> <span class='ocrx_word' id='word_1_199' title='bbox 1187 1684 1259 1716; x_wconf 86' lang='lat' dir='ltr'>iam</span> <span class='ocrx_word' id='word_1_200' title='bbox 1280 1682 1422 1715; x_wconf 85' lang='lat' dir='ltr'>artubus</span> <span class='ocrx_word' id='word_1_201' title='bbox 1443 1680 1511 1714; x_wconf 88' lang='lat' dir='ltr'>alii.</span> 
     </span>
    </p>
   </div>
   <div class='ocr_carea' id='block_1_5' title="bbox 167 1818 1044 3462">
    <p class='ocr_par' dir='ltr' id='par_1_5' title="bbox 169 1818 1044 2214">
     <span class='ocr_line' id='line_1_21' title="bbox 173 1818 1044 1863; baseline -0.001 -9"><span class='ocrx_word' id='word_1_202' title='bbox 173 1820 348 1863; x_wconf 83' lang='lat' dir='ltr'>invertere]</span> <span class='ocrx_word' id='word_1_203' title='bbox 375 1820 491 1852; x_wconf 78' lang='lat' dir='ltr'>«meis</span> <span class='ocrx_word' id='word_1_204' title='bbox 513 1819 677 1861; x_wconf 86' lang='lat' dir='ltr'>adeoque</span> <span class='ocrx_word' id='word_1_205' title='bbox 701 1818 775 1853; x_wconf 85' lang='lat' dir='ltr'>aliis</span> <span class='ocrx_word' id='word_1_206' title='bbox 793 1819 914 1853; x_wconf 84' lang='lat' dir='ltr'>verbis</span> <span class='ocrx_word' id='word_1_207' title='bbox 938 1829 1044 1862; x_wconf 88' lang='lat' dir='ltr'>expo-</span> 
     </span>
     <span class='ocr_line' id='line_1_22' title="bbox 175 1868 1044 1911; baseline -0.002 -7"><span class='ocrx_word' id='word_1_208' title='bbox 175 1879 303 1911; x_wconf 82' lang='lat' dir='ltr'>nere»,</span> <span class='ocrx_word' id='word_1_209' title='bbox 327 1871 366 1903; x_wconf 92' lang='lat' dir='ltr'>ut</span> <span class='ocrx_word' id='word_1_210' title='bbox 387 1868 516 1903; x_wconf 87' lang='lat' dir='ltr'>talibus</span> <span class='ocrx_word' id='word_1_211' title='bbox 532 1870 567 1902; x_wconf 90' lang='lat' dir='ltr'>in</span> <span class='ocrx_word' id='word_1_212' title='bbox 583 1869 800 1903; x_wconf 89' lang='lat' dir='ltr'>orationibus</span> <span class='ocrx_word' id='word_1_213' title='bbox 816 1871 922 1911; x_wconf 89' lang='lat' dir='ltr'>atque</span> <span class='ocrx_word' id='word_1_214' title='bbox 939 1869 1044 1903; x_wconf 87' lang='lat' dir='ltr'>coilo-</span> 
     </span>
     <span class='ocr_line' id='line_1_23' title="bbox 175 1920 1043 1963; baseline 0 -10"><span class='ocrx_word' id='word_1_215' title='bbox 175 1922 266 1963; x_wconf 87' lang='lat' dir='ltr'>quiis</span> <span class='ocrx_word' id='word_1_216' title='bbox 289 1920 452 1954; x_wconf 84' lang='lat' dir='ltr'>solebant</span> <span class='ocrx_word' id='word_1_217' title='bbox 472 1921 628 1953; x_wconf 87' lang='lat' dir='ltr'>historici</span> <span class='ocrx_word' id='word_1_218' title='bbox 653 1921 799 1962; x_wconf 85' lang='lat' dir='ltr'>antiqui.</span> <span class='ocrx_word' id='word_1_219' title='bbox 831 1920 881 1954; x_wconf 86' lang='lat' dir='ltr'>Cf.</span> <span class='ocrx_word' id='word_1_220' title='bbox 908 1921 1043 1953; x_wconf 89' lang='lat' dir='ltr'>Seneca</span> 
     </span>
     <span class='ocr_line' id='line_1_24' title="bbox 174 1970 1043 2012; baseline -0.002 -8"><span class='ocrx_word' id='word_1_221' title='bbox 174 1971 316 2004; x_wconf 88' lang='lat' dir='ltr'>Suasor.</span> <span class='ocrx_word' id='word_1_222' title='bbox 340 1971 389 2010; x_wconf 88' lang='lat'>11,</span> <span class='ocrx_word' id='word_1_223' title='bbox 420 1979 456 2012; x_wconf 91' lang='lat' dir='ltr'>p.</span> <span class='ocrx_word' id='word_1_224' title='bbox 480 1971 523 2002; x_wconf 71' lang='lat'>20</span> <span class='ocrx_word' id='word_1_225' title='bbox 555 1970 630 2011; x_wconf 90' lang='lat' dir='ltr'>(ed.</span> <span class='ocrx_word' id='word_1_226' title='bbox 655 1970 825 2012; x_wconf 87' lang='lat' dir='ltr'>Bipont.):</span> <span class='ocrx_word' id='word_1_227' title='bbox 864 1971 943 2002; x_wconf 87' lang='lat' dir='ltr'>Tam</span> <span class='ocrx_word' id='word_1_228' title='bbox 965 1970 1043 2002; x_wconf 87' lang='lat' dir='ltr'>dili-</span> 
     </span>
     <span class='ocr_line' id='line_1_25' title="bbox 173 2021 1044 2063; baseline -0.001 -10"><span class='ocrx_word' id='word_1_229' title='bbox 173 2022 284 2063; x_wconf 63' lang='lat' dir='ltr'>gentes</span> <span class='ocrx_word' id='word_1_230' title='bbox 315 2023 386 2053; x_wconf 88' lang='lat' dir='ltr'>tum</span> <span class='ocrx_word' id='word_1_231' title='bbox 419 2021 589 2053; x_wconf 79' lang='lat' dir='ltr'>auditores</span> <span class='ocrx_word' id='word_1_232' title='bbox 618 2024 733 2061; x_wconf 85' lang='lat' dir='ltr'>erant,</span> <span class='ocrx_word' id='word_1_233' title='bbox 768 2030 810 2053; x_wconf 82' lang='lat' dir='ltr'>ne</span> <span class='ocrx_word' id='word_1_234' title='bbox 836 2021 947 2053; x_wconf 84' lang='lat' dir='ltr'>dicam</span> <span class='ocrx_word' id='word_1_235' title='bbox 974 2024 1044 2053; x_wconf 86' lang='lat' dir='ltr'>tam</span> 
     </span>
     <span class='ocr_line' id='line_1_26' title="bbox 172 2071 1042 2113; baseline -0.002 -9"><span class='ocrx_word' id='word_1_236' title='bbox 172 2072 331 2113; x_wconf 61' lang='lat' dir='ltr'>maligni,</span> <span class='ocrx_word' id='word_1_237' title='bbox 356 2074 395 2103; x_wconf 87' lang='lat' dir='ltr'>ut</span> <span class='ocrx_word' id='word_1_238' title='bbox 415 2073 516 2104; x_wconf 84' lang='lat' dir='ltr'>unius</span> <span class='ocrx_word' id='word_1_239' title='bbox 534 2071 637 2103; x_wconf 87' lang='lat' dir='ltr'>verba</span> <span class='ocrx_word' id='word_1_240' title='bbox 659 2071 787 2112; x_wconf 75' lang='lat' dir='ltr'>surripi</span> <span class='ocrx_word' id='word_1_241' title='bbox 807 2080 874 2103; x_wconf 84' lang='lat' dir='ltr'>non</span> <span class='ocrx_word' id='word_1_242' title='bbox 891 2074 1042 2112; x_wconf 79' lang='lat' dir='ltr'>possent:</span> 
     </span>
     <span class='ocr_line' id='line_1_27' title="bbox 173 2121 1044 2155; baseline -0.001 -1"><span class='ocrx_word' id='word_1_243' title='bbox 173 2125 211 2155; x_wconf 88' lang='lat' dir='ltr'>at</span> <span class='ocrx_word' id='word_1_244' title='bbox 224 2131 314 2154; x_wconf 82' lang='lat' dir='ltr'>nunc</span> <span class='ocrx_word' id='word_1_245' title='bbox 327 2121 458 2155; x_wconf 75' lang='lat' dir='ltr'>cuilibet</span> <span class='ocrx_word' id='word_1_246' title='bbox 472 2123 638 2155; x_wconf 85' lang='lat' dir='ltr'>orationes</span> <span class='ocrx_word' id='word_1_247' title='bbox 651 2122 695 2154; x_wconf 80' lang='lat' dir='ltr'>in</span> <span class='ocrx_word' id='word_1_248' title='bbox 703 2125 864 2155; x_wconf 88' lang='lat' dir='ltr'>vertere</span> <span class='ocrx_word' id='word_1_249' title='bbox 885 2125 954 2154; x_wconf 87' lang='lat' dir='ltr'>tuto</span> <span class='ocrx_word' id='word_1_250' title='bbox 969 2122 1044 2155; x_wconf 86' lang='lat' dir='ltr'>licet</span> 
     </span>
     <span class='ocr_line' id='line_1_28' title="bbox 169 2173 661 2214; baseline -0.002 -9"><span class='ocrx_word' id='word_1_251' title='bbox 169 2181 234 2214; x_wconf 80' lang='lat' dir='ltr'>pro</span> <span class='ocrx_word' id='word_1_252' title='bbox 257 2173 336 2204; x_wconf 85' lang='lat' dir='ltr'>suis.</span> <span class='ocrx_word' id='word_1_253' title='bbox 657 2209 661 2212; x_wconf 17' lang='grc' dir='ltr'><strong><em>Δ</em></strong></span> 
     </span>
    </p>

    <p class='ocr_par' dir='ltr' id='par_1_6' title="bbox 167 2220 1044 3462">
     <span class='ocr_line' id='line_1_29' title="bbox 216 2220 1041 2263; baseline -0.004 -8"><span class='ocrx_word' id='word_1_254' title='bbox 216 2222 270 2255; x_wconf 78' lang='lat'>64.</span> <span class='ocrx_word' id='word_1_255' title='bbox 295 2231 342 2254; x_wconf 91' lang='lat' dir='ltr'>an</span> <span class='ocrx_word' id='word_1_256' title='bbox 364 2220 522 2263; x_wconf 66' lang='lat' dir='ltr'>ignarae]</span> <span class='ocrx_word' id='word_1_257' title='bbox 554 2230 627 2254; x_wconf 76' lang='lat' dir='ltr'>«an</span> <span class='ocrx_word' id='word_1_258' title='bbox 655 2222 703 2254; x_wconf 91' lang='lat' dir='ltr'>ita</span> <span class='ocrx_word' id='word_1_259' title='bbox 725 2222 795 2254; x_wconf 90' lang='lat' dir='ltr'>iam</span> <span class='ocrx_word' id='word_1_260' title='bbox 819 2230 839 2254; x_wconf 91' lang='lat' dir='ltr'>e</span> <span class='ocrx_word' id='word_1_261' title='bbox 863 2221 1041 2262; x_wconf 86' lang='lat' dir='ltr'>sanguinis</span> 
     </span>
     <span class='ocr_line' id='line_1_30' title="bbox 172 2271 1040 2312; baseline -0.002 -7"><span class='ocrx_word' id='word_1_262' title='bbox 172 2273 278 2306; x_wconf 89' lang='lat' dir='ltr'>nimia</span> <span class='ocrx_word' id='word_1_263' title='bbox 302 2272 520 2305; x_wconf 83' lang='lat' dir='ltr'>detractione</span> <span class='ocrx_word' id='word_1_264' title='bbox 545 2271 714 2305; x_wconf 81' lang='lat' dir='ltr'>deiecerit</span> <span class='ocrx_word' id='word_1_265' title='bbox 736 2273 872 2312; x_wconf 88' lang='lat' dir='ltr'>animo,</span> <span class='ocrx_word' id='word_1_266' title='bbox 903 2273 943 2304; x_wconf 92' lang='lat' dir='ltr'>ut</span> <span class='ocrx_word' id='word_1_267' title='bbox 971 2280 1040 2303; x_wconf 92' lang='lat' dir='ltr'>non</span> 
     </span>
     <span class='ocr_line' id='line_1_31' title="bbox 172 2321 1039 2364; baseline 0 -10"><span class='ocrx_word' id='word_1_268' title='bbox 172 2321 382 2364; x_wconf 85' lang='lat' dir='ltr'>intelligeret</span> <span class='ocrx_word' id='word_1_269' title='bbox 397 2331 439 2354; x_wconf 91' lang='lat' dir='ltr'>ac</span> <span class='ocrx_word' id='word_1_270' title='bbox 455 2322 603 2355; x_wconf 84' lang='lat' dir='ltr'>sentiret</span> <span class='ocrx_word' id='word_1_271' title='bbox 615 2322 682 2355; x_wconf 89' lang='lat' dir='ltr'>sibi</span> <span class='ocrx_word' id='word_1_272' title='bbox 700 2321 844 2363; x_wconf 86' lang='lat' dir='ltr'>obligari</span> <span class='ocrx_word' id='word_1_273' title='bbox 860 2322 1039 2354; x_wconf 78' lang='lat' dir='ltr'>brachia.»</span> 
     </span>
     <span class='ocr_line' id='line_1_32' title="bbox 179 2371 1038 2413; baseline -0.001 -9"><span class='ocrx_word' id='word_1_274' title='bbox 179 2390 214 2397; x_wconf 89' lang='lat'><em>-</em></span> <span class='ocrx_word' id='word_1_275' title='bbox 228 2372 352 2404; x_wconf 80' lang='lat' dir='ltr'>Seneca</span> <span class='ocrx_word' id='word_1_276' title='bbox 366 2372 500 2404; x_wconf 84' lang='lat' dir='ltr'>interim</span> <span class='ocrx_word' id='word_1_277' title='bbox 515 2371 597 2413; x_wconf 61' lang='lat' dir='ltr'>cet.]</span> <span class='ocrx_word' id='word_1_278' title='bbox 615 2371 729 2404; x_wconf 88' lang='lat' dir='ltr'>Schol.</span> <span class='ocrx_word' id='word_1_279' title='bbox 747 2371 901 2404; x_wconf 82' lang='lat' dir='ltr'>Iuvenal.</span> <span class='ocrx_word' id='word_1_280' title='bbox 915 2373 947 2412; x_wconf 78' lang='grc' dir='ltr'>ὅ,</span> <span class='ocrx_word' id='word_1_281' title='bbox 964 2371 1038 2404; x_wconf 74' lang='lat'><strong>409:</strong></span> 
     </span>
     <span class='ocr_line' id='line_1_33' title="bbox 172 2422 1043 2463; baseline -0.002 -7"><span class='ocrx_word' id='word_1_282' title='bbox 172 2423 299 2456; x_wconf 77' lang='lat' dir='ltr'>Deinde</span> <span class='ocrx_word' id='word_1_283' title='bbox 320 2422 382 2455; x_wconf 83' lang='lat' dir='ltr'>sibi</span> <span class='ocrx_word' id='word_1_284' title='bbox 397 2431 500 2455; x_wconf 85' lang='lat' dir='ltr'>venas</span> <span class='ocrx_word' id='word_1_285' title='bbox 515 2431 712 2463; x_wconf 76' lang='lat' dir='ltr'>praesecans</span> <span class='ocrx_word' id='word_1_286' title='bbox 727 2431 928 2462; x_wconf 80' lang='lat' dir='ltr'>crurumque</span> <span class='ocrx_word' id='word_1_287' title='bbox 941 2430 1043 2454; x_wconf 86' lang='lat' dir='ltr'>venas</span> 
     </span>
     <span class='ocr_line' id='line_1_34' title="bbox 173 2472 1043 2513; baseline -0.001 -8"><span class='ocrx_word' id='word_1_288' title='bbox 173 2472 370 2513; x_wconf 83' lang='lat' dir='ltr'>abrumpens</span> <span class='ocrx_word' id='word_1_289' title='bbox 401 2475 433 2505; x_wconf 86' lang='lat' dir='ltr'>et</span> <span class='ocrx_word' id='word_1_290' title='bbox 464 2473 607 2504; x_wconf 79' lang='lat' dir='ltr'>durante</span> <span class='ocrx_word' id='word_1_291' title='bbox 643 2475 756 2505; x_wconf 82' lang='lat' dir='ltr'>tractu</span> <span class='ocrx_word' id='word_1_292' title='bbox 787 2473 1043 2512; x_wconf 76' lang='lat' dir='ltr'>lentitudineque</span> 
     </span>
     <span class='ocr_line' id='line_1_35' title="bbox 171 2523 1043 2563; baseline 0 -8"><span class='ocrx_word' id='word_1_293' title='bbox 171 2523 288 2556; x_wconf 82' lang='lat' dir='ltr'>mortis</span> <span class='ocrx_word' id='word_1_294' title='bbox 301 2523 418 2555; x_wconf 76' lang='lat' dir='ltr'>hausto</span> <span class='ocrx_word' id='word_1_295' title='bbox 433 2531 556 2555; x_wconf 84' lang='lat' dir='ltr'>veneno</span> <span class='ocrx_word' id='word_1_296' title='bbox 571 2525 602 2555; x_wconf 90' lang='lat' dir='ltr'>et</span> <span class='ocrx_word' id='word_1_297' title='bbox 614 2526 779 2563; x_wconf 78' lang='lat' dir='ltr'>postremo</span> <span class='ocrx_word' id='word_1_298' title='bbox 794 2523 923 2555; x_wconf 80' lang='lat' dir='ltr'>calidae</span> <span class='ocrx_word' id='word_1_299' title='bbox 933 2531 1043 2562; x_wconf 80' lang='lat' dir='ltr'>aquae</span> 
     </span>
     <span class='ocr_line' id='line_1_36' title="bbox 171 2572 1040 2614; baseline -0.002 -8"><span class='ocrx_word' id='word_1_300' title='bbox 171 2577 328 2614; x_wconf 75' lang='lat' dir='ltr'>staynum</span> <span class='ocrx_word' id='word_1_301' title='bbox 349 2573 510 2605; x_wconf 87' lang='lat' dir='ltr'>introiens</span> <span class='ocrx_word' id='word_1_302' title='bbox 532 2573 748 2605; x_wconf 75' lang='lat' dir='ltr'>exanimatus</span> <span class='ocrx_word' id='word_1_303' title='bbox 769 2575 827 2605; x_wconf 82' lang='lat' dir='ltr'>est.</span> <span class='ocrx_word' id='word_1_304' title='bbox 853 2590 888 2596; x_wconf 95' lang='lat'>—</span> <span class='ocrx_word' id='word_1_305' title='bbox 918 2572 1040 2614; x_wconf 88' lang='lat' dir='ltr'>tractu]</span> 
     </span>
     <span class='ocr_line' id='line_1_37' title="bbox 173 2621 1041 2661; baseline -0.001 -6"><span class='ocrx_word' id='word_1_306' title='bbox 173 2622 418 2661; x_wconf 85' lang='lat' dir='ltr'>diuturnitate,</span> <span class='ocrx_word' id='word_1_307' title='bbox 442 2624 482 2654; x_wconf 93' lang='lat' dir='ltr'>ut</span> <span class='ocrx_word' id='word_1_308' title='bbox 505 2631 536 2655; x_wconf 93' lang='lat' dir='ltr'>c.</span> <span class='ocrx_word' id='word_1_309' title='bbox 555 2622 613 2655; x_wconf 75' lang='lat'>⁴0:</span> <span class='ocrx_word' id='word_1_310' title='bbox 640 2626 752 2654; x_wconf 84' lang='lat' dir='ltr'>tractu</span> <span class='ocrx_word' id='word_1_311' title='bbox 774 2622 857 2655; x_wconf 83' lang='lat' dir='ltr'>belli.</span> <span class='ocrx_word' id='word_1_312' title='bbox 894 2621 1041 2655; x_wconf 90' lang='lat' dir='ltr'>Duobus</span> 
     </span>
     <span class='ocr_line' id='line_1_38' title="bbox 174 2671 1042 2706; baseline 0 -1"><span class='ocrx_word' id='word_1_313' title='bbox 174 2674 294 2705; x_wconf 87' lang='lat' dir='ltr'>autem</span> <span class='ocrx_word' id='word_1_314' title='bbox 316 2671 498 2706; x_wconf 89' lang='lat' dir='ltr'>vocabulis</span> <span class='ocrx_word' id='word_1_315' title='bbox 528 2680 615 2705; x_wconf 89' lang='lat' dir='ltr'>usus</span> <span class='ocrx_word' id='word_1_316' title='bbox 639 2674 694 2705; x_wconf 90' lang='lat' dir='ltr'>est</span> <span class='ocrx_word' id='word_1_317' title='bbox 720 2676 833 2705; x_wconf 81' lang='lat' dir='ltr'>tractu</span> <span class='ocrx_word' id='word_1_318' title='bbox 854 2675 886 2705; x_wconf 89' lang='lat' dir='ltr'>et</span> <span class='ocrx_word' id='word_1_319' title='bbox 906 2673 1042 2705; x_wconf 83' lang='lat' dir='ltr'>lentitu-</span> 
     </span>
     <span class='ocr_line' id='line_1_39' title="bbox 173 2721 1041 2764; baseline 0 -10"><span class='ocrx_word' id='word_1_320' title='bbox 173 2723 265 2762; x_wconf 85' lang='lat' dir='ltr'>dine,</span> <span class='ocrx_word' id='word_1_321' title='bbox 297 2731 367 2764; x_wconf 93' lang='lat' dir='ltr'>quo</span> <span class='ocrx_word' id='word_1_322' title='bbox 397 2721 511 2754; x_wconf 91' lang='lat' dir='ltr'>lector</span> <span class='ocrx_word' id='word_1_323' title='bbox 531 2723 780 2755; x_wconf 85' lang='lat' dir='ltr'>immoraretur</span> <span class='ocrx_word' id='word_1_324' title='bbox 802 2723 838 2755; x_wconf 89' lang='lat' dir='ltr'>in</span> <span class='ocrx_word' id='word_1_325' title='bbox 860 2723 928 2755; x_wconf 90' lang='lat' dir='ltr'>hac</span> <span class='ocrx_word' id='word_1_326' title='bbox 952 2723 1041 2754; x_wconf 90' lang='lat' dir='ltr'>ima-</span> 
     </span>
     <span class='ocr_line' id='line_1_40' title="bbox 174 2770 1041 2813; baseline -0.001 -9"><span class='ocrx_word' id='word_1_327' title='bbox 174 2772 271 2813; x_wconf 83' lang='lat' dir='ltr'>gine,</span> <span class='ocrx_word' id='word_1_328' title='bbox 303 2779 412 2813; x_wconf 88' lang='lat' dir='ltr'>quam</span> <span class='ocrx_word' id='word_1_329' title='bbox 442 2772 502 2804; x_wconf 91' lang='lat' dir='ltr'>diu</span> <span class='ocrx_word' id='word_1_330' title='bbox 531 2772 665 2804; x_wconf 89' lang='lat' dir='ltr'>Seneca</span> <span class='ocrx_word' id='word_1_331' title='bbox 688 2780 770 2804; x_wconf 89' lang='lat' dir='ltr'>cum</span> <span class='ocrx_word' id='word_1_332' title='bbox 794 2773 907 2804; x_wconf 87' lang='lat' dir='ltr'>morte</span> <span class='ocrx_word' id='word_1_333' title='bbox 931 2770 1041 2803; x_wconf 90' lang='lat' dir='ltr'>collu-</span> 
     </span>
     <span class='ocr_line' id='line_1_41' title="bbox 173 2820 1038 2863; baseline 0 -9"><span class='ocrx_word' id='word_1_334' title='bbox 173 2822 287 2854; x_wconf 88' lang='lat' dir='ltr'>ctatus</span> <span class='ocrx_word' id='word_1_335' title='bbox 310 2822 366 2854; x_wconf 86' lang='lat' dir='ltr'>sit.</span> <span class='ocrx_word' id='word_1_336' title='bbox 392 2838 428 2844; x_wconf 94' lang='lat'>——</span> <span class='ocrx_word' id='word_1_337' title='bbox 452 2830 631 2861; x_wconf 87' lang='lat' dir='ltr'>venenum,</span> <span class='ocrx_word' id='word_1_338' title='bbox 657 2830 722 2862; x_wconf 81' lang='lat' dir='ltr'>quo</span> <span class='ocrx_word' id='word_1_339' title='bbox 742 2821 823 2863; x_wconf 91' lang='lat' dir='ltr'>cet.]</span> <span class='ocrx_word' id='word_1_340' title='bbox 848 2820 977 2854; x_wconf 88' lang='lat' dir='ltr'>Plinius</span> <span class='ocrx_word' id='word_1_341' title='bbox 997 2821 1038 2854; x_wconf 92' lang='lat' dir='ltr'>N.</span> 
     </span>
     <span class='ocr_line' id='line_1_42' title="bbox 173 2871 1038 2912; baseline 0.001 -9"><span class='ocrx_word' id='word_1_342' title='bbox 173 2871 214 2903; x_wconf 88' lang='lat' dir='ltr'>H.</span> <span class='ocrx_word' id='word_1_343' title='bbox 240 2871 282 2903; x_wconf 73' lang='lat'>25</span> <span class='ocrx_word' id='word_1_344' title='bbox 311 2871 332 2912; x_wconf 82' lang='lat'>§</span> <span class='ocrx_word' id='word_1_345' title='bbox 355 2872 437 2903; x_wconf 69' lang='lat'><strong>⁴5⁴:</strong></span> <span class='ocrx_word' id='word_1_346' title='bbox 477 2871 593 2904; x_wconf 83' lang='lat' dir='ltr'>Cicuta</span> <span class='ocrx_word' id='word_1_347' title='bbox 627 2880 756 2912; x_wconf 77' lang='lat' dir='ltr'>quoque</span> <span class='ocrx_word' id='word_1_348' title='bbox 787 2881 947 2904; x_wconf 86' lang='lat' dir='ltr'>venenum</span> <span class='ocrx_word' id='word_1_349' title='bbox 980 2874 1038 2912; x_wconf 84' lang='lat' dir='ltr'>est,</span> 
     </span>
     <span class='ocr_line' id='line_1_43' title="bbox 167 2920 1041 2963; baseline 0.001 -11"><span class='ocrx_word' id='word_1_350' title='bbox 167 2920 304 2962; x_wconf 79' lang='lat' dir='ltr'>publica</span> <span class='ocrx_word' id='word_1_351' title='bbox 324 2921 566 2954; x_wconf 79' lang='lat' dir='ltr'>Atheniensium</span> <span class='ocrx_word' id='word_1_352' title='bbox 592 2931 701 2962; x_wconf 81' lang='lat' dir='ltr'>poena</span> <span class='ocrx_word' id='word_1_353' title='bbox 721 2923 844 2955; x_wconf 85' lang='lat' dir='ltr'>invisa.</span> <span class='ocrx_word' id='word_1_354' title='bbox 872 2940 908 2946; x_wconf 89' lang='lat'><em>-</em></span> <span class='ocrx_word' id='word_1_355' title='bbox 939 2922 1041 2963; x_wconf 72' lang='lat' dir='ltr'>friqi-</span> 
     </span>
     <span class='ocr_line' id='line_1_44' title="bbox 173 2971 1040 3014; baseline 0.002 -11"><span class='ocrx_word' id='word_1_356' title='bbox 173 2971 235 3003; x_wconf 84' lang='lat' dir='ltr'>dus</span> <span class='ocrx_word' id='word_1_357' title='bbox 247 2971 319 3003; x_wconf 87' lang='lat' dir='ltr'>iam</span> <span class='ocrx_word' id='word_1_358' title='bbox 334 2971 440 3013; x_wconf 88' lang='lat' dir='ltr'>artus]</span> <span class='ocrx_word' id='word_1_359' title='bbox 457 2971 633 3005; x_wconf 82' lang='lat' dir='ltr'>Calefacto</span> <span class='ocrx_word' id='word_1_360' title='bbox 650 2973 787 3005; x_wconf 90' lang='lat' dir='ltr'>tantum</span> <span class='ocrx_word' id='word_1_361' title='bbox 803 2981 951 3014; x_wconf 90' lang='lat' dir='ltr'>corpore</span> <span class='ocrx_word' id='word_1_362' title='bbox 967 2973 1040 3005; x_wconf 85' lang='lat' dir='ltr'>vim</span> 
     </span>
     <span class='ocr_line' id='line_1_45' title="bbox 172 3021 1041 3063; baseline 0 -10"><span class='ocrx_word' id='word_1_363' title='bbox 172 3028 275 3053; x_wconf 88' lang='lat' dir='ltr'>suam</span> <span class='ocrx_word' id='word_1_364' title='bbox 299 3021 430 3052; x_wconf 86' lang='lat' dir='ltr'>exserit</span> <span class='ocrx_word' id='word_1_365' title='bbox 454 3021 586 3061; x_wconf 86' lang='lat' dir='ltr'>cicuta,</span> <span class='ocrx_word' id='word_1_366' title='bbox 619 3030 701 3054; x_wconf 87' lang='lat' dir='ltr'>curn</span> <span class='ocrx_word' id='word_1_367' title='bbox 732 3024 855 3054; x_wconf 86' lang='lat' dir='ltr'>natura</span> <span class='ocrx_word' id='word_1_368' title='bbox 880 3022 924 3055; x_wconf 89' lang='lat' dir='ltr'>sit</span> <span class='ocrx_word' id='word_1_369' title='bbox 946 3021 1041 3063; x_wconf 79' lang='lat' dir='ltr'>frigi-</span> 
     </span>
     <span class='ocr_line' id='line_1_46' title="bbox 173 3069 1038 3110; baseline 0.003 -8"><span class='ocrx_word' id='word_1_370' title='bbox 173 3069 359 3103; x_wconf 90' lang='lat' dir='ltr'>dissimum</span> <span class='ocrx_word' id='word_1_371' title='bbox 381 3079 578 3110; x_wconf 89' lang='lat' dir='ltr'>venenum,</span> <span class='ocrx_word' id='word_1_372' title='bbox 608 3074 648 3104; x_wconf 93' lang='lat' dir='ltr'>ut</span> <span class='ocrx_word' id='word_1_373' title='bbox 670 3073 824 3105; x_wconf 89' lang='lat' dir='ltr'>ostendit</span> <span class='ocrx_word' id='word_1_374' title='bbox 846 3071 975 3105; x_wconf 87' lang='lat' dir='ltr'>Plinius</span> <span class='ocrx_word' id='word_1_375' title='bbox 998 3073 1038 3105; x_wconf 88' lang='lat' dir='ltr'>N.</span> 
     </span>
     <span class='ocr_line' id='line_1_47' title="bbox 173 3117 1041 3162; baseline 0.001 -11"><span class='ocrx_word' id='word_1_376' title='bbox 173 3118 215 3151; x_wconf 89' lang='lat' dir='ltr'>H.</span> <span class='ocrx_word' id='word_1_377' title='bbox 234 3119 276 3152; x_wconf 80' lang='lat'>25</span> <span class='ocrx_word' id='word_1_378' title='bbox 299 3117 319 3151; x_wconf 88' lang='lat' dir='ltr'>l.</span> <span class='ocrx_word' id='word_1_379' title='bbox 340 3118 382 3151; x_wconf 89' lang='lat'>1.:</span> <span class='ocrx_word' id='word_1_380' title='bbox 410 3119 534 3152; x_wconf 80' lang='lat' dir='ltr'>Semini</span> <span class='ocrx_word' id='word_1_381' title='bbox 549 3123 580 3152; x_wconf 90' lang='lat' dir='ltr'>et</span> <span class='ocrx_word' id='word_1_382' title='bbox 600 3121 688 3161; x_wconf 84' lang='lat' dir='ltr'>foliis</span> <span class='ocrx_word' id='word_1_383' title='bbox 704 3121 959 3162; x_wconf 66' lang='lat' dir='ltr'>refrigeratoria</span> <span class='ocrx_word' id='word_1_384' title='bbox 973 3122 1041 3159; x_wconf 84' lang='lat' dir='ltr'>vis,·</span> 
     </span>
     <span class='ocr_line' id='line_1_48' title="bbox 172 3169 1042 3212; baseline 0.001 -11"><span class='ocrx_word' id='word_1_385' title='bbox 172 3169 220 3201; x_wconf 79' lang='lat' dir='ltr'>sic</span> <span class='ocrx_word' id='word_1_386' title='bbox 241 3172 272 3201; x_wconf 88' lang='lat' dir='ltr'>et</span> <span class='ocrx_word' id='word_1_387' title='bbox 293 3173 388 3201; x_wconf 84' lang='lat' dir='ltr'>necat</span> <span class='ocrx_word' id='word_1_388' title='bbox 396 3179 408 3208; x_wconf 88' lang='lat'>,·</span> <span class='ocrx_word' id='word_1_389' title='bbox 440 3170 602 3210; x_wconf 85' lang='lat' dir='ltr'>incipiunt</span> <span class='ocrx_word' id='word_1_390' title='bbox 623 3172 735 3212; x_wconf 75' lang='lat' dir='ltr'>alyere</span> <span class='ocrx_word' id='word_1_391' title='bbox 757 3172 799 3203; x_wconf 89' lang='lat' dir='ltr'>ab</span> <span class='ocrx_word' id='word_1_392' title='bbox 821 3171 1042 3204; x_wconf 61' lang='lat' dir='ltr'>extremitati-</span> 
     </span>
     <span class='ocr_line' id='line_1_49' title="bbox 174 3218 1041 3262; baseline 0.002 -12"><span class='ocrx_word' id='word_1_393' title='bbox 174 3218 233 3251; x_wconf 76' lang='lat' dir='ltr'>bus</span> <span class='ocrx_word' id='word_1_394' title='bbox 260 3220 418 3259; x_wconf 83' lang='lat' dir='ltr'>corporis.</span> <span class='ocrx_word' id='word_1_395' title='bbox 455 3219 610 3261; x_wconf 88' lang='lat' dir='ltr'>Ideoque</span> <span class='ocrx_word' id='word_1_396' title='bbox 633 3221 795 3258; x_wconf 80' lang='lat' dir='ltr'>Athenis,</span> <span class='ocrx_word' id='word_1_397' title='bbox 826 3221 884 3262; x_wconf 89' lang='lat' dir='ltr'>qui</span> <span class='ocrx_word' id='word_1_398' title='bbox 916 3219 1041 3253; x_wconf 86' lang='lat' dir='ltr'>bibere</span> 
     </span>
     <span class='ocr_line' id='line_1_50' title="bbox 175 3269 1039 3308; baseline 0.002 -7"><span class='ocrx_word' id='word_1_399' title='bbox 175 3269 327 3302; x_wconf 87' lang='lat' dir='ltr'>cicutam</span> <span class='ocrx_word' id='word_1_400' title='bbox 344 3269 536 3308; x_wconf 86' lang='lat' dir='ltr'>debebant,</span> <span class='ocrx_word' id='word_1_401' title='bbox 550 3269 732 3302; x_wconf 85' lang='lat' dir='ltr'>ambulare</span> <span class='ocrx_word' id='word_1_402' title='bbox 745 3270 969 3303; x_wconf 88' lang='lat' dir='ltr'>iubebantur.</span> <span class='ocrx_word' id='word_1_403' title='bbox 989 3270 1039 3303; x_wconf 85' lang='lat' dir='ltr'>Cf.</span> 
     </span>
     <span class='ocr_line' id='line_1_51' title="bbox 174 3317 1043 3352; baseline 0.002 -2"><span class='ocrx_word' id='word_1_404' title='bbox 174 3317 328 3352; x_wconf 81' lang='lat' dir='ltr'>Platonis</span> <span class='ocrx_word' id='word_1_405' title='bbox 361 3319 588 3352; x_wconf 90' lang='lat' dir='ltr'>Phaedonem</span> <span class='ocrx_word' id='word_1_406' title='bbox 627 3321 714 3352; x_wconf 87' lang='lat' dir='ltr'>extr.</span> <span class='ocrx_word' id='word_1_407' title='bbox 753 3321 788 3352; x_wconf 90' lang='lat' dir='ltr'>et</span> <span class='ocrx_word' id='word_1_408' title='bbox 820 3319 1043 3352; x_wconf 90' lang='lat' dir='ltr'>Scribonium</span> 
     </span>
     <span class='ocr_line' id='line_1_52' title="bbox 177 3368 1044 3411; baseline 0.002 -10"><span class='ocrx_word' id='word_1_409' title='bbox 177 3369 327 3410; x_wconf 80' lang='lat' dir='ltr'>Largum</span> <span class='ocrx_word' id='word_1_410' title='bbox 351 3368 395 3402; x_wconf 91' lang='lat' dir='ltr'>de</span> <span class='ocrx_word' id='word_1_411' title='bbox 413 3369 579 3410; x_wconf 87' lang='lat' dir='ltr'>Compos.</span> <span class='ocrx_word' id='word_1_412' title='bbox 597 3369 691 3402; x_wconf 87' lang='lat' dir='ltr'>med.</span> <span class='ocrx_word' id='word_1_413' title='bbox 712 3370 791 3402; x_wconf 73' lang='lat'><strong>⁴79:</strong></span> <span class='ocrx_word' id='word_1_414' title='bbox 817 3370 966 3403; x_wconf 86' lang='lat' dir='ltr'>Cicutam</span> <span class='ocrx_word' id='word_1_415' title='bbox 983 3379 1044 3411; x_wconf 82' lang='lat' dir='ltr'>po-</span> 
     </span>
     <span class='ocr_line' id='line_1_53' title="bbox 176 3418 1043 3462; baseline 0.005 -13"><span class='ocrx_word' id='word_1_416' title='bbox 176 3418 247 3450; x_wconf 76' lang='lat' dir='ltr'>tam</span> <span class='ocrx_word' id='word_1_417' title='bbox 267 3418 376 3460; x_wconf 65' lang='lat' dir='ltr'>caligo</span> <span class='ocrx_word' id='word_1_418' title='bbox 396 3419 578 3461; x_wconf 79' lang='lat' dir='ltr'>mentisque</span> <span class='ocrx_word' id='word_1_419' title='bbox 599 3419 756 3452; x_wconf 79' lang='lat' dir='ltr'>alienatio</span> <span class='ocrx_word' id='word_1_420' title='bbox 777 3422 808 3453; x_wconf 85' lang='lat' dir='ltr'>et</span> <span class='ocrx_word' id='word_1_421' title='bbox 830 3422 968 3454; x_wconf 84' lang='lat' dir='ltr'>artuum</span> <span class='ocrx_word' id='word_1_422' title='bbox 988 3428 1043 3462; x_wconf 72' lang='lat' dir='ltr'>ye-</span> 
     </span>
    </p>
   </div>
   <div class='ocr_carea' id='block_1_6' title="bbox 1088 1818 1962 3469">
    <p class='ocr_par' dir='ltr' id='par_1_7' title="bbox 1088 1818 1962 3469">
     <span class='ocr_line' id='line_1_54' title="bbox 1091 1818 1962 1861; baseline -0.002 -8"><span class='ocrx_word' id='word_1_423' title='bbox 1091 1821 1171 1853; x_wconf 85' lang='lat' dir='ltr'>latio</span> <span class='ocrx_word' id='word_1_424' title='bbox 1193 1819 1396 1861; x_wconf 80' lang='lat' dir='ltr'>insequitur,·</span> <span class='ocrx_word' id='word_1_425' title='bbox 1427 1819 1608 1860; x_wconf 77' lang='lat' dir='ltr'>ultimoque</span> <span class='ocrx_word' id='word_1_426' title='bbox 1626 1818 1879 1859; x_wconf 79' lang='lat' dir='ltr'>praefocantur,</span> <span class='ocrx_word' id='word_1_427' title='bbox 1903 1818 1962 1858; x_wconf 81' lang='lat' dir='ltr'>qui</span> 
     </span>
     <span class='ocr_line' id='line_1_55' title="bbox 1091 1868 1959 1911; baseline -0.003 -8"><span class='ocrx_word' id='word_1_428' title='bbox 1091 1880 1165 1903; x_wconf 88' lang='lat' dir='ltr'>eam</span> <span class='ocrx_word' id='word_1_429' title='bbox 1176 1872 1397 1911; x_wconf 83' lang='lat' dir='ltr'>sumpserunt,</span> <span class='ocrx_word' id='word_1_430' title='bbox 1408 1870 1554 1910; x_wconf 80' lang='lat' dir='ltr'>nihilque</span> <span class='ocrx_word' id='word_1_431' title='bbox 1564 1869 1717 1902; x_wconf 86' lang='lat' dir='ltr'>sentiunt.</span> <span class='ocrx_word' id='word_1_432' title='bbox 1730 1886 1765 1891; x_wconf 93' lang='lat'>—</span> <span class='ocrx_word' id='word_1_433' title='bbox 1780 1868 1869 1900; x_wconf 80' lang='lat' dir='ltr'>cluso</span> <span class='ocrx_word' id='word_1_434' title='bbox 1877 1868 1959 1910; x_wconf 90' lang='lat' dir='ltr'>cet.]</span> 
     </span>
     <span class='ocr_line' id='line_1_56' title="bbox 1091 1918 1959 1959; baseline -0.005 -4"><span class='ocrx_word' id='word_1_435' title='bbox 1091 1921 1224 1954; x_wconf 88' lang='lat' dir='ltr'>Eadem</span> <span class='ocrx_word' id='word_1_436' title='bbox 1248 1921 1361 1954; x_wconf 83' lang='lat' dir='ltr'>iorma</span> <span class='ocrx_word' id='word_1_437' title='bbox 1385 1922 1440 1954; x_wconf 89' lang='lat' dir='ltr'>est</span> <span class='ocrx_word' id='word_1_438' title='bbox 1462 1921 1567 1953; x_wconf 87' lang='lat' dir='ltr'>etiam</span> <span class='ocrx_word' id='word_1_439' title='bbox 1590 1920 1678 1952; x_wconf 91' lang='lat' dir='ltr'>Hist.</span> <span class='ocrx_word' id='word_1_440' title='bbox 1705 1919 1736 1959; x_wconf 75' lang='lat'>⁴,</span> <span class='ocrx_word' id='word_1_441' title='bbox 1760 1918 1815 1952; x_wconf 89' lang='grc'>33.</span> <span class='ocrx_word' id='word_1_442' title='bbox 1841 1920 1959 1952; x_wconf 84' lang='lat' dir='ltr'>Germ.</span> 
     </span>
     <span class='ocr_line' id='line_1_57' title="bbox 1091 1969 1959 2010; baseline -0.005 -6"><span class='ocrx_word' id='word_1_443' title='bbox 1091 1971 1133 2005; x_wconf 78' lang='lat'>34</span> <span class='ocrx_word' id='word_1_444' title='bbox 1146 1972 1181 2004; x_wconf 92' lang='lat' dir='ltr'>et</span> <span class='ocrx_word' id='word_1_445' title='bbox 1195 1971 1248 2005; x_wconf 70' lang='lat'>45.</span> <span class='ocrx_word' id='word_1_446' title='bbox 1276 1972 1443 2005; x_wconf 90' lang='lat' dir='ltr'>Ceterum</span> <span class='ocrx_word' id='word_1_447' title='bbox 1456 1970 1638 2003; x_wconf 86' lang='lat' dir='ltr'>Ernestius</span> <span class='ocrx_word' id='word_1_448' title='bbox 1653 1969 1797 2002; x_wconf 86' lang='lat' dir='ltr'>haecita</span> <span class='ocrx_word' id='word_1_449' title='bbox 1810 1969 1959 2010; x_wconf 89' lang='lat' dir='ltr'>accepit,</span> 
     </span>
     <span class='ocr_line' id='line_1_58' title="bbox 1091 2018 1962 2063; baseline -0.005 -9"><span class='ocrx_word' id='word_1_450' title='bbox 1091 2022 1192 2063; x_wconf 89' lang='lat' dir='ltr'>quasi</span> <span class='ocrx_word' id='word_1_451' title='bbox 1215 2021 1475 2054; x_wconf 91' lang='lat' dir='ltr'>medicamenta</span> <span class='ocrx_word' id='word_1_452' title='bbox 1498 2020 1726 2061; x_wconf 89' lang='lat' dir='ltr'>praesumpta</span> <span class='ocrx_word' id='word_1_453' title='bbox 1746 2019 1816 2051; x_wconf 91' lang='lat' dir='ltr'>vim</span> <span class='ocrx_word' id='word_1_454' title='bbox 1832 2018 1962 2050; x_wconf 87' lang='lat' dir='ltr'>veneni</span> 
     </span>
     <span class='ocr_line' id='line_1_59' title="bbox 1091 2066 1962 2113; baseline -0.005 -9"><span class='ocrx_word' id='word_1_455' title='bbox 1091 2071 1333 2113; x_wconf 83' lang='lat' dir='ltr'>impedierint3</span> <span class='ocrx_word' id='word_1_456' title='bbox 1359 2071 1446 2103; x_wconf 92' lang='lat' dir='ltr'>mihi</span> <span class='ocrx_word' id='word_1_457' title='bbox 1462 2070 1601 2102; x_wconf 90' lang='lat' dir='ltr'>videtur</span> <span class='ocrx_word' id='word_1_458' title='bbox 1622 2070 1738 2111; x_wconf 90' lang='lat' dir='ltr'>potius</span> <span class='ocrx_word' id='word_1_459' title='bbox 1761 2069 1812 2102; x_wconf 91' lang='lat' dir='ltr'>sic</span> <span class='ocrx_word' id='word_1_460' title='bbox 1834 2066 1962 2100; x_wconf 90' lang='lat' dir='ltr'>intelli-</span> 
     </span>
     <span class='ocr_line' id='line_1_60' title="bbox 1090 2117 1961 2163; baseline -0.006 -9"><span class='ocrx_word' id='word_1_461' title='bbox 1090 2121 1266 2163; x_wconf 85' lang='lat' dir='ltr'>gendum:</span> <span class='ocrx_word' id='word_1_462' title='bbox 1295 2121 1350 2153; x_wconf 78' lang='lat' dir='ltr'>«in</span> <span class='ocrx_word' id='word_1_463' title='bbox 1374 2128 1503 2162; x_wconf 88' lang='lat' dir='ltr'>corpus</span> <span class='ocrx_word' id='word_1_464' title='bbox 1518 2118 1627 2152; x_wconf 89' lang='lat' dir='ltr'>senile</span> <span class='ocrx_word' id='word_1_465' title='bbox 1648 2120 1684 2151; x_wconf 91' lang='lat' dir='ltr'>et</span> <span class='ocrx_word' id='word_1_466' title='bbox 1698 2119 1768 2150; x_wconf 85' lang='lat' dir='ltr'>iam</span> <span class='ocrx_word' id='word_1_467' title='bbox 1784 2117 1844 2150; x_wconf 93' lang='lat' dir='ltr'>diu</span> <span class='ocrx_word' id='word_1_468' title='bbox 1861 2118 1961 2150; x_wconf 84' lang='lat' dir='ltr'>exte-</span> 
     </span>
     <span class='ocr_line' id='line_1_61' title="bbox 1090 2166 1961 2212; baseline -0.006 -8"><span class='ocrx_word' id='word_1_469' title='bbox 1090 2173 1236 2204; x_wconf 89' lang='lat' dir='ltr'>nuatum</span> <span class='ocrx_word' id='word_1_470' title='bbox 1252 2171 1358 2212; x_wconf 89' lang='lat' dir='ltr'>atque</span> <span class='ocrx_word' id='word_1_471' title='bbox 1373 2170 1619 2211; x_wconf 77' lang='lat' dir='ltr'>refrigeratum</span> <span class='ocrx_word' id='word_1_472' title='bbox 1631 2177 1809 2201; x_wconf 90' lang='lat' dir='ltr'>venenum</span> <span class='ocrx_word' id='word_1_473' title='bbox 1821 2166 1961 2200; x_wconf 88' lang='lat' dir='ltr'>solitam</span> 
     </span>
     <span class='ocr_line' id='line_1_62' title="bbox 1090 2217 1961 2254; baseline -0.005 0"><span class='ocrx_word' id='word_1_474' title='bbox 1090 2221 1174 2254; x_wconf 89' lang='lat' dir='ltr'>alias</span> <span class='ocrx_word' id='word_1_475' title='bbox 1196 2222 1268 2254; x_wconf 88' lang='lat' dir='ltr'>vim</span> <span class='ocrx_word' id='word_1_476' title='bbox 1292 2220 1388 2254; x_wconf 89' lang='lat' dir='ltr'>haud</span> <span class='ocrx_word' id='word_1_477' title='bbox 1410 2220 1602 2254; x_wconf 74' lang='lat' dir='ltr'>exercuit.»</span> <span class='ocrx_word' id='word_1_478' title='bbox 1639 2220 1743 2252; x_wconf 90' lang='lat' dir='ltr'>Certe</span> <span class='ocrx_word' id='word_1_479' title='bbox 1773 2217 1857 2251; x_wconf 92' lang='lat' dir='ltr'>nihil</span> <span class='ocrx_word' id='word_1_480' title='bbox 1879 2226 1961 2250; x_wconf 91' lang='lat' dir='ltr'>um-</span> 
     </span>
     <span class='ocr_line' id='line_1_63' title="bbox 1090 2268 1961 2313; baseline -0.006 -9"><span class='ocrx_word' id='word_1_481' title='bbox 1090 2281 1198 2313; x_wconf 91' lang='lat' dir='ltr'>quam</span> <span class='ocrx_word' id='word_1_482' title='bbox 1222 2271 1308 2304; x_wconf 86' lang='lat' dir='ltr'>dixit</span> <span class='ocrx_word' id='word_1_483' title='bbox 1330 2270 1374 2304; x_wconf 91' lang='lat' dir='ltr'>de</span> <span class='ocrx_word' id='word_1_484' title='bbox 1391 2270 1566 2310; x_wconf 86' lang='lat' dir='ltr'>antidotis,</span> <span class='ocrx_word' id='word_1_485' title='bbox 1592 2268 1721 2311; x_wconf 89' lang='lat' dir='ltr'>quibus</span> <span class='ocrx_word' id='word_1_486' title='bbox 1737 2277 1776 2301; x_wconf 89' lang='lat' dir='ltr'>se</span> <span class='ocrx_word' id='word_1_487' title='bbox 1793 2276 1961 2310; x_wconf 88' lang='lat' dir='ltr'>praemu-</span> 
     </span>
     <span class='ocr_line' id='line_1_64' title="bbox 1088 2316 1959 2362; baseline -0.007 -7"><span class='ocrx_word' id='word_1_488' title='bbox 1088 2323 1192 2356; x_wconf 91' lang='lat' dir='ltr'>nierit</span> <span class='ocrx_word' id='word_1_489' title='bbox 1215 2323 1360 2354; x_wconf 86' lang='lat' dir='ltr'>Seneca.</span> <span class='ocrx_word' id='word_1_490' title='bbox 1378 2338 1414 2345; x_wconf 89' lang='lat'><strong>—</strong></span> <span class='ocrx_word' id='word_1_491' title='bbox 1432 2320 1598 2362; x_wconf 69' lang='lat' dir='ltr'>stagnum]</span> <span class='ocrx_word' id='word_1_492' title='bbox 1622 2318 1788 2361; x_wconf 83' lang='lat' dir='ltr'>singulari</span> <span class='ocrx_word' id='word_1_493' title='bbox 1803 2326 1869 2350; x_wconf 91' lang='lat' dir='ltr'>usu</span> <span class='ocrx_word' id='word_1_494' title='bbox 1885 2317 1921 2350; x_wconf 89' lang='lat' dir='ltr'>h.</span> <span class='ocrx_word' id='word_1_495' title='bbox 1936 2316 1959 2350; x_wconf 89' lang='grc' dir='ltr'>Ι.</span> 
     </span>
     <span class='ocr_line' id='line_1_65' title="bbox 1089 2366 1960 2416; baseline -0.007 -11"><span class='ocrx_word' id='word_1_496' title='bbox 1089 2382 1154 2416; x_wconf 92' lang='lat' dir='ltr'>pro</span> <span class='ocrx_word' id='word_1_497' title='bbox 1176 2371 1290 2413; x_wconf 84' lang='lat' dir='ltr'>labro,</span> <span class='ocrx_word' id='word_1_498' title='bbox 1316 2370 1416 2410; x_wconf 91' lang='lat' dir='ltr'>solio,</span> <span class='ocrx_word' id='word_1_499' title='bbox 1440 2379 1526 2404; x_wconf 89' lang='lat' dir='ltr'>vase</span> <span class='ocrx_word' id='word_1_500' title='bbox 1549 2370 1695 2411; x_wconf 87' lang='lat' dir='ltr'>aquario</span> <span class='ocrx_word' id='word_1_501' title='bbox 1718 2369 1852 2401; x_wconf 89' lang='lat' dir='ltr'>maiore</span> <span class='ocrx_word' id='word_1_502' title='bbox 1876 2366 1960 2400; x_wconf 90' lang='lat' dir='ltr'>soli-</span> 
     </span>
     <span class='ocr_line' id='line_1_66' title="bbox 1090 2416 1957 2462; baseline -0.008 -6"><span class='ocrx_word' id='word_1_503' title='bbox 1090 2424 1153 2462; x_wconf 88' lang='lat' dir='ltr'>tis;</span> <span class='ocrx_word' id='word_1_504' title='bbox 1179 2421 1311 2455; x_wconf 88' lang='lat' dir='ltr'>scilicet</span> <span class='ocrx_word' id='word_1_505' title='bbox 1334 2419 1466 2454; x_wconf 89' lang='lat' dir='ltr'>humile</span> <span class='ocrx_word' id='word_1_506' title='bbox 1481 2419 1697 2453; x_wconf 86' lang='lat' dir='ltr'>vocabulum</span> <span class='ocrx_word' id='word_1_507' title='bbox 1711 2419 1821 2451; x_wconf 87' lang='lat' dir='ltr'>vitare</span> <span class='ocrx_word' id='word_1_508' title='bbox 1838 2416 1957 2450; x_wconf 90' lang='lat' dir='ltr'>voluit.</span> 
     </span>
     <span class='ocr_line' id='line_1_67' title="bbox 1093 2467 1962 2512; baseline -0.007 -7"><span class='ocrx_word' id='word_1_509' title='bbox 1093 2491 1128 2497; x_wconf 93' lang='lat'><strong>—</strong></span> <span class='ocrx_word' id='word_1_510' title='bbox 1151 2472 1281 2505; x_wconf 85' lang='lat' dir='ltr'>calidae</span> <span class='ocrx_word' id='word_1_511' title='bbox 1303 2472 1423 2512; x_wconf 81' lang='lat' dir='ltr'>aquae]</span> <span class='ocrx_word' id='word_1_512' title='bbox 1446 2472 1486 2503; x_wconf 92' lang='lat' dir='ltr'>ut</span> <span class='ocrx_word' id='word_1_513' title='bbox 1508 2470 1650 2511; x_wconf 82' lang='lat' dir='ltr'>sanguis</span> <span class='ocrx_word' id='word_1_514' title='bbox 1674 2470 1775 2502; x_wconf 91' lang='lat' dir='ltr'>citius</span> <span class='ocrx_word' id='word_1_515' title='bbox 1799 2467 1962 2500; x_wconf 77' lang='lat' dir='ltr'>efflueret</span> 
     </span>
     <span class='ocr_line' id='line_1_68' title="bbox 1090 2519 1960 2561; baseline -0.008 -5"><span class='ocrx_word' id='word_1_516' title='bbox 1090 2522 1145 2556; x_wconf 90' lang='lat' dir='ltr'>vel</span> <span class='ocrx_word' id='word_1_517' title='bbox 1169 2524 1207 2555; x_wconf 91' lang='lat' dir='ltr'>ut</span> <span class='ocrx_word' id='word_1_518' title='bbox 1229 2530 1409 2555; x_wconf 90' lang='lat' dir='ltr'>venenum</span> <span class='ocrx_word' id='word_1_519' title='bbox 1432 2522 1467 2553; x_wconf 90' lang='lat' dir='ltr'>in</span> <span class='ocrx_word' id='word_1_520' title='bbox 1484 2519 1638 2553; x_wconf 90' lang='lat' dir='ltr'>calidum</span> <span class='ocrx_word' id='word_1_521' title='bbox 1654 2527 1784 2561; x_wconf 88' lang='lat' dir='ltr'>corpus</span> <span class='ocrx_word' id='word_1_522' title='bbox 1800 2526 1960 2560; x_wconf 87' lang='lat' dir='ltr'>permea-</span> 
     </span>
     <span class='ocr_line' id='line_1_69' title="bbox 1089 2569 1960 2610; baseline -0.007 -5"><span class='ocrx_word' id='word_1_523' title='bbox 1089 2575 1156 2605; x_wconf 87' lang='lat' dir='ltr'>ret.</span> <span class='ocrx_word' id='word_1_524' title='bbox 1182 2574 1270 2605; x_wconf 74' lang='lat' dir='ltr'>Lirs.</span> <span class='ocrx_word' id='word_1_525' title='bbox 1297 2590 1334 2595; x_wconf 98' lang='lat'><strong>—</strong></span> <span class='ocrx_word' id='word_1_526' title='bbox 1359 2571 1464 2603; x_wconf 88' lang='lat' dir='ltr'>libare</span> <span class='ocrx_word' id='word_1_527' title='bbox 1483 2579 1517 2603; x_wconf 86' lang='lat' dir='ltr'>se</span> <span class='ocrx_word' id='word_1_528' title='bbox 1539 2571 1621 2610; x_wconf 88' lang='lat' dir='ltr'>cet.]</span> <span class='ocrx_word' id='word_1_529' title='bbox 1645 2570 1696 2602; x_wconf 82' lang='lat' dir='ltr'>ita</span> <span class='ocrx_word' id='word_1_530' title='bbox 1716 2569 1868 2601; x_wconf 88' lang='lat' dir='ltr'>Thrasea</span> <span class='ocrx_word' id='word_1_531' title='bbox 1885 2576 1960 2600; x_wconf 90' lang='lat' dir='ltr'>mo-</span> 
     </span>
     <span class='ocr_line' id='line_1_70' title="bbox 1090 2617 1960 2661; baseline -0.007 -6"><span class='ocrx_word' id='word_1_532' title='bbox 1090 2623 1220 2655; x_wconf 86' lang='lat' dir='ltr'>riturus</span> <span class='ocrx_word' id='word_1_533' title='bbox 1244 2621 1298 2661; x_wconf 75' lang='lat'>⁴6,</span> <span class='ocrx_word' id='word_1_534' title='bbox 1322 2621 1380 2653; x_wconf 81' lang='lat'>35:</span> <span class='ocrx_word' id='word_1_535' title='bbox 1406 2620 1573 2660; x_wconf 87' lang='lat' dir='ltr'>Libamus‚</span> <span class='ocrx_word' id='word_1_536' title='bbox 1595 2619 1721 2660; x_wconf 77' lang='lat' dir='ltr'>inquit,</span> <span class='ocrx_word' id='word_1_537' title='bbox 1744 2618 1815 2650; x_wconf 85' lang='lat' dir='ltr'>Iovi</span> <span class='ocrx_word' id='word_1_538' title='bbox 1835 2617 1960 2650; x_wconf 88' lang='lat' dir='ltr'>libera-</span> 
     </span>
     <span class='ocr_line' id='line_1_71' title="bbox 1089 2667 1958 2711; baseline -0.006 -7"><span class='ocrx_word' id='word_1_539' title='bbox 1089 2673 1166 2705; x_wconf 82' lang='lat' dir='ltr'>tori.</span> <span class='ocrx_word' id='word_1_540' title='bbox 1192 2672 1306 2704; x_wconf 88' lang='lat' dir='ltr'>Causa</span> <span class='ocrx_word' id='word_1_541' title='bbox 1330 2671 1412 2703; x_wconf 89' lang='lat' dir='ltr'>viris</span> <span class='ocrx_word' id='word_1_542' title='bbox 1435 2671 1571 2711; x_wconf 84' lang='lat' dir='ltr'>magnis</span> <span class='ocrx_word' id='word_1_543' title='bbox 1597 2669 1701 2702; x_wconf 90' lang='lat' dir='ltr'>huius</span> <span class='ocrx_word' id='word_1_544' title='bbox 1724 2668 1759 2700; x_wconf 87' lang='lat' dir='ltr'>in</span> <span class='ocrx_word' id='word_1_545' title='bbox 1781 2667 1958 2709; x_wconf 88' lang='lat' dir='ltr'>supremis</span> 
     </span>
     <span class='ocr_line' id='line_1_72' title="bbox 1089 2717 1958 2760; baseline -0.006 -6"><span class='ocrx_word' id='word_1_546' title='bbox 1089 2722 1156 2754; x_wconf 93' lang='lat' dir='ltr'>ioci</span> <span class='ocrx_word' id='word_1_547' title='bbox 1188 2730 1207 2753; x_wconf 92' lang='lat' dir='ltr'>a</span> <span class='ocrx_word' id='word_1_548' title='bbox 1237 2730 1337 2753; x_wconf 90' lang='lat' dir='ltr'>more</span> <span class='ocrx_word' id='word_1_549' title='bbox 1368 2722 1602 2759; x_wconf 87' lang='lat' dir='ltr'>Graecorum,</span> <span class='ocrx_word' id='word_1_550' title='bbox 1635 2719 1695 2760; x_wconf 87' lang='lat' dir='ltr'>qui</span> <span class='ocrx_word' id='word_1_551' title='bbox 1725 2717 1915 2751; x_wconf 86' lang='lat' dir='ltr'>discessuri</span> <span class='ocrx_word' id='word_1_552' title='bbox 1938 2726 1958 2749; x_wconf 90' lang='lat' dir='ltr'>e</span> 
     </span>
     <span class='ocr_line' id='line_1_73' title="bbox 1090 2767 1957 2808; baseline -0.006 -4"><span class='ocrx_word' id='word_1_553' title='bbox 1090 2772 1249 2804; x_wconf 91' lang='lat' dir='ltr'>convivio</span> <span class='ocrx_word' id='word_1_554' title='bbox 1280 2769 1437 2803; x_wconf 88' lang='lat' dir='ltr'>libabant</span> <span class='ocrx_word' id='word_1_555' title='bbox 1467 2770 1541 2802; x_wconf 92' lang='lat' dir='ltr'>lovi</span> <span class='ocrx_word' id='word_1_556' title='bbox 1563 2769 1753 2808; x_wconf 85' lang='lat' dir='ltr'>servatori,</span> <span class='ocrx_word' id='word_1_557' title='bbox 1784 2768 1835 2801; x_wconf 91' lang='lat' dir='ltr'>sic</span> <span class='ocrx_word' id='word_1_558' title='bbox 1858 2767 1914 2800; x_wconf 88' lang='lat' dir='ltr'>isti</span> <span class='ocrx_word' id='word_1_559' title='bbox 1937 2775 1957 2799; x_wconf 89' lang='lat' dir='ltr'>e</span> 
     </span>
     <span class='ocr_line' id='line_1_74' title="bbox 1089 2814 1958 2862; baseline -0.006 -8"><span class='ocrx_word' id='word_1_560' title='bbox 1089 2822 1159 2854; x_wconf 88' lang='lat' dir='ltr'>vita</span> <span class='ocrx_word' id='word_1_561' title='bbox 1176 2822 1247 2853; x_wconf 88' lang='lat' dir='ltr'>lovi</span> <span class='ocrx_word' id='word_1_562' title='bbox 1262 2820 1453 2853; x_wconf 88' lang='lat' dir='ltr'>liberatori.</span> <span class='ocrx_word' id='word_1_563' title='bbox 1470 2821 1597 2853; x_wconf 82' lang='lat' dir='ltr'>Athen.</span> <span class='ocrx_word' id='word_1_564' title='bbox 1613 2821 1666 2859; x_wconf 74' lang='lat'>⁴5,</span> <span class='ocrx_word' id='word_1_565' title='bbox 1680 2820 1717 2852; x_wconf 82' lang='lat'>5:</span> <span class='ocrx_word' id='word_1_566' title='bbox 1739 2816 1788 2862; x_wconf 80' lang='grc' dir='ltr'>τῷ</span> <span class='ocrx_word' id='word_1_567' title='bbox 1805 2816 1846 2850; x_wconf 83' lang='grc' dir='ltr'>δὲ</span> <span class='ocrx_word' id='word_1_568' title='bbox 1860 2814 1958 2860; x_wconf 83' lang='grc' dir='ltr'><em>μετὰ</em></span> 
     </span>
     <span class='ocr_line' id='line_1_75' title="bbox 1088 2866 1956 2916; baseline -0.005 -13"><span class='ocrx_word' id='word_1_569' title='bbox 1088 2869 1240 2903; x_wconf 77' lang='grc' dir='ltr'><strong><em>δεῖπνον</em></strong></span> <span class='ocrx_word' id='word_1_570' title='bbox 1263 2870 1483 2916; x_wconf 80' lang='grc' dir='ltr'><em>κεκραμένῳ</em></span> <span class='ocrx_word' id='word_1_571' title='bbox 1507 2868 1643 2916; x_wconf 79' lang='grc' dir='ltr'><em>πρώτῳ</em></span> <span class='ocrx_word' id='word_1_572' title='bbox 1666 2866 1956 2915; x_wconf 77' lang='grc' dir='ltr'><strong><em>προσδεὸομένῳ</em></strong></span> 
     </span>
     <span class='ocr_line' id='line_1_76' title="bbox 1089 2916 1956 2966; baseline -0.003 -13"><span class='ocrx_word' id='word_1_573' title='bbox 1089 2921 1257 2966; x_wconf 78' lang='grc' dir='ltr'><em>ποτηρίῳ</em></span> <span class='ocrx_word' id='word_1_574' title='bbox 1283 2919 1356 2953; x_wconf 85' lang='grc' dir='ltr'>Δία</span> <span class='ocrx_word' id='word_1_575' title='bbox 1384 2918 1540 2966; x_wconf 78' lang='grc' dir='ltr'><em>σωτῆρα</em></span> <span class='ocrx_word' id='word_1_576' title='bbox 1568 2918 1795 2962; x_wconf 81' lang='grc' dir='ltr'><strong><em>ἐπιλέγουσι.</em></strong></span> <span class='ocrx_word' id='word_1_577' title='bbox 1832 2916 1956 2950; x_wconf 79' lang='lat' dir='ltr'>suidas</span> 
     </span>
     <span class='ocr_line' id='line_1_77' title="bbox 1089 2964 1960 3013; baseline -0.005 -11"><span class='ocrx_word' id='word_1_578' title='bbox 1089 2971 1124 3003; x_wconf 90' lang='lat' dir='ltr'>in</span> <span class='ocrx_word' id='word_1_579' title='bbox 1147 2979 1180 3002; x_wconf 93' lang='lat' dir='ltr'>v.</span> <span class='ocrx_word' id='word_1_580' title='bbox 1201 2966 1362 3013; x_wconf 77' lang='grc' dir='ltr'><em>Ἀγαθοῦ</em></span> <span class='ocrx_word' id='word_1_581' title='bbox 1396 2968 1601 3013; x_wconf 83' lang='grc' dir='ltr'><em>δαίμονος·</em></span> <span class='ocrx_word' id='word_1_582' title='bbox 1629 2965 1747 3009; x_wconf 82' lang='grc' dir='ltr'><em>Ἔθος</em></span> <span class='ocrx_word' id='word_1_583' title='bbox 1779 2964 1885 3006; x_wconf 76' lang='grc' dir='ltr'><strong><em>εἶχον</em></strong></span> <span class='ocrx_word' id='word_1_584' title='bbox 1919 2966 1960 2998; x_wconf 79' lang='grc' dir='ltr'>οἱ</span> 
     </span>
     <span class='ocr_line' id='line_1_78' title="bbox 1090 3014 1956 3063; baseline -0.003 -11"><span class='ocrx_word' id='word_1_585' title='bbox 1090 3018 1244 3053; x_wconf 76' lang='grc' dir='ltr'><strong><em>παλαιοὶ</em></strong></span> <span class='ocrx_word' id='word_1_586' title='bbox 1274 3016 1372 3063; x_wconf 82' lang='grc' dir='ltr'><em>μετὰ</em></span> <span class='ocrx_word' id='word_1_587' title='bbox 1399 3017 1439 3052; x_wconf 71' lang='grc' dir='ltr'>τὸ</span> <span class='ocrx_word' id='word_1_588' title='bbox 1473 3018 1626 3053; x_wconf 79' lang='grc' dir='ltr'><em>δεῖπνον</em></span> <span class='ocrx_word' id='word_1_589' title='bbox 1656 3019 1775 3051; x_wconf 80' lang='grc' dir='ltr'><strong><em>πίνειν</em></strong></span> <span class='ocrx_word' id='word_1_590' title='bbox 1794 3014 1956 3060; x_wconf 78' lang='grc' dir='ltr'><em>Ἀγαθοῦ</em></span> 
     </span>
     <span class='ocr_line' id='line_1_79' title="bbox 1088 3063 1956 3116; baseline -0.003 -14"><span class='ocrx_word' id='word_1_591' title='bbox 1088 3069 1294 3112; x_wconf 79' lang='grc' dir='ltr'><em>Δαίμονος,</em></span> <span class='ocrx_word' id='word_1_592' title='bbox 1304 3066 1600 3116; x_wconf 76' lang='grc' dir='ltr'><strong><em>ἐπιρῥοφοῦντες</em></strong></span> <span class='ocrx_word' id='word_1_593' title='bbox 1610 3063 1778 3112; x_wconf 83' lang='grc' dir='ltr'><strong><em>ἄκρατον</em></strong></span> <span class='ocrx_word' id='word_1_594' title='bbox 1789 3068 1852 3100; x_wconf 76' lang='grc' dir='ltr'>καὶ</span> <span class='ocrx_word' id='word_1_595' title='bbox 1866 3065 1956 3100; x_wconf 82' lang='grc' dir='ltr'><em>τοῦ-</em></span> 
     </span>
     <span class='ocr_line' id='line_1_80' title="bbox 1088 3113 1957 3163; baseline -0.003 -11"><span class='ocrx_word' id='word_1_596' title='bbox 1088 3129 1134 3152; x_wconf 90' lang='grc' dir='ltr'>το</span> <span class='ocrx_word' id='word_1_597' title='bbox 1155 3118 1276 3163; x_wconf 78' lang='grc' dir='ltr'><strong><em>λέγειν</em></strong></span> <span class='ocrx_word' id='word_1_598' title='bbox 1298 3118 1484 3153; x_wconf 79' lang='grc' dir='ltr'><em>ΑΓΑΘΟΤ</em></span> <span class='ocrx_word' id='word_1_599' title='bbox 1501 3118 1758 3152; x_wconf 83' lang='grc' dir='ltr'><em>ΔΑΙΜΟΝΟΣ.</em></span> <span class='ocrx_word' id='word_1_600' title='bbox 1783 3113 1894 3150; x_wconf 81' lang='grc' dir='ltr'><strong><em>ἄλλοι</em></strong></span> <span class='ocrx_word' id='word_1_601' title='bbox 1914 3115 1957 3150; x_wconf 83' lang='grc' dir='ltr'>δέ</span> 
     </span>
     <span class='ocr_line' id='line_1_81' title="bbox 1089 3164 1954 3217; baseline -0.003 -14"><span class='ocrx_word' id='word_1_602' title='bbox 1089 3180 1190 3210; x_wconf 87' lang='grc' dir='ltr'><strong><em>φασι</em></strong></span> <span class='ocrx_word' id='word_1_603' title='bbox 1210 3167 1256 3203; x_wconf 84' lang='grc' dir='ltr'>τὸ</span> <span class='ocrx_word' id='word_1_604' title='bbox 1279 3169 1427 3217; x_wconf 76' lang='grc' dir='ltr'><em>πρῶτον</em></span> <span class='ocrx_word' id='word_1_605' title='bbox 1447 3169 1632 3216; x_wconf 82' lang='grc' dir='ltr'><strong><em>ποτήριον</em></strong></span> <span class='ocrx_word' id='word_1_606' title='bbox 1648 3164 1747 3202; x_wconf 76' lang='grc' dir='ltr'><em>οὕτω</em></span> <span class='ocrx_word' id='word_1_607' title='bbox 1763 3167 1954 3212; x_wconf 78' lang='grc' dir='ltr'><strong><em>λέγεσθαι,</em></strong></span> 
     </span>
     <span class='ocr_line' id='line_1_82' title="bbox 1090 3218 1956 3266; baseline 0.001 -15"><span class='ocrx_word' id='word_1_608' title='bbox 1090 3221 1319 3266; x_wconf 77' lang='grc' dir='ltr'><strong><em>χωρίζεσθαι</em></strong></span> <span class='ocrx_word' id='word_1_609' title='bbox 1347 3220 1388 3254; x_wconf 81' lang='grc' dir='ltr'>δὲ</span> <span class='ocrx_word' id='word_1_610' title='bbox 1415 3220 1635 3263; x_wconf 78' lang='grc' dir='ltr'><em>μέλλοντες,</em></span> <span class='ocrx_word' id='word_1_611' title='bbox 1667 3218 1779 3252; x_wconf 90' lang='grc' dir='ltr'><em>ΔΙΟΣ</em></span> <span class='ocrx_word' id='word_1_612' title='bbox 1799 3218 1956 3252; x_wconf 78' lang='grc' dir='ltr'><strong><em>ΣΩΤΗ-</em></strong></span> 
     </span>
     <span class='ocr_line' id='line_1_83' title="bbox 1089 3269 1953 3308; baseline -0.002 -5"><span class='ocrx_word' id='word_1_613' title='bbox 1089 3270 1190 3304; x_wconf 90' lang='grc' dir='ltr'><em>ΡΟΣ.</em></span> <span class='ocrx_word' id='word_1_614' title='bbox 1217 3273 1301 3304; x_wconf 76' lang='lat' dir='ltr'>Lirs.</span> <span class='ocrx_word' id='word_1_615' title='bbox 1326 3272 1426 3305; x_wconf 84' lang='lat' dir='ltr'>Adde</span> <span class='ocrx_word' id='word_1_616' title='bbox 1449 3270 1564 3304; x_wconf 89' lang='lat' dir='ltr'>Schol.</span> <span class='ocrx_word' id='word_1_617' title='bbox 1583 3269 1681 3303; x_wconf 89' lang='lat' dir='ltr'>Pind.</span> <span class='ocrx_word' id='word_1_618' title='bbox 1702 3269 1823 3303; x_wconf 87' lang='lat' dir='ltr'>Isthm.</span> <span class='ocrx_word' id='word_1_619' title='bbox 1842 3270 1874 3308; x_wconf 88' lang='lat'>6,</span> <span class='ocrx_word' id='word_1_620' title='bbox 1893 3269 1953 3302; x_wconf 78' lang='lat'>⁴⁰:</span> 
     </span>
     <span class='ocr_line' id='line_1_84' title="bbox 1090 3316 1955 3368; baseline -0.001 -16"><span class='ocrx_word' id='word_1_621' title='bbox 1090 3317 1181 3362; x_wconf 85' lang='grc' dir='ltr'><strong><em>Διὸς</em></strong></span> <span class='ocrx_word' id='word_1_622' title='bbox 1210 3319 1250 3354; x_wconf 80' lang='grc' dir='ltr'>δὲ</span> <span class='ocrx_word' id='word_1_623' title='bbox 1276 3320 1451 3368; x_wconf 79' lang='grc' dir='ltr'><em>σωτῆρος</em></span> <span class='ocrx_word' id='word_1_624' title='bbox 1471 3316 1602 3364; x_wconf 66' lang='grc' dir='ltr'><em>ἔλεγον</em></span> <span class='ocrx_word' id='word_1_625' title='bbox 1623 3316 1691 3352; x_wconf 84' lang='grc' dir='ltr'>τὸν</span> <span class='ocrx_word' id='word_1_626' title='bbox 1713 3320 1840 3366; x_wconf 79' lang='grc' dir='ltr'><em>τρίτον</em></span> <span class='ocrx_word' id='word_1_627' title='bbox 1861 3328 1955 3366; x_wconf 79' lang='grc' dir='ltr'><em>κρα-</em></span> 
     </span>
     <span class='ocr_line' id='line_1_85' title="bbox 1089 3368 1955 3417; baseline -0.001 -14"><span class='ocrx_word' id='word_1_628' title='bbox 1089 3369 1204 3417; x_wconf 81' lang='grc' dir='ltr'><em>τῆρα,</em></span> <span class='ocrx_word' id='word_1_629' title='bbox 1233 3369 1296 3404; x_wconf 83' lang='grc' dir='ltr'>διὰ</span> <span class='ocrx_word' id='word_1_630' title='bbox 1317 3369 1362 3405; x_wconf 84' lang='grc' dir='ltr'>τὸ</span> <span class='ocrx_word' id='word_1_631' title='bbox 1385 3368 1476 3413; x_wconf 79' lang='grc' dir='ltr'><strong><em>τοὺς</em></strong></span> <span class='ocrx_word' id='word_1_632' title='bbox 1498 3368 1636 3404; x_wconf 80' lang='grc' dir='ltr'><em>τοῦτον</em></span> <span class='ocrx_word' id='word_1_633' title='bbox 1659 3370 1838 3411; x_wconf 80' lang='grc' dir='ltr'><strong><em>πίνοντας</em></strong></span> <span class='ocrx_word' id='word_1_634' title='bbox 1859 3379 1955 3403; x_wconf 83' lang='grc' dir='ltr'><em>στα-</em></span> 
     </span>
     <span class='ocr_line' id='line_1_86' title="bbox 1089 3417 1953 3469; baseline 0 -15"><span class='ocrx_word' id='word_1_635' title='bbox 1089 3418 1228 3469; x_wconf 55' lang='lat' dir='ltr'>espeis-</span> <span class='ocrx_word' id='word_1_636' title='bbox 1248 3422 1442 3468; x_wconf 78' lang='grc' dir='ltr'><strong><em>γίνεσθαι,</em></strong></span> <span class='ocrx_word' id='word_1_637' title='bbox 1465 3418 1556 3465; x_wconf 78' lang='grc' dir='ltr'><strong><em>τοὺς</em></strong></span> <span class='ocrx_word' id='word_1_638' title='bbox 1577 3419 1619 3454; x_wconf 84' lang='grc' dir='ltr'>δὲ</span> <span class='ocrx_word' id='word_1_639' title='bbox 1636 3417 1734 3464; x_wconf 77' lang='grc' dir='ltr'><em>μετὰ</em></span> <span class='ocrx_word' id='word_1_640' title='bbox 1748 3418 1884 3455; x_wconf 80' lang='grc' dir='ltr'><em>τοῦτον</em></span> <span class='ocrx_word' id='word_1_641' title='bbox 1898 3419 1953 3462; x_wconf 81' lang='grc' dir='ltr'>εἰς</span> 
     </span>
    </p>
   </div>
  </div>
 </body>
</html>
