2254 3770
342 295 425 339 530

815 297 860 340 P.
893 296 1143 341 CORNELII
1172 297 1342 342 TACITI
1372 298 1639 346 ANNALIUM

343 401 563 447 carissima
606 416 784 446 suorum
827 403 1012 461 quisque
1055 403 1282 462 pignorum
1320 404 1562 463 proderent.
1618 420 1703 450 non
1739 407 1852 451 enim
1882 407 2132 452 omittebant

341 477 539 522 Lucanus
569 492 743 536 quoque
774 484 816 522 et
846 478 1027 523 Senecio
1057 486 1100 523 et
1129 480 1382 532 Quintianus
1411 481 1571 538 passim
1599 482 1795 526 conscios
1816 482 1964 535 edere,
1997 483 2131 542 magis

341 553 565 612 magisque
600 553 757 611 pavido
796 554 986 606 Nerone,
1030 568 1291 613 quamquam
1331 555 1617 613 multiplicatis
1649 557 1841 602 excubiis
1871 564 2008 602 semet
2035 572 2132 603 sae-

340 629 510 687 psisset.
556 629 637 685 (58)
669 629 772 687 quin
803 635 845 672 et
873 629 1045 681 urbem,
1077 645 1156 687 per
1186 630 1425 688 manipulos
1447 632 1666 689 occupatis
1687 633 1932 684 moenibus,
1964 634 2132 679 insesso

309 705 469 748 setiam
505 704 612 747 mari
649 710 691 748 et
721 718 864 756 amne,
911 704 1026 749 velut
1055 706 1097 749 in
1128 706 1365 750 custodiam
1396 706 1526 750 dedit.
1572 708 1891 767 volitabantque
1921 723 2000 767 per
2027 709 2130 761 fora,

340 793 420 838 per
449 779 621 830 domos,
655 793 755 823 rura
784 793 959 838 quoque
990 787 1032 824 et
1061 782 1255 838 proxima
1284 782 1636 839 municipiorum,
1668 783 1836 841 pedites
1864 785 2130 844 equitesque,

339 855 536 913 permixti
567 855 809 906 Germanis,
842 855 1000 914 quibus
1030 855 1191 900 fidebat
1217 859 1420 915 princeps
1440 858 1564 915 quasi
1585 859 1784 903 externis.
1816 859 2014 904 continua
2035 859 2133 904 hinc

341 937 383 975 et
411 930 551 975 vincta
580 931 746 989 agmina
775 930 885 974 trahi
916 944 967 975 ac
996 930 1157 975 foribus
1177 931 1397 976 hortorum
1419 932 1631 978 adiacere.
1663 940 1791 993 atque
1812 935 1886 978 ubi
1907 935 2133 980 dicendam

341 1006 395 1050 ad
433 1020 608 1063 causam
646 1006 907 1057 introissent,
950 1006 1152 1050 laetatum
1193 1022 1295 1065 erga
1335 1008 1577 1053 coniuratos
1615 1015 1658 1053 et
1691 1009 1887 1054 fortuitus
1918 1024 2063 1055 sermo
2092 1017 2135 1056 et

293 1093 327 1123 io
340 1081 468 1126 subiti
499 1096 725 1133 occursus,
758 1082 795 1126 si
824 1081 1078 1134 convivium,
1111 1083 1146 1126 si
1169 1083 1462 1141 spectaculum
1482 1084 1607 1128 simul
1629 1085 1822 1138 inissent,
1856 1100 1934 1144 pro
1956 1087 2133 1132 crimine

340 1158 493 1216 accipi,
536 1171 635 1202 cum
672 1171 804 1215 super
843 1157 1024 1201 Neronis
1064 1171 1115 1202 ac
1145 1158 1323 1215 Tigillini
1354 1174 1507 1204 saevas
1545 1161 1918 1218 percunctationes
1949 1162 2133 1206 Faenius

339 1247 514 1292 quoque
540 1233 671 1278 Rufus
696 1232 907 1277 violenter
925 1239 1146 1291 urgueret,
1179 1234 1370 1278 nondum
1390 1230 1444 1278 ab
1466 1235 1676 1281 indicibus
1699 1237 1938 1281 nominatus
1959 1244 2012 1289 et,
2044 1251 2132 1296 quo

338 1310 469 1354 fidem
499 1309 690 1354 inscitiae
721 1315 911 1367 pararet,
951 1315 1072 1353 atrox
1101 1309 1310 1354 adversus
1340 1311 1495 1354 socios.
1535 1311 1650 1355 idem
1682 1312 1836 1357 Subrio
1866 1312 1995 1357 Flavo
2023 1314 2133 1358 assi-

339 1387 464 1431 stenti
495 1385 807 1443 adnuentique,
841 1399 894 1428 an
925 1385 1035 1428 inter
1062 1386 1199 1442 ipsam
1219 1385 1505 1442 cognitionem
1526 1386 1810 1445 destringeret
1829 1387 2015 1446 gladium
2036 1402 2132 1434 cae-

288 1469 325 1500 ,15
339 1462 525 1520 demque
570 1467 774 1520 patraret,
822 1460 962 1505 renuit
1000 1460 1253 1519 infregitque
1290 1461 1496 1534 impetum
1532 1462 1617 1506 iam
1646 1477 1818 1507 manum
1847 1464 1902 1509 ad
1932 1463 2132 1523 capulum

337 1538 575 1584 referentis.

451 1615 533 1671 (59)
579 1615 718 1657 Fuere
756 1612 830 1670 qui
868 1612 1036 1670 prodita
1078 1612 1387 1665 coniuratione,
1435 1612 1536 1656 dum
1574 1613 1745 1658 auditur
1778 1614 1989 1667 Milichus,
2029 1615 2133 1660 dum

337 1690 501 1734 dubitat
545 1689 802 1740 Scaevinus,
850 1687 1122 1731 hortarentur
1165 1688 1364 1731 Pisonem
1408 1702 1590 1746 pergere
1630 1689 1676 1747 in
1706 1696 1844 1733 castra
1883 1696 1956 1734 aut
1993 1697 2132 1735 rostra

336 1765 573 1811 escendere
603 1764 833 1822 studiaque
861 1763 1041 1807 militum
1071 1770 1113 1807 et
1132 1763 1278 1821 populi
1299 1770 1520 1821 temptare.
1552 1764 1588 1807 si
1609 1765 1832 1809 conatibus
1853 1765 1947 1810 eius
1969 1766 2131 1811 conscii

285 1851 323 1883 20
335 1846 686 1901 aggregarentur,
719 1846 946 1884 secuturos
978 1839 1104 1883 etiam
1133 1839 1345 1897 integros;
1385 1853 1670 1898 magnamque
1698 1847 1838 1885 motae
1869 1841 1932 1886 rei
1961 1841 2128 1894 famam,

401 1983 433 2015 4.
458 1977 634 2014 carissima'
656 1980 691 2014 M
717 1998 753 2003 —
778 1980 810 2013 2.
837 1979 1055 2022 quintilianus
1077 1980 1111 2013 M
1137 1998 1173 2004 —
1199 1979 1232 2013 3.
1257 1988 1450 2021 quanquam
1473 1981 1507 2015 M
1531 1998 1566 2005 —
1597 1981 1731 2022 sepisset
1752 1981 1826 2023 (sic)
1851 1982 1885 2016 M
1910 1999 1946 2006 -
1971 1982 2003 2015 5.
2027 1982 2129 2016 uelud

335 2040 370 2074 M
396 2057 430 2062 —-
456 2039 488 2072 7.
512 2038 589 2071 hinc
610 2041 641 2071 et
662 2037 716 2071 M:
740 2038 817 2070 hine
839 2040 870 2070 et
891 2037 966 2070 inde
989 2037 1182 2070 Wurmius.
1208 2055 1251 2061 —
1274 2037 1305 2070 8.
1331 2038 1447 2070 uincta
1469 2038 1520 2071 M:
1546 2038 1660 2071 iuncta
1683 2037 1750 2072 alii.
1776 2056 1811 2062 —
1837 2037 1870 2070 9.
1895 2038 2058 2071 laetatum
2079 2038 2126 2071 G:

334 2096 478 2129 letatum
501 2095 553 2134 M;
577 2103 644 2127 non
666 2095 792 2127 celatus
813 2096 946 2126 tantum
968 2094 1102 2133 Haase;
1132 2103 1199 2126 non
1221 2097 1348 2127 secreta
1370 2097 1501 2127 tantum
1525 2093 1695 2128 Halmius.
1724 2113 1760 2119 —
1792 2094 1984 2128 coniuratos
2005 2097 2036 2129 et
2055 2094 2131 2136 for-

335 2153 439 2185 tuitus
459 2150 683 2185 Waltherus:
716 2151 907 2183 coniuratos
929 2150 984 2183 sed
1005 2150 1161 2192 fortuitus
1184 2151 1234 2189 M;
1267 2151 1478 2191 coniuratos,
1508 2150 1666 2192 fortuitus
1687 2150 1907 2193 Nipperdey;
1939 2151 2132 2185 coniuratos

337 2217 421 2250 esse,
449 2208 607 2250 fortuitus
629 2206 835 2249 Madvigius.
864 2225 900 2230 —
935 2207 987 2239 Μ.
1013 2207 1147 2248 tigillini
1170 2207 1223 2240 M:

1256 2207 1403 2249 Tigellini
1426 2206 1541 2249 vulgo.
1574 2207 1662 2240 Vide
1685 2206 1730 2239 ad
1752 2215 1788 2249 p.
1806 2205 1882 2248 475,
1900 2207 1932 2241 7.
1961 2224 1997 2232 -
2022 2207 2076 2241 ⁴2.
2099 2209 2132 2240 οἱ

336 2264 528 2300 Acidalius:
556 2265 612 2298 sed
634 2264 668 2299 M
691 2281 735 2288 —-
758 2263 811 2297 43.
837 2263 987 2298 asistenti
1009 2263 1044 2297 M
1070 2281 1105 2287 -
1133 2262 1186 2297 44.
1212 2264 1384 2307 cedemque
1405 2264 1439 2298 M
1464 2281 1501 2288 —
1528 2265 1581 2297 ⁴5.
1601 2264 1740 2297 rennuit
1762 2264 1808 2298 M.

336 2398 530 2432 Lehnsessel.
547 2415 583 2422 -
601 2397 757 2430 Lucanus
770 2395 910 2438 quoque]
926 2396 1004 2429 Non
1020 2395 1096 2428 sine
1113 2404 1211 2429 acer·
1259 2396 1485 2429 citharoedum
1495 2395 1679 2437 principem
1689 2397 1867 2429 Neronem
1876 2394 1989 2428 vocat.
2002 2412 2038 2420 —
2053 2403 2132 2428 cor-

337 2449 445 2482 bitate
478 2448 630 2481 dictum:
665 2445 741 2479 «vel
770 2447 846 2489 ipse
878 2445 934 2479 ille
962 2446 1142 2486 Lucanus,
1173 2447 1210 2479 iu

337 2498 515 2534 Pharsalia
543 2499 618 2531 tam
645 2505 841 2539 generosus
872 2505 1017 2539 semper
1039 2495 1211 2530 libertatis

337 2550 594 2594 praedicator».

381 2601 436 2634 58.
462 2599 650 2639 Germanis]
673 2597 760 2631 Vide
785 2596 830 2630 ad
854 2597 908 2638 ⁴3,
927 2597 979 2630 ⁴8.
1007 2595 1058 2630 Cf.
1080 2597 1209 2629 Inscrr.

338 2652 426 2684 Latt.
453 2659 488 2683 n.
514 2649 610 2683 3538.
636 2646 721 2680 7420
745 2657 764 2680 a
787 2658 849 2694 ρρ,
876 2657 945 2687 aa,
970 2655 1012 2679 ττ
1042 2645 1127 2688 (vol.
1152 2647 1209 2686 111,

339 2709 373 2744 p.
399 2701 488 2741 520).
516 2717 552 2724 —-
586 2698 744 2731 continua
772 2697 848 2730 hinc
873 2701 903 2730 et
925 2697 1040 2729 vincta
1062 2696 1209 2738 aymina]

341 2750 526 2783 «continua
536 2748 721 2781 hominum
730 2747 929 2780 vinctorum
942 2747 1114 2788 agmina.»
1124 2747 1213 2778 Lou-

340 2800 469 2834 andre:
495 2800 535 2832 ils
559 2799 741 2831 trainaient
755 2806 834 2830 sans
848 2806 934 2831 cesse
948 2816 967 2822 -
977 2815 996 2822 -
1012 2798 1067 2830 des
1080 2800 1213 2838 troupes

340 2852 509 2884 d'aecuses
522 2849 661 2890 charyes
676 2849 715 2881 de
730 2848 872 2881 chamos.
899 2847 950 2881 Cf.
966 2848 1109 2880 sueton.
1126 2848 1209 2880 Ner.

340 2901 400 2935 36:
427 2899 602 2934 coniurati
623 2907 641 2931 e
661 2899 802 2931 vinculis
816 2898 1000 2938 triplicium
1017 2901 1214 2930 catenarum

341 2952 458 2985 dixere
479 2958 628 2983 causam.
655 2966 688 2973 —
715 2948 899 2990 hortorum]
924 2947 1209 2988 Servilianorum,

340 3003 376 3035 in
400 3000 529 3044 quibus
553 2997 705 3040 degebat
732 3000 835 3032 Nem.
862 2997 914 3031 Cf.
941 3006 971 3031 c.
997 2999 1052 3031 55.
1079 2998 1212 3030 --lae-

341 3051 458 3094 tatum]
491 3059 542 3085 sc.
567 3058 660 3082 esse.
695 3048 880 3081 «arrisisse
908 3047 1095 3091 aliquando
1123 3056 1212 3090 qua·

343 3110 496 3143 cumque
531 3099 718 3133 occasione
754 3098 920 3139 cuiquam
955 3107 974 3131 e
1007 3098 1211 3138 coniuratis,

342 3152 495 3186 frontem
526 3149 771 3192 exporrexisse
796 3150 831 3180 et
852 3147 990 3180 vultum
1013 3147 1212 3180 hilariorem

342 3203 486 3236 finxisse
510 3199 555 3233 ad
579 3198 788 3238 adventum,
820 3196 1049 3239 adspectum,
1085 3206 1214 3230 occur—

344 3261 442 3292 sum,
469 3249 677 3293 alloquium,
703 3248 848 3289 dictum,
873 3250 1013 3290 gestum
1032 3249 1213 3282 motumve

344 3302 525 3335 alicuius.»
560 3302 585 3333 Ι.
611 3301 647 3333 F.
673 3300 821 3332 Gnonov.
851 3315 886 3322 —
917 3299 1141 3338 adnuentique
1169 3308 1215 3331 an

346 3352 427 3395 cet.]
445 3352 604 3393 nutuque
620 3349 816 3392 quaerenti,
838 3356 882 3380 an
896 3348 988 3381 Nero
1005 3349 1039 3380 in
1054 3348 1123 3381 hac
1138 3349 1214 3391 ipsa

346 3402 551 3444 quaestione
575 3398 840 3433 interficiendus
863 3399 969 3431 esset.

389 3451 443 3485 59.
467 3451 523 3485 ille
536 3449 715 3490 scaenicas]
736 3446 900 3482 Similiter
913 3446 1089 3481 luvenalis
1101 3448 1134 3490 8,
1149 3447 1212 3481 498

1255 2446 1405 2488 poribus]
1423 2446 1566 2488 Spectat
1588 2445 1632 2478 ad
1648 2447 1836 2486 tormenta,
1863 2454 1954 2487 quae
1971 2453 1992 2478 a
2007 2445 2131 2487 paucis

1262 2495 1470 2538 corporibus
1488 2495 1635 2538 perferri
1652 2504 1693 2528 ac
1707 2496 1798 2528 vinci
1814 2496 1975 2538 possunt.
1993 2495 2074 2528 Ean.
2091 2511 2129 2521 -

1260 2547 1406 2588 merare]
1431 2547 1614 2586 Pisonem,
1643 2554 1752 2588 quem
1775 2546 2005 2579 exhortantur
2026 2545 2131 2579 amici

1260 2596 1387 2630 leniter
1407 2596 1727 2638 reprehendentes.
1755 2612 1791 2620 ·-
1820 2597 1900 2628 dum
1921 2595 2132 2637 amplectitur

1260 2665 1309 2672 --
1321 2647 1467 2689 invocat]
1491 2647 1552 2680 Est
1567 2648 1659 2679 inter
1675 2647 1827 2680 maxime
1842 2646 1989 2688 insignia
2006 2655 2132 2680 exem-

1260 2698 1317 2742 pla
1352 2698 1621 2731 constructionis
1651 2699 1740 2740 part.
1765 2698 1844 2730 dum
1872 2706 1954 2731 cum
1983 2697 2129 2731 indicat.

1261 2757 1379 2791 praes.
1414 2748 1521 2781 etiam
1551 2748 1585 2780 in
1615 2749 1773 2780 oratione
1797 2746 1952 2790 obliqua.
1978 2764 2015 2771 -
2038 2747 2133 2781 milet
2174 2775 2176 2777 ,

1258 2800 1369 2839 potius
1382 2816 1401 2822 -
1412 2816 1431 2822 -
1447 2797 1616 2840 desereret]
1640 2796 1767 2830 melius
1790 2806 1870 2831 esse
1893 2797 2011 2830 deseri
2026 2805 2048 2830 a
2062 2796 2132 2830 mi·-

1260 2848 1319 2882 lite
1343 2857 1386 2881 ac
1400 2847 1505 2891 plebe
1522 2849 1557 2881 et
1572 2849 1624 2881 rei
1639 2846 1802 2890 publicae
1819 2855 1925 2881 eausa
1941 2848 2032 2881 mori
2047 2854 2133 2881 cum

1261 2898 1381 2941 gloria.
1404 2900 1485 2932 Ean.
1507 2917 1543 2923 —
1568 2899 1596 2931 si
1617 2899 1689 2931 vita
1707 2899 1971 2940 praeriperetur]
1997 2898 2046 2932 «si
2059 2898 2133 2931 vita

1262 2950 1294 2982 ei
1317 2950 1414 2992 prius
1438 2949 1650 2991 eriperetur,
1684 2957 1791 2990 quam
1823 2949 2004 2991 inceptum
2026 2955 2132 2982 suum

1262 2999 1518 3040 exsequeretur
1534 2997 1751 3040 gloriamque
1773 2998 1855 3031 inde
1871 2997 1939 3032 sibi
1954 3000 2132 3041 pararet.»

1265 3065 1301 3073 —
1323 3047 1535 3090 adprobaret]
1559 3047 1774 3081 laudandam
1798 3047 1994 3081 exhiberet.
2014 3062 2052 3071 -
2074 3047 2134 3090 fa-

1260 3107 1341 3132 vore
1361 3098 1503 3140 inbutus]
1534 3097 1608 3131 scil.
1635 3099 1785 3138 Pisonis,
1811 3107 1883 3131 non
1905 3097 2071 3138 Neronis,
2095 3095 2134 3130 id

1263 3147 1359 3191 quod
1388 3147 1580 3181 clarissime
1609 3147 1855 3181 demonstrant
1874 3146 1986 3181 verba
2009 3154 2041 3179 c.
2065 3144 2130 3180 48:

1262 3200 1299 3232 in
1314 3207 1415 3240 quam
1429 3199 1739 3239 (coniurationem)
1753 3197 1908 3231 certatim
1921 3196 2058 3229 nomina
2071 3195 2132 3229 de-

1263 3250 1382 3282 derant
1403 3252 1570 3282 senatores
1589 3256 1686 3289 eques
1712 3248 1822 3288 mite-3,
1851 3246 1994 3289 reininae
2013 3245 2130 3288 etiaim

1263 3307 1339 3332 cum
1360 3299 1436 3331 odio
1451 3297 1609 3339 Neronis,
1635 3301 1706 3331 tum
1725 3297 1842 3339 favore
1861 3296 1898 3329 in
1917 3295 1952 3328 0.
1967 3295 2128 3329 Pisone».

1267 3366 1302 3372 —
1326 3348 1538 3381 mulieris„
1552 3347 1687 3390 marito]
1710 3347 1860 3387 variata,
1890 3346 1929 3378 ut
1951 3351 2131 3387 saepenu-

1263 3407 1363 3431 mero
1386 3397 1493 3439 solet,
1519 3397 1791 3431 constructione.
1811 3411 1848 3419 -
1869 3394 1968 3437 Silus]
1992 3394 2044 3427 De
2059 3393 2130 3426 hoo

1263 3449 1490 3490 cognomine,
1516 3447 1572 3481 cui
1586 3446 1746 3490 plerique
1761 3446 1974 3488 interpretes
1988 3444 2027 3478 et
2040 3444 2129 3478 Ger-
