2254 3770
1856 279 1963 333 ¹225

189 405 396 444 retractus
425 401 624 443 Ravenna
653 399 830 456 exsequi
862 399 1174 443 accusationem
1206 399 1396 455 adigitur,
1428 411 1512 440 non
1542 391 1778 441 occultante
1798 384 1964 439 Tiberio

189 482 310 519 vetus
339 475 483 519 odium
515 474 740 517 adversum
771 474 940 517 exulem
970 475 1190 518 Serenum.
1235 487 1331 516 nam
1363 480 1461 531 post
1489 473 1730 516 damnatum
1760 472 1964 515 Libonem

189 550 328 593 missis
349 549 402 592 ad
421 550 646 593 Caesarem
667 548 815 592 litteris
836 549 1167 606 exprobraverat
1187 562 1312 591 suum
1332 555 1491 591 tantum
1511 548 1696 591 studium
1718 547 1809 590 sine
1829 548 1965 591 fructu

188 616 329 673 fuisse,
363 624 671 682 addideratque
692 624 905 681 quaedam
925 623 1215 667 contumacius
1236 637 1365 680 quam
1381 629 1512 666 tutum
1534 629 1636 680 aput
1659 636 1787 666 aures
1816 637 1966 680 super-

187 700 264 743 bas
295 706 337 743 et
366 699 588 742 offensioni
620 699 857 756 proniores.
904 713 954 741 ea
985 701 1142 742 Caesar
1170 704 1266 742 octo
1295 705 1393 755 post
1421 712 1554 741 annos
1578 697 1746 747 rettulit,
1778 694 1999 741 mediumsss

188 782 355 832 tempus
383 774 501 818 varie
531 788 725 827 arguens,
758 774 922 816 etiamsi
955 780 1162 816 tormenta
1190 773 1429 830 pervicacia
1459 787 1682 816 servorum
1702 779 1848 816 contra
1867 786 1968 817 eve-

187 850 360 893 nissent.
409 850 489 905 (30)
520 849 643 892 dictis
674 849 770 891 dein
803 849 1020 892 sententiis
1050 855 1097 891 ut
1126 849 1311 892 Serenus
1349 862 1467 891 more
1496 849 1703 891 maiorum
1733 850 1966 906 puniretur,

187 939 274 983 quo
302 923 484 967 molliret
512 924 724 971 invidiam,
757 924 1005 967 intercessit.
1053 923 1196 966 Gallus
1217 923 1386 966 Asinius
1415 938 1507 979 cum
1528 924 1669 981 Gyaro
1700 932 1772 967 aut
1796 918 1969 969 Donusa

189 999 472 1043 claudendum
495 1006 700 1047 censeret,
733 998 773 1040 id
797 1012 971 1056 quoque
991 1005 1241 1056 aspernatus
1261 1005 1337 1047 est,
1370 1013 1549 1056 egenam
1579 1013 1717 1057 aquae
1745 998 1969 1059 utramque

190 1074 369 1118 insulam
406 1074 595 1117 rel'erens
626 1073 877 1131 dandosque
907 1074 1018 1116 vitae
1047 1088 1152 1116 usus
1182 1074 1247 1116 cui
1280 1074 1365 1116 vita
1394 1074 1713 1118 concederetur.
1738 1062 1814 1118 'ita
1844 1068 2019 1119 Sere-'⁸110

187 1164 267 1193 nus
297 1152 525 1206 Amorgum
554 1155 805 1205 reportatur.
852 1155 894 1191 et
923 1149 1023 1206 quia
1054 1149 1264 1192 Cornutus
1293 1163 1369 1192 sua
1403 1164 1530 1192 manu
1562 1136 1797 1201 ceciderat,
1830 1136 1969 1194 actum

187 1224 242 1268 de
271 1224 474 1282 praemiis
494 1230 789 1267 accusatorum
811 1223 1043 1272 abolendis,
1077 1223 1111 1266 si
1132 1224 1228 1281 quis
1248 1224 1478 1267 maiestatis
1497 1224 1735 1281 postulatus
1754 1233 1850 1268 ante
1871 1212 1970 1283 per-

188 1299 345 1343 fectum
373 1298 577 1343 iudicium
612 1312 659 1341 se
697 1298 788 1355 ipse
823 1298 908 1341 vita
942 1299 1207 1356 privavisset.
1253 1299 1477 1356 ibaturque
1507 1300 1551 1342 in
1580 1314 1673 1343 eam
1705 1286 1967 1352 sententiam,

186 1375 228 1417 ni
258 1374 407 1417 durius
438 1381 667 1431 contraque
699 1387 860 1416 morem
892 1387 1017 1416 suum
1046 1373 1185 1431 palam
1207 1388 1284 1431 pro
1306 1375 1626 1418 accusatoribus
1649 1375 1806 1419 Caesar
1825 1375 1969 1419 inritas

187 1449 323 1506 leges,
355 1463 445 1492 rem
475 1448 689 1506 publicam
720 1449 762 1490 in
791 1449 1012 1506 praecipiti
1043 1456 1304 1506 conquestus
1335 1457 1467 1492 esset:
1506 1444 2021 1508 subverterent'potius‘l5

188 1525 279 1567 iura
315 1537 445 1581 quam
486 1523 687 1567 custodes
727 1537 875 1566 eorum
913 1530 1170 1567 amoverent.
1217 1525 1279 1567 sic
1313 1524 1542 1575 delatores,
1582 1538 1717 1582 genus
1752 1512 1970 1569 bominum

187 1599 357 1675 publico
387 1599 514 1643 exitio
549 1605 764 1656 repertum
796 1605 838 1641 et
871 1613 921 1640 ne
958 1599 1109 1665 poenis
1139 1598 1314 1656 quidem
1355 1613 1556 1658 umquam
1592 1601 1693 1644 satis
1724 1602 1966 1682 coercitum,

186 1656 265 1732 pe¹r
292 1675 481 1732 praemia
512 1673 800 1717 eliciebantur.
1924 1681 1927 1684 ·

302 1749 383 1806 (3⁴)
414 1750 490 1792 His
512 1757 595 1792 tam
615 1748 807 1791 adsiduis
828 1755 999 1806 tamque
1020 1749 1192 1792 maestis
1212 1749 1381 1810 modica
1400 1750 1557 1793 laetitia
1585 1751 1829 1802 intericitur,
1852 1752 1967 1810 quod

188 1825 236 1868 C.
273 1824 527 1874 Cominium,
567 1825 754 1881 equitem
793 1825 1044 1874 Romanum,
1084 1824 1279 1881 probrosi
1319 1825 1361 1867 in
1398 1831 1445 1868 s'e
1483 1826 1680 1869 carminis
1715 1827 2017 1891 conyictum,w

187 1900 344 1944 Caesar
379 1899 582 1957 precibus
622 1899 890 1957 fratris,.qui
922 1906 1092 1943 senator
1122 1907 1227 1950 erat.
1265 1901 1488 1944 concessit.
1534 1915 1620 1958 quo
1650 1902 1784 1958 magis
1797 1903 1966 1948 -mirum

687 292 839 336 LIBER
869 293 933 335 lv.
979 291 1079 348 Cap.
1109 291 1176 333 28.
1208 291 1378 334 29:30.
1402 288 1469 334 3⁴.

251 2033 281 2065 Ι,
308 2041 376 2064 non
396 2032 541 2064 cultante
567 2040 620 2073 pr.
646 2033 680 2065 M
716 2049 753 2055 ——-
787 2032 820 2065 2.
846 2033 1024 2065 aduersum
1051 2034 1102 2066 M:
1133 2033 1291 2065 adversas
1318 2032 1434 2074 vulgo.
1474 2050 1510 2056 —
1547 2032 1578 2066 4.
1611 2033 1831 2067 contumacius
1860 2037 1892 2068 M
1924 2053 1960 2059 —

185 2090 217 2122 6.
240 2090 337 2134 uarie
358 2089 390 2122 Μ
415 2107 452 2112 -
471 2089 663 2129 pendentia
685 2089 717 2122 M
743 2107 778 2112 —
804 2089 836 2122 8.
861 2098 936 2121 cum
959 2090 1114 2122 Muretus
1130 2090 1209 2131 (sed
1225 2091 1306 2122 ante
1323 2090 1439 2122 Gallus
1451 2088 1962 2134 Asinius,'alii-ante.censeret):

185 2154 256 2177 om.
282 2146 333 2184 M3
365 2146 447 2177 ante
471 2145 585 2185 Gyaro
612 2145 748 2186 primus
776 2146 894 2187 posuit
915 2146 1131 2187 Nipperdey.
1159 2163 1195 2168 —
1227 2146 1280 2178 40.
1305 2146 1468 2187 referrens
1490 2155 1543 2188 pr.
1570 2147 1603 2180 M
1627 2163 1663 2170 -
1696 2148 1748 2180 Η.
1774 2157 1870 2180 amor
1891 2158 1966 2181 cum

187 2201 249 2242 (sic
271 2200 392 2242 divise)
418 2201 451 2233 M
476 2218 511 2223 —
539 2201 591 2244 42τ
614 2201 751 2241 premiis
772 2201 806 2234 M
830 2218 866 2224 —
895 2201 948 2234 ⁴4.
972 2202 1142 2234 medurius
1163 2203 1197 2234 M
1216 2202 1266 2244 (ni
1288 2202 1413 2235 clarius
1435 2203 1471 2235 et
1491 2203 1528 2234 ni
1549 2202 1666 2235 durius
1685 2204 1817 2245 margo)
1844 2222 1880 2228 —
1905 2214 1964 2237 ae-

185 2256 407 2289 cessator-ibus
427 2257 461 2291 M
483 2275 526 2281 ——
550 2258 602 2290 47.
627 2261 658 2289 el
679 2267 720 2289 nc
735 2258 851 2298 poenis
872 2259 1002 2298 quidem
1023 2267 1184 2299 umquam
1205 2259 1402 2292 Bekkerus:
1428 2262 1459 2291 el
1477 2259 1591 2299 poenis
1613 2260 1743 2300 quidem
1756 2269 1916 2302 mquam
1930 2263 1963 2295 M

187 2313 379 2353 (nmquam
401 2312 534 2354 margo)
562 2331 596 2336 —
623 2313 675 2345 ⁴8.
695 2314 828 2353 premia
849 2314 883 2346 Μ
907 2331 943 2336 -
967 2314 1168 2347 elicebantur
1190 2323 1243 2356 pr.
1268 2315 1301 2347 M
1327 2333 1363 2338 —
1388 2315 1443 2348 2⁴.
1462 2315 1616 2362 precibus
1635 2316 1681 2349 M.

187 2417 264 2447 aule
291 2421 459 2445 carcerem
488 2413 688 2453 proiciatur.
733 2412 915 2445 Sallustius
950 2413 1047 2446 Catil.
1072 2415 1076 2454 ἦ
1099 2415 1174 2446 iure
1196 2413 1402 2446 tribuniciae
1417 2415 1614 2456 potestatis.
1635 2432 1672 2438 ——
1691 2416 1808 2449 Gallus
1820 2417 1960 2459 Asinius]

186 2466 248 2498 55:
281 2464 342 2496 Est
371 2464 408 2495 in
437 2471 572 2495 carcere
600 2463 709 2502 locus,
745 2464 833 2503 quod
861 2464 1050 2496 Tullianum
1099 2462 1149 2495 Cf.
1168 2465 1199 2503 ⁴,
1217 2464 1250 2496 8.
1271 2481 1307 2486 —
1333 2464 1447 2503 Gyaro
1462 2468 1524 2497 aut
1536 2465 1686 2506 Donusa]
1709 2467 1857 2508 utraque
1871 2468 1963 2500 inter

187 2514 384 2555 appellatur,
414 2512 470 2545 ubi
492 2513 673 2553 paululum
703 2513 889 2545 ascenderis
912 2514 957 2545 ad
977 2514 1049 2545 lae-

185 2573 283 2603 vam,
307 2563 441 2595 circiter
462 2563 632 2595 duodecim
647 2563 747 2603 podes
760 2563 852 2595 humi
866 2563 1047 2604 depressus.

185 2614 274 2646 Eum
293 2613 448 2646 muniunt
467 2613 614 2653 undique
629 2614 777 2652 parietes
795 2615 896 2653 atque
914 2614 1051 2653 insuper

185 2672 320 2696 camera
334 2663 473 2704 lapideis
486 2662 669 2704 fornicibus
682 2664 813 2702 vincta,
837 2664 894 2695 sed
907 2663 1048 2703 incultu,

185 2714 342 2753 tenebris,
366 2714 465 2746 odore
486 2713 583 2754 foeda
603 2716 704 2753 alque
726 2713 883 2746 terribilis
904 2715 974 2746 eius
994 2714 1050 2754 fa-

185 2765 251 2796 cies
277 2765 336 2795 est.
375 2762 499 2795 Adhuc
526 2762 631 2794 hodie
663 2763 776 2795 exstat
802 2762 870 2795 sub
899 2762 1048 2795 ecelesia

186 2812 277 2845 dicta
301 2813 372 2845 San
393 2813 500 2844 Pietro
522 2813 557 2844 in
579 2821 723 2844 carcere.
752 2829 788 2835 —
813 2812 946 2854 saaewn]
969 2813 1050 2845 Tar·

186 2862 323 2904 peium,
362 2861 456 2893 unde
489 2861 811 2903 praecipitabantur
843 2861 1046 2899 facinorosi3

187 2912 231 2945 cf.
256 2913 294 2951 2,
319 2911 372 2944 32.
401 2929 437 2934 —
457 2912 710 2953 parricidarum
727 2912 862 2953 poenas]
886 2911 1051 2945 Modesti-

187 2970 254 2994 nus
276 2961 318 2992 in*
333 2961 409 3001 Dig.
435 2960 489 3000 48,
514 2962 547 3000 9,
571 2961 610 2993 9:
634 2962 742 2993 Poena
757 2962 938 3002 parricidii
958 2969 1050 2993 more

187 3011 355 3043 maiorum
367 3010 449 3042 haec
462 3010 615 3042 instituta
630 3014 690 3050 est,
707 3014 744 3042 ul
753 3011 932 3050 parricida
945 3011 1050 3051 viryis

187 3060 379 3102 sanquineis
406 3059 599 3092 verberatus
620 3061 734 3093 deinde
763 3061 867 3092 culleo
893 3062 1051 3092 insuetur

187 3119 264 3143 cum
286 3118 385 3149 cane,
409 3109 500 3150 gallo
521 3110 706 3150 aauinaceo
721 3113 752 3141 el
764 3110 880 3149 vipera
894 3112 925 3140 el
937 3110 1048 3148 simia,

189 3161 303 3193 deinde
330 3160 365 3192 in
385 3164 488 3191 'mare
510 3159 721 3199 profundum
742 3160 867 3191 culleus
894 3159 1048 3191 iactetur.

191 3209 243 3242 Cf.
279 3210 351 3242 Cic.
386 3218 455 3251 pro,
482 3209 606 3241 Roscio
633 3211 751 3241 Amer.
777 3208 796 3250 ἓ
820 3209 874 3240 70.
908 3225 943 3232 —
974 3211 1052 3248 post

190 3258 385 3290 amatum
404 3257 567 3298 Libonem]
591 3258 690 3290 cuius
712 3258 804 3290 inter
825 3259 1050 3290 accusatores

191 3306 314 3340 fuerat.
338 3307 425 3340 Vide
443 3308 475 3347 2,
492 3307 547 3340 30.-
566 3324 601 3330 -
627 3306 767 3348 lantum]
792 3305 1047 3346 tantummodo,

191 3355 483 3390 non-voaoerov.

234 3404 288 3438 30.
304 3406 586 3448 moremaiomn]
604 3406 655 3441 CI.
672 3407 711 3447 2,
727 3406 834 3440 32.·.-
857 3404 1050 3446 intercessit]

260 3467 400 3500 Taunus
421 3468 448 3500 1.

1099 2512 1290 2554 Cyclades3
1315 2513 1371 2546 illa
1395 2514 1499 2547 hodie
1515 2515 1630 2547 Chiero
1653 2518 1713 2548 aut
1733 2517 1847 2556 Ioura,
1873 2518 1962 2551 haee

1097 2564 1236 2596 Stenosa
1265 2565 1422 2596 vocatur.
1453 2564 1541 2597 Vide
1565 2566 1741 2606 Heynium
1764 2567 1809 2599 ad
1834 2568 1960 2610 Vergil,

1097 2616 1184 2646 Aen.
1211 2613 1242 2653 3,
1269 2614 1343 2646 ⁴25.
1372 2631 1407 2636 —
1439 2614 1621 2656 Amorgum
1641 2618 1845 2658 reportatur]
1876 2619 1960 2652 Inde

1098 2672 1129 2695 a.
1157 2672 1190 2696 u.
1216 2662 1280 2696 784
1313 2661 1499 2696 liberatum
1534 2672 1614 2696 esse
1650 2666 1822 2699 Serenum
1858 2668 1962 2701 docet

1097 2713 1161 2744 Dio
1184 2712 1238 2751 58,
1262 2712 1295 2751 8,
1320 2712 1360 2744 3:
1387 2711 1559 2759 Τιβέριος
1581 2711 1723 2771 ἐχθρόν
1738 2725 1822 2747 τινα
1840 2713 1958 2750 αὐτοῦ

1099 2761 1232 2801 (Seiani)
1256 2759 1450 2806 ᾑρημένον
1471 2761 1543 2803 μὲν
1559 2760 1632 2808 πρὸ
1649 2762 1741 2796 δέκα
1757 2764 1849 2797 ἐτῶν
1860 2762 1960 2809 Ἰβη-

1097 2813 1181 2858 ριάς
1212 2806 1342 2868 ἄρξαι,
1373 2809 1598 2857 κρινόμενον
1627 2811 1668 2845 δὲ
1701 2813 1763 2848 ἐπὶ
1783 2825 1894 2855 τισιν,
1919 2814 1960 2858 ἐξ

1097 2861 1244 2894 ἐκείνου
1271 2857 1436 2903 ἀφῆκεν.
1465 2880 1501 2886 -
1533 2864 1572 2895 de
1594 2865 1757 2904 praemiis
1785 2870 1960 2898 accusato-

1096 2910 1188 2951 rum]
1219 2911 1278 2951 qui
1301 2912 1462 2951 quartam
1486 2914 1623 2953 partem
1645 2913 1820 2947 bonorum
1843 2914 1960 2957 publi-

1098 2962 1259 2992 catorum
1281 2959 1514 3001 accipiebant.
1540 2961 1591 2994 Cf.
1618 2971 1650 2995 c.
1675 2963 1727 2995 20.
1749 2981 1785 2987 -
1810 2965 1845 2996 in
1861 2973 1961 3004 prae—

1097 3009 1206 3050 cipiti]
1241 3008 1382 3041 summo
1410 3010 1445 3042 in
1473 3009 1687 3044 discrimine.
1716 3029 1753 3035 —
1782 3022 1823 3044 ne
1846 3015 1962 3053 poenis

1097 3058 1227 3097 quidem
1242 3057 1324 3099 cet.]
1348 3058 1508 3092 Fortasse
1531 3060 1588 3092 hic
1612 3062 1773 3102 cogitavit
1795 3062 1839 3106 de
1856 3063 1959 3097 initiis

1098 3107 1303 3146 Domitiani,
1329 3108 1388 3148 qui
1414 3109 1504 3141 teste
1527 3110 1692 3142 Suetonio
1712 3111 1731 3142 9
1752 3112 1878 3163 fiscales
1895 3122 1960 3145 cas

1097 3157 1242 3189 liminius
1262 3166 1388 3198 mamm
1401 3159 1682 3191 calumniatorum
1700 3169 1809 3199 poena
1830 3171 1960 3202 repres-

1098 3208 1159 3245 sit;
1181 3207 1412 3248 ferebaturque
1433 3217 1504 3241 voa:
1523 3211 1612 3241 eius:
1635 3210 1814 3250 Princeps,
1831 3212 1888 3280 qui
1902 3214 1959 3246 do-

1099 3257 1221 3289 latores
1240 3265 1307 3288 non
1327 3259 1489 3299 castigat,
1514 3259 1641 3289 irritat

1143 3306 1196 3339 3⁴.
1219 3307 1356 3347 fratris,
1381 3309 1438 3348 qiu·
1459 3311 1592 3340 senator
1607 3309 1692 3350 erat]
1717 3303 1862 3344 Cominii
1879 3312 1959 3347 Pro'-

1099 3355 1185 3396 culi,
1209 3365 1274 3398 pro
1298 3356 1441 3390 consule
1466 3357 1572 3398 Cypri
1595 3357 1662 3389 sub
1679 3354 1839 3400 Claudio,-
1860 3362 1959 3396 euius

1098 3406 1446 3448 nummisupersunt
1468 3407 1520 3438 sic
1542 3406 1719 3448 inscripti:
1753 3402 1959 3454 sni-‘Kom-'s

1597 3464 1650 3508 ⁴5
