2254 3770
287 287 369 337 l96
763 299 808 343 Ρ.
842 299 1090 344 CORNELII
1119 299 1289 344 TACITI
1318 299 1586 345 ANNALIUM

290 403 434 456 Silani,
465 404 534 450 hic
562 405 740 464 legatus.
788 419 870 450 nec
898 405 1074 450 dubium
1104 399 1343 450 habebatur
1372 407 1574 451 saevitiae
1605 412 1911 465 captarumque
1946 418 2078 463 pecu-

293 480 461 524 niarum
480 482 615 525 teneri
638 495 782 534 reum;
814 481 891 525 sed
911 481 1043 525 multa
1064 482 1379 539 adgerebantur
1399 484 1527 526 etiam
1556 482 1793 526 insontibus
1822 479 2076 540 periculosa,

292 567 390 599 cum
429 570 561 615 super
597 563 659 601 tot
698 563 919 601 senatores
958 557 1163 601 adversos
1194 557 1508 601 facundissimis
1538 557 1666 601 totius
1696 558 1821 601 Asiae
1852 570 1992 615 eoque
2024 555 2077 599 ad

292 632 581 675 accusandum
603 631 781 676 delectis
802 631 1082 690 responderet
1103 632 1220 676 solus
1241 639 1284 676 et
1302 632 1452 676 orandi
1474 633 1657 685 nescius,
1688 633 1863 691 proprio
1885 633 1928 675 in
1949 638 2076 683 metu,

260 707 365 765 isqui
396 708 625 752 exercitam
652 722 826 767 quoque
847 707 1137 767 eloquentiam
1157 708 1358 762 debilitat,
1391 722 1476 752 non
1504 714 1766 766 temperante
1787 708 1954 752 Tiberio
1975 707 2078 766 quin

290 789 507 841 premeret
536 797 660 835 voce,
693 783 829 837 vultu,
861 798 914 828 eo
945 784 1061 842 quod
1093 784 1186 842 ipse
1218 783 1479 828 creberrime
1509 783 1806 842 interrogabat,
1838 796 1981 842 neque
2010 796 2080 826 re-

289 857 435 902 fellere
466 864 538 902 aut
566 859 744 903 eludere
774 859 972 910 dabatur,
1006 873 1055 903 ac
1086 873 1218 917 saepe
1251 860 1377 902 etiam
1399 859 1687 904 confitendum
1709 866 1816 910 erat,
1849 873 1904 903 ne
1924 858 2079 902 frustra

290 934 586 992 quaesivisset.
629 949 779 980 servos
809 949 985 994 quoque
1016 935 1164 986 Silani,
1206 942 1251 978 ut
1281 935 1501 979 tormentis
1538 935 1918 993 interrogarentur,
1960 939 2080 978 actor

288 1008 487 1067 publicus
524 1011 736 1069 mancipio
772 1017 1011 1069 acceperat.
1061 1017 1103 1055 et
1130 1024 1184 1054 ne
1215 1011 1312 1069 quis
1342 1011 1684 1055 necessariorum
1715 1011 1880 1054 iuvaret
1908 1008 2080 1067 pericli-

238 1093 275 1124 ⁴0
289 1090 464 1137 tantem,
506 1085 739 1130 maiestatis
778 1086 955 1131 crimina
991 1085 1301 1138 subdebantur,
1343 1085 1528 1130 vinclum
1558 1092 1600 1130 et
1637 1085 1873 1130 necessitas
1911 1083 2078 1128 silendi.

288 1160 416 1218 igitur
444 1162 576 1220 petito
606 1175 843 1220 paucorum
874 1161 1041 1206 dierum
1071 1162 1294 1206 interiectu
1324 1160 1616 1206 defensionem
1641 1162 1707 1205 sui
1729 1161 1930 1209 deseruit,
1963 1159 2079 1203 ausis

288 1235 343 1279 ad
374 1237 604 1282 Caesarem
634 1237 854 1290 codicillis,
891 1237 1049 1296 quibus
1082 1237 1283 1281 invidiam
1314 1243 1356 1281 et
1384 1251 1537 1295 preces
1567 1238 1809 1281 miscuerat.
1842 1236 1923 1292 (68)
1955 1234 2079 1279 Tibe-

287 1311 376 1355 rius
408 1326 520 1371 quae
550 1313 594 1356 in
624 1313 815 1357 Silanum
845 1313 1033 1371 parabat,
1066 1327 1152 1371 quo
1184 1313 1427 1357 excusatius
1448 1312 1529 1356 sub
1551 1311 1747 1370 exemplo
1769 1311 2077 1369 acciperentur,

286 1386 452 1432 libellos
482 1388 567 1433 divi
598 1389 774 1446 Augusti
805 1388 859 1433 de
890 1388 1045 1434 Voleso
1075 1388 1277 1439 Messala,
1311 1387 1508 1432 eiusdem
1536 1388 1661 1432 Asiae
1691 1401 1770 1446 pro
1799 1385 1987 1437 consule,
2019 1385 2081 1430 fa-

236 1474 273 1505 ⁴5
286 1469 488 1522 ctumque
519 1464 562 1507 in
592 1478 692 1508 eum
722 1470 896 1508 senatus
928 1463 1168 1508 consultum
1198 1464 1366 1508 recitari
1398 1464 1527 1508 iubet.
1558 1470 1646 1507 tum
1676 1464 1721 1507 L.
1753 1463 1952 1507 Pisonem
1981 1476 2080 1506 sen-

285 1539 458 1583 tentiam
497 1546 628 1598 rogat.
672 1539 743 1583 ille
778 1539 956 1583 multum
986 1540 1040 1584 de
1072 1539 1296 1584 clementia
1326 1539 1531 1598 principis
1560 1538 1777 1597 praefatus
1807 1552 1920 1597 aqua
1951 1544 2080 1597 atque

286 1614 371 1672 igni
393 1614 535 1659 Silano
558 1615 900 1661 interdicendum
921 1616 1097 1667 censuit,
1131 1615 1361 1673 ipsumque
1389 1615 1431 1658 in
1462 1613 1645 1658 insulam
1666 1614 1856 1673 Gyarum
1885 1613 2081 1671 relegan-

286 1689 402 1734 dum.
445 1690 599 1735 eadem
636 1692 786 1742 ceteri,
828 1691 907 1735 nisi
939 1691 1056 1750 quod
1088 1691 1161 1736 Cn.
1191 1690 1396 1735 Lentulus
1438 1690 1678 1749 separanda
1715 1689 1847 1734 Silani
1887 1695 2081 1734 materna

285 1764 400 1810 boria
429 1766 607 1826 [quippe
637 1766 719 1811 alia
749 1773 925 1825 parente
963 1767 1108 1825 geniti]
1141 1766 1450 1825 reddendaque
1482 1766 1567 1810 filio
1598 1763 1719 1816 dixit,
1761 1765 1976 1809 adnuente
2014 1763 2082 1808 Ti-

235 1840 420 1886 aoberio.
467 1843 548 1900 (69)
587 1849 629 1886 at
664 1843 886 1887 Cornelius
928 1842 1149 1887 Dolabella
1185 1842 1287 1886 dum
1328 1842 1616 1886 adulationem
1658 1841 1826 1897 longius
1871 1839 2078 1899 sequitur,

286 1917 503 1976 increpitis
543 1918 588 1963 C.
620 1917 749 1962 Silani
787 1918 979 1962 moribus
1018 1918 1181 1962 addidit
1223 1932 1278 1962 ne
1308 1919 1405 1977 quis
1443 1918 1528 1961 vita
1566 1916 1803 1975 probrosus
1833 1923 1876 1960 et
1905 1922 2080 1974 opertus

284 1992 456 2037 infamia
484 1994 749 2051 provinciam
771 1995 1006 2045 sortiretur,
1040 1994 1172 2052 idque
1200 1994 1402 2052 princeps
1424 1993 1691 2037 diiudicaret.
1737 2006 1836 2036 nam
1861 2005 1886 2035 a
1911 1990 2079 2049 legibus

348 2088 380 2122 4.
407 2090 648 2122 accussandum
670 2089 704 2123 M
738 2106 774 2112 -
807 2089 839 2122 5.
865 2089 1040 2129 eloquende
1067 2090 1180 2123 belitat
1202 2091 1234 2124 M
1258 2090 1488 2133 (eloquentiam
1511 2089 1657 2122 debilitat
1683 2088 1816 2130 margo)
1850 2106 1885 2112 —
1922 2088 1954 2121 6.
1980 2095 2081 2128 eoque

283 2146 371 2187 quod
393 2145 580 2179 Acidalius.
602 2163 636 2171 —-
664 2146 697 2179 8.
715 2146 1006 2188 interroqarentur
1022 2147 1176 2188 Lipsius:
1202 2147 1449 2188 interrogentur
1471 2147 1503 2180 M
1522 2164 1557 2169 —
1585 2146 1638 2178 48.
1658 2145 1692 2178 0.
1710 2145 1753 2178 N.
1773 2145 1807 2178 M
1824 2161 1859 2167 —
1888 2144 1941 2176 49.
1959 2143 2081 2184 quippe

283 2201 354 2235 alia
372 2207 513 2244 parente
533 2202 636 2245 qeniti
659 2200 811 2236 delenda
836 2204 974 2236 censuit
996 2203 1166 2237 Weikert.
1195 2221 1230 2226 -
1257 2203 1339 2245 alia]
1364 2203 1494 2236 Manlia
1517 2202 1671 2242 Grotius,
1698 2199 1825 2234 collato
1848 2200 1991 2233 nomine
2015 2207 2079 2232 so-

282 2259 373 2293 roris
398 2260 593 2301 Torquatae
611 2267 642 2291 c.
662 2259 716 2292 69.
743 2259 794 2292 Cf.
814 2260 984 2301 Borghesi
1001 2258 1125 2293 Annali
1141 2258 1391 2293 dell'Instituto
1407 2259 1493 2299 XXI,
1519 2267 1554 2301 p.
1569 2257 1610 2291 23
1627 2267 1681 2300 sq.
1700 2274 1736 2281 -
1755 2257 1810 2291 20.
1836 2256 1884 2299 at]
1909 2256 1959 2290 Aa
1972 2265 2026 2299 pr.
2045 2255 2078 2290 M

285 2331 322 2339 —
347 2316 402 2349 22.
428 2325 452 2349 a
474 2314 667 2349 delendum
690 2317 815 2349 censet
836 2317 1030 2350 Wurmius.

280 2390 416 2431 paterni
436 2390 473 2422 in
496 2390 664 2432 principes
686 2391 754 2423 odii
775 2391 925 2424 heredem
946 2393 1051 2425 vocat
1066 2392 1159 2425 Mar-

284 2439 394 2474 cellus
418 2439 555 2473 delator
578 2440 667 2474 infra
692 2441 745 2482 46,
771 2441 832 2481 283
865 2443 972 2484 atque
1004 2443 1080 2484 ipse
1104 2443 1159 2474 in-

283 2498 404 2523 nocens
421 2490 540 2524 Tiberii
561 2491 703 2524 saevitia
727 2491 904 2524 concidisse
920 2491 1049 2525 dicitur
1071 2491 1156 2525 ibid.

285 2547 317 2572 c.
342 2540 398 2573 29.
427 2557 462 2563 -—
487 2549 593 2581 neque
613 2540 774 2583 refellere]
802 2541 1061 2584 Impedimento
1085 2543 1160 2574 erat

284 2589 410 2630 timor,
447 2598 492 2623 ne
525 2590 695 2633 principis
732 2599 814 2623 eum
845 2592 974 2624 acriter
1001 2593 1158 2634 urgentis

286 2639 376 2672 iram
400 2641 559 2682 augeret.
578 2657 615 2664 —
638 2644 733 2674 actor
751 2641 902 2682 publicus
916 2642 1083 2683 mancipio
1098 2651 1159 2675 ac—

288 2690 435 2733 ceperat]
461 2690 512 2724 Cf.
530 2691 564 2731 2,
582 2691 635 2725 30.
656 2708 692 2715 -
720 2692 822 2732 ausis]
845 2692 1005 2735 passive,
1030 2694 1069 2726 ut
1084 2693 1156 2725 Liv.

288 2739 343 2780 39,
368 2739 408 2773 8:
436 2740 598 2781 pleraque
619 2749 680 2782 per
701 2741 770 2774 vim
792 2742 1014 2775 audebantur.
1043 2760 1078 2765 —
1103 2742 1160 2774 in-

287 2789 429 2832 vidiam]
452 2798 510 2824 ras
526 2791 731 2833 invidiosas,
747 2792 1056 2834 vituperationem,
1075 2801 1159 2826 con-

286 2839 380 2873 vitia.
410 2839 576 2873 Similiter
599 2840 637 2881 4,
663 2841 723 2874 53:
748 2841 911 2874 invidiam
926 2845 956 2875 et
976 2851 1088 2883 preces
1107 2851 1160 2875 or-

287 2888 390 2922 ditur.
428 2889 481 2930 46,
508 2890 567 2922 4οι
601 2890 800 2925 immobilem
822 2900 856 2925 se
879 2891 1033 2934 precibus
1053 2895 1084 2925 et
1105 2892 1160 2925 in-

285 2939 398 2972 vidiae
418 2939 519 2972 iuxta
542 2941 691 2973 ostendit.

329 2988 384 3022 68.
418 2989 529 3022 Voleso
551 2989 713 3031 Messala]
747 2992 786 3023 In
817 2990 914 3024 fastis
945 2991 983 3024 L.
1012 2991 1160 3024 Valerius

284 3038 382 3072 Potiti
408 3039 436 3081 f.
461 3039 606 3073 Messala
632 3040 762 3073 Volesus
785 3043 841 3074 est
863 3050 935 3074 cos.
962 3041 1159 3075 ordinarius

285 3097 318 3121 a.
344 3089 420 3123 758.
458 3090 593 3123 Seneca
617 3089 662 3122 de
685 3091 741 3122 Ira
765 3090 801 3131 2,
827 3092 867 3124 5:
903 3091 1033 3125 Volesus
1054 3100 1160 3134 nuper

284 3137 344 3171 sub
372 3139 448 3171 divo
470 3139 616 3182 Augusto
638 3140 821 3180 proconsul
842 3140 958 3181 Asiae,
991 3150 1066 3174 cum
1088 3145 1158 3174 tre-

285 3191 394 3221 centos
425 3198 492 3222 uno
521 3189 574 3223 die
604 3189 713 3223 securi
741 3191 973 3231 percussisset,
1009 3192 1160 3224 incedens

284 3238 371 3271 inter
392 3240 563 3273 cadavera
584 3240 680 3273 vultu
701 3239 861 3281 superbo,
894 3241 992 3282 quasi
1021 3243 1158 3284 mayni-

282 3287 383 3329 ficum
426 3290 588 3330 quiddam
632 3289 963 3331 conspiciendumque
1009 3291 1153 3333 fecisset,

285 3336 410 3371 Graece
438 3339 686 3380 proclamavit:
726 3339 752 3372 0
781 3349 853 3374 rem
881 3341 1031 3382 reqiam!
1079 3342 1158 3383 Quis

283 3385 365 3419 haec
397 3396 462 3421 rem
492 3389 644 3431 fecisset?
683 3390 759 3422 Non
791 3389 855 3430 fuit
885 3390 965 3423 haec
994 3390 1066 3430 ira,
1102 3392 1157 3424 sed

282 3436 396 3470 maius
426 3438 555 3472 malum
588 3442 619 3473 et
651 3437 845 3474 insanabile.
892 3439 944 3472 De
979 3439 1055 3482 ipso
1091 3440 1154 3474 SC.

1209 2390 1292 2425 nihil
1317 2391 1452 2424 notum.
1474 2407 1510 2413 -
1536 2390 1573 2422 L.
1598 2387 1758 2430 Pisonem]
1784 2387 1837 2424 Cf.
1853 2396 1928 2421 var.
1947 2386 2028 2420 lect.
2045 2387 2079 2428 2,

1209 2442 1263 2475 32.
1284 2457 1319 2464 -
1347 2439 1510 2482 Gyarum]
1535 2439 1627 2472 inter
1649 2438 1810 2471 Andrum
1835 2439 1871 2471 et
1894 2438 2004 2471 Ceam
2026 2437 2082 2470 in-

1208 2491 1321 2532 sulas,
1346 2499 1440 2524 nunc
1462 2490 1576 2522 Ioura.
1610 2490 1732 2522 luven.
1758 2490 1790 2529 4,
1815 2488 1877 2522 73:
1901 2487 1992 2521 Aude
2013 2487 2082 2521 ali-

1208 2543 1289 2585 quid
1310 2540 1460 2574 brevibus
1483 2539 1606 2580 Gyaris
1627 2542 1658 2572 et
1680 2547 1817 2571 carcere
1839 2538 2002 2581 dignum!
2026 2537 2078 2571 Cf.

1207 2593 1297 2626 infra
1319 2591 1356 2632 4,
1375 2591 1428 2625 30.
1454 2589 1630 2623 Plutarch.
1648 2589 1692 2623 de
1710 2587 1811 2622 exilio
1834 2597 1870 2631 p.
1889 2587 1964 2621 603.
1984 2588 2022 2621 C.
2040 2605 2078 2611 —

1209 2643 1267 2676 Cn.
1291 2639 1456 2682 Lentulus]
1480 2639 1569 2672 Vide
1594 2639 1639 2672 ad
1663 2638 1702 2679 4,
1727 2637 1781 2672 44.
1803 2656 1839 2662 —
1865 2637 1988 2679 quippe
2009 2637 2082 2670 alia

1203 2702 1240 2734 p.
1264 2691 1384 2734 geniti]
1416 2689 1619 2724 Waltherus
1643 2687 1689 2722 ad
1710 2688 1801 2721 haec
1822 2686 1952 2728 verba,
1988 2695 2079 2729 quae

1207 2743 1275 2785 ipsi
1297 2741 1436 2774 sincera
1458 2739 1639 2779 videntur,
1674 2738 1764 2771 haec
1786 2737 1983 2770 adnotavit:
2017 2736 2078 2770 «C.

1208 2790 1345 2824 Silanus
1368 2790 1398 2823 si
1421 2789 1484 2822 fuit
1501 2788 1615 2826 irater
1636 2788 1681 2822 M.
1708 2788 1743 2820 et
1765 2787 1803 2820 L.
1827 2787 1863 2819 et
1886 2787 1927 2820 D.
1946 2784 2081 2819 Silano-

1208 2849 1289 2874 rum
1312 2839 1371 2882 (de
1396 2837 1524 2881 quibus
1548 2838 1675 2871 Noster
1692 2836 1725 2877 3,
1750 2835 1793 2869 24
1818 2838 1853 2869 et
1877 2837 1930 2876 42,
1955 2835 1988 2869 4.
2007 2835 2028 2869 8
2045 2836 2082 2869 et

1207 2891 1261 2932 43,
1281 2890 1330 2932 4),
1355 2891 1433 2922 tum
1456 2889 1608 2922 matrem
1632 2888 1707 2921 eius
1723 2885 1878 2928 intellige
1895 2885 2080 2919 Aemiliam

1208 2940 1390 2983 Lepidam,
1409 2939 1620 2981 proneptem
1631 2937 1778 2979 Augusti
1796 2945 1838 2969 ex
1855 2934 1938 2968 lulia
1953 2936 2080 2978 Agrip-

1207 2998 1274 3032 pae
1307 2990 1343 3022 et
1370 2987 1476 3022 Iuliae
1507 2986 1589 3020 filia.
1635 2986 1676 3020 Id
1705 2987 1843 3019 certum
1874 2986 1948 3025 est,
1984 2985 2079 3017 hunc

1207 3039 1363 3074 Silanum
1397 3038 1505 3072 fuisse
1540 3036 1686 3070 fratrem
1722 3036 1842 3069 Iuniae
1881 3035 2078 3077 Torquatae

1206 3091 1251 3134 (c.
1277 3091 1348 3131 69),
1382 3089 1417 3122 et
1445 3087 1563 3121 Iunius
1586 3087 1803 3128 Torquatus,
1835 3085 1896 3127 qui
1923 3083 2078 3119 abavum

1207 3140 1344 3175 ferebat
1366 3139 1579 3181 Augustum,
1604 3136 1730 3179 legitur
1751 3137 1805 3177 45,
1823 3135 1876 3168 35.
1914 3135 2078 3168 conexus

1206 3192 1310 3234 igitur
1331 3189 1427 3223 haud
1451 3188 1558 3222 dubie
1582 3187 1645 3221 fuit
1665 3186 1786 3220 domui
1803 3186 1996 3219 Caesarum
2012 3193 2078 3227 per

1207 3243 1369 3276 matrem.
1405 3239 1482 3273 Alia
1503 3239 1562 3272 hic
1584 3239 1624 3271 ut
1640 3237 1847 3280 saepissime
1868 3234 2077 3278 praegnanti

1205 3293 1315 3325 utitur
1342 3290 1558 3333 significatu,
1588 3289 1627 3321 ut
1648 3288 1694 3321 sit
1716 3287 1868 3327 diversa,
1894 3285 2074 3327 dissimilis,

1206 3342 1241 3374 in
1263 3340 1395 3374 bonam
1419 3340 1568 3382 partem.
1593 3337 1699 3378 Igitur
1714 3337 1833 3377 quippe
1848 3335 1920 3368 alia
1935 3338 2075 3377 parente

1204 3391 1308 3434 qeniti
1335 3388 1584 3432 accipiendum
1609 3387 1674 3420 erit
1702 3394 1768 3429 pro
1792 3385 1912 3427 quippe
1938 3385 2075 3419 meliore

1204 3441 1241 3481 (a
1265 3440 1304 3474 C.
1329 3437 1445 3473 Silano
1469 3435 1641 3479 dissimili)
1660 3445 1696 3479 p.
1720 3436 1841 3480 ueniti,
1873 3436 1972 3470 euius
1995 3443 2075 3469 me-

2241 3718 2250 3770 «κ-
2226 3645 2251 3694 ἓν».
2238 3589 2251 3612 :⁴
2235 3307 2254 3577 ’ffiwfflffl;o„„
