2254 3770
306 282 391 333 324
783 287 829 330 P.
861 285 1111 331 CORNELII
1140 286 1312 331 TACITI
1340 287 1610 333 ANNALIUM

308 390 408 444 coli,
439 391 568 436 modo
599 392 839 437 comitatem
869 399 912 437 et
940 395 1284 452 temperantiam,
1317 393 1420 437 nulli
1450 394 1598 447 invisa,
1631 394 1803 453 saepius
1822 393 2097 439 vinulentiam

308 481 360 512 ac
387 467 607 521 libidines,
640 475 759 527 grata
787 468 999 523 barbaris,
1033 484 1258 528 usurpans.
1301 469 1472 528 iamque
1493 469 1607 529 apud
1628 470 1858 529 proximos,
1891 470 1975 514 iarn
2004 469 2104 527 lon-,⁶

308 543 403 602 gius
434 543 694 597 clarescere,
727 559 823 589 cum
853 546 1085 603 potentiam
1107 547 1199 590 eius
1220 552 1528 603 suspectantes,
1561 546 1635 604 qui
1657 546 1910 591 factionibus
1940 544 2098 591 florue-

308 626 422 672 rant,
465 620 692 664 discedunt
730 620 784 664 ad
823 622 1110 666 conterminos
1149 621 1333 680 populos
1364 636 1415 666 ac
1444 621 1722 675 testificantur
1751 622 1879 666 adimi
1909 627 2101 666 veterem

276 695 563 740 aGermanIae
592 695 833 740 libertatem
863 703 906 741 et
933 699 1144 742 Romanas
1176 711 1283 756 opes
1312 698 1549 755 insurgere.
1577 697 1688 742 adeo
1717 698 1931 742 neminem
1962 697 2101 742 isdem

308 771 351 814 in
391 771 515 816 terris
555 777 711 824 ortum,
751 772 826 830 qui
866 773 1103 832 principem
1140 773 1283 818 locum
1322 772 1515 831 impleat,
1556 773 1637 817 nisi
1677 773 1958 832 exploratoris
1986 773 2103 818 Flavi

306 847 538 905 progenies
579 861 710 906 super
739 854 917 893 cunctos
948 848 1192 893 attollatur?
1232 849 1388 893 frustra
1417 849 1648 893 Arminium
1677 849 1937 908 praescribi:
1979 838 2126 894 cuius

307 922 344 966 si
374 922 486 967 filius
517 922 660 967 hostili
691 924 734 967 in
763 924 857 968 solo
889 924 1059 969 adultus
1090 925 1131 968 in
1162 939 1342 981 regnum
1372 925 1575 978 venisset,
1609 939 1740 983 posse
1761 924 2002 977 extimesci‚
2038 925 2104 968 in-

306 997 466 1043 fectum
494 998 718 1053 alimonio,
751 1000 944 1053 servitio,
977 1000 1112 1053 cultu,
1146 1001 1344 1045 omnibus
1376 1001 1575 1045 externis.
1613 1007 1656 1045 at
1684 1002 1720 1045 si
1749 1007 1928 1060 paterna
1957 999 2102 1044 Italico

257 1086 294 1117 ιο
307 1089 429 1119 mens
468 1082 602 1128 esset,
644 1089 730 1120 non
769 1075 899 1119 alium
934 1076 1140 1120 infensius
1169 1090 1288 1121 arma
1318 1083 1466 1121 contra
1494 1077 1675 1135 patriam
1705 1090 1757 1122 ac
1786 1077 1894 1121 deos
1923 1082 2102 1135 penates

307 1164 438 1210 quam
474 1157 698 1209 parentem
735 1151 829 1196 eius
868 1153 1130 1197 exercuisse.
1182 1152 1213 1209 (i
1225 1153 1263 1210 7)
1305 1152 1372 1196 his
1401 1159 1530 1211 atque
1560 1152 1715 1197 talibus
1746 1167 1921 1211 magnas
1952 1152 2100 1211 copias

307 1231 503 1286 coegere.
542 1241 624 1272 nec
653 1228 880 1286 pauciores
910 1228 1104 1273 Italicum
1135 1228 1438 1287 sequebantur.
1471 1243 1556 1272 non
1581 1229 1696 1273 enim
1726 1228 1934 1287 irrupisse
1954 1227 2011 1273 ad
2039 1225 2107 1272 in·-

305 1303 438 1356 vitos‚
483 1303 561 1348 sed
591 1304 775 1348 accitum
804 1303 1090 1356 memorabat,
1123 1303 1297 1362 quando
1328 1304 1547 1348 nobilitate
1578 1311 1747 1349 ceteros
1777 1305 1977 1349 anteiret:
2018 1304 2106 1349 vir-

305 1385 439 1424 tutem
469 1380 777 1438 experirentur,
810 1394 863 1424 an
895 1380 1073 1438 dignum
1102 1394 1150 1424 se
1181 1386 1335 1438 patruo
1365 1380 1575 1433 Arminio,
1608 1394 1688 1424 avo
1719 1381 1948 1425 Catumero
1977 1394 2105 1439 prae-

255 1455 440 1500 usberet.
498 1469 580 1500 nec
618 1462 785 1514 patrem
821 1456 992 1509 rubori,
1042 1455 1157 1514 quod
1198 1455 1328 1500 fidem
1368 1455 1578 1500 adversus
1611 1457 1824 1501 Romanos
1862 1455 2104 1500 volentibus

306 1531 529 1576 Germanis
551 1538 764 1590 sumptam
785 1545 1019 1591 numquam
1039 1531 1267 1577 omisisset.
1294 1531 1400 1576 salso
1423 1531 1630 1576 libertatis
1651 1531 1910 1576 vocabulum
1929 1531 2103 1576 obtendi

305 1607 359 1652 ab
391 1607 443 1652 iis
473 1607 546 1666 qui
576 1608 774 1666 privatim
804 1608 1064 1666 degeneres,
1106 1608 1150 1651 in
1179 1606 1400 1665 publicum
1430 1608 1613 1660 exitiosi,
1659 1607 1760 1651 nihil
1790 1607 1884 1666 spei
1914 1607 1996 1651 nisi
2024 1621 2104 1666 per

306 1683 546 1728 discordias
576 1683 773 1728 habeant.
809 1683 1086 1742 adstrepebat
1115 1683 1215 1727 huic
1245 1683 1384 1728 alacre
1406 1683 1578 1742 vulgus3
1610 1690 1653 1727 et
1680 1697 1835 1741 magno
1865 1683 1976 1727 inter
2005 1682 2103 1727 bar-

303 1758 435 1804 baros
464 1758 630 1818 proelio
660 1760 797 1804 victor
826 1773 919 1812 rex,
964 1760 1064 1804 dein
1094 1758 1286 1803 secunda
1315 1759 1483 1804 fortuna
1513 1759 1568 1804 ad
1599 1758 1846 1818 superbiam
1873 1758 2102 1818 prolapsus

253 1846 292 1879 20
303 1835 563 1895 pulsusque,
596 1849 647 1880 ac
676 1850 827 1879 rursus
856 1835 1238 1893 Langobardorum
1267 1835 1422 1893 opibus
1452 1835 1657 1888 refectus,
1689 1849 1769 1894 per
1796 1835 1907 1880 laeta
1926 1849 2007 1894 per
2025 1833 2102 1880 ad-

303 1926 431 1957 versa
460 1925 531 1956 res
563 1910 803 1956 Cheruscas
833 1911 1074 1956 afflictabat.

418 1987 500 2045 (⁴8)
538 1988 621 2032 Per
656 1987 771 2032 idem
810 1994 979 2046 tempus
1017 1988 1194 2041 Chauci,
1233 1987 1348 2032 nulla
1388 1987 1660 2033 dissensione
1695 1988 1834 2042 domi,
1883 1993 1926 2032 et
1962 1993 2100 2032 morte

369 2130 402 2163 4.
425 2128 537 2162 inuisa
558 2128 609 2163 M:
633 2129 779 2162 invisam
795 2129 823 2162 G
840 2145 877 2152 --
894 2129 1115 2163 temulentiam
1129 2138 1183 2172 pr.
1203 2130 1255 2164 M:
1280 2129 1498 2162 uinolentiam
1514 2138 1607 2164 corr.
1624 2129 1669 2163 M.
1688 2129 1740 2163 Cf.
1756 2128 1810 2171 ⁴3,
1829 2129 1885 2163 20.
1901 2146 1937 2153 -
1955 2128 1988 2162 6.
2004 2128 2103 2162 Flavi

304 2193 387 2220 nos:
411 2185 505 2229 stabii
528 2186 578 2225 M;
610 2185 720 2218 Flavii
742 2184 860 2227 vulgo.
887 2185 938 2219 Cf.
956 2194 991 2229 p.
1011 2186 1087 2227 323,
1113 2187 1145 2219 7.
1172 2203 1208 2209 —
1241 2186 1274 2219 7.
1299 2195 1399 2227 super
1421 2187 1455 2219 M
1478 2187 1561 2229 (per
1583 2186 1705 2219 notam
1729 2185 1900 2227 eandem,
1931 2193 2023 2227 quae
2047 2184 2104 2218 e'st

303 2242 393 2276 infra
416 2251 448 2276 c.
471 2242 512 2275 28
535 2242 571 2274 in
593 2241 706 2275 verbo
728 2243 939 2284 superesset):
972 2251 1078 2284 supra
1101 2241 1222 2284 vulgo.
1247 2261 1283 2267 —
1315 2243 1347 2275 8.
1373 2243 1529 2283 venisset,
1559 2251 1654 2283 posse
1684 2242 1852 2276 extimesci
1884 2240 2099 2275 Beroaldus:

302 2300 428 2334 venisse
445 2309 551 2342 posse.
584 2299 764 2333 Testimesci
786 2301 820 2334 M
844 2317 880 2323 —
906 2300 938 2332 9.
964 2309 1005 2332 ac
1029 2301 1063 2334 M
1085 2300 1110 2342 (l
1132 2301 1169 2332 in
1193 2299 1362 2342 margine)
1390 2318 1426 2324 —
1453 2300 1506 2333 Η.
1528 2303 1703 2341 parentem
1726 2299 1783 2332 ed.
1809 2298 2004 2342 Spirensis:
2034 2307 2104 2340 pa-

302 2355 412 2390 rentis
430 2357 482 2397 M;
503 2360 660 2398 parentes
674 2356 742 2390 alii.
760 2375 795 2380 —
816 2357 871 2390 43.
895 2357 1101 2391 memorabat
1117 2356 1319 2390 Waltherus
1337 2357 1546 2399 (Observatt.
1566 2358 1600 2390 in
1617 2357 1776 2390 Tacitum
1800 2357 1901 2399 Spec.
1915 2356 1957 2396 11,
1974 2364 2011 2399 p.
2028 2353 2099 2397 m:

303 2413 535 2447 memorabant
557 2413 589 2447 M
615 2431 651 2438 -
676 2407 800 2460 ceteros
822 2413 856 2448 M
882 2432 918 2438 —
946 2413 998 2447 ⁴4.
1024 2417 1194 2447 catumero
1217 2414 1269 2447 M:
1295 2413 1486 2447 Callumero
1509 2412 1626 2456 vulgo.
1652 2431 1687 2438 -
1715 2413 1768 2447 ⁴7.
1793 2412 1836 2446 ab
1856 2413 1907 2447 his
1926 2412 1961 2447 M
1986 2429 2022 2437 —
2046 2410 2104 2445 ni-

304 2470 369 2504 chil
390 2470 423 2504 M
449 2487 486 2494 —-
511 2469 566 2503 48.
592 2470 700 2503 alecre
722 2478 776 2512 pr.
801 2470 835 2503 M
860 2486 897 2494 —
924 2469 976 2503 49.
1000 2471 1129 2511 praelio
1152 2471 1186 2505 M
1212 2488 1247 2495 —
1273 2471 1328 2504 22.
1352 2470 1458 2513 nulla]
1481 2471 1577 2503 milia
1599 2471 1644 2505 M.

305 2590 416 2623 tatem
427 2614 435 2630 ‚
459 2598 550 2632 quae
567 2590 710 2632 proprie
727 2589 923 2631 pertineret
938 2589 983 2622 ad
1000 2590 1077 2623 eius
1093 2599 1181 2632 gen-

305 2641 380 2674 tem
403 2640 478 2674 sive
508 2638 693 2679 familiam,
731 2641 770 2672 ut
798 2640 919 2681 gentile
946 2640 1124 2680 imperium
1146 2641 1178 2680 6,

1233 2591 1382 2632 gratiam
1412 2592 1448 2623 et
1477 2589 1636 2623 favorem
1667 2589 1873 2632 quaerenda
1900 2589 1993 2623 iacta
2021 2596 2102 2623 esee

1231 2642 1358 2682 refert,
1395 2651 1467 2675 non
1501 2642 1653 2682 illorum,
1689 2641 1750 2683 qui
1779 2641 1834 2674 his
1864 2641 1949 2683 ipsis
1978 2639 2102 2681 rebus,

306 2689 360 2724 32.
388 2706 424 2712 —
449 2689 680 2731 vinulentiam]
706 2688 756 2722 Cf.
776 2690 894 2722 Germ.
912 2689 972 2725 22:
998 2691 1096 2722 Diem
1117 2699 1181 2722 no-

305 2743 456 2781 ctemque
488 2741 683 2773 continuare
710 2740 859 2780 potando
892 2740 975 2772 nulli
1003 2741 1178 2781 probrum.

307 2790 468 2830 Crebrae,
504 2793 542 2822 ul
564 2791 652 2823 inter
672 2790 872 2830 vinolentos,
902 2790 1015 2822 rixae.
1044 2809 1079 2814 —
1104 2791 1181 2832 fru-

305 2844 378 2874 stra
397 2840 588 2874 Arminium
606 2840 810 2881 praescribi]
840 2841 1039 2881 Immerito,
1070 2842 1178 2882 aiunt,

307 2900 392 2925 cum
406 2891 592 2924 iactatione
606 2892 797 2924 causantur
812 2890 920 2923 Italici
937 2891 1091 2925 fautores
1105 2893 1180 2926 eius

305 2944 473 2986 patruum
506 2941 612 2974 fuisse
648 2942 843 2974 Arminium
878 2941 1040 2983 adeoque
1077 2951 1179 2985 spem

306 2993 399 3031 fore,
426 2994 465 3025 ut
487 2993 517 3026 is
535 2993 608 3024 tam
624 2991 743 3024 nobile
762 2992 964 3034 exemplum
982 2993 1179 3026 imitaturus

306 3044 362 3077 sit.
386 3043 475 3077 Vide
499 3042 545 3076 ad
567 3042 608 3083 4,
634 3043 695 3075 52:
726 3043 858 3084 frustra
880 3043 1057 3076 Pulchram
1072 3052 1180 3085 prae-

305 3094 424 3135 scribi,
450 3093 611 3127 obtentui
633 3093 736 3126 sumi.
761 3111 795 3117 —
819 3094 909 3134 filius
931 3093 1040 3126 hostili
1062 3094 1097 3125 in
1112 3093 1180 3126 solo

306 3144 452 3186 adultus]
486 3143 574 3177 Vide
609 3143 642 3184 ⁴,
674 3142 728 3175 58.
764 3159 800 3166 —
837 3143 987 3175 omnibus
1019 3142 1178 3184 eaeternis]

307 3204 398 3238 quae
422 3195 541 3228 omnia
565 3194 711 3227 externa
735 3194 815 3226 sint.
845 3211 879 3216 —
905 3202 973 3226 non
996 3194 1103 3227 alium
1123 3195 1180 3227 in-

304 3246 427 3288 fensius
461 3246 544 3289 cet.]
579 3245 732 3286 ideoque
766 3243 964 3277 timendum
999 3253 1097 3285 esse,
1134 3253 1178 3277 ne

305 3295 445 3330 Italicus
468 3304 512 3329 ex
535 3295 628 3329 Flavi
650 3295 768 3337 potius
792 3294 955 3337 exemplo
978 3295 1014 3327 in
1035 3296 1179 3328 Germa-

307 3355 372 3380 nos
396 3347 595 3381 saeviturus
619 3346 675 3379 sit.

350 3396 402 3429 ⁴7.
427 3395 644 3438 memorabat]
667 3393 740 3429 scil.
759 3393 912 3428 Italicus.
939 3394 1066 3427 «Italici
1083 3396 1178 3428 enim

307 3446 384 3479 erat
406 3454 448 3479 ea
483 3453 703 3487 memorare,
735 3452 827 3487 quae
851 3443 990 3478 Tacitus
1017 3443 1062 3477 ad
1085 3443 1179 3486 vulgi

1232 2700 1322 2733 quae
1347 2700 1412 2734 pro
1434 2691 1544 2724 Italici
1569 2691 1726 2734 partibus
1750 2691 1970 2724 memoratae
1989 2690 2101 2730 erant,

1231 2742 1336 2774 evicti
1367 2743 1403 2774 et
1432 2742 1598 2774 commoti
1628 2742 1795 2774 iuvenem
1826 2748 1948 2782 regem
1971 2747 2105 2781 seque-

1231 2790 1395 2824 bantur.»
1421 2791 1589 2824 HauAaus.
1616 2808 1651 2814 —
1685 2792 1774 2823 inter
1803 2789 1976 2832 barbaros]
2006 2789 2104 2822 idem

1231 2842 1329 2884 quod
1345 2842 1482 2884 Lipsius
1499 2842 1700 2874 coniectura
1716 2849 1779 2874 sua
1792 2839 1950 2873 volebat:
1967 2842 2007 2872 ut
2018 2839 2106 2872 inter

1230 2892 1409 2930 barbaros3
1446 2900 1616 2933 magnum
1646 2891 1767 2933 utique
1798 2889 1972 2933 proelium
2003 2888 2104 2922 vide-

1230 2943 1352 2982 batur,
1378 2943 1553 2983 quatenus
1570 2950 1718 2983 magnae
1735 2941 1900 2974 dicuntur
1914 2940 2009 2983 apud
2023 2939 2105 2973 bar·

1228 2993 1336 3026 baros
1350 3001 1488 3035 pugnae
1503 3000 1729 3033 nequaquam
1742 2990 2002 3034 comparandae
2015 2991 2104 3024 Can—

1231 3043 1345 3084 nensi,
1363 3041 1596 3083 Pharsalicae‚
1615 3041 1841 3085 Philippensi,
1855 3042 2019 3076 Actiacae
2031 3041 2099 3074 cet.

1232 3111 1268 3118 -
1294 3092 1605 3135 Lanyobardorum]
1631 3092 1682 3126 Cf.
1707 3093 1747 3134 2,
1773 3091 1828 3126 45.

1275 3195 1328 3228 ⁴8.
1354 3193 1494 3237 Chauci]
1528 3193 1579 3231 Cf.
1606 3194 1723 3226 Germ.
1749 3192 1803 3226 35.
1836 3208 1872 3216 —
1904 3189 2099 3234 Sanquinii]

1230 3244 1388 3284 Maximi,
1414 3244 1589 3277 inferioris
1611 3243 1820 3277 Germaniae
1842 3241 2029 3284 praefecti,
2054 3240 2100 3274 de

1231 3303 1301 3337 quo
1326 3294 1358 3334 6,
1375 3293 1407 3327 t.
1429 3312 1465 3318 —
1488 3295 1568 3327 dum
1591 3293 1731 3327 Corbulo
1753 3291 1922 3334 ααυοηεαε]
1944 3291 2101 3334 primum

1230 3346 1449 3377 memoratus
1472 3343 1509 3384 3,
1535 3344 1596 3383 3⁴3
1633 3343 1772 3376 occisus
1805 3343 1860 3375 est
1893 3350 1913 3374 a
1947 3342 2099 3375 Nerone.

1230 3395 1315 3428 Hist.
1341 3395 1381 3435 2,
1406 3395 1459 3427 76.
1486 3394 1550 3427 Dio
1573 3394 1628 3432 60,
1652 3393 1712 3426 30:
1749 3391 1888 3433 Γναῖος
1919 3389 1961 3425 δὲ
1982 3390 2102 3435 Δομι-

1228 3453 1310 3485 noc
1337 3441 1572 3491 Κορβούλων
1600 3442 1642 3476 ἐν
1671 3440 1718 3490 τῇ
1749 3439 1911 3490 Κελτικῇ
1935 3450 2101 3490 στρατη-
