2254 3770
726 255 880 300 LIBER
907 253 989 300 XV.
1035 253 1136 312 Cap.
1167 253 1234 299 23.
1264 253 1333 299 24.
1362 254 1429 298 25.
1471 255 1488 270 “
1899 251 1981 296 503

210 378 361 410 necam
398 363 633 415 iactaverit,
670 375 721 407 ac
751 362 958 406 Senecam
987 359 1159 406 Caesari
1190 360 1452 418 gratulatum.
1493 358 1609 404 unde
1639 359 1772 417 gloria
1801 357 1982 416 egregiis

211 441 313 484 viris
341 433 384 484 et
409 437 600 498 pericula
628 436 872 495 gliscebant.
1652 437 1654 439 ’

323 514 404 572 (24)
435 515 548 557 Inter
575 526 687 572 quae
706 511 820 556 veris
848 510 1056 569 principio
1085 509 1211 568 legati
1241 510 1492 554 Parthorum
1510 508 1708 553 mandata
1726 509 1840 566 regis
1857 507 1982 552 Volo-

211 590 324 649 gesis
352 589 599 647 litterasque
627 588 669 631 in
701 586 880 631 eandem
911 586 1086 629 formam
1116 584 1315 629 attulere:
1347 599 1394 629 se
1422 586 1565 643 priora
1594 590 1637 628 et
1660 586 1812 628 totiens
1832 585 1982 626 iactata

206 679 342 724 super
369 663 598 722 optinenda
618 663 814 707 Armenia
842 675 953 706 nunc
975 661 1179 711 omittere,
1212 660 1413 717 quoniam
1438 660 1499 712 di,
1532 659 1725 718 quamvis
1749 658 2014 717 potentiumt

210 739 466 799 populorum
495 739 658 791 arbitri,
690 737 1007 796 possessionem
1035 735 1199 779 Parthis
1225 749 1308 778 non
1329 735 1421 780 sine
1447 734 1676 793 ignominia
1693 735 1880 778 Romana
1899 738 1984 776 tra-

211 815 429 860 didissent.
459 828 598 872 nuper
627 813 818 857 clausum
838 812 1066 869 Tigranem
1097 817 1194 868 post
1221 811 1397 854 Paetum
1425 810 1703 868 legionesque
1725 822 1821 853 cum
1841 808 1983 866 oppri-

211 903 328 935 mere
356 895 522 947 posset‚
555 888 789 933 incolumes
819 886 1044 930 dimisisse.
1074 885 1176 929 satis
1206 885 1481 943 adprobatam
1501 885 1609 938 vim;
1639 884 1785 928 datum
1811 891 1854 927 et
1879 882 1986 927 leni-

213 966 307 1010 tatis
337 965 687 1023 experimentum.
731 976 811 1007 nec
841 967 1136 1005 recusaturum
1165 960 1377 1005 Tiridaten
1407 961 1655 1019 accipiendo
1686 958 1913 1003 diademati
1943 958 1985 1000 in

212 1041 363 1085 urbem
399 1040 562 1090 venire,
605 1039 684 1082 nisi
722 1037 946 1082 sacerdotii
986 1036 1189 1100 religione
1223 1036 1482 1080 attineretur.
1526 1036 1684 1079 iturum
1713 1034 1765 1078 ad
1796 1034 1917 1092 signa
1945 1040 2035 1078 etio

213 1115 372 1174 effigies
400 1114 622 1173 principis,
663 1113 736 1156 ubi
775 1112 1012 1170 legionibus
1042 1125 1186 1156 coram
1216 1124 1395 1169 regnum
1425 1111 1727 1169 auspicaretur.
1784 1110 1864 1166 (25)
1895 1108 1987 1152 tali-

213 1191 293 1235 bus
322 1190 540 1248 Vologesis
570 1189 735 1240 litteris,
767 1188 868 1246 quia
897 1188 1050 1231 Paetus
1081 1186 1251 1230 diversa
1279 1192 1495 1244 tamquam
1521 1185 1651 1230 rebus
1680 1184 1853 1242 integris
1883 1184 1988 1229 scri-

212 1266 362 1317 bebat,
394 1265 677 1322 interrogatus
707 1259 910 1314 centurio,
942 1262 1131 1320 quicum
1161 1261 1310 1319 legatis
1335 1261 1582 1313 advenerat,
1614 1273 1700 1318 quo
1720 1261 1762 1303 in
1784 1266 1893 1303 statu
1912 1260 1988 1302 Ar-

215 1341 353 1385 menia
389 1346 520 1398 esset,
562 1352 710 1383 omnes
744 1338 842 1381 inde
874 1339 1085 1381 Romanos
1117 1337 1355 1381 excessisse
1385 1336 1615 1394 respondit.
1659 1341 1749 1378 tum
1778 1333 1987 1378 intellecto

218 1416 496 1460 barbarorum
516 1415 667 1465 inrisu,
699 1413 772 1471 qui
793 1418 984 1470 peterent
1004 1411 1121 1470 quod
1141 1412 1397 1470 eripuerant,
1421 1410 1630 1455 consuluit
1648 1410 1759 1454 inter
1776 1409 1987 1468 primores
2001 1419 2037 1449 ⁴5

216 1491 395 1536 civitatis
423 1492 555 1540 Nero,
586 1488 745 1532 bellum
773 1501 932 1545 anceps
962 1501 1014 1531 an
1043 1501 1127 1545 pax
1155 1486 1376 1530 inhonesta
1406 1485 1602 1544 placeret.
1642 1499 1722 1529 nec
1752 1484 1988 1528 dubitatum

218 1566 273 1610 de
303 1565 429 1609 bello.
460 1571 503 1608 et
532 1563 717 1608 Corbulo
747 1563 922 1606 militum
952 1569 1079 1621 atque
1109 1562 1290 1605 hostium
1321 1568 1381 1605 tot
1409 1575 1486 1619 per
1507 1574 1641 1605 annos
1661 1573 1817 1618 gnarus
1837 1573 1989 1617 geren-

216 1641 298 1685 dae
334 1641 397 1684 rei
434 1638 693 1697 praeficitur,
733 1653 788 1682 ne
824 1639 946 1682 cuius
982 1638 1155 1681 alterius
1192 1637 1356 1680 inscitia
1384 1650 1554 1680 rursum
1587 1641 1857 1694 peccaretur,
1888 1634 1990 1692 quia

218 1715 334 1760 Paeti
372 1715 579 1772 piguerat.
625 1714 750 1771 igitur
783 1713 894 1756 inriti
933 1715 1218 1763 remittuntur,
1259 1726 1357 1755 cum
1395 1711 1518 1755 donis
1551 1717 1708 1763 tamen,
1745 1710 1859 1754 unde
1889 1723 1990 1767 spes

217 1791 339 1835 fieret
372 1803 457 1833 non
494 1789 646 1832 frustra
684 1788 835 1832 eadem
870 1794 1086 1832 oraturum
1124 1787 1353 1838 Tiridaten,
1395 1787 1430 1830 si
1467 1799 1619 1844 preces
1649 1786 1741 1844 ipse
1771 1783 1989 1828 attulisset.
2003 1798 2039 1827 20

218 1866 456 1925 Syriaeque
492 1864 709 1908 exsecutio
750 1863 907 1914 Cestio,
954 1862 1103 1921 copiae
1141 1862 1342 1906 militares
1383 1861 1608 1913 Corbuloni
1652 1860 1909 1919 permissae3
1950 1866 1992 1903 et

284 1981 315 2012 ⁴.
339 1979 445 2012 cesari
467 1979 500 2011 M
526 1996 561 2000 —
587 1977 618 2010 3.
635 1978 784 2018 interque
805 1978 894 2010 ueris
915 1978 948 2011 M
968 1995 1002 2000 —
1029 1978 1061 2010 5.
1079 1978 1227 2010 omittere
1242 1978 1287 2009 G:
1313 1976 1514 2009 committere
1527 1976 1561 2009 M
1576 1994 1618 1999 —
1641 1975 1689 2008 dii
1703 1975 1736 2009 M
1754 1993 1789 1997 —
1815 1974 1847 2007 8.
1868 1975 1993 2015 adpro-

216 2036 380 2069 uatamM
399 2052 434 2058 —
460 2035 512 2067 ⁴5.
537 2032 756 2073 barballrum
777 2034 810 2067 M
836 2052 871 2057 —
897 2034 950 2066 ⁴6.
974 2033 1144 2066 inhonesta
1165 2033 1355 2066 Victorius:
1383 2032 1513 2065 inhosta
1535 2032 1568 2065 M
1593 2050 1629 2056 —
1655 2031 1709 2064 ⁴7.
1733 2031 1874 2073 yerende
1895 2031 1928 2064 M
1954 2048 1989 2054 -

217 2093 271 2125 20.
291 2090 367 2134 bees
389 2092 422 2125 M
448 2109 483 2115 -
511 2091 566 2123 2⁴.
590 2087 749 2128 exllculio
771 2091 804 2123 M
829 2088 871 2113 —'
891 2090 994 2123 Cestio
1017 2090 1174 2131 Pighius:
1202 2090 1277 2121 citio
1300 2089 1355 2128 M;
1381 2088 1492 2121 Cincio
1515 2086 1586 2127 alii;
1616 2087 1650 2121 C.
1675 2087 1736 2120 Itio
1758 2085 1923 2126 Orellius;
1955 2086 1991 2119 C.

219 2148 321 2182 Cestio
342 2147 557 2189 Nipperdey.

219 2234 433 2268 consecr-wit.
481 2233 544 2265 Dio
571 2233 625 2272 5⁴,
655 2233 692 2264 ⁴:
729 2231 779 2276 τῷ
813 2241 852 2264 τε
882 2228 1083 2264 Ἀπόλλωνι

219 2283 271 2328 τῷ
295 2280 422 2326 Ἀκτίῳ
450 2279 585 2329 τριήρη
614 2291 654 2314 τε
675 2282 739 2314 καὶ
761 2279 940 2328 τετρήρη,
969 2279 1017 2314 τά
1043 2291 1083 2314 τε

220 2331 317 2367 ἄλλα
349 2330 398 2365 τὰ
430 2329 518 2375 ἑξῆς
550 2333 664 2377 μέχρι
696 2329 898 2378 δεκήρους,
933 2330 975 2364 ἐκ
1009 2330 1083 2364 τῶν

221 2380 474 2426 αἰχμαλώτων
496 2381 591 2414 νεῶν
613 2378 778 2426 ἀνέθηκε
799 2383 863 2415 καὶ
879 2380 973 2415 ναὸν
999 2382 1083 2425 μεί-

222 2437 271 2477 ζω
294 2430 555 2478 ᾠκοδόμησεν,
579 2428 708 2476 ἀγῶνά
727 2433 768 2465 τέ
794 2442 878 2466 τινα
900 2433 965 2465 καὶ
986 2441 1084 2475 μου-

222 2482 333 2518 σικὸν
361 2484 426 2517 καὶ
449 2480 634 2528 γυμνικὸν
658 2481 910 2529 ἱπποδρομίας
931 2492 971 2515 τε
998 2492 1084 2515 πεν-

222 2531 419 2582 τετηρικὸν
453 2530 554 2580 ἱερὸν
593 2531 821 2575 κατέδειξεν,
851 2529 979 2565 ’Ἀκτια
1015 2527 1085 2565 αὗ-

222 2582 290 2618 τὸν
321 2581 645 2631 προσαγορεύσας.
681 2601 715 2606 —-
748 2583 990 2623 Fortunarum]
1026 2591 1085 2615 se-

224 2635 360 2669 cundae
392 2636 427 2667 et
456 2634 645 2672 adversae,
682 2641 831 2675 quarum
861 2632 974 2665 cultus
997 2633 1087 2664 Antii

223 2685 387 2725 florebat,
425 2685 518 2717 unde
553 2685 721 2716 Fortunae
749 2685 939 2716 Antiatinae
972 2683 1085 2716 dictae

224 2736 314 2768 sunt.
351 2734 449 2768 Conf.
475 2737 563 2767 Ann.
590 2733 630 2773 3,
656 2734 711 2769 7⁴.
736 2734 877 2766 Sueton.
903 2731 1010 2774 Calig.
1031 2733 1085 2766 57.

224 2783 368 2818 Martiali
390 2785 422 2822 5,
449 2785 479 2823 ⁴,
505 2784 524 2816 3
553 2785 635 2816 sunt
655 2784 821 2816 veridicae
842 2791 981 2815 sorores.
1015 2783 1088 2815 Ma-

220 2885 410 2925 promoveri
438 2884 620 2916 simulacra
653 2884 878 2916 Fortunarum
909 2883 954 2915 ad
979 2882 1092 2914 danda

225 2943 394 2974 responsa.
423 2951 459 2957 —
489 2934 645 2976 Bovillas]
677 2933 737 2966 ubi
761 2934 954 2967 sacrarium
978 2933 1091 2974 gentis

227 2983 344 3016 Iuliae.
382 2983 432 3016 Cf.
456 2984 497 3023 2,
527 2983 581 3016 4⁴.
612 3002 643 3006 —
683 2983 797 3025 divae]
833 2982 884 3016 Cf.
911 2983 964 3022 ⁴6,
994 2982 1025 3014 6.
1054 2999 1088 3004 -

225 3033 436 3075 prohibitum]
453 3033 548 3066 aditu
564 3033 609 3066 ad
626 3035 816 3066 Neronem.
843 3032 892 3065 Cf.
913 3032 967 3071 ⁴6,
982 3031 1037 3064 24.
1055 3050 1090 3055 —

224 3085 347 3126 ferunt]
368 3085 601 3126 Desumptum
618 3085 687 3116 hoc
704 3093 746 3116 ex
762 3082 1023 3116 commentariis
1039 3078 1097 3114 vel

227 3133 382 3176 epistolis
406 3132 494 3166 illius
515 3134 684 3175 temporis
700 3132 753 3165 vel
771 3141 813 3164 ex
829 3132 1005 3164 Thraseae
1023 3132 1091 3163 vita

227 3184 272 3216 ab
298 3182 448 3216 Aruleno
471 3183 611 3215 Rustico
636 3182 829 3223 composita
852 3182 946 3222 (Agr.
965 3181 1009 3221 2).

269 3233 322 3266 24.
353 3233 455 3274 legati
479 3230 691 3272 Parthorum]
723 3230 774 3262 Cf.
808 3239 839 3262 c.
866 3229 907 3262 ⁴4
938 3231 1025 3261 extr.
1055 3245 1090 3252 —

227 3284 264 3315 in
279 3283 413 3315 eandem
427 3279 582 3322 sormam]
600 3280 761 3312 eiusdem
773 3279 980 3318 sententiae,
995 3278 1094 3311 cuius

229 3333 331 3364 erant
354 3330 530 3364 mandata.
565 3329 616 3362 Cf.
642 3329 695 3367 43,
720 3328 774 3361 4⁴.
803 3345 837 3351 -
863 3327 1014 3369 quamvis
1033 3336 1096 3368 po-

227 3379 359 3422 entium]
385 3381 406 3413 i.
424 3389 456 3413 e.
475 3378 703 3421 quantumvis
726 3378 931 3421 patentium.
960 3376 1010 3410 Cf.
1033 3377 1093 3418 ⁴6,

1133 2231 1193 2264 ⁴6:
1232 2231 1383 2272 quamvis
1412 2230 1570 2263 honestos.
1605 2230 1690 2262 Hist.
1717 2230 1748 2271 ⁴,
1773 2229 1833 2261 26:
1868 2229 1998 2262 consilii

1133 2282 1284 2322 quamvis
1305 2281 1448 2323 eqreyii,
1474 2281 1561 2322 quod
1582 2290 1648 2313 non
1669 2282 1738 2321 ipse
1759 2281 1906 2321 afferret,
1928 2280 1998 2311 ini-

1132 2332 1247 2364 micus.
1285 2350 1320 2355 -
1357 2332 1533 2364 sacerdotii
1565 2330 1741 2373 reliqione]
1777 2330 1906 2372 quippe
1938 2330 1997 2370 qui

1135 2390 1259 2422 magus
1284 2383 1390 2413 esset.
1415 2380 1542 2414 Plinius
1566 2381 1606 2413 N.
1632 2381 1673 2413 H.
1691 2380 1732 2413 30
1756 2379 1774 2421 S
1797 2379 1854 2411 ⁴6:
1880 2380 2000 2420 Μαρια

1134 2432 1178 2464 ad
1201 2440 1275 2463 eum
1299 2430 1498 2471 (Neronem)
1522 2431 1680 2463 Tiridates
1701 2432 1850 2469 venerat,
1882 2428 1999 2461 Arme-

1133 2481 1267 2513 niacum
1283 2481 1323 2512 de
1337 2489 1370 2512 se
1385 2480 1588 2521 triumphum
1603 2481 1744 2521 afferens
1760 2478 1805 2519 (id
1821 2479 1874 2511 est
1889 2487 1921 2510 a.
1935 2477 1998 2509 846

1136 2529 1288 2563 Corbulo
1311 2530 1484 2562 Tiridaten
1509 2529 1553 2562 ad
1577 2537 1656 2562 eam
1680 2528 1924 2563 condicionem
1941 2526 2000 2559 ad-

1136 2581 1222 2621 egit,
1249 2581 1286 2612 ut
1308 2579 1509 2621 depositum
1524 2579 1569 2612 ad
1586 2578 1746 2612 Caesaris
1762 2577 1912 2618 effigiem
1929 2576 2001 2609 dia-

1137 2630 1239 2662 dema
1257 2639 1325 2662 non
1342 2630 1440 2672 prius
1456 2638 1495 2662 se
1511 2630 1691 2671 gesturum
1708 2627 1911 2670 sponderet,
1934 2627 1999 2659 nisi

1137 2681 1267 2712 Romae
1292 2689 1335 2712 ex
1359 2678 1522 2712 manibus
1546 2679 1704 2712 eiusdem
1725 2678 1928 2719 recepisset,
1954 2675 1998 2709 cf.

1139 2740 1169 2762 c.
1188 2730 1240 2771 29)
1265 2733 1295 2763 et
1317 2730 1389 2762 ideo
1407 2730 1590 2770 provinciis
1608 2729 1742 2770 qravis:
1765 2729 1926 2769 naviqare
1939 2735 2002 2759 no-

1112 2813 1115 2823 ,
1138 2780 1246 2812 luerat
1263 2778 1537 2821 (Hellespontum
1554 2768 1822 2820 scilicetssxiguo
1833 2775 2001 2818 temporis

225 2834 323 2867 crob.
349 2835 485 2866 Saturn.
503 2834 534 2872 ⁴,
552 2833 612 2865 23:
638 2836 675 2865 ut
693 2834 840 2865 videmus
854 2833 943 2874 apud
956 2832 1090 2864 Antium
1113 2826 1116 2882 l

1140 2829 1251 2871 spatio
1283 2829 1458 2861 traiiciens
1472 2854 1479 2868 ,
1514 2827 1690 2869 reliquum
1711 2836 1797 2859 vero
1820 2827 1886 2859 iter
1908 2827 2003 2858 terra

1141 2878 1342 2918 conficiens)
1355 2903 1363 2917 ,
1389 2879 1546 2918 quoniam
1566 2886 1724 2918 exspuere
1737 2877 1773 2909 in
1786 2876 1900 2908 maria
1913 2875 2004 2907 aliis-

1142 2937 1205 2968 que
1225 2927 1419 2960 mortalium
1440 2927 1683 2960 necessitalibus
1703 2927 1830 2958 violare
1844 2928 2003 2957 naturam

1142 2987 1216 3011 eam
1232 2977 1285 3019 fas
1299 2986 1365 3010 non
1377 2981 1508 3019 putant.
1530 2995 1565 3001 ——
1583 2978 1706 3019 effigies
1719 2974 1893 3017 principis]
1912 2983 2002 3016 quae

1143 3030 1234 3060 inter
1256 3028 1351 3069 signa
1374 3027 1532 3060 militaria
1556 3026 1772 3060 colebantur.

1186 3079 1240 3110 25.
1265 3078 1370 3119 inriti]
1387 3078 1437 3111 Cf.
1456 3077 1509 3118 ⁴4,
1527 3078 1558 3110 7.
1576 3095 1611 3100 —
1629 3077 1812 3117 Syriaeque
1827 3074 2002 3116 eaesecucio]

1120 3143 1121 3156 ι
1146 3127 1364 3161 Vocabulum
1386 3128 1549 3161 eoesecutio
1571 3127 1685 3169 Lipsio
1709 3125 1913 3167 suspectum
1936 3126 2002 3158 est.

1145 3178 1214 3211 Sed
1235 3179 1369 3219 exsequi
1390 3178 1471 3210 alibi
1491 3184 1630 3219 quoque
1647 3176 1691 3209 de
1707 3175 2004 3208 administratione

1145 3229 1196 3260 rei
1218 3227 1379 3270 publicae
1397 3229 1595 3269 usurpatur.
1621 3226 1671 3259 Cf.
1690 3227 1722 3265 ⁴,
1737 3226 1795 3258 ⁴⁴:
1817 3225 1929 3266 plures
1949 3225 2005 3266 fa-

1146 3278 1240 3310 cilius
1260 3279 1376 3311 munia
1397 3279 1446 3310 rei
1467 3286 1502 3317 p.
1527 3276 1659 3309 sociatis
1680 3274 1846 3308 laboribus
1867 3282 2006 3308 exsecu-

1145 3331 1249 3360 turos.
1284 3329 1418 3369 Nempe
1452 3327 1571 3366 Syriae
1602 3326 1767 3358 exsecutio
1795 3324 1928 3357 dictum
1951 3326 2006 3358 est

1145 3386 1228 3420 pro:
1254 3377 1374 3418 Syriae
1396 3376 1678 3409 administrandae
1693 3374 1748 3407 vel
1763 3374 1883 3415 syriae
1897 3374 2006 3407 adm-
