2254 3770
792 310 948 355 LIBER
977 311 1027 355 11.
1073 311 1175 370 cap.
1205 312 1272 355 55.
1303 313 1371 356 56.
1890 309 1972 355 447

189 419 400 463 bonorum
429 418 606 462 militum
637 417 691 462 ad
721 417 831 462 mala
857 418 1066 477 obsequia
1093 418 1318 476 promptis,
1351 419 1468 477 quod
1498 418 1614 463 haud
1644 419 1773 463 invito
1803 419 1973 477 inpera-

190 500 281 539 tore
310 508 363 538 ea
391 493 484 539 fieri
504 493 698 539 occultus
727 507 876 538 rumor
902 493 1141 539 incedebat.
1191 499 1292 538 nota
1312 493 1420 539 haec
1441 495 1715 549 Germanico;
1746 494 1973 553 sedprae-

189 569 292 614 verti
323 569 377 614 ad
399 569 619 614 Armenios
649 569 872 613 instantior
900 583 1005 614 cura
1033 569 1120 613 fuit.
1180 569 1263 626 (56)
1295 570 1494 629 ambigua
1523 585 1628 628 gens
1658 585 1712 616 ea
1741 569 1972 629 antiquitus

187 644 404 689 hominum
435 645 613 703 ingeniis
645 651 687 689 et
715 645 799 688 situ
830 651 1058 697 terrarum,
1091 645 1294 703 quoniam
1320 647 1476 690 nostris
1496 647 1727 705 provinciis
1745 646 1828 691 late
1846 659 1974 704 prae-

186 726 299 764 tenta
318 721 489 779 penitus
510 720 565 764 ad
585 721 734 765 Medos
753 720 1001 778 porrigitur;
1034 720 1315 779 maximisque
1346 721 1537 780 imperiis
1567 723 1775 768 interiecti
1806 728 1848 766 et
1876 730 2004 766 sae-5
2064 763 2071 768 ,

184 796 282 856 pius
302 796 527 841 discordes
547 802 662 847 sunt,
691 795 899 840 adversus
921 797 1134 840 Romanos
1154 796 1256 840 odio
1278 803 1320 840 et
1339 797 1381 840 in
1401 798 1603 842 Parthum
1623 798 1796 843 invidia.
1825 810 1974 856 regem

185 871 257 915 illa
285 877 537 930 tempestate
567 886 652 916 non
681 871 913 923 habebant,
945 879 1086 916 amoto
1107 873 1300 925 Vonone3
1333 871 1411 917 sed
1441 873 1560 917 favor
1588 874 1771 919 nationis
1797 873 1974 918 inclina-

186 947 258 991 bat
286 947 328 990 in
349 939 561 992 Zeno‘nem
581 947 835 998 Polemonis,
857 947 973 1005 regis
994 948 1167 999 Pontici,
1188 947 1340 1000 filium,
1372 948 1490 1007 quod
1511 950 1548 993 is
1568 950 1707 1008 prima
1727 950 1781 994 ab
1801 950 1974 994 infantia

185 1023 372 1067 instituta
409 1030 452 1067 et
480 1023 640 1068 cultum
669 1023 967 1067 Armeniorum
1002 1022 1260 1074 aemulatus,
1302 1030 1457 1068 venatu
1493 1025 1633 1082 epulis
1672 1032 1714 1070 et
1749 1039 1861 1085 quae
1892 1025 1973 1069 alia

185 1098 357 1142 barbari
387 1098 624 1151 celebrant,
660 1113 865 1158 proceres
894 1099 1154 1157 plebemque
1184 1095 1299 1142 iuxta
1329 1099 1590 1144 devinxerat.
1639 1101 1767 1159 igitur
1797 1101 1973 1146 Germa-
1986 1111 2023 1141 ⁴0

185 1174 308 1218 nicus
338 1175 381 1217 in
412 1173 519 1218 urbe
537 1176 753 1226 Artaxata,
786 1174 1124 1233 adprobantibus
1144 1174 1378 1226 nobilibus,
1412 1175 1670 1220 circumfusa
1691 1175 1970 1228 multitudine,

185 1250 349 1308 insigne
388 1249 555 1307 regium
591 1250 718 1308 capiti
749 1250 842 1294 eius
872 1251 1085 1308 imposuit.
1133 1250 1264 1294 ceteri
1293 1257 1549 1295 venerantes
1578 1265 1729 1310 regem
1757 1252 1972 1296 Artaxiam

185 1324 527 1377 consalutavere,
560 1325 677 1384 quod
699 1324 755 1368 illi
777 1325 1034 1370 vocabulum
1063 1325 1305 1370 indiderant
1334 1339 1388 1370 ex
1415 1327 1588 1371 nomine
1618 1326 1751 1372 urbis.
1800 1334 1843 1371 at
1863 1327 1973 1386 Cap-

184 1401 374 1459 padoces
412 1400 455 1443 in
492 1400 671 1444 sormam
708 1399 956 1458 provinciae
997 1399 1158 1444 redacti
1189 1401 1238 1454 Q.
1260 1402 1485 1446 Veranium
1522 1402 1709 1461 legatum
1739 1416 1970 1462 accepere;

184 1482 227 1520 et
255 1475 470 1534 quaedam
498 1489 552 1519 ex
579 1475 707 1532 regiis
737 1474 905 1519 tributis
930 1474 1168 1528 deminuta,
1200 1490 1287 1534 quo
1316 1477 1459 1522 mitius
1479 1479 1717 1522 Romanum
1745 1479 2023 1538 imperiumts

184 1557 443 1610 speraretur.
493 1550 790 1609 Commagenis
821 1551 870 1604 Q.
891 1551 1104 1595 Servaeus
1133 1553 1429 1611 praeponitur,
1473 1559 1564 1597 tum
1604 1554 1789 1612 primum
1819 1554 1875 1599 ad
1904 1555 1972 1599 ius

249 1690 271 1722 2
306 1689 476 1723 incedebat
497 1690 652 1732 Lipsius:
675 1689 842 1723 incidebat
862 1690 907 1723 M.
934 1689 985 1723 Cf.
1010 1699 1085 1723 var.
1110 1689 1192 1724 lect.
1216 1691 1262 1725 ad
1278 1692 1316 1733 3,
1333 1693 1388 1725 26.
1409 1709 1446 1717 -
1471 1692 1504 1726 4.
1529 1696 1561 1726 et
1581 1694 1753 1727 Piehena:
1777 1698 1827 1727 set
1846 1703 1901 1737 pr.
1918 1695 1971 1735 M;

184 1748 240 1780 sed
262 1755 353 1780 corr.
377 1747 412 1780 M
433 1762 469 1770 -—
495 1747 665 1789 quoniam]
688 1745 757 1788 qu&
779 1747 824 1780 M.
856 1748 963 1780 Recte
986 1747 1044 1781 del
1066 1748 1168 1780 Furia
1190 1748 1226 1781 h.
1243 1748 1267 1781 l.
1292 1749 1433 1790 agnovit
1454 1751 1631 1791 quoniam,
1656 1759 1740 1784 cum
1760 1750 1973 1793 plerumque

185 1803 314 1836 eadem
335 1803 434 1843 nota,
463 1804 502 1834 ut
523 1803 559 1834 in
583 1802 761 1835 Ciceronis
783 1802 946 1844 Epistolis
968 1803 1013 1835 ad
1037 1804 1150 1844 Fam.‚
1176 1803 1268 1837 male
1296 1804 1467 1847 explicata
1489 1807 1535 1838 sit
1555 1807 1708 1847 quando,
1732 1815 1839 1848 quam
1863 1807 1974 1850 parti—

185 1858 303 1905 culam
328 1857 492 1891 omnibus
513 1857 636 1891 litteris
662 1858 830 1891 exhibere
857 1857 947 1892 solet
967 1860 1018 1900 M,
1042 1860 1082 1892 ut
1104 1868 1188 1893 mox
1210 1869 1243 1894 c.
1268 1861 1330 1893 57:
1360 1863 1390 1894 si
1411 1862 1546 1902 quando
1567 1863 1742 1896 adsideret.
1772 1863 1813 1896 H.
1838 1862 1861 1896 l.
1890 1864 1972 1896 ante

184 1915 382 1949 Bekkerum
413 1914 568 1947 edebant
589 1923 667 1957 quo.
691 1933 727 1939 —
759 1916 843 1949 laete
865 1915 995 1958 (priore
1018 1925 1036 1949 e
1056 1917 1198 1958 punctis
1220 1918 1349 1959 notata)
1372 1919 1407 1952 M
1432 1936 1468 1942 —
1496 1919 1548 1952 40.
1572 1921 1782 1962 germanicos
1802 1929 1855 1963 pr.
1874 1921 1908 1955 M
1933 1939 1970 1945 --

186 1972 238 2005 42.
262 1973 396 2014 inseqne
416 1972 451 2005 M
474 1972 612 2014 (tusique
632 1973 765 2014 margo)
792 1991 827 1996 —
854 1973 907 2006 46.
933 1973 1098 2007 Servaeus
1120 1974 1273 2016 Lipsius:
1299 1983 1399 2008 serua
1420 1976 1494 2010 eius
1513 1976 1559 2009 M.
1585 1976 1637 2009 Cf.
1655 1976 1687 2017 3,
1713 1976 1767 2010 43.
1793 1977 1826 2017 6,
1850 1977 1883 2010 7.

182 2100 324 2139 patrem.
354 2113 388 2120 -
419 2096 560 2139 invidia]
592 2097 673 2139 quia
701 2098 818 2130 Parthi
847 2096 958 2131 multo
986 2107 1055 2141 po-

185 2148 355 2182 tentiores
388 2149 500 2180 erant.
528 2165 564 2171 —
601 2148 793 2190 Polemonis]
827 2149 888 2182 Est
917 2149 1054 2191 primus

184 2197 289 2230 huius
310 2198 482 2238 nominis,
512 2198 661 2231 Zenonis
684 2198 836 2231 rhetoris
859 2197 969 2239 filius,
995 2200 1054 2240 qui

186 2247 231 2281 ad
264 2256 414 2289 regnum
446 2249 608 2290 pervenit
638 2257 813 2282 concessu
846 2250 984 2282 Antonii
1019 2250 1055 2282 et

185 2300 375 2333 Octaviani.
401 2300 465 2332 Dio
488 2300 544 2341 59,
569 2300 610 2334 33
629 2302 665 2333 et
683 2300 724 2334 44
742 2302 784 2343 (a.
802 2301 890 2343 749).
922 2302 1054 2344 Super-

187 2350 268 2383 sunt
290 2348 421 2390 aliquot
449 2350 524 2383 eius
551 2351 803 2392 epigrammata
826 2352 863 2384 in
886 2350 1053 2384 Antholo-

187 2399 242 2441 gia
265 2400 410 2431 Graeca.
443 2400 594 2433 Uxorem
617 2400 741 2433 habuit
762 2401 1050 2443 Pythodoridem,

187 2457 296 2491 quam
324 2449 412 2481 mire
436 2457 456 2481 a
478 2449 664 2491 prudentia
697 2450 843 2493 aliisque
866 2451 1053 2484 virtutibus

186 2498 306 2532 laudat
321 2498 446 2531 Strabo
462 2500 516 2540 ⁴2,
534 2500 567 2540 3,
584 2501 627 2533 29
642 2509 676 2543 p.
696 2502 772 2541 555,
798 2502 834 2534 et
848 2510 940 2544 quae
955 2504 1051 2543 tunc,

189 2551 329 2582 mortuo
359 2550 504 2590 marito,
535 2552 699 2592 praeerat
724 2551 833 2585 rebus
855 2553 964 2595 regni.
1002 2554 1053 2586 De

187 2599 328 2632 Zenone
359 2600 445 2632 item
476 2599 601 2633 Strabo
630 2600 715 2633 ibid.
743 2610 779 2644 p.
804 2603 887 2635 556:
917 2601 993 2635 τῶν
1014 2601 1056 2636 δὲ

186 2646 255 2691 τῆς
278 2647 549 2696 Πυθοδώριδος
563 2649 656 2683 υἱῶν
671 2647 693 2683 ὅ
708 2649 780 2694 μὲν
797 2649 947 2695 ἰδιώτης
962 2663 1055 2686 συν-

186 2696 315 2743 διῴκει
336 2697 384 2746 τῇ
406 2700 523 2747 μητρὶ
544 2697 616 2743 τὴν
637 2697 781 2748 ἀρχήν,
810 2697 832 2734 c‘
856 2700 897 2735 δὲ
918 2703 1055 2736 νεωστὶ

187 2749 425 2783 καθέσταται
446 2749 516 2793 τῆς
536 2748 706 2794 μεγάλης
726 2748 920 2798 Ἀρμενίας
940 2751 1056 2792 βασι-

187 2796 286 2840 λεύς.
323 2799 375 2832 Cf.
399 2800 556 2833 visconti
584 2802 820 2843 Iconoyraphie
847 2810 990 2844 yrecque
1012 2803 1053 2843 II,

188 2857 224 2890 p.
251 2848 315 2882 444
345 2849 380 2881 et
408 2850 470 2890 111,
504 2859 539 2893 p.
564 2851 597 2883 5.
630 2869 666 2874 -
698 2852 735 2883 in
763 2851 845 2884 urbe
872 2851 1055 2895 Artaxata]

189 2899 246 2931 Sic
268 2907 366 2932 num.
392 2900 479 2941 sing.
506 2900 614 2933 etiam
628 2901 661 2942 6,
678 2901 739 2934 33:
764 2901 845 2935 urbe
863 2902 1054 2943 Arta-vata3

190 2950 310 2982 contra
334 2958 431 2983 num.
457 2949 548 2992 plur.
576 2952 634 2992 42,
660 2953 722 2984 54ε
754 2954 790 2986 in
819 2953 932 2986 urbem
953 2954 1057 2986 Arta-

188 3002 288 3032 oeata.
322 3000 381 3040 43,
406 3000 467 3032 39:
492 3005 594 3042 caput
612 3004 720 3044 ,qentis
739 3003 911 3036 Artaxata
933 3013 1057 3047 aqyre-

189 3050 310 3083 aiendi.
331 3049 383 3090 43,
402 3049 438 3083 44
456 3059 464 3082 :
488 3055 582 3084 nocte
594 3053 766 3086 Artaxata
774 3058 938 3097 pergeret.
965 3054 1054 3087 lbid.

189 3100 370 3134 Artaxatis
388 3101 479 3143 tynis
498 3103 664 3136 inmissus.
691 3103 745 3144 44,
770 3105 833 3137 23:
854 3108 932 3149 post
953 3106 1059 3137 deleta

190 3150 372 3183 Artaoeata.
407 3150 602 3193 Ambiguus
631 3162 802 3187 numerus
833 3155 886 3187 est
909 3154 968 3194 42,
993 3155 1053 3187 5οε

191 3201 350 3242 urbesque
377 3201 609 3235 Armeniorum
635 3203 806 3237 Artaxata
836 3207 867 3236 et
894 3205 1057 3246 Tigrano-

191 3254 283 3284 certa
309 3252 427 3294 iuyum
456 3252 690 3294 (Parthorum)
721 3263 884 3295 accepere.
923 3254 1057 3288 Eadem

192 3301 342 3334 varietas
372 3301 508 3335 obtinet
534 3303 570 3335 in
597 3302 687 3336 urbe
710 3304 966 3345 Tigranocerta.
1004 3304 1054 3337 Cf.

195 3349 248 3391 44,
264 3350 324 3384 24:
349 3351 450 3394 leyati
467 3353 703 3395 Tiyranooerta
716 3356 821 3388 missi.
838 3356 891 3395 45,
905 3354 944 3388 4:
963 3363 1059 3387 occu-

190 3403 334 3439 paverat
359 3401 640 3444 Tigranocertam.
679 3405 736 3444 45,
762 3405 799 3437 5:
836 3413 859 3438 a
894 3404 1059 3446 Tiyraaeno-

196 3445 297 3483 aaran.
310 3448 396 3484 Ibid.
412 3454 559 3487 omittere
570 3454 847 3497 Tiyranocertam.
865 3454 994 3488 Contra
1003 3455 1016 3487 4
1024 3453 1056 3496 4,

1103 2098 1165 2131 23:
1191 2099 1237 2132 ad
1259 2100 1454 2140 occupanda
1471 2100 1718 2142 Tigranocerta.
1745 2102 1799 2142 45,
1813 2101 1851 2134 6:
1878 2111 1902 2134 a
1917 2102 1973 2134 Ti-

1102 2151 1321 2192 qranocertis.
1347 2151 1401 2191 45,
1419 2150 1459 2183 8:
1475 2152 1702 2192 reciperandi-s·
1718 2151 1972 2193 Tigranocertis.

1103 2199 1154 2231 De
1189 2199 1257 2231 situ
1291 2200 1476 2242 utriusque
1509 2200 1609 2234 urbis
1643 2200 1774 2235 Plinius
1804 2202 1845 2234 N.
1870 2203 1911 2235 H.
1937 2203 1970 2243 6,

1103 2247 1123 2290 5
1146 2248 1207 2281 26:
1239 2249 1277 2281 in
1298 2249 1426 2282 excelso
1451 2250 1708 2292 Tiyranocerta,
1734 2254 1769 2283 at
1789 2252 1826 2283 in
1849 2253 1975 2293 campis

1101 2301 1203 2332 iuxta
1230 2299 1368 2333 Ara-ven
1389 2300 1574 2334 Artaxata.
1610 2302 1661 2334 Cf.
1687 2301 1813 2335 Strabo
1838 2303 1890 2342 44,
1916 2302 1970 2342 44,

1103 2349 1123 2382 6
1147 2351 1183 2382 et
1204 2351 1257 2383 45.
1285 2368 1321 2374 -
1355 2360 1399 2384 σω
1420 2353 1552 2385 nomine
1573 2352 1677 2394 urbis]
1701 2353 1767 2386 nisi
1788 2353 1905 2395 potius
1929 2361 1973 2385 ex

1102 2401 1245 2434 nomine
1260 2399 1350 2434 illius
1362 2402 1524 2435 Artaxiae
1534 2428 1542 2444 ,
1557 2403 1616 2444 qui
1633 2403 1703 2436 dux
1719 2402 1861 2436 militiae
1877 2403 1973 2446 apud

1102 2451 1311 2484 Antiochum
1343 2452 1527 2494 Magnum,
1559 2453 1628 2485 hoc
1652 2453 1808 2494 devicto,
1841 2454 1972 2486 Roma—

1103 2509 1230 2533 norum
1259 2501 1343 2542 puta
1374 2501 1515 2543 favore,
1547 2504 1735 2536 Armeniae
1768 2512 1833 2535 rex
1860 2502 1973 2536 factus

1104 2553 1158 2584 est
1188 2551 1294 2593 atque
1319 2560 1386 2593 per
1408 2552 1640 2586 Hannibalem
1663 2554 1826 2586 Artaxata
1849 2553 1973 2586 condi-

1104 2601 1165 2634 dit.
1191 2601 1242 2634 Cf.
1268 2601 1394 2635 Strabo
1418 2603 1453 2635 44
1482 2612 1518 2646 p.
1543 2603 1620 2636 528.
1643 2602 1819 2636 Plutarch.
1843 2604 1879 2636 in
1902 2605 1973 2636 Lu-

1104 2650 1182 2683 cull.
1210 2660 1241 2684 c.
1268 2651 1321 2684 65.
1347 2661 1381 2694 p.
1407 2652 1483 2685 543.
1505 2671 1542 2677 -
1562 2652 1771 2695 provinciae]
1797 2653 1970 2694 Caesaris,

1103 2709 1173 2733 non
1196 2702 1351 2735 senatus.
1383 2703 1448 2735 Dio
1473 2703 1527 2743 57,
1553 2703 1614 2735 ⁴7:
1645 2699 1721 2735 κάκ
1742 2700 1882 2736 τούτου
1906 2704 1973 2736 καὶ

1103 2747 1129 2794 ἦ
1153 2751 1409 2786 Καππαδοκία
1437 2751 1514 2786 τῶν
1541 2762 1583 2786 τε
1606 2749 1801 2796 Ῥωμαίων
1824 2752 1972 2798 ἐγένετο

1103 2802 1169 2835 καὶ
1199 2802 1307 2836 ἱππεῖ
1325 2802 1530 2850 ἐπετράπη.
1562 2802 1853 2836 Procurator-ibus
1877 2804 1972 2836 enim

1105 2853 1299 2886 Caesarum
1328 2854 1504 2895 equestris
1530 2853 1693 2887 nobilitas
1717 2855 1804 2887 erat.
1839 2853 1891 2886 Cf.
1917 2853 1970 2893 42,

1104 2902 1166 2936 49:
1195 2904 1283 2936 Erat
1309 2904 1539 2946 Cappadociae
1560 2907 1768 2946 procurator
1787 2904 1892 2937 Iulius
1913 2904 1973 2935 Pe-

1104 2955 1225 2997 liynus.
1250 2955 1392 2988 Sueton.
1418 2955 1565 2997 vespas.
1583 2956 1623 2989 8:
1649 2955 1879 2997 Cappadociae
1887 2962 1974 2994 pro-

1099 3007 1177 3045 pter
1208 3004 1365 3036 adsiduos
1393 3003 1617 3037 barbarorum
1647 3006 1805 3038 incursus
1831 3004 1975 3045 leyiones

1105 3053 1233 3086 addidit
1255 3054 1526 3096 consularemque
1554 3058 1715 3088 rectorem
1736 3055 1892 3095 imposuit
1906 3062 1973 3093 pro

1105 3104 1213 3143 equile
1245 3103 1404 3136 Romano.
1433 3122 1469 3128 -
1505 3104 1661 3147 leyatum]
1696 3103 1893 3137 Germanici
1928 3103 1973 3136 ad

1106 3160 1238 3185 novum
1254 3161 1374 3186 rerum
1391 3155 1522 3187 statum
1535 3150 1784 3194 ordinandum,
1798 3161 1868 3194 quo
1880 3152 1973 3186 facto

1107 3204 1143 3235 et
1172 3202 1345 3237 Veranius
1375 3205 1411 3237 et
1441 3206 1616 3238 Servaeus
1650 3204 1694 3237 ad
1724 3203 1975 3237 Germanicum

1105 3253 1337 3286 reverterunt.
1365 3253 1415 3287 Cf.
1435 3263 1465 3287 c.
1484 3254 1538 3288 74.
1560 3273 1596 3278 -
1621 3252 1859 3295 comagenis]
1883 3253 1975 3286 Stra-

1106 3301 1154 3334 bo
1177 3303 1230 3343 46,
1254 3304 1292 3344 2,
1319 3303 1339 3336 3
1361 3313 1396 3346 p.
1422 3303 1506 3337 749:
1544 3299 1568 3346 ἦ
1591 3299 1832 3346 Κομμαγηνὴ
1854 3300 1975 3350 μικρά

1106 3353 1164 3394 τίς
1190 3351 1311 3387 ἐστιν·
1342 3349 1424 3393 ἔχει
1453 3353 1484 3386 δ’
1514 3349 1681 3399 ἐρυμνὴν
1709 3349 1819 3386 πόλιν
1841 3350 1974 3397 Σαμό-

1107 3413 1226 3445 σατα,
1257 3403 1299 3437 ἐν
1319 3396 1345 3452 ᾗ
1368 3402 1413 3438 τὸ
1435 3403 1634 3445 βασίλειον
1655 3400 1822 3451 ὑπῆρχε·
1850 3401 1920 3437 νῦν
1940 3401 1972 3436 δ’

1106 3452 1272 3502 ἐπαρχία
1293 3455 1459 3499 γέγονεν.
1487 3473 1522 3479 -
1549 3455 1594 3487 ad
1614 3455 1670 3489 ius
1684 3457 1857 3497 praetoris
1878 3454 1974 3490 dola—
