<?xml version="1.0" encoding="UTF-8"?>
<!DOCTYPE html PUBLIC "-//W3C//DTD XHTML 1.0 Transitional//EN"
    "http://www.w3.org/TR/xhtml1/DTD/xhtml1-transitional.dtd">
<html xmlns="http://www.w3.org/1999/xhtml" xml:lang="en" lang="en">
 <head>
  <title>
</title>
<meta http-equiv="Content-Type" content="text/html;charset=utf-8" />
  <meta name='ocr-system' content='tesseract 3.04.00' />
  <meta name='ocr-capabilities' content='ocr_page ocr_carea ocr_par ocr_line ocrx_word'/>
</head>
<body>
  <div class='ocr_page' id='page_1' title='image "./pcorneliitacitio01taciuoft_0056.png"; bbox 0 0 2254 3770; ppageno 0'>
   <div class='ocr_carea' id='block_1_1' title="bbox 327 301 379 347">
    <p class='ocr_par' dir='ltr' id='par_1_1' title="bbox 327 301 379 347">
     <span class='ocr_line' id='line_1_1' title="bbox 327 301 379 347; baseline -0.058 0"><span class='ocrx_word' id='word_1_1' title='bbox 327 301 379 347; x_wconf 80' lang='grc'><strong>48</strong></span> 
     </span>
    </p>
   </div>
   <div class='ocr_carea' id='block_1_2' title="bbox 800 281 1666 352">
    <p class='ocr_par' dir='ltr' id='par_1_2' title="bbox 800 281 1666 352">
     <span class='ocr_line' id='line_1_2' title="bbox 800 281 1666 352; baseline 0.003 -3"><span class='ocrx_word' id='word_1_2' title='bbox 800 306 845 349; x_wconf 91' lang='grc' dir='ltr'><strong>Ρ.</strong></span> <span class='ocrx_word' id='word_1_3' title='bbox 878 305 1127 350; x_wconf 89' lang='lat' dir='ltr'>CORNELII</span> <span class='ocrx_word' id='word_1_4' title='bbox 1157 306 1326 351; x_wconf 89' lang='lat' dir='ltr'><strong>TACITI</strong></span> <span class='ocrx_word' id='word_1_5' title='bbox 1356 307 1624 352; x_wconf 88' lang='lat' dir='ltr'><strong>ANNALIUM</strong></span> <span class='ocrx_word' id='word_1_6' title='bbox 1661 281 1666 286; x_wconf 78' lang='lat'><em>-</em></span> 
     </span>
    </p>
   </div>
   <div class='ocr_carea' id='block_1_3' title="bbox 322 411 2110 702">
    <p class='ocr_par' dir='ltr' id='par_1_3' title="bbox 322 411 2110 702">
     <span class='ocr_line' id='line_1_3' title="bbox 325 411 2110 474; baseline 0.004 -19"><span class='ocrx_word' id='word_1_7' title='bbox 325 411 583 470; x_wconf 88' lang='lat' dir='ltr'><strong>deprecandi</strong></span> <span class='ocrx_word' id='word_1_8' title='bbox 615 425 745 456; x_wconf 89' lang='lat' dir='ltr'><strong>causa</strong></span> <span class='ocrx_word' id='word_1_9' title='bbox 773 411 978 456; x_wconf 90' lang='lat' dir='ltr'><strong>Palatium</strong></span> <span class='ocrx_word' id='word_1_10' title='bbox 1009 412 1222 456; x_wconf 82' lang='lat' dir='ltr'><strong>introisset</strong></span> <span class='ocrx_word' id='word_1_11' title='bbox 1252 412 1594 472; x_wconf 80' lang='lat' dir='ltr'><strong>ambulantisque</strong></span> <span class='ocrx_word' id='word_1_12' title='bbox 1615 415 1769 460; x_wconf 88' lang='lat' dir='ltr'><strong>Tiberii</strong></span> <span class='ocrx_word' id='word_1_13' title='bbox 1799 430 1939 474; x_wconf 82' lang='lat' dir='ltr'><strong>genua</strong></span> <span class='ocrx_word' id='word_1_14' title='bbox 1961 417 2110 462; x_wconf 89' lang='lat' dir='ltr'><strong>advol-</strong></span> 
     </span>
     <span class='ocr_line' id='line_1_4' title="bbox 322 486 2107 546; baseline 0.003 -14"><span class='ocrx_word' id='word_1_15' title='bbox 322 494 512 539; x_wconf 83' lang='lat' dir='ltr'><strong>veretur,</strong></span> <span class='ocrx_word' id='word_1_16' title='bbox 554 501 688 546; x_wconf 81' lang='lat' dir='ltr'><strong>prope</strong></span> <span class='ocrx_word' id='word_1_17' title='bbox 718 501 743 531; x_wconf 90' lang='lat' dir='ltr'><strong>a</strong></span> <span class='ocrx_word' id='word_1_18' title='bbox 772 486 973 530; x_wconf 83' lang='lat' dir='ltr'><strong>militibus</strong></span> <span class='ocrx_word' id='word_1_19' title='bbox 1004 487 1286 537; x_wconf 82' lang='lat' dir='ltr'><strong>interfectum,</strong></span> <span class='ocrx_word' id='word_1_20' title='bbox 1329 488 1430 546; x_wconf 90' lang='lat' dir='ltr'><strong>quia</strong></span> <span class='ocrx_word' id='word_1_21' title='bbox 1461 489 1654 534; x_wconf 88' lang='lat' dir='ltr'><strong>Tiberius</strong></span> <span class='ocrx_word' id='word_1_22' title='bbox 1694 494 1797 535; x_wconf 85' lang='lat' dir='ltr'><strong>casu</strong></span> <span class='ocrx_word' id='word_1_23' title='bbox 1827 506 1880 536; x_wconf 93' lang='lat' dir='ltr'><strong>an</strong></span> <span class='ocrx_word' id='word_1_24' title='bbox 1909 493 2107 538; x_wconf 89' lang='lat' dir='ltr'><strong>manibus</strong></span> 
     </span>
     <span class='ocr_line' id='line_1_5' title="bbox 322 562 2104 626; baseline 0.003 -19"><span class='ocrx_word' id='word_1_25' title='bbox 322 563 415 608; x_wconf 90' lang='lat' dir='ltr'><strong>eius</strong></span> <span class='ocrx_word' id='word_1_26' title='bbox 444 563 657 622; x_wconf 92' lang='lat' dir='ltr'><strong>inpeditus</strong></span> <span class='ocrx_word' id='word_1_27' title='bbox 686 562 940 621; x_wconf 87' lang='lat' dir='ltr'><strong>prociderat.</strong></span> <span class='ocrx_word' id='word_1_28' title='bbox 995 577 1136 621; x_wconf 92' lang='lat' dir='ltr'><strong>neque</strong></span> <span class='ocrx_word' id='word_1_29' title='bbox 1166 570 1307 607; x_wconf 89' lang='lat' dir='ltr'><strong>tamen</strong></span> <span class='ocrx_word' id='word_1_30' title='bbox 1336 563 1530 621; x_wconf 90' lang='lat' dir='ltr'><strong>periculo</strong></span> <span class='ocrx_word' id='word_1_31' title='bbox 1562 564 1655 609; x_wconf 87' lang='lat' dir='ltr'><strong>talis</strong></span> <span class='ocrx_word' id='word_1_32' title='bbox 1685 567 1762 611; x_wconf 90' lang='lat' dir='ltr'><strong>viri</strong></span> <span class='ocrx_word' id='word_1_33' title='bbox 1791 568 2006 626; x_wconf 91' lang='lat' dir='ltr'><strong>mitigatus</strong></span> <span class='ocrx_word' id='word_1_34' title='bbox 2027 575 2104 620; x_wconf 90' lang='lat' dir='ltr'><strong>est,</strong></span> 
     </span>
     <span class='ocr_line' id='line_1_6' title="bbox 322 638 2106 702; baseline 0.003 -19"><span class='ocrx_word' id='word_1_35' title='bbox 322 638 460 684; x_wconf 91' lang='lat' dir='ltr'><strong>donec</strong></span> <span class='ocrx_word' id='word_1_36' title='bbox 488 639 684 682; x_wconf 89' lang='lat' dir='ltr'><strong>Haterius</strong></span> <span class='ocrx_word' id='word_1_37' title='bbox 705 640 934 695; x_wconf 80' lang='lat' dir='ltr'><strong>Augustam</strong></span> <span class='ocrx_word' id='word_1_38' title='bbox 967 644 1107 682; x_wconf 89' lang='lat' dir='ltr'><strong>oraret</strong></span> <span class='ocrx_word' id='word_1_39' title='bbox 1131 639 1312 697; x_wconf 90' lang='lat' dir='ltr'><strong>eiusque</strong></span> <span class='ocrx_word' id='word_1_40' title='bbox 1334 639 1612 684; x_wconf 81' lang='lat' dir='ltr'><strong>curatissimis</strong></span> <span class='ocrx_word' id='word_1_41' title='bbox 1632 641 1835 698; x_wconf 84' lang='lat' dir='ltr'><strong>precibus</strong></span> <span class='ocrx_word' id='word_1_42' title='bbox 1854 649 2106 702; x_wconf 88' lang='lat' dir='ltr'><strong>protegere-</strong></span> 
     </span>
    </p>
   </div>
   <div class='ocr_carea' id='block_1_4' title="bbox 288 713 1573 771">
    <p class='ocr_par' dir='ltr' id='par_1_4' title="bbox 288 713 1573 771">
     <span class='ocr_line' id='line_1_7' title="bbox 288 713 1573 771; baseline 0.004 -18"><span class='ocrx_word' id='word_1_43' title='bbox 288 720 400 758; x_wconf 72' lang='lat' dir='ltr'><strong>stur.</strong></span> <span class='ocrx_word' id='word_1_44' title='bbox 459 714 540 771; x_wconf 77' lang='lat' dir='ltr'><strong>(tt)</strong></span> <span class='ocrx_word' id='word_1_45' title='bbox 571 713 701 757; x_wconf 89' lang='lat' dir='ltr'><strong>multa</strong></span> <span class='ocrx_word' id='word_1_46' title='bbox 738 719 906 771; x_wconf 88' lang='lat' dir='ltr'><strong>patrum</strong></span> <span class='ocrx_word' id='word_1_47' title='bbox 943 720 985 757; x_wconf 88' lang='lat' dir='ltr'><strong>et</strong></span> <span class='ocrx_word' id='word_1_48' title='bbox 1021 713 1062 755; x_wconf 90' lang='lat' dir='ltr'><strong>in</strong></span> <span class='ocrx_word' id='word_1_49' title='bbox 1103 714 1333 771; x_wconf 80' lang='lat' dir='ltr'><strong>Augustam</strong></span> <span class='ocrx_word' id='word_1_50' title='bbox 1375 713 1573 758; x_wconf 83' lang='lat' dir='ltr'><strong>adulatio.</strong></span> 
     </span>
    </p>
   </div>
   <div class='ocr_carea' id='block_1_5' title="bbox 1634 715 2103 775">
    <p class='ocr_par' dir='ltr' id='par_1_5' title="bbox 1634 715 2103 775">
     <span class='ocr_line' id='line_1_8' title="bbox 1634 715 2103 775; baseline 0.004 -15"><span class='ocrx_word' id='word_1_51' title='bbox 1634 715 1703 760; x_wconf 89' lang='lat' dir='ltr'><strong>alii</strong></span> <span class='ocrx_word' id='word_1_52' title='bbox 1744 725 1986 775; x_wconf 88' lang='lat' dir='ltr'><strong>parentem,</strong></span> <span class='ocrx_word' id='word_1_53' title='bbox 2033 718 2103 763; x_wconf 89' lang='lat' dir='ltr'><strong>alii</strong></span> 
     </span>
    </p>
   </div>
   <div class='ocr_carea' id='block_1_6' title="bbox 265 787 2102 1454">
    <p class='ocr_par' dir='ltr' id='par_1_6' title="bbox 265 787 2102 1454">
     <span class='ocr_line' id='line_1_9' title="bbox 318 787 2102 847; baseline 0.003 -14"><span class='ocrx_word' id='word_1_54' title='bbox 318 796 497 834; x_wconf 90' lang='lat' dir='ltr'><strong>matrem</strong></span> <span class='ocrx_word' id='word_1_55' title='bbox 525 789 685 847; x_wconf 84' lang='lat' dir='ltr'><strong>patriae</strong></span> <span class='ocrx_word' id='word_1_56' title='bbox 716 787 1030 846; x_wconf 86' lang='lat' dir='ltr'><strong>appellandam,</strong></span> <span class='ocrx_word' id='word_1_57' title='bbox 1066 787 1262 846; x_wconf 88' lang='lat' dir='ltr'><strong>plerique</strong></span> <span class='ocrx_word' id='word_1_58' title='bbox 1290 795 1337 832; x_wconf 93' lang='lat' dir='ltr'><strong>ut</strong></span> <span class='ocrx_word' id='word_1_59' title='bbox 1366 790 1525 833; x_wconf 91' lang='lat' dir='ltr'><strong>nomini</strong></span> <span class='ocrx_word' id='word_1_60' title='bbox 1557 791 1752 836; x_wconf 87' lang='lat' dir='ltr'><strong>Caesaris</strong></span> <span class='ocrx_word' id='word_1_61' title='bbox 1783 793 2102 839; x_wconf 86' lang='lat' dir='ltr'><strong>adscriberetur</strong></span> 
     </span>
     <span class='ocr_line' id='line_1_10' title="bbox 317 863 2100 921; baseline 0.003 -13"><span class='ocrx_word' id='word_1_62' title='bbox 317 865 448 909; x_wconf 91' lang='lat' dir='ltr'><strong>Iuliae</strong></span> <span class='ocrx_word' id='word_1_63' title='bbox 486 864 597 909; x_wconf 92' lang='lat' dir='ltr'><strong>filius</strong></span> <span class='ocrx_word' id='word_1_64' title='bbox 636 864 878 908; x_wconf 87' lang='lat' dir='ltr'><strong>censebant.</strong></span> <span class='ocrx_word' id='word_1_65' title='bbox 937 863 1007 907; x_wconf 92' lang='lat' dir='ltr'><strong>ille</strong></span> <span class='ocrx_word' id='word_1_66' title='bbox 1042 863 1330 908; x_wconf 90' lang='lat' dir='ltr'><strong>moderandos</strong></span> <span class='ocrx_word' id='word_1_67' title='bbox 1373 865 1627 910; x_wconf 85' lang='lat' dir='ltr'><strong>feminarum</strong></span> <span class='ocrx_word' id='word_1_68' title='bbox 1665 866 1852 913; x_wconf 91' lang='lat' dir='ltr'><strong>honores</strong></span> <span class='ocrx_word' id='word_1_69' title='bbox 1892 869 2100 921; x_wconf 89' lang='lat' dir='ltr'><strong>dictitans,</strong></span> 
     </span>
     <span class='ocr_line' id='line_1_11' title="bbox 317 939 2102 999; baseline 0.002 -14"><span class='ocrx_word' id='word_1_70' title='bbox 317 940 556 999; x_wconf 73' lang='lat' dir='ltr'><strong>eademque</strong></span> <span class='ocrx_word' id='word_1_71' title='bbox 586 954 633 984; x_wconf 91' lang='lat' dir='ltr'><strong>se</strong></span> <span class='ocrx_word' id='word_1_72' title='bbox 663 939 942 998; x_wconf 87' lang='lat' dir='ltr'><strong>temperantia</strong></span> <span class='ocrx_word' id='word_1_73' title='bbox 971 953 1150 982; x_wconf 88' lang='lat' dir='ltr'><strong>usurum</strong></span> <span class='ocrx_word' id='word_1_74' title='bbox 1180 939 1222 982; x_wconf 91' lang='lat' dir='ltr'><strong>in</strong></span> <span class='ocrx_word' id='word_1_75' title='bbox 1254 940 1304 983; x_wconf 93' lang='lat' dir='ltr'><strong>iis</strong></span> <span class='ocrx_word' id='word_1_76' title='bbox 1335 954 1448 998; x_wconf 90' lang='lat' dir='ltr'><strong>quae</strong></span> <span class='ocrx_word' id='word_1_77' title='bbox 1470 941 1551 985; x_wconf 88' lang='lat' dir='ltr'><strong>sibi</strong></span> <span class='ocrx_word' id='word_1_78' title='bbox 1573 942 1879 996; x_wconf 86' lang='lat' dir='ltr'><strong>tribuerentur,</strong></span> <span class='ocrx_word' id='word_1_79' title='bbox 1911 951 2102 989; x_wconf 88' lang='lat' dir='ltr'><strong>ceterum</strong></span> 
     </span>
     <span class='ocr_line' id='line_1_12' title="bbox 315 1014 2100 1077; baseline 0.003 -18"><span class='ocrx_word' id='word_1_80' title='bbox 315 1016 464 1060; x_wconf 85' lang='lat' dir='ltr'><strong>anxius</strong></span> <span class='ocrx_word' id='word_1_81' title='bbox 494 1015 651 1059; x_wconf 88' lang='lat' dir='ltr'><strong>invidia</strong></span> <span class='ocrx_word' id='word_1_82' title='bbox 681 1022 722 1060; x_wconf 91' lang='lat' dir='ltr'><strong>et</strong></span> <span class='ocrx_word' id='word_1_83' title='bbox 750 1015 958 1059; x_wconf 90' lang='lat' dir='ltr'><strong>muliebre</strong></span> <span class='ocrx_word' id='word_1_84' title='bbox 988 1014 1198 1072; x_wconf 78' lang='lat' dir='ltr'><strong>fastigium</strong></span> <span class='ocrx_word' id='word_1_85' title='bbox 1228 1015 1270 1057; x_wconf 92' lang='lat' dir='ltr'><strong>in</strong></span> <span class='ocrx_word' id='word_1_86' title='bbox 1301 1015 1634 1061; x_wconf 90' lang='lat' dir='ltr'><strong>deminutionem</strong></span> <span class='ocrx_word' id='word_1_87' title='bbox 1664 1019 1730 1062; x_wconf 93' lang='lat' dir='ltr'><strong>sui</strong></span> <span class='ocrx_word' id='word_1_88' title='bbox 1760 1019 1998 1077; x_wconf 88' lang='lat' dir='ltr'><strong>accipiens,</strong></span> <span class='ocrx_word' id='word_1_89' title='bbox 2047 1034 2100 1065; x_wconf 91' lang='lat' dir='ltr'><strong>ne</strong></span> 
     </span>
     <span class='ocr_line' id='line_1_13' title="bbox 265 1089 2101 1151; baseline 0.003 -18"><span class='ocrx_word' id='word_1_90' title='bbox 265 1091 506 1136; x_wconf 74' lang='lat' dir='ltr'><strong>tolictorem</strong></span> <span class='ocrx_word' id='word_1_91' title='bbox 536 1091 712 1149; x_wconf 87' lang='lat' dir='ltr'><strong>quidem</strong></span> <span class='ocrx_word' id='word_1_92' title='bbox 742 1091 781 1135; x_wconf 91' lang='lat' dir='ltr'><strong>ei</strong></span> <span class='ocrx_word' id='word_1_93' title='bbox 813 1089 985 1134; x_wconf 91' lang='lat' dir='ltr'><strong>decerni</strong></span> <span class='ocrx_word' id='word_1_94' title='bbox 1007 1104 1162 1148; x_wconf 90' lang='lat' dir='ltr'><strong>passus</strong></span> <span class='ocrx_word' id='word_1_95' title='bbox 1184 1096 1264 1142; x_wconf 91' lang='lat' dir='ltr'><strong>est,</strong></span> <span class='ocrx_word' id='word_1_96' title='bbox 1298 1104 1504 1150; x_wconf 90' lang='lat' dir='ltr'><strong>aramque</strong></span> <span class='ocrx_word' id='word_1_97' title='bbox 1526 1092 1766 1151; x_wconf 89' lang='lat' dir='ltr'><strong>adoptionis</strong></span> <span class='ocrx_word' id='word_1_98' title='bbox 1787 1101 1830 1138; x_wconf 91' lang='lat' dir='ltr'><strong>et</strong></span> <span class='ocrx_word' id='word_1_99' title='bbox 1849 1094 1932 1139; x_wconf 89' lang='lat' dir='ltr'><strong>alia</strong></span> <span class='ocrx_word' id='word_1_100' title='bbox 1954 1095 2101 1139; x_wconf 90' lang='lat' dir='ltr'><strong>huius-</strong></span> 
     </span>
     <span class='ocr_line' id='line_1_14' title="bbox 314 1165 2096 1228; baseline 0.001 -16"><span class='ocrx_word' id='word_1_101' title='bbox 314 1167 480 1212; x_wconf 90' lang='lat' dir='ltr'><strong>cemodi</strong></span> <span class='ocrx_word' id='word_1_102' title='bbox 509 1166 737 1225; x_wconf 90' lang='lat' dir='ltr'><strong>prohibuit.</strong></span> <span class='ocrx_word' id='word_1_103' title='bbox 783 1173 824 1210; x_wconf 88' lang='lat' dir='ltr'><strong>at</strong></span> <span class='ocrx_word' id='word_1_104' title='bbox 850 1165 1101 1210; x_wconf 87' lang='lat' dir='ltr'><strong>Germanico</strong></span> <span class='ocrx_word' id='word_1_105' title='bbox 1133 1166 1307 1210; x_wconf 88' lang='lat' dir='ltr'><strong>Caesari</strong></span> <span class='ocrx_word' id='word_1_106' title='bbox 1334 1167 1643 1224; x_wconf 88' lang='lat' dir='ltr'><strong>proconsulare</strong></span> <span class='ocrx_word' id='word_1_107' title='bbox 1673 1168 1900 1227; x_wconf 90' lang='lat' dir='ltr'><strong>imperium</strong></span> <span class='ocrx_word' id='word_1_108' title='bbox 1929 1170 2096 1228; x_wconf 91' lang='lat' dir='ltr'><strong>petivit;</strong></span> 
     </span>
     <span class='ocr_line' id='line_1_15' title="bbox 311 1241 2096 1304; baseline 0.002 -18"><span class='ocrx_word' id='word_1_109' title='bbox 311 1244 518 1302; x_wconf 90' lang='lat' dir='ltr'><strong>missique</strong></span> <span class='ocrx_word' id='word_1_110' title='bbox 537 1242 663 1301; x_wconf 85' lang='lat' dir='ltr'><strong>legati</strong></span> <span class='ocrx_word' id='word_1_111' title='bbox 683 1241 755 1300; x_wconf 91' lang='lat' dir='ltr'><strong>qui</strong></span> <span class='ocrx_word' id='word_1_112' title='bbox 777 1241 1012 1295; x_wconf 87' lang='lat' dir='ltr'><strong>deferrent,</strong></span> <span class='ocrx_word' id='word_1_113' title='bbox 1045 1241 1170 1285; x_wconf 90' lang='lat' dir='ltr'><strong>simul</strong></span> <span class='ocrx_word' id='word_1_114' title='bbox 1197 1242 1454 1286; x_wconf 85' lang='lat' dir='ltr'><strong>¹maestitiam</strong></span> <span class='ocrx_word' id='word_1_115' title='bbox 1483 1244 1576 1287; x_wconf 88' lang='lat' dir='ltr'><strong>eius</strong></span> <span class='ocrx_word' id='word_1_116' title='bbox 1598 1244 1654 1288; x_wconf 94' lang='lat' dir='ltr'><strong>ob</strong></span> <span class='ocrx_word' id='word_1_117' title='bbox 1674 1258 1902 1289; x_wconf 87' lang='lat' dir='ltr'><strong>excessum</strong></span> <span class='ocrx_word' id='word_1_118' title='bbox 1920 1246 2096 1304; x_wconf 85' lang='lat' dir='ltr'><strong>Augusti</strong></span> 
     </span>
     <span class='ocr_line' id='line_1_16' title="bbox 312 1316 2095 1380; baseline 0.001 -17"><span class='ocrx_word' id='word_1_119' title='bbox 312 1319 561 1363; x_wconf 88' lang='lat' dir='ltr'><strong>solarentur.</strong></span> <span class='ocrx_word' id='word_1_120' title='bbox 621 1331 707 1376; x_wconf 94' lang='lat' dir='ltr'><strong>quo</strong></span> <span class='ocrx_word' id='word_1_121' title='bbox 746 1317 886 1360; x_wconf 89' lang='lat' dir='ltr'><strong>minus</strong></span> <span class='ocrx_word' id='word_1_122' title='bbox 919 1316 1033 1360; x_wconf 92' lang='lat' dir='ltr'><strong>idem</strong></span> <span class='ocrx_word' id='word_1_123' title='bbox 1072 1331 1150 1374; x_wconf 92' lang='lat' dir='ltr'><strong>pro</strong></span> <span class='ocrx_word' id='word_1_124' title='bbox 1189 1318 1330 1362; x_wconf 90' lang='lat' dir='ltr'><strong>Druso</strong></span> <span class='ocrx_word' id='word_1_125' title='bbox 1369 1318 1691 1376; x_wconf 89' lang='lat' dir='ltr'><strong>postularetur,·</strong></span> <span class='ocrx_word' id='word_1_126' title='bbox 1721 1333 1772 1365; x_wconf 91' lang='lat' dir='ltr'><strong>ea</strong></span> <span class='ocrx_word' id='word_1_127' title='bbox 1813 1334 1944 1364; x_wconf 89' lang='lat' dir='ltr'><strong>causa</strong></span> <span class='ocrx_word' id='word_1_128' title='bbox 1977 1321 2095 1380; x_wconf 92' lang='lat' dir='ltr'><strong>quod</strong></span> 
     </span>
     <span class='ocr_line' id='line_1_17' title="bbox 311 1392 2096 1454; baseline 0.002 -16"><span class='ocrx_word' id='word_1_129' title='bbox 311 1394 556 1452; x_wconf 88' lang='lat' dir='ltr'><strong>designatus</strong></span> <span class='ocrx_word' id='word_1_130' title='bbox 587 1392 737 1438; x_wconf 90' lang='lat' dir='ltr'><strong>consul</strong></span> <span class='ocrx_word' id='word_1_131' title='bbox 765 1394 931 1436; x_wconf 88' lang='lat' dir='ltr'><strong>Drusus</strong></span> <span class='ocrx_word' id='word_1_132' title='bbox 961 1406 1257 1452; x_wconf 85' lang='lat' dir='ltr'><strong>praesensque</strong></span> <span class='ocrx_word' id='word_1_133' title='bbox 1288 1400 1390 1438; x_wconf 89' lang='lat' dir='ltr'><strong>erat.</strong></span> <span class='ocrx_word' id='word_1_134' title='bbox 1450 1394 1699 1440; x_wconf 89' lang='lat' dir='ltr'><strong>candidatos</strong></span> <span class='ocrx_word' id='word_1_135' title='bbox 1729 1403 1957 1454; x_wconf 90' lang='lat' dir='ltr'><strong>praeturae</strong></span> <span class='ocrx_word' id='word_1_136' title='bbox 1986 1397 2096 1442; x_wconf 91' lang='lat' dir='ltr'><strong>duo-</strong></span> 
     </span>
    </p>
   </div>
   <div class='ocr_carea' id='block_1_7' title="bbox 372 1528 2092 1576">
    <p class='ocr_par' dir='ltr' id='par_1_7' title="bbox 372 1528 2092 1576">
     <span class='ocr_line' id='line_1_18' title="bbox 372 1528 2092 1576; baseline 0.002 -9"><span class='ocrx_word' id='word_1_137' title='bbox 372 1533 406 1567; x_wconf 83' lang='grc'><strong>4.</strong></span> <span class='ocrx_word' id='word_1_138' title='bbox 430 1535 563 1575; x_wconf 80' lang='lat' dir='ltr'><strong>eiusque</strong></span> <span class='ocrx_word' id='word_1_139' title='bbox 584 1534 735 1576; x_wconf 88' lang='lat' dir='ltr'><strong>Lipsius:</strong></span> <span class='ocrx_word' id='word_1_140' title='bbox 768 1536 901 1574; x_wconf 82' lang='lat' dir='ltr'><strong>etusque</strong></span> <span class='ocrx_word' id='word_1_141' title='bbox 922 1533 956 1567; x_wconf 91' lang='lat' dir='ltr'>M</span> <span class='ocrx_word' id='word_1_142' title='bbox 989 1550 1025 1556; x_wconf 98' lang='lat'><strong>—</strong></span> <span class='ocrx_word' id='word_1_143' title='bbox 1053 1528 1169 1575; x_wconf 63' lang='lat' dir='ltr'><strong>ficibus</strong></span> <span class='ocrx_word' id='word_1_144' title='bbox 1189 1534 1224 1567; x_wconf 90' lang='lat' dir='ltr'>M</span> <span class='ocrx_word' id='word_1_145' title='bbox 1259 1550 1295 1557; x_wconf 88' lang='lat'><strong>—</strong></span> <span class='ocrx_word' id='word_1_146' title='bbox 1330 1534 1363 1566; x_wconf 85' lang='lat'><strong>7.</strong></span> <span class='ocrx_word' id='word_1_147' title='bbox 1387 1533 1537 1567; x_wconf 87' lang='lat' dir='ltr'><strong>censebat</strong></span> <span class='ocrx_word' id='word_1_148' title='bbox 1558 1535 1612 1576; x_wconf 90' lang='lat' dir='ltr'><strong>M,</strong></span> <span class='ocrx_word' id='word_1_149' title='bbox 1652 1533 1768 1568; x_wconf 87' lang='lat' dir='ltr'><strong>littera</strong></span> <span class='ocrx_word' id='word_1_150' title='bbox 1790 1545 1813 1569; x_wconf 88' lang='lat' dir='ltr'><strong>n</strong></span> <span class='ocrx_word' id='word_1_151' title='bbox 1841 1545 1862 1570; x_wconf 93' lang='lat' dir='ltr'><strong>a</strong></span> <span class='ocrx_word' id='word_1_152' title='bbox 1892 1538 2092 1571; x_wconf 86' lang='lat' dir='ltr'><strong>correctore</strong></span> 
     </span>
    </p>
   </div>
   <div class='ocr_carea' id='block_1_8' title="bbox 307 1589 1210 1632">
    <p class='ocr_par' dir='ltr' id='par_1_8' title="bbox 307 1589 1210 1632">
     <span class='ocr_line' id='line_1_19' title="bbox 307 1589 1210 1632; baseline -0.001 -8"><span class='ocrx_word' id='word_1_153' title='bbox 307 1590 449 1624; x_wconf 85' lang='lat' dir='ltr'><strong>ultimae</strong></span> <span class='ocrx_word' id='word_1_154' title='bbox 473 1589 630 1632; x_wconf 87' lang='lat' dir='ltr'><strong>syllabae</strong></span> <span class='ocrx_word' id='word_1_155' title='bbox 654 1590 904 1632; x_wconf 87' lang='lat' dir='ltr'><strong>superscripta.</strong></span> <span class='ocrx_word' id='word_1_156' title='bbox 935 1607 970 1614; x_wconf 93' lang='lat'>—</span> <span class='ocrx_word' id='word_1_157' title='bbox 996 1589 1028 1622; x_wconf 94' lang='lat'><strong>8.</strong></span> <span class='ocrx_word' id='word_1_158' title='bbox 1053 1589 1103 1622; x_wconf 84' lang='lat' dir='ltr'><strong>his</strong></span> <span class='ocrx_word' id='word_1_159' title='bbox 1123 1590 1158 1624; x_wconf 88' lang='lat' dir='ltr'>M</span> <span class='ocrx_word' id='word_1_160' title='bbox 1175 1607 1210 1614; x_wconf 91' lang='lat'>-</span> 
     </span>
    </p>
   </div>
   <div class='ocr_carea' id='block_1_9' title="bbox 1238 1589 1938 1635">
    <p class='ocr_par' dir='ltr' id='par_1_9' title="bbox 1238 1589 1938 1635">
     <span class='ocr_line' id='line_1_20' title="bbox 1238 1589 1938 1635; baseline 0.004 -12"><span class='ocrx_word' id='word_1_161' title='bbox 1238 1589 1292 1624; x_wconf 88' lang='grc'><strong>44.</strong></span> <span class='ocrx_word' id='word_1_162' title='bbox 1312 1591 1505 1632; x_wconf 82' lang='lat' dir='ltr'><strong>praedurae</strong></span> <span class='ocrx_word' id='word_1_163' title='bbox 1519 1592 1554 1625; x_wconf 92' lang='lat' dir='ltr'>M</span> <span class='ocrx_word' id='word_1_164' title='bbox 1575 1593 1770 1635; x_wconf 82' lang='lat' dir='ltr'><strong>(praeturae</strong></span> <span class='ocrx_word' id='word_1_165' title='bbox 1790 1592 1938 1635; x_wconf 85' lang='lat' dir='ltr'><strong>margo).</strong></span> 
     </span>
    </p>
   </div>
   <div class='ocr_carea' id='block_1_10' title="bbox 303 1696 2090 1789">
    <p class='ocr_par' dir='ltr' id='par_1_10' title="bbox 303 1696 2090 1789">
     <span class='ocr_line' id='line_1_21' title="bbox 305 1696 2090 1739; baseline 0.002 -9"><span class='ocrx_word' id='word_1_166' title='bbox 305 1699 415 1730; x_wconf 85' lang='lat' dir='ltr'><strong>torum</strong></span> <span class='ocrx_word' id='word_1_167' title='bbox 441 1697 505 1730; x_wconf 85' lang='lat' dir='ltr'><strong>nisi</strong></span> <span class='ocrx_word' id='word_1_168' title='bbox 535 1700 595 1730; x_wconf 89' lang='lat' dir='ltr'><strong>aut</strong></span> <span class='ocrx_word' id='word_1_169' title='bbox 623 1696 724 1739; x_wconf 76' lang='lat' dir='ltr'><strong>officii</strong></span> <span class='ocrx_word' id='word_1_170' title='bbox 753 1699 814 1729; x_wconf 85' lang='lat' dir='ltr'><strong>aut</strong></span> <span class='ocrx_word' id='word_1_171' title='bbox 840 1696 963 1739; x_wconf 62' lang='lat' dir='ltr'><strong>negotii</strong></span> <span class='ocrx_word' id='word_1_172' title='bbox 990 1704 1094 1728; x_wconf 86' lang='lat' dir='ltr'><strong>causa</strong></span> <span class='ocrx_word' id='word_1_173' title='bbox 1128 1696 1173 1728; x_wconf 85' lang='lat' dir='ltr'><strong>ad</strong></span> <span class='ocrx_word' id='word_1_174' title='bbox 1220 1696 1373 1736; x_wconf 90' lang='lat' dir='ltr'><strong>videtur,</strong></span> <span class='ocrx_word' id='word_1_175' title='bbox 1388 1697 1505 1730; x_wconf 86' lang='lat' dir='ltr'><strong>minus</strong></span> <span class='ocrx_word' id='word_1_176' title='bbox 1517 1698 1615 1730; x_wconf 87' lang='lat' dir='ltr'><strong>recte</strong></span> <span class='ocrx_word' id='word_1_177' title='bbox 1629 1698 1783 1739; x_wconf 88' lang='lat' dir='ltr'><strong>cogitant</strong></span> <span class='ocrx_word' id='word_1_178' title='bbox 1794 1699 1900 1732; x_wconf 89' lang='lat' dir='ltr'><strong>etiam</strong></span> <span class='ocrx_word' id='word_1_179' title='bbox 1909 1698 1954 1732; x_wconf 92' lang='lat' dir='ltr'><strong>de</strong></span> <span class='ocrx_word' id='word_1_180' title='bbox 1962 1699 2090 1733; x_wconf 87' lang='lat' dir='ltr'><strong>Tiberii</strong></span> 
     </span>
     <span class='ocr_line' id='line_1_22' title="bbox 303 1747 2089 1789; baseline 0.002 -9"><span class='ocrx_word' id='word_1_181' title='bbox 303 1749 451 1781; x_wconf 76' lang='lat' dir='ltr'><strong>lecticam</strong></span> <span class='ocrx_word' id='word_1_182' title='bbox 487 1757 583 1780; x_wconf 91' lang='lat' dir='ltr'><strong>suam</strong></span> <span class='ocrx_word' id='word_1_183' title='bbox 616 1748 801 1788; x_wconf 75' lang='lat' dir='ltr'><strong>admiserit,</strong></span> <span class='ocrx_word' id='word_1_184' title='bbox 840 1747 1046 1779; x_wconf 78' lang='lat' dir='ltr'><strong>consularem</strong></span> <span class='ocrx_word' id='word_1_185' title='bbox 1079 1755 1170 1787; x_wconf 85' lang='lat' dir='ltr'><strong>vero,</strong></span> <span class='ocrx_word' id='word_1_186' title='bbox 1220 1747 1406 1789; x_wconf 87' lang='lat' dir='ltr'><strong>adoptione</strong></span> <span class='ocrx_word' id='word_1_187' title='bbox 1424 1756 1455 1780; x_wconf 91' lang='lat' dir='ltr'><strong>c.</strong></span> <span class='ocrx_word' id='word_1_188' title='bbox 1470 1747 1503 1780; x_wconf 90' lang='lat'><strong>3.</strong></span> <span class='ocrx_word' id='word_1_189' title='bbox 1529 1747 1580 1780; x_wconf 81' lang='lat' dir='ltr'><strong>Cf.</strong></span> <span class='ocrx_word' id='word_1_190' title='bbox 1598 1757 1698 1780; x_wconf 86' lang='lat' dir='ltr'><strong>aram</strong></span> <span class='ocrx_word' id='word_1_191' title='bbox 1712 1748 1846 1781; x_wconf 82' lang='lat' dir='ltr'><strong>ultionis</strong></span> <span class='ocrx_word' id='word_1_192' title='bbox 1860 1749 1892 1789; x_wconf 90' lang='lat'><strong>3,</strong></span> <span class='ocrx_word' id='word_1_193' title='bbox 1910 1749 1964 1783; x_wconf 90' lang='grc'><strong>48.</strong></span> <span class='ocrx_word' id='word_1_194' title='bbox 1989 1759 2089 1783; x_wconf 85' lang='lat' dir='ltr'><strong>aram</strong></span> 
     </span>
    </p>
   </div>
   <div class='ocr_carea' id='block_1_11' title="bbox 283 1797 1170 3486">
    <p class='ocr_par' dir='ltr' id='par_1_11' title="bbox 300 1797 1170 2138">
     <span class='ocr_line' id='line_1_23' title="bbox 303 1797 1170 1840; baseline -0.002 -9"><span class='ocrx_word' id='word_1_195' title='bbox 303 1799 555 1840; x_wconf 77' lang='lat' dir='ltr'><strong>satisfacientem</strong></span> <span class='ocrx_word' id='word_1_196' title='bbox 577 1797 636 1830; x_wconf 82' lang='lat' dir='ltr'><strong>sibi</strong></span> <span class='ocrx_word' id='word_1_197' title='bbox 659 1807 700 1830; x_wconf 88' lang='lat' dir='ltr'><strong>ac</strong></span> <span class='ocrx_word' id='word_1_198' title='bbox 718 1807 782 1839; x_wconf 86' lang='lat' dir='ltr'><strong>per</strong></span> <span class='ocrx_word' id='word_1_199' title='bbox 803 1806 913 1839; x_wconf 73' lang='lat' dir='ltr'><strong>yenua</strong></span> <span class='ocrx_word' id='word_1_200' title='bbox 928 1806 1028 1830; x_wconf 85' lang='lat' dir='ltr'><strong>orare</strong></span> <span class='ocrx_word' id='word_1_201' title='bbox 1043 1806 1170 1829; x_wconf 88' lang='lat' dir='ltr'><strong>conan-</strong></span> 
     </span>
     <span class='ocr_line' id='line_1_24' title="bbox 304 1848 1165 1891; baseline -0.003 -9"><span class='ocrx_word' id='word_1_202' title='bbox 304 1853 367 1882; x_wconf 89' lang='lat' dir='ltr'><strong>tem</strong></span> <span class='ocrx_word' id='word_1_203' title='bbox 403 1849 452 1882; x_wconf 87' lang='lat' dir='ltr'><strong>ita</strong></span> <span class='ocrx_word' id='word_1_204' title='bbox 489 1849 679 1891; x_wconf 63' lang='lat' dir='ltr'><strong>suffugerit,</strong></span> <span class='ocrx_word' id='word_1_205' title='bbox 719 1852 756 1880; x_wconf 91' lang='lat' dir='ltr'><strong>ut</strong></span> <span class='ocrx_word' id='word_1_206' title='bbox 789 1849 923 1880; x_wconf 87' lang='lat' dir='ltr'><strong>caderet</strong></span> <span class='ocrx_word' id='word_1_207' title='bbox 954 1848 1100 1888; x_wconf 86' lang='lat' dir='ltr'><strong>supinus.</strong></span> <span class='ocrx_word' id='word_1_208' title='bbox 1129 1866 1165 1872; x_wconf 94' lang='lat'>—</span> 
     </span>
     <span class='ocr_line' id='line_1_25' title="bbox 301 1897 1165 1941; baseline -0.001 -10"><span class='ocrx_word' id='word_1_209' title='bbox 301 1899 529 1941; x_wconf 84' lang='lat' dir='ltr'><strong>curatissimis]</strong></span> <span class='ocrx_word' id='word_1_210' title='bbox 576 1908 619 1931; x_wconf 86' lang='lat' dir='ltr'><strong>ex</strong></span> <span class='ocrx_word' id='word_1_211' title='bbox 663 1898 791 1941; x_wconf 88' lang='lat' dir='ltr'><strong>quibus</strong></span> <span class='ocrx_word' id='word_1_212' title='bbox 829 1897 927 1931; x_wconf 86' lang='lat' dir='ltr'><strong>facile</strong></span> <span class='ocrx_word' id='word_1_213' title='bbox 967 1900 1165 1940; x_wconf 89' lang='lat' dir='ltr'><strong>appareret,</strong></span> 
     </span>
     <span class='ocr_line' id='line_1_26' title="bbox 303 1948 1166 1991; baseline -0.002 -9"><span class='ocrx_word' id='word_1_214' title='bbox 303 1951 455 1991; x_wconf 88' lang='lat' dir='ltr'><strong>quantae</strong></span> <span class='ocrx_word' id='word_1_215' title='bbox 488 1958 593 1982; x_wconf 91' lang='lat' dir='ltr'><strong>curae</strong></span> <span class='ocrx_word' id='word_1_216' title='bbox 623 1949 689 1990; x_wconf 88' lang='lat' dir='ltr'><strong>ipsi</strong></span> <span class='ocrx_word' id='word_1_217' title='bbox 719 1950 815 1981; x_wconf 89' lang='lat' dir='ltr'><strong>esset</strong></span> <span class='ocrx_word' id='word_1_218' title='bbox 839 1948 1010 1981; x_wconf 86' lang='lat' dir='ltr'><strong>Haterius.</strong></span> <span class='ocrx_word' id='word_1_219' title='bbox 1060 1949 1166 1981; x_wconf 92' lang='lat' dir='ltr'><strong>Com-</strong></span> 
     </span>
     <span class='ocr_line' id='line_1_27' title="bbox 300 1998 1162 2042; baseline -0.002 -10"><span class='ocrx_word' id='word_1_220' title='bbox 300 2001 458 2042; x_wconf 87' lang='lat' dir='ltr'><strong>parativo</strong></span> <span class='ocrx_word' id='word_1_221' title='bbox 480 1999 629 2031; x_wconf 85' lang='lat' dir='ltr'><strong>curatius</strong></span> <span class='ocrx_word' id='word_1_222' title='bbox 658 2007 743 2031; x_wconf 91' lang='lat' dir='ltr'><strong>usus</strong></span> <span class='ocrx_word' id='word_1_223' title='bbox 776 1999 830 2031; x_wconf 91' lang='lat' dir='ltr'><strong>est</strong></span> <span class='ocrx_word' id='word_1_224' title='bbox 853 1999 990 2031; x_wconf 86' lang='lat' dir='ltr'><strong>Tacitus</strong></span> <span class='ocrx_word' id='word_1_225' title='bbox 1020 1998 1107 2031; x_wconf 85' lang='lat' dir='ltr'><strong>infra</strong></span> <span class='ocrx_word' id='word_1_226' title='bbox 1131 1999 1162 2039; x_wconf 74' lang='lat'><strong>2,</strong></span> 
     </span>
     <span class='ocr_line' id='line_1_28' title="bbox 300 2048 1162 2090; baseline 0 -8"><span class='ocrx_word' id='word_1_227' title='bbox 300 2050 354 2082; x_wconf 80' lang='lat'><strong>27.</strong></span> <span class='ocrx_word' id='word_1_228' title='bbox 388 2048 441 2090; x_wconf 86' lang='grc'><strong>44,</strong></span> <span class='ocrx_word' id='word_1_229' title='bbox 466 2050 519 2082; x_wconf 83' lang='grc'><strong>24.</strong></span> <span class='ocrx_word' id='word_1_230' title='bbox 554 2049 606 2089; x_wconf 82' lang='grc'><strong>46,</strong></span> <span class='ocrx_word' id='word_1_231' title='bbox 631 2050 693 2088; x_wconf 72' lang='lat'><strong>223</strong></span> <span class='ocrx_word' id='word_1_232' title='bbox 718 2049 910 2081; x_wconf 78' lang='lat' dir='ltr'><strong>excusatius</strong></span> <span class='ocrx_word' id='word_1_233' title='bbox 931 2048 1026 2082; x_wconf 89' lang='lat' dir='ltr'><strong>idem</strong></span> <span class='ocrx_word' id='word_1_234' title='bbox 1050 2049 1082 2090; x_wconf 90' lang='lat'><strong>3,</strong></span> <span class='ocrx_word' id='word_1_235' title='bbox 1108 2049 1162 2082; x_wconf 89' lang='lat'><strong>68.</strong></span> 
     </span>
     <span class='ocr_line' id='line_1_29' title="bbox 301 2098 790 2138; baseline -0.002 -6"><span class='ocrx_word' id='word_1_236' title='bbox 301 2101 336 2132; x_wconf 82' lang='lat' dir='ltr'><strong>et</strong></span> <span class='ocrx_word' id='word_1_237' title='bbox 357 2100 492 2132; x_wconf 88' lang='lat' dir='ltr'><strong>Seneca</strong></span> <span class='ocrx_word' id='word_1_238' title='bbox 521 2098 565 2131; x_wconf 86' lang='lat' dir='ltr'><strong>de</strong></span> <span class='ocrx_word' id='word_1_239' title='bbox 588 2099 643 2131; x_wconf 91' lang='lat' dir='ltr'><strong>Ira</strong></span> <span class='ocrx_word' id='word_1_240' title='bbox 665 2099 705 2138; x_wconf 73' lang='lat'><strong>2,</strong></span> <span class='ocrx_word' id='word_1_241' title='bbox 738 2098 790 2131; x_wconf 76' lang='lat'><strong>32.</strong></span> 
     </span>
    </p>

    <p class='ocr_par' dir='ltr' id='par_1_12' title="bbox 283 2148 1161 3486">
     <span class='ocr_line' id='line_1_30' title="bbox 343 2148 1159 2191; baseline -0.004 -8"><span class='ocrx_word' id='word_1_242' title='bbox 343 2149 395 2183; x_wconf 86' lang='grc'><strong>44.</strong></span> <span class='ocrx_word' id='word_1_243' title='bbox 413 2150 472 2182; x_wconf 87' lang='lat' dir='ltr'><strong>alii</strong></span> <span class='ocrx_word' id='word_1_244' title='bbox 484 2152 669 2190; x_wconf 87' lang='lat' dir='ltr'><strong>parentem,</strong></span> <span class='ocrx_word' id='word_1_245' title='bbox 684 2148 742 2180; x_wconf 87' lang='lat' dir='ltr'><strong>alii</strong></span> <span class='ocrx_word' id='word_1_246' title='bbox 758 2151 898 2181; x_wconf 89' lang='lat' dir='ltr'><strong>matrem</strong></span> <span class='ocrx_word' id='word_1_247' title='bbox 911 2148 960 2191; x_wconf 90' lang='lat' dir='ltr'><strong>p.]</strong></span> <span class='ocrx_word' id='word_1_248' title='bbox 974 2148 1038 2181; x_wconf 92' lang='lat' dir='ltr'><strong>Dio</strong></span> <span class='ocrx_word' id='word_1_249' title='bbox 1048 2149 1159 2187; x_wconf 57' lang='lat'>5242:</span> 
     </span>
     <span class='ocr_line' id='line_1_31' title="bbox 299 2193 1159 2244; baseline -0.001 -13"><span class='ocrx_word' id='word_1_250' title='bbox 299 2197 433 2232; x_wconf 83' lang='grc' dir='ltr'><em>πολλοὶ</em></span> <span class='ocrx_word' id='word_1_251' title='bbox 455 2197 528 2242; x_wconf 81' lang='grc' dir='ltr'><strong>μὲν</strong></span> <span class='ocrx_word' id='word_1_252' title='bbox 548 2199 721 2244; x_wconf 78' lang='grc' dir='ltr'><em>μητέρα</em></span> <span class='ocrx_word' id='word_1_253' title='bbox 743 2193 864 2241; x_wconf 76' lang='grc' dir='ltr'><em>αὐτὴν</em></span> <span class='ocrx_word' id='word_1_254' title='bbox 885 2196 954 2240; x_wconf 83' lang='grc' dir='ltr'><strong>τῆς</strong></span> <span class='ocrx_word' id='word_1_255' title='bbox 970 2196 1159 2244; x_wconf 78' lang='grc' dir='ltr'><em>πατρίδος,</em></span> 
     </span>
     <span class='ocr_line' id='line_1_32' title="bbox 299 2247 1161 2294; baseline 0 -13"><span class='ocrx_word' id='word_1_256' title='bbox 299 2247 432 2282; x_wconf 82' lang='grc' dir='ltr'><em>πολλοὶ</em></span> <span class='ocrx_word' id='word_1_257' title='bbox 460 2247 501 2282; x_wconf 81' lang='grc' dir='ltr'><strong>δέ</strong></span> <span class='ocrx_word' id='word_1_258' title='bbox 528 2248 593 2280; x_wconf 77' lang='grc' dir='ltr'><strong>καὶ</strong></span> <span class='ocrx_word' id='word_1_259' title='bbox 619 2248 775 2292; x_wconf 79' lang='grc' dir='ltr'><em>γονέα</em></span> <span class='ocrx_word' id='word_1_260' title='bbox 806 2247 1161 2294; x_wconf 75' lang='grc' dir='ltr'><em>προσαγορεύεσθαι</em></span> 
     </span>
     <span class='ocr_line' id='line_1_33' title="bbox 297 2293 1161 2344; baseline -0.001 -12"><span class='ocrx_word' id='word_1_261' title='bbox 297 2299 452 2343; x_wconf 79' lang='grc' dir='ltr'>γνώμην</span> <span class='ocrx_word' id='word_1_262' title='bbox 473 2294 631 2331; x_wconf 61' lang='grc' dir='ltr'><strong>ἴδωκαν.</strong></span> <span class='ocrx_word' id='word_1_263' title='bbox 658 2293 785 2330; x_wconf 68' lang='grc' dir='ltr'><strong>οἈλλοι</strong></span> <span class='ocrx_word' id='word_1_264' title='bbox 807 2299 874 2331; x_wconf 81' lang='grc' dir='ltr'><strong>καὶ</strong></span> <span class='ocrx_word' id='word_1_265' title='bbox 895 2296 962 2331; x_wconf 82' lang='grc' dir='ltr'><strong>τὸν</strong></span> <span class='ocrx_word' id='word_1_266' title='bbox 986 2297 1161 2344; x_wconf 77' lang='grc' dir='ltr'><em>Τιβέριον</em></span> 
     </span>
     <span class='ocr_line' id='line_1_34' title="bbox 296 2345 1160 2393; baseline -0.001 -11"><span class='ocrx_word' id='word_1_267' title='bbox 296 2346 360 2382; x_wconf 73' lang='grc' dir='ltr'><strong>ἀπ’</strong></span> <span class='ocrx_word' id='word_1_268' title='bbox 377 2345 497 2393; x_wconf 81' lang='grc' dir='ltr'><strong><em>αὐτῆς</em></strong></span> <span class='ocrx_word' id='word_1_269' title='bbox 508 2347 771 2382; x_wconf 77' lang='grc' dir='ltr'><strong><em>ἐπικαλεῖσθαι</em></strong></span> <span class='ocrx_word' id='word_1_270' title='bbox 786 2347 1041 2392; x_wconf 79' lang='grc' dir='ltr'><em>ἐσηγήσαντο,</em></span> <span class='ocrx_word' id='word_1_271' title='bbox 1056 2346 1160 2390; x_wconf 78' lang='grc' dir='ltr'><em>ὅπως</em></span> 
     </span>
     <span class='ocr_line' id='line_1_35' title="bbox 297 2394 1161 2448; baseline 0 -16"><span class='ocrx_word' id='word_1_272' title='bbox 297 2395 425 2448; x_wconf 78' lang='grc' dir='ltr'><em>ὥσπερ</em></span> <span class='ocrx_word' id='word_1_273' title='bbox 437 2394 659 2443; x_wconf 78' lang='grc' dir='ltr'><em>οἱἝλληνες</em></span> <span class='ocrx_word' id='word_1_274' title='bbox 668 2396 871 2446; x_wconf 79' lang='grc' dir='ltr'><em>πατρόθεν,</em></span> <span class='ocrx_word' id='word_1_275' title='bbox 882 2394 981 2432; x_wconf 82' lang='grc' dir='ltr'><em>οὕτω</em></span> <span class='ocrx_word' id='word_1_276' title='bbox 991 2401 1055 2432; x_wconf 81' lang='grc' dir='ltr'><strong>καὶ</strong></span> <span class='ocrx_word' id='word_1_277' title='bbox 1069 2398 1161 2432; x_wconf 76' lang='grc' dir='ltr'><strong><em>ἐκεῖ·</em></strong></span> 
     </span>
     <span class='ocr_line' id='line_1_36' title="bbox 295 2445 1156 2498; baseline -0.001 -15"><span class='ocrx_word' id='word_1_278' title='bbox 295 2460 362 2492; x_wconf 81' lang='grc' dir='ltr'><strong>νος</strong></span> <span class='ocrx_word' id='word_1_279' title='bbox 375 2447 568 2498; x_wconf 74' lang='grc' dir='ltr'><strong>μητρόθεν</strong></span> <span class='ocrx_word' id='word_1_280' title='bbox 580 2445 825 2493; x_wconf 78' lang='grc' dir='ltr'><em>ὀνομάζηται.</em></span> <span class='ocrx_word' id='word_1_281' title='bbox 850 2451 992 2483; x_wconf 92' lang='lat' dir='ltr'><strong>Sueton.</strong></span> <span class='ocrx_word' id='word_1_282' title='bbox 1011 2449 1156 2483; x_wconf 85' lang='lat' dir='ltr'><strong>Tib.50:</strong></span> 
     </span>
     <span class='ocr_line' id='line_1_37' title="bbox 297 2500 1160 2542; baseline -0.001 -9"><span class='ocrx_word' id='word_1_283' title='bbox 297 2500 381 2533; x_wconf 82' lang='lat' dir='ltr'><strong>Tulit</strong></span> <span class='ocrx_word' id='word_1_284' title='bbox 402 2501 502 2534; x_wconf 80' lang='lat' dir='ltr'><strong>etiam</strong></span> <span class='ocrx_word' id='word_1_285' title='bbox 521 2501 731 2542; x_wconf 65' lang='lat' dir='ltr'><strong>perindigne,</strong></span> <span class='ocrx_word' id='word_1_286' title='bbox 764 2503 875 2532; x_wconf 82' lang='lat' dir='ltr'><strong>actum</strong></span> <span class='ocrx_word' id='word_1_287' title='bbox 897 2500 932 2532; x_wconf 89' lang='lat' dir='ltr'><strong>in</strong></span> <span class='ocrx_word' id='word_1_288' title='bbox 958 2503 1092 2540; x_wconf 83' lang='lat' dir='ltr'><strong>senatu,</strong></span> <span class='ocrx_word' id='word_1_289' title='bbox 1123 2503 1160 2532; x_wconf 83' lang='lat' dir='ltr'><strong>ut</strong></span> 
     </span>
     <span class='ocr_line' id='line_1_38' title="bbox 294 2550 1160 2592; baseline -0.002 -8"><span class='ocrx_word' id='word_1_290' title='bbox 294 2551 396 2584; x_wconf 84' lang='lat' dir='ltr'><strong>titulis</strong></span> <span class='ocrx_word' id='word_1_291' title='bbox 425 2551 492 2583; x_wconf 81' lang='lat' dir='ltr'><strong>sais</strong></span> <span class='ocrx_word' id='word_1_292' title='bbox 521 2550 616 2591; x_wconf 83' lang='lat' dir='ltr'><strong>quasi</strong></span> <span class='ocrx_word' id='word_1_293' title='bbox 638 2550 775 2592; x_wconf 63' lang='lat' dir='ltr'><strong>Augusti</strong></span> <span class='ocrx_word' id='word_1_294' title='bbox 802 2550 851 2582; x_wconf 89' lang='lat' dir='ltr'><strong>ita</strong></span> <span class='ocrx_word' id='word_1_295' title='bbox 880 2553 910 2582; x_wconf 90' lang='lat' dir='ltr'><strong>et</strong></span> <span class='ocrx_word' id='word_1_296' title='bbox 931 2550 1045 2582; x_wconf 84' lang='lat' dir='ltr'><strong>Liviae</strong></span> <span class='ocrx_word' id='word_1_297' title='bbox 1070 2550 1160 2592; x_wconf 76' lang='lat' dir='ltr'><strong>filius</strong></span> 
     </span>
     <span class='ocr_line' id='line_1_39' title="bbox 294 2601 1159 2641; baseline -0.002 -7"><span class='ocrx_word' id='word_1_298' title='bbox 294 2601 492 2634; x_wconf 82' lang='lat' dir='ltr'><strong>adiceretur.</strong></span> <span class='ocrx_word' id='word_1_299' title='bbox 529 2601 640 2641; x_wconf 85' lang='lat' dir='ltr'><strong>Quare</strong></span> <span class='ocrx_word' id='word_1_300' title='bbox 661 2609 727 2632; x_wconf 90' lang='lat' dir='ltr'><strong>non</strong></span> <span class='ocrx_word' id='word_1_301' title='bbox 747 2603 919 2640; x_wconf 88' lang='lat' dir='ltr'><strong>parentem</strong></span> <span class='ocrx_word' id='word_1_302' title='bbox 938 2601 1073 2640; x_wconf 84' lang='lat' dir='ltr'><strong>patriae</strong></span> <span class='ocrx_word' id='word_1_303' title='bbox 1095 2609 1159 2641; x_wconf 87' lang='lat' dir='ltr'><strong>ap-</strong></span> 
     </span>
     <span class='ocr_line' id='line_1_40' title="bbox 292 2650 1159 2693; baseline -0.002 -8"><span class='ocrx_word' id='word_1_304' title='bbox 292 2652 426 2693; x_wconf 83' lang='lat' dir='ltr'><strong>pellari,</strong></span> <span class='ocrx_word' id='word_1_305' title='bbox 450 2660 517 2683; x_wconf 85' lang='lat' dir='ltr'><strong>non</strong></span> <span class='ocrx_word' id='word_1_306' title='bbox 537 2650 642 2683; x_wconf 85' lang='lat' dir='ltr'><strong>ullum</strong></span> <span class='ocrx_word' id='word_1_307' title='bbox 663 2650 823 2691; x_wconf 65' lang='lat' dir='ltr'><strong>insignem</strong></span> <span class='ocrx_word' id='word_1_308' title='bbox 845 2650 999 2682; x_wconf 80' lang='lat' dir='ltr'><strong>honorem</strong></span> <span class='ocrx_word' id='word_1_309' title='bbox 1014 2650 1159 2691; x_wconf 83' lang='lat' dir='ltr'><strong>recipere</strong></span> 
     </span>
     <span class='ocr_line' id='line_1_41' title="bbox 290 2699 1157 2743; baseline -0.002 -9"><span class='ocrx_word' id='word_1_310' title='bbox 290 2701 418 2743; x_wconf 81' lang='lat' dir='ltr'><strong>publice</strong></span> <span class='ocrx_word' id='word_1_311' title='bbox 436 2709 555 2742; x_wconf 90' lang='lat' dir='ltr'><strong>passus</strong></span> <span class='ocrx_word' id='word_1_312' title='bbox 576 2703 630 2733; x_wconf 88' lang='lat' dir='ltr'><strong>est.</strong></span> <span class='ocrx_word' id='word_1_313' title='bbox 678 2701 717 2732; x_wconf 91' lang='lat' dir='ltr'><strong>In</strong></span> <span class='ocrx_word' id='word_1_314' title='bbox 741 2700 893 2732; x_wconf 90' lang='lat' dir='ltr'><strong>nummis</strong></span> <span class='ocrx_word' id='word_1_315' title='bbox 918 2701 1034 2732; x_wconf 83' lang='lat' dir='ltr'><strong>tamen</strong></span> <span class='ocrx_word' id='word_1_316' title='bbox 1060 2699 1157 2732; x_wconf 88' lang='lat' dir='ltr'><strong>colo-</strong></span> 
     </span>
     <span class='ocr_line' id='line_1_42' title="bbox 293 2749 1158 2793; baseline -0.002 -9"><span class='ocrx_word' id='word_1_317' title='bbox 293 2752 371 2784; x_wconf 85' lang='lat' dir='ltr'><strong>niae</strong></span> <span class='ocrx_word' id='word_1_318' title='bbox 406 2752 544 2793; x_wconf 79' lang='lat' dir='ltr'><strong>ignotae</strong></span> <span class='ocrx_word' id='word_1_319' title='bbox 580 2749 676 2782; x_wconf 87' lang='lat' dir='ltr'><strong>audit</strong></span> <span class='ocrx_word' id='word_1_320' title='bbox 703 2749 853 2790; x_wconf 76' lang='lat' dir='ltr'><strong>Auyusta</strong></span> <span class='ocrx_word' id='word_1_321' title='bbox 882 2751 992 2782; x_wconf 88' lang='lat' dir='ltr'><strong>Mater</strong></span> <span class='ocrx_word' id='word_1_322' title='bbox 1025 2751 1158 2783; x_wconf 85' lang='lat' dir='ltr'><strong>Patriae</strong></span> 
     </span>
     <span class='ocr_line' id='line_1_43' title="bbox 293 2798 1153 2843; baseline -0.002 -9"><span class='ocrx_word' id='word_1_323' title='bbox 293 2803 398 2843; x_wconf 85' lang='lat' dir='ltr'><strong>atque</strong></span> <span class='ocrx_word' id='word_1_324' title='bbox 431 2801 466 2833; x_wconf 90' lang='lat' dir='ltr'><strong>in</strong></span> <span class='ocrx_word' id='word_1_325' title='bbox 497 2798 571 2832; x_wconf 88' lang='lat' dir='ltr'><strong>aliis</strong></span> <span class='ocrx_word' id='word_1_326' title='bbox 599 2799 686 2831; x_wconf 83' lang='lat' dir='ltr'><strong>Iulia</strong></span> <span class='ocrx_word' id='word_1_327' title='bbox 708 2799 855 2840; x_wconf 66' lang='lat' dir='ltr'><strong>Augusta</strong></span> <span class='ocrx_word' id='word_1_328' title='bbox 877 2798 1153 2840; x_wconf 66' lang='lat' dir='ltr'><strong>,qenetr-ix&#39;orbis.</strong></span> 
     </span>
     <span class='ocr_line' id='line_1_44' title="bbox 291 2847 1155 2891; baseline -0.003 -8"><span class='ocrx_word' id='word_1_329' title='bbox 291 2850 468 2883; x_wconf 84' lang='lat' dir='ltr'><strong>Akerman</strong></span> <span class='ocrx_word' id='word_1_330' title='bbox 492 2849 518 2881; x_wconf 91' lang='lat'><strong>1.</strong></span> <span class='ocrx_word' id='word_1_331' title='bbox 552 2857 586 2891; x_wconf 89' lang='lat' dir='ltr'><strong>p.</strong></span> <span class='ocrx_word' id='word_1_332' title='bbox 613 2847 688 2881; x_wconf 81' lang='grc'><strong>444.</strong></span> <span class='ocrx_word' id='word_1_333' title='bbox 717 2866 752 2871; x_wconf 94' lang='grc'>-</span> <span class='ocrx_word' id='word_1_334' title='bbox 784 2849 887 2880; x_wconf 84' lang='lat' dir='ltr'><strong>Iuliae</strong></span> <span class='ocrx_word' id='word_1_335' title='bbox 916 2848 1015 2890; x_wconf 79' lang='lat' dir='ltr'><strong>filius]</strong></span> <span class='ocrx_word' id='word_1_336' title='bbox 1052 2849 1155 2881; x_wconf 86' lang='lat' dir='ltr'><strong>Etru-</strong></span> 
     </span>
     <span class='ocr_line' id='line_1_45' title="bbox 291 2898 1154 2937; baseline -0.002 -4"><span class='ocrx_word' id='word_1_337' title='bbox 291 2908 434 2933; x_wconf 84' lang='lat' dir='ltr'><strong>scorum</strong></span> <span class='ocrx_word' id='word_1_338' title='bbox 464 2899 492 2931; x_wconf 90' lang='lat' dir='ltr'><strong>is</strong></span> <span class='ocrx_word' id='word_1_339' title='bbox 517 2899 591 2930; x_wconf 87' lang='lat' dir='ltr'><strong>erat</strong></span> <span class='ocrx_word' id='word_1_340' title='bbox 614 2906 711 2937; x_wconf 89' lang='lat' dir='ltr'><strong>mos,</strong></span> <span class='ocrx_word' id='word_1_341' title='bbox 747 2899 784 2929; x_wconf 86' lang='lat' dir='ltr'><strong>ut</strong></span> <span class='ocrx_word' id='word_1_342' title='bbox 808 2906 826 2929; x_wconf 89' lang='lat' dir='ltr'><strong>a</strong></span> <span class='ocrx_word' id='word_1_343' title='bbox 852 2898 1021 2930; x_wconf 85' lang='lat' dir='ltr'><strong>matribus</strong></span> <span class='ocrx_word' id='word_1_344' title='bbox 1051 2898 1154 2931; x_wconf 88' lang='lat' dir='ltr'><strong>huius</strong></span> 
     </span>
     <span class='ocr_line' id='line_1_46' title="bbox 291 2946 1153 2989; baseline -0.003 -7"><span class='ocrx_word' id='word_1_345' title='bbox 291 2948 345 2982; x_wconf 92' lang='lat' dir='ltr'><strong>vel</strong></span> <span class='ocrx_word' id='word_1_346' title='bbox 371 2948 458 2982; x_wconf 87' lang='lat' dir='ltr'><strong>illius</strong></span> <span class='ocrx_word' id='word_1_347' title='bbox 482 2946 540 2980; x_wconf 83' lang='lat' dir='ltr'><strong>filii</strong></span> <span class='ocrx_word' id='word_1_348' title='bbox 564 2946 842 2989; x_wconf 83' lang='lat' dir='ltr'><strong>appellarentur,</strong></span> <span class='ocrx_word' id='word_1_349' title='bbox 876 2949 947 2980; x_wconf 88' lang='lat' dir='ltr'><strong>tam</strong></span> <span class='ocrx_word' id='word_1_350' title='bbox 977 2947 1153 2980; x_wconf 86' lang='lat' dir='ltr'><strong>inauditus</strong></span> 
     </span>
     <span class='ocr_line' id='line_1_47' title="bbox 291 2997 1153 3041; baseline -0.003 -9"><span class='ocrx_word' id='word_1_351' title='bbox 291 2998 385 3041; x_wconf 86' lang='lat' dir='ltr'><strong>apud</strong></span> <span class='ocrx_word' id='word_1_352' title='bbox 400 2999 592 3037; x_wconf 84' lang='lat' dir='ltr'><strong>Romanos,</strong></span> <span class='ocrx_word' id='word_1_353' title='bbox 618 2998 672 3035; x_wconf 83' lang='lat' dir='ltr'><strong>ut,</strong></span> <span class='ocrx_word' id='word_1_354' title='bbox 698 2997 726 3029; x_wconf 86' lang='lat' dir='ltr'><strong>si</strong></span> <span class='ocrx_word' id='word_1_355' title='bbox 743 2997 951 3038; x_wconf 84' lang='lat' dir='ltr'><strong>accepisset,</strong></span> <span class='ocrx_word' id='word_1_356' title='bbox 976 3006 1087 3039; x_wconf 90' lang='lat' dir='ltr'><strong>prope</strong></span> <span class='ocrx_word' id='word_1_357' title='bbox 1105 2998 1153 3029; x_wconf 88' lang='lat' dir='ltr'><strong>ri-</strong></span> 
     </span>
     <span class='ocr_line' id='line_1_48' title="bbox 291 3045 1150 3090; baseline -0.002 -9"><span class='ocrx_word' id='word_1_358' title='bbox 291 3048 395 3081; x_wconf 87' lang='lat' dir='ltr'><strong>diculi</strong></span> <span class='ocrx_word' id='word_1_359' title='bbox 407 3046 536 3090; x_wconf 86' lang='lat' dir='ltr'><strong>aliquid</strong></span> <span class='ocrx_word' id='word_1_360' title='bbox 552 3045 744 3078; x_wconf 83' lang='lat' dir='ltr'><strong>habuisset.</strong></span> <span class='ocrx_word' id='word_1_361' title='bbox 754 3063 788 3068; x_wconf 98' lang='lat'><strong>—</strong></span> <span class='ocrx_word' id='word_1_362' title='bbox 801 3055 841 3078; x_wconf 81' lang='lat' dir='ltr'><strong>ne</strong></span> <span class='ocrx_word' id='word_1_363' title='bbox 853 3046 998 3079; x_wconf 88' lang='lat' dir='ltr'><strong>lictorem</strong></span> <span class='ocrx_word' id='word_1_364' title='bbox 1010 3048 1150 3088; x_wconf 83' lang='lat' dir='ltr'><strong>quidem]</strong></span> 
     </span>
     <span class='ocr_line' id='line_1_49' title="bbox 291 3094 1150 3139; baseline -0.002 -8"><span class='ocrx_word' id='word_1_365' title='bbox 291 3107 360 3139; x_wconf 88' lang='lat' dir='ltr'><strong>quo</strong></span> <span class='ocrx_word' id='word_1_366' title='bbox 383 3100 501 3130; x_wconf 86' lang='lat' dir='ltr'><strong>tamen</strong></span> <span class='ocrx_word' id='word_1_367' title='bbox 522 3094 626 3137; x_wconf 86' lang='lat' dir='ltr'><strong>vulgo</strong></span> <span class='ocrx_word' id='word_1_368' title='bbox 653 3095 850 3137; x_wconf 88' lang='lat' dir='ltr'><strong>principum</strong></span> <span class='ocrx_word' id='word_1_369' title='bbox 875 3098 1041 3137; x_wconf 84' lang='lat' dir='ltr'><strong>coniuges</strong></span> <span class='ocrx_word' id='word_1_370' title='bbox 1065 3105 1150 3129; x_wconf 85' lang='lat' dir='ltr'><strong>usae</strong></span> 
     </span>
     <span class='ocr_line' id='line_1_50' title="bbox 288 3143 1151 3188; baseline -0.002 -9"><span class='ocrx_word' id='word_1_371' title='bbox 288 3146 478 3181; x_wconf 85' lang='lat' dir='ltr'><strong>Vestalium</strong></span> <span class='ocrx_word' id='word_1_372' title='bbox 502 3143 681 3187; x_wconf 86' lang='lat' dir='ltr'><strong>exemplo,</strong></span> <span class='ocrx_word' id='word_1_373' title='bbox 709 3144 842 3177; x_wconf 87' lang='lat' dir='ltr'><strong>Claudii</strong></span> <span class='ocrx_word' id='word_1_374' title='bbox 866 3145 1008 3186; x_wconf 83' lang='lat' dir='ltr'><strong>quidem</strong></span> <span class='ocrx_word' id='word_1_375' title='bbox 1025 3147 1151 3188; x_wconf 84' lang='lat' dir='ltr'><strong>Agrip-</strong></span> 
     </span>
     <span class='ocr_line' id='line_1_51' title="bbox 289 3194 1151 3239; baseline 0 -11"><span class='ocrx_word' id='word_1_376' title='bbox 289 3198 367 3239; x_wconf 85' lang='lat' dir='ltr'><strong>pina</strong></span> <span class='ocrx_word' id='word_1_377' title='bbox 393 3198 498 3230; x_wconf 88' lang='lat' dir='ltr'><strong>etiam</strong></span> <span class='ocrx_word' id='word_1_378' title='bbox 522 3194 672 3228; x_wconf 87' lang='lat' dir='ltr'><strong>duobus.</strong></span> <span class='ocrx_word' id='word_1_379' title='bbox 702 3196 791 3227; x_wconf 85' lang='lat' dir='ltr'><strong>Ann.</strong></span> <span class='ocrx_word' id='word_1_380' title='bbox 819 3194 870 3234; x_wconf 86' lang='grc'><strong>43,</strong></span> <span class='ocrx_word' id='word_1_381' title='bbox 896 3195 927 3227; x_wconf 77' lang='grc'><strong>2.</strong></span> <span class='ocrx_word' id='word_1_382' title='bbox 954 3195 1039 3227; x_wconf 79' lang='lat' dir='ltr'><strong>Lirs.</strong></span> <span class='ocrx_word' id='word_1_383' title='bbox 1078 3196 1151 3228; x_wconf 85' lang='lat' dir='ltr'><strong>Hoc</strong></span> 
     </span>
     <span class='ocr_line' id='line_1_52' title="bbox 288 3244 1150 3286; baseline -0.001 -7"><span class='ocrx_word' id='word_1_384' title='bbox 288 3250 404 3280; x_wconf 88' lang='lat' dir='ltr'><strong>tamen</strong></span> <span class='ocrx_word' id='word_1_385' title='bbox 439 3247 482 3279; x_wconf 88' lang='lat' dir='ltr'><strong>de</strong></span> <span class='ocrx_word' id='word_1_386' title='bbox 518 3245 690 3279; x_wconf 86' lang='lat' dir='ltr'><strong>cotidiano</strong></span> <span class='ocrx_word' id='word_1_387' title='bbox 724 3244 890 3277; x_wconf 90' lang='lat' dir='ltr'><strong>comitatu</strong></span> <span class='ocrx_word' id='word_1_388' title='bbox 925 3252 990 3286; x_wconf 88' lang='lat' dir='ltr'><strong>per</strong></span> <span class='ocrx_word' id='word_1_389' title='bbox 1024 3244 1150 3278; x_wconf 89' lang='lat' dir='ltr'><strong>urbem</strong></span> 
     </span>
     <span class='ocr_line' id='line_1_53' title="bbox 287 3289 1149 3339; baseline -0.002 -10"><span class='ocrx_word' id='word_1_390' title='bbox 287 3297 547 3339; x_wconf 87' lang='lat' dir='ltr'><strong>accipiendum:</strong></span> <span class='ocrx_word' id='word_1_391' title='bbox 585 3303 664 3328; x_wconf 85' lang='lat' dir='ltr'><strong>nam</strong></span> <span class='ocrx_word' id='word_1_392' title='bbox 688 3289 892 3339; x_wconf 64' lang='grc' dir='ltr'><em>ῥαβδούχῳ</em></span> <span class='ocrx_word' id='word_1_393' title='bbox 916 3291 1086 3338; x_wconf 68' lang='grc' dir='ltr'><em>χρῆσθαι</em></span> <span class='ocrx_word' id='word_1_394' title='bbox 1109 3295 1149 3327; x_wconf 84' lang='grc' dir='ltr'><strong>ἐν</strong></span> 
     </span>
     <span class='ocr_line' id='line_1_54' title="bbox 285 3339 1144 3392; baseline -0.003 -13"><span class='ocrx_word' id='word_1_395' title='bbox 285 3349 369 3387; x_wconf 83' lang='grc' dir='ltr'><strong><em>ταῖς</em></strong></span> <span class='ocrx_word' id='word_1_396' title='bbox 393 3346 618 3392; x_wconf 70' lang='grc' dir='ltr'><em>ἱερουργίαις</em></span> <span class='ocrx_word' id='word_1_397' title='bbox 640 3339 736 3388; x_wconf 80' lang='grc' dir='ltr'><em>αὐτῇ</em></span> <span class='ocrx_word' id='word_1_398' title='bbox 761 3343 985 3389; x_wconf 78' lang='grc' dir='ltr'><strong>ἐπέτρεψαν.</strong></span> <span class='ocrx_word' id='word_1_399' title='bbox 1012 3345 1075 3376; x_wconf 89' lang='lat' dir='ltr'><strong>Dio</strong></span> <span class='ocrx_word' id='word_1_400' title='bbox 1092 3345 1144 3383; x_wconf 78' lang='lat'><strong>56,</strong></span> 
     </span>
     <span class='ocr_line' id='line_1_55' title="bbox 285 3393 1146 3436; baseline -0.005 -7"><span class='ocrx_word' id='word_1_401' title='bbox 285 3396 337 3429; x_wconf 79' lang='grc'><strong>46,</strong></span> <span class='ocrx_word' id='word_1_402' title='bbox 361 3414 393 3419; x_wconf 92' lang='grc'>-</span> <span class='ocrx_word' id='word_1_403' title='bbox 414 3406 512 3428; x_wconf 83' lang='lat' dir='ltr'><strong>aram</strong></span> <span class='ocrx_word' id='word_1_404' title='bbox 529 3393 723 3436; x_wconf 79' lang='lat' dir='ltr'><strong>adoptionis]</strong></span> <span class='ocrx_word' id='word_1_405' title='bbox 747 3393 782 3425; x_wconf 90' lang='lat' dir='ltr'><strong>in</strong></span> <span class='ocrx_word' id='word_1_406' title='bbox 807 3393 1014 3425; x_wconf 85' lang='lat' dir='ltr'><strong>memoriam</strong></span> <span class='ocrx_word' id='word_1_407' title='bbox 1032 3393 1146 3425; x_wconf 88' lang='lat' dir='ltr'><strong>Liviae</strong></span> 
     </span>
     <span class='ocr_line' id='line_1_56' title="bbox 283 3441 1148 3486; baseline -0.007 -6"><span class='ocrx_word' id='word_1_408' title='bbox 283 3447 495 3480; x_wconf 80' lang='lat' dir='ltr'><strong>testamento</strong></span> <span class='ocrx_word' id='word_1_409' title='bbox 508 3446 552 3478; x_wconf 81' lang='lat' dir='ltr'><strong>ab</strong></span> <span class='ocrx_word' id='word_1_410' title='bbox 565 3446 719 3486; x_wconf 77' lang='lat' dir='ltr'><strong>Augusto</strong></span> <span class='ocrx_word' id='word_1_411' title='bbox 732 3441 917 3485; x_wconf 83' lang='lat' dir='ltr'><strong>adoptatae</strong></span> <span class='ocrx_word' id='word_1_412' title='bbox 930 3443 1001 3475; x_wconf 89' lang='lat' dir='ltr'><strong>c.8.</strong></span> <span class='ocrx_word' id='word_1_413' title='bbox 1019 3441 1095 3482; x_wconf 84' lang='lat' dir='ltr'><strong>Alii,</strong></span> <span class='ocrx_word' id='word_1_414' title='bbox 1110 3445 1148 3475; x_wconf 88' lang='lat' dir='ltr'><strong>ut</strong></span> 
     </span>
    </p>
   </div>
   <div class='ocr_carea' id='block_1_12' title="bbox 1205 1797 2090 2890">
    <p class='ocr_par' dir='ltr' id='par_1_13' title="bbox 1205 1797 2090 2890">
     <span class='ocr_line' id='line_1_57' title="bbox 1217 1797 2090 1842; baseline 0.006 -13"><span class='ocrx_word' id='word_1_415' title='bbox 1217 1797 1425 1838; x_wconf 88' lang='lat' dir='ltr'><strong>clementiae,</strong></span> <span class='ocrx_word' id='word_1_416' title='bbox 1459 1806 1559 1829; x_wconf 88' lang='lat' dir='ltr'><strong>aram</strong></span> <span class='ocrx_word' id='word_1_417' title='bbox 1587 1798 1756 1831; x_wconf 86' lang='lat' dir='ltr'><strong>amicitiae</strong></span> <span class='ocrx_word' id='word_1_418' title='bbox 1781 1797 1821 1840; x_wconf 84' lang='grc'><strong>4,</strong></span> <span class='ocrx_word' id='word_1_419' title='bbox 1848 1798 1903 1832; x_wconf 91' lang='grc'><strong>74.</strong></span> <span class='ocrx_word' id='word_1_420' title='bbox 1935 1817 1970 1823; x_wconf 97' lang='grc'>-</span> <span class='ocrx_word' id='word_1_421' title='bbox 2003 1809 2090 1842; x_wconf 86' lang='lat' dir='ltr'><strong>pro-</strong></span> 
     </span>
     <span class='ocr_line' id='line_1_58' title="bbox 1217 1847 2089 1893; baseline 0.005 -13"><span class='ocrx_word' id='word_1_422' title='bbox 1217 1847 1390 1880; x_wconf 81' lang='lat' dir='ltr'><strong>consulare</strong></span> <span class='ocrx_word' id='word_1_423' title='bbox 1411 1847 1597 1890; x_wconf 73' lang='lat' dir='ltr'><strong>imperium]</strong></span> <span class='ocrx_word' id='word_1_424' title='bbox 1623 1848 1687 1881; x_wconf 91' lang='lat' dir='ltr'><strong>Dio</strong></span> <span class='ocrx_word' id='word_1_425' title='bbox 1707 1849 1760 1889; x_wconf 80' lang='lat'><strong>56,</strong></span> <span class='ocrx_word' id='word_1_426' title='bbox 1780 1849 1823 1881; x_wconf 74' lang='lat'><strong>25</strong></span> <span class='ocrx_word' id='word_1_427' title='bbox 1847 1849 1980 1883; x_wconf 88' lang='lat' dir='ltr'><strong>diserte</strong></span> <span class='ocrx_word' id='word_1_428' title='bbox 2002 1859 2089 1893; x_wconf 86' lang='lat' dir='ltr'><strong>pro—</strong></span> 
     </span>
     <span class='ocr_line' id='line_1_59' title="bbox 1218 1897 2085 1944; baseline 0.003 -14"><span class='ocrx_word' id='word_1_429' title='bbox 1218 1897 1402 1931; x_wconf 89' lang='lat' dir='ltr'><strong>consulare</strong></span> <span class='ocrx_word' id='word_1_430' title='bbox 1437 1898 1626 1940; x_wconf 89' lang='lat' dir='ltr'><strong>imperium</strong></span> <span class='ocrx_word' id='word_1_431' title='bbox 1656 1897 1703 1931; x_wconf 90' lang='lat' dir='ltr'><strong>illi</strong></span> <span class='ocrx_word' id='word_1_432' title='bbox 1734 1897 1856 1931; x_wconf 81' lang='lat' dir='ltr'><strong>tribuit</strong></span> <span class='ocrx_word' id='word_1_433' title='bbox 1885 1907 1978 1932; x_wconf 87' lang='lat' dir='ltr'><strong>anno</strong></span> <span class='ocrx_word' id='word_1_434' title='bbox 2007 1899 2085 1944; x_wconf 78' lang='grc'><strong>764,</strong></span> 
     </span>
     <span class='ocr_line' id='line_1_60' title="bbox 1215 1947 2083 1991; baseline 0.003 -11"><span class='ocrx_word' id='word_1_435' title='bbox 1215 1947 1250 1980; x_wconf 92' lang='lat' dir='ltr'><strong>id</strong></span> <span class='ocrx_word' id='word_1_436' title='bbox 1275 1949 1329 1980; x_wconf 91' lang='lat' dir='ltr'><strong>est</strong></span> <span class='ocrx_word' id='word_1_437' title='bbox 1351 1948 1500 1981; x_wconf 90' lang='lat' dir='ltr'><strong>triennio</strong></span> <span class='ocrx_word' id='word_1_438' title='bbox 1524 1950 1618 1980; x_wconf 87' lang='lat' dir='ltr'><strong>ante.</strong></span> <span class='ocrx_word' id='word_1_439' title='bbox 1654 1948 1725 1981; x_wconf 91' lang='lat' dir='ltr'><strong>Sed</strong></span> <span class='ocrx_word' id='word_1_440' title='bbox 1747 1947 1934 1991; x_wconf 84' lang='lat' dir='ltr'><strong>intellegit,</strong></span> <span class='ocrx_word' id='word_1_441' title='bbox 1963 1949 2083 1991; x_wconf 83' lang='lat' dir='ltr'><strong>credo,</strong></span> 
     </span>
     <span class='ocr_line' id='line_1_61' title="bbox 1214 1997 2086 2042; baseline 0.003 -12"><span class='ocrx_word' id='word_1_442' title='bbox 1214 1997 1468 2040; x_wconf 88' lang='lat' dir='ltr'><strong>proconsulare</strong></span> <span class='ocrx_word' id='word_1_443' title='bbox 1498 1998 1688 2040; x_wconf 90' lang='lat' dir='ltr'><strong>imperium</strong></span> <span class='ocrx_word' id='word_1_444' title='bbox 1721 2000 1955 2041; x_wconf 89' lang='lat' dir='ltr'><strong>perpetuum,</strong></span> <span class='ocrx_word' id='word_1_445' title='bbox 1990 1999 2086 2042; x_wconf 89' lang='lat' dir='ltr'><strong>quod</strong></span> 
     </span>
     <span class='ocr_line' id='line_1_62' title="bbox 1214 2047 2083 2090; baseline 0.005 -10"><span class='ocrx_word' id='word_1_446' title='bbox 1214 2049 1305 2081; x_wconf 90' lang='lat' dir='ltr'><strong>inter</strong></span> <span class='ocrx_word' id='word_1_447' title='bbox 1326 2047 1442 2081; x_wconf 88' lang='lat' dir='ltr'><strong>titulos</strong></span> <span class='ocrx_word' id='word_1_448' title='bbox 1465 2048 1693 2090; x_wconf 89' lang='lat' dir='ltr'><strong>principatus.</strong></span> <span class='ocrx_word' id='word_1_449' title='bbox 1732 2047 1786 2081; x_wconf 85' lang='lat' dir='ltr'><strong>Ab</strong></span> <span class='ocrx_word' id='word_1_450' title='bbox 1811 2048 1938 2082; x_wconf 83' lang='lat' dir='ltr'><strong>eadem</strong></span> <span class='ocrx_word' id='word_1_451' title='bbox 1963 2051 2083 2084; x_wconf 81' lang='lat' dir='ltr'><strong>mente</strong></span> 
     </span>
     <span class='ocr_line' id='line_1_63' title="bbox 1213 2097 2084 2142; baseline 0.005 -12"><span class='ocrx_word' id='word_1_452' title='bbox 1213 2099 1306 2130; x_wconf 91' lang='lat' dir='ltr'><strong>Nero</strong></span> <span class='ocrx_word' id='word_1_453' title='bbox 1341 2098 1401 2139; x_wconf 76' lang='grc'><strong>42,</strong></span> <span class='ocrx_word' id='word_1_454' title='bbox 1437 2097 1472 2131; x_wconf 85' lang='grc'><strong>44</strong></span> <span class='ocrx_word' id='word_1_455' title='bbox 1519 2099 1665 2131; x_wconf 89' lang='lat' dir='ltr'><strong>curante</strong></span> <span class='ocrx_word' id='word_1_456' title='bbox 1694 2099 1884 2140; x_wconf 81' lang='lat' dir='ltr'><strong>Agrippina</strong></span> <span class='ocrx_word' id='word_1_457' title='bbox 1926 2108 2084 2142; x_wconf 85' lang='lat' dir='ltr'><strong>procon-</strong></span> 
     </span>
     <span class='ocr_line' id='line_1_64' title="bbox 1213 2147 2084 2190; baseline 0.006 -11"><span class='ocrx_word' id='word_1_458' title='bbox 1213 2147 1328 2180; x_wconf 90' lang='lat' dir='ltr'><strong>sulare</strong></span> <span class='ocrx_word' id='word_1_459' title='bbox 1366 2148 1554 2190; x_wconf 88' lang='lat' dir='ltr'><strong>imperium</strong></span> <span class='ocrx_word' id='word_1_460' title='bbox 1593 2150 1693 2180; x_wconf 83' lang='lat' dir='ltr'><strong>extra</strong></span> <span class='ocrx_word' id='word_1_461' title='bbox 1729 2148 1859 2182; x_wconf 89' lang='lat' dir='ltr'><strong>urbem</strong></span> <span class='ocrx_word' id='word_1_462' title='bbox 1899 2149 2010 2183; x_wconf 86' lang='lat' dir='ltr'><strong>habet</strong></span> <span class='ocrx_word' id='word_1_463' title='bbox 2047 2151 2084 2184; x_wconf 80' lang='lat' dir='ltr'><strong>et</strong></span> 
     </span>
     <span class='ocr_line' id='line_1_65' title="bbox 1212 2196 2080 2242; baseline 0.005 -13"><span class='ocrx_word' id='word_1_464' title='bbox 1212 2197 1378 2239; x_wconf 88' lang='lat' dir='ltr'><strong>princeps</strong></span> <span class='ocrx_word' id='word_1_465' title='bbox 1407 2198 1596 2230; x_wconf 82' lang='lat' dir='ltr'><strong>iuventutis</strong></span> <span class='ocrx_word' id='word_1_466' title='bbox 1624 2196 1831 2240; x_wconf 85' lang='lat' dir='ltr'><strong>appellatur.</strong></span> <span class='ocrx_word' id='word_1_467' title='bbox 1870 2198 2080 2242; x_wconf 84' lang='lat' dir='ltr'><strong>Exemplum</strong></span> 
     </span>
     <span class='ocr_line' id='line_1_66' title="bbox 1211 2246 2082 2291; baseline 0.003 -12"><span class='ocrx_word' id='word_1_468' title='bbox 1211 2246 1256 2279; x_wconf 87' lang='lat' dir='ltr'><strong>ab</strong></span> <span class='ocrx_word' id='word_1_469' title='bbox 1272 2248 1446 2288; x_wconf 81' lang='lat' dir='ltr'><strong>Augusto,</strong></span> <span class='ocrx_word' id='word_1_470' title='bbox 1471 2247 1527 2279; x_wconf 91' lang='lat' dir='ltr'><strong>cui</strong></span> <span class='ocrx_word' id='word_1_471' title='bbox 1551 2246 1736 2280; x_wconf 85' lang='lat' dir='ltr'><strong>decretum</strong></span> <span class='ocrx_word' id='word_1_472' title='bbox 1758 2249 1971 2290; x_wconf 86' lang='lat' dir='ltr'><strong>perpetuum</strong></span> <span class='ocrx_word' id='word_1_473' title='bbox 1984 2255 2082 2291; x_wconf 53' lang='lat' dir='ltr'><strong>*pro-</strong></span> 
     </span>
     <span class='ocr_line' id='line_1_67' title="bbox 1211 2296 2080 2341; baseline 0.005 -12"><span class='ocrx_word' id='word_1_474' title='bbox 1211 2296 1396 2330; x_wconf 90' lang='lat' dir='ltr'><strong>consulare</strong></span> <span class='ocrx_word' id='word_1_475' title='bbox 1414 2297 1603 2339; x_wconf 88' lang='lat' dir='ltr'><strong>imperium</strong></span> <span class='ocrx_word' id='word_1_476' title='bbox 1620 2297 1738 2338; x_wconf 86' lang='lat' dir='ltr'><strong>(etiam</strong></span> <span class='ocrx_word' id='word_1_477' title='bbox 1757 2299 1848 2330; x_wconf 84' lang='lat' dir='ltr'><strong>intra</strong></span> <span class='ocrx_word' id='word_1_478' title='bbox 1869 2299 2080 2341; x_wconf 86' lang='lat' dir='ltr'><strong>pomerium)</strong></span> 
     </span>
     <span class='ocr_line' id='line_1_68' title="bbox 1210 2346 2080 2390; baseline 0.003 -11"><span class='ocrx_word' id='word_1_479' title='bbox 1210 2347 1274 2379; x_wconf 92' lang='lat' dir='ltr'><strong>Dio</strong></span> <span class='ocrx_word' id='word_1_480' title='bbox 1297 2346 1402 2379; x_wconf 87' lang='lat' dir='ltr'><strong>tradit</strong></span> <span class='ocrx_word' id='word_1_481' title='bbox 1424 2346 1485 2387; x_wconf 82' lang='lat'><strong>53,</strong></span> <span class='ocrx_word' id='word_1_482' title='bbox 1511 2346 1565 2379; x_wconf 76' lang='lat'><strong>32.</strong></span> <span class='ocrx_word' id='word_1_483' title='bbox 1590 2347 1678 2379; x_wconf 77' lang='lat' dir='ltr'><strong>Lirs.</strong></span> <span class='ocrx_word' id='word_1_484' title='bbox 1707 2364 1743 2371; x_wconf 90' lang='lat'>—</span> <span class='ocrx_word' id='word_1_485' title='bbox 1767 2348 2080 2390; x_wconf 68' lang='lat' dir='ltr'><strong>candidato-sprae-</strong></span> 
     </span>
     <span class='ocr_line' id='line_1_69' title="bbox 1210 2397 2080 2440; baseline 0.003 -11"><span class='ocrx_word' id='word_1_486' title='bbox 1210 2400 1306 2429; x_wconf 86' lang='lat' dir='ltr'><strong>turae</strong></span> <span class='ocrx_word' id='word_1_487' title='bbox 1334 2397 1522 2437; x_wconf 78' lang='lat' dir='ltr'><strong>duodecim,</strong></span> <span class='ocrx_word' id='word_1_488' title='bbox 1558 2405 1735 2429; x_wconf 83' lang='lat' dir='ltr'><strong>numerum</strong></span> <span class='ocrx_word' id='word_1_489' title='bbox 1764 2397 1806 2429; x_wconf 84' lang='lat' dir='ltr'><strong>ab</strong></span> <span class='ocrx_word' id='word_1_490' title='bbox 1827 2399 1975 2440; x_wconf 72' lang='lat' dir='ltr'><strong>Auqusto</strong></span> <span class='ocrx_word' id='word_1_491' title='bbox 2003 2402 2080 2432; x_wconf 69' lang='lat' dir='ltr'><strong>tra—</strong></span> 
     </span>
     <span class='ocr_line' id='line_1_70' title="bbox 1209 2446 2079 2489; baseline 0.005 -10"><span class='ocrx_word' id='word_1_492' title='bbox 1209 2446 1324 2489; x_wconf 83' lang='lat' dir='ltr'><strong>ditum]</strong></span> <span class='ocrx_word' id='word_1_493' title='bbox 1360 2446 1411 2480; x_wconf 82' lang='lat' dir='ltr'><strong>Cf.</strong></span> <span class='ocrx_word' id='word_1_494' title='bbox 1445 2447 1617 2488; x_wconf 91' lang='lat' dir='ltr'><strong>imprimis</strong></span> <span class='ocrx_word' id='word_1_495' title='bbox 1650 2447 1715 2479; x_wconf 89' lang='lat' dir='ltr'><strong>Dio</strong></span> <span class='ocrx_word' id='word_1_496' title='bbox 1748 2447 1808 2488; x_wconf 75' lang='lat'><strong>56,</strong></span> <span class='ocrx_word' id='word_1_497' title='bbox 1843 2448 1897 2480; x_wconf 77' lang='lat'><strong>25.</strong></span> <span class='ocrx_word' id='word_1_498' title='bbox 1943 2448 2079 2483; x_wconf 79' lang='lat' dir='ltr'><strong>Eodem</strong></span> 
     </span>
     <span class='ocr_line' id='line_1_71' title="bbox 1210 2496 2079 2539; baseline 0.005 -10"><span class='ocrx_word' id='word_1_499' title='bbox 1210 2498 1328 2529; x_wconf 88' lang='lat' dir='ltr'><strong>tamen</strong></span> <span class='ocrx_word' id='word_1_500' title='bbox 1358 2498 1502 2529; x_wconf 88' lang='lat' dir='ltr'><strong>auctore</strong></span> <span class='ocrx_word' id='word_1_501' title='bbox 1532 2496 1594 2536; x_wconf 81' lang='lat'><strong>58,</strong></span> <span class='ocrx_word' id='word_1_502' title='bbox 1627 2496 1680 2529; x_wconf 78' lang='lat'><strong>20.</strong></span> <span class='ocrx_word' id='word_1_503' title='bbox 1711 2497 1788 2539; x_wconf 89' lang='lat' dir='ltr'><strong>ipse</strong></span> <span class='ocrx_word' id='word_1_504' title='bbox 1817 2497 1977 2532; x_wconf 78' lang='lat' dir='ltr'><strong>Tiberius</strong></span> <span class='ocrx_word' id='word_1_505' title='bbox 2009 2499 2079 2533; x_wconf 83' lang='lat' dir='ltr'><strong>hoc</strong></span> 
     </span>
     <span class='ocr_line' id='line_1_72' title="bbox 1209 2546 2075 2583; baseline 0.005 -4"><span class='ocrx_word' id='word_1_506' title='bbox 1209 2547 1263 2580; x_wconf 87' lang='lat' dir='ltr'><strong>ius</strong></span> <span class='ocrx_word' id='word_1_507' title='bbox 1286 2546 1472 2579; x_wconf 82' lang='lat' dir='ltr'><strong>iurandum</strong></span> <span class='ocrx_word' id='word_1_508' title='bbox 1496 2555 1566 2579; x_wconf 92' lang='lat' dir='ltr'><strong>non</strong></span> <span class='ocrx_word' id='word_1_509' title='bbox 1581 2547 1745 2579; x_wconf 86' lang='lat' dir='ltr'><strong>servavit.</strong></span> <span class='ocrx_word' id='word_1_510' title='bbox 1770 2548 1871 2580; x_wconf 81' lang='lat' dir='ltr'><strong>Anno</strong></span> <span class='ocrx_word' id='word_1_511' title='bbox 1887 2548 1983 2582; x_wconf 86' lang='lat' dir='ltr'><strong>enim</strong></span> <span class='ocrx_word' id='word_1_512' title='bbox 1998 2548 2075 2583; x_wconf 84' lang='lat'><strong>786.</strong></span> 
     </span>
     <span class='ocr_line' id='line_1_73' title="bbox 1208 2596 2077 2639; baseline 0.007 -11"><span class='ocrx_word' id='word_1_513' title='bbox 1208 2597 1278 2629; x_wconf 86' lang='lat' dir='ltr'><strong>XV.</strong></span> <span class='ocrx_word' id='word_1_514' title='bbox 1303 2598 1487 2639; x_wconf 86' lang='lat' dir='ltr'><strong>praetores</strong></span> <span class='ocrx_word' id='word_1_515' title='bbox 1509 2596 1666 2635; x_wconf 72' lang='lat' dir='ltr'><strong>fuerunt:</strong></span> <span class='ocrx_word' id='word_1_516' title='bbox 1706 2596 1813 2638; x_wconf 87' lang='lat' dir='ltr'><strong>idque</strong></span> <span class='ocrx_word' id='word_1_517' title='bbox 1836 2597 1955 2632; x_wconf 79' lang='lat' dir='ltr'><strong>multis</strong></span> <span class='ocrx_word' id='word_1_518' title='bbox 1977 2599 2077 2634; x_wconf 75' lang='lat' dir='ltr'><strong>annis</strong></span> 
     </span>
     <span class='ocr_line' id='line_1_74' title="bbox 1208 2646 2075 2691; baseline 0.005 -12"><span class='ocrx_word' id='word_1_519' title='bbox 1208 2647 1353 2687; x_wconf 85' lang='lat' dir='ltr'><strong>accidit,</strong></span> <span class='ocrx_word' id='word_1_520' title='bbox 1378 2648 1418 2679; x_wconf 93' lang='lat' dir='ltr'><strong>ut</strong></span> <span class='ocrx_word' id='word_1_521' title='bbox 1434 2654 1689 2688; x_wconf 86' lang='lat' dir='ltr'><strong>nonnunquam</strong></span> <span class='ocrx_word' id='word_1_522' title='bbox 1703 2646 1797 2687; x_wconf 84' lang='lat' dir='ltr'><strong>XVI,</strong></span> <span class='ocrx_word' id='word_1_523' title='bbox 1822 2656 2075 2691; x_wconf 79' lang='lat' dir='ltr'><strong>nonnunquam</strong></span> 
     </span>
     <span class='ocr_line' id='line_1_75' title="bbox 1207 2695 2077 2738; baseline 0.003 -9"><span class='ocrx_word' id='word_1_524' title='bbox 1207 2705 1278 2729; x_wconf 91' lang='lat' dir='ltr'><strong>uno</strong></span> <span class='ocrx_word' id='word_1_525' title='bbox 1294 2698 1355 2729; x_wconf 88' lang='lat' dir='ltr'><strong>aut</strong></span> <span class='ocrx_word' id='word_1_526' title='bbox 1370 2695 1510 2729; x_wconf 89' lang='lat' dir='ltr'><strong>duobus</strong></span> <span class='ocrx_word' id='word_1_527' title='bbox 1526 2696 1713 2738; x_wconf 86' lang='lat' dir='ltr'><strong>pauciores</strong></span> <span class='ocrx_word' id='word_1_528' title='bbox 1729 2696 1919 2730; x_wconf 75' lang='lat' dir='ltr'><strong>fierent.›-</strong></span> <span class='ocrx_word' id='word_1_529' title='bbox 1937 2698 2077 2732; x_wconf 68' lang='lat' dir='ltr'><strong>castrii»-</strong></span> 
     </span>
     <span class='ocr_line' id='line_1_76' title="bbox 1205 2745 2074 2789; baseline 0.003 -10"><span class='ocrx_word' id='word_1_530' title='bbox 1205 2747 1258 2779; x_wconf 71' lang='lat' dir='ltr'><strong>xit</strong></span> <span class='ocrx_word' id='word_1_531' title='bbox 1272 2755 1305 2779; x_wconf 86' lang='lat' dir='ltr'><strong>se</strong></span> <span class='ocrx_word' id='word_1_532' title='bbox 1318 2756 1386 2779; x_wconf 86' lang='lat' dir='ltr'><strong>non</strong></span> <span class='ocrx_word' id='word_1_533' title='bbox 1400 2745 1623 2788; x_wconf 74' lang='lat' dir='ltr'><strong>excessurum]</strong></span> <span class='ocrx_word' id='word_1_534' title='bbox 1640 2747 1839 2780; x_wconf 90' lang='lat' dir='ltr'><strong>Pronomen</strong></span> <span class='ocrx_word' id='word_1_535' title='bbox 1856 2747 2074 2789; x_wconf 81' lang='lat' dir='ltr'><strong>iungendum</strong></span> 
     </span>
     <span class='ocr_line' id='line_1_77' title="bbox 1206 2795 2074 2835; baseline 0.005 -7"><span class='ocrx_word' id='word_1_536' title='bbox 1206 2805 1286 2829; x_wconf 93' lang='lat' dir='ltr'><strong>cum</strong></span> <span class='ocrx_word' id='word_1_537' title='bbox 1306 2796 1417 2830; x_wconf 88' lang='lat' dir='ltr'><strong>verbo</strong></span> <span class='ocrx_word' id='word_1_538' title='bbox 1433 2804 1660 2835; x_wconf 70' lang='lat' dir='ltr'><strong>eaecessurum3</strong></span> <span class='ocrx_word' id='word_1_539' title='bbox 1685 2795 1862 2830; x_wconf 62' lang='lat' dir='ltr'><strong>obstr-inanit</strong></span> <span class='ocrx_word' id='word_1_540' title='bbox 1877 2799 1997 2831; x_wconf 82' lang='lat' dir='ltr'><strong>autem</strong></span> <span class='ocrx_word' id='word_1_541' title='bbox 2011 2797 2074 2832; x_wconf 80' lang='lat' dir='ltr'><strong>ab·</strong></span> 
     </span>
     <span class='ocr_line' id='line_1_78' title="bbox 1205 2845 1959 2890; baseline 0.003 -11"><span class='ocrx_word' id='word_1_542' title='bbox 1205 2845 1318 2879; x_wconf 88' lang='lat' dir='ltr'><strong>solute</strong></span> <span class='ocrx_word' id='word_1_543' title='bbox 1342 2847 1496 2890; x_wconf 84' lang='lat' dir='ltr'><strong>positum</strong></span> <span class='ocrx_word' id='word_1_544' title='bbox 1519 2847 1593 2887; x_wconf 82' lang='lat' dir='ltr'><strong>est,</strong></span> <span class='ocrx_word' id='word_1_545' title='bbox 1618 2847 1657 2878; x_wconf 87' lang='lat' dir='ltr'><strong>ut</strong></span> <span class='ocrx_word' id='word_1_546' title='bbox 1678 2845 1712 2887; x_wconf 74' lang='lat'><strong>4,</strong></span> <span class='ocrx_word' id='word_1_547' title='bbox 1737 2846 1790 2879; x_wconf 91' lang='grc'><strong>34.</strong></span> <span class='ocrx_word' id='word_1_548' title='bbox 1825 2847 1880 2886; x_wconf 82' lang='grc'><strong>43,</strong></span> <span class='ocrx_word' id='word_1_549' title='bbox 1905 2849 1959 2881; x_wconf 82' lang='grc'><strong>44.</strong></span> 
     </span>
    </p>
   </div>
   <div class='ocr_carea' id='block_1_13' title="bbox 1201 2946 2071 3139">
    <p class='ocr_par' dir='ltr' id='par_1_14' title="bbox 1201 2946 2071 3139">
     <span class='ocr_line' id='line_1_79' title="bbox 1249 2946 2070 2988; baseline 0.002 -9"><span class='ocrx_word' id='word_1_550' title='bbox 1249 2948 1301 2979; x_wconf 83' lang='grc'><strong>45.</strong></span> <span class='ocrx_word' id='word_1_551' title='bbox 1326 2950 1396 2980; x_wconf 83' lang='lat' dir='ltr'><strong>tum</strong></span> <span class='ocrx_word' id='word_1_552' title='bbox 1413 2946 1573 2988; x_wconf 85' lang='lat' dir='ltr'><strong>primum]</strong></span> <span class='ocrx_word' id='word_1_553' title='bbox 1597 2946 1632 2978; x_wconf 92' lang='lat' dir='ltr'><strong>in</strong></span> <span class='ocrx_word' id='word_1_554' title='bbox 1647 2947 1854 2988; x_wconf 85' lang='lat' dir='ltr'><strong>praetorum</strong></span> <span class='ocrx_word' id='word_1_555' title='bbox 1869 2947 1973 2981; x_wconf 82' lang='lat' dir='ltr'><strong>huius</strong></span> <span class='ocrx_word' id='word_1_556' title='bbox 1988 2949 2070 2981; x_wconf 84' lang='lat' dir='ltr'><strong>anni</strong></span> 
     </span>
     <span class='ocr_line' id='line_1_80' title="bbox 1204 2994 2071 3038; baseline 0.005 -11"><span class='ocrx_word' id='word_1_557' title='bbox 1204 2998 1396 3030; x_wconf 87' lang='lat' dir='ltr'><strong>creatione.</strong></span> <span class='ocrx_word' id='word_1_558' title='bbox 1436 2996 1487 3030; x_wconf 76' lang='lat' dir='ltr'><strong>Cf.</strong></span> <span class='ocrx_word' id='word_1_559' title='bbox 1513 2994 1651 3037; x_wconf 81' lang='lat' dir='ltr'><strong>Adelph</strong></span> <span class='ocrx_word' id='word_1_560' title='bbox 1677 2995 1837 3029; x_wconf 89' lang='lat' dir='ltr'><strong>Schmidt</strong></span> <span class='ocrx_word' id='word_1_561' title='bbox 1864 2997 1924 3030; x_wconf 78' lang='lat' dir='ltr'><strong>der</strong></span> <span class='ocrx_word' id='word_1_562' title='bbox 1949 2997 2071 3038; x_wconf 78' lang='lat' dir='ltr'><strong>Verfail</strong></span> 
     </span>
     <span class='ocr_line' id='line_1_81' title="bbox 1202 3046 2069 3081; baseline 0.003 -3"><span class='ocrx_word' id='word_1_563' title='bbox 1202 3047 1261 3078; x_wconf 81' lang='lat' dir='ltr'><strong>der</strong></span> <span class='ocrx_word' id='word_1_564' title='bbox 1279 3047 1478 3080; x_wconf 80' lang='lat' dir='ltr'><strong>Volksrechte</strong></span> <span class='ocrx_word' id='word_1_565' title='bbox 1499 3047 1535 3078; x_wconf 79' lang='lat' dir='ltr'><strong>in</strong></span> <span class='ocrx_word' id='word_1_566' title='bbox 1556 3047 1638 3078; x_wconf 83' lang='lat' dir='ltr'><strong>Rom</strong></span> <span class='ocrx_word' id='word_1_567' title='bbox 1658 3048 1758 3078; x_wconf 79' lang='lat' dir='ltr'><strong>anter</strong></span> <span class='ocrx_word' id='word_1_568' title='bbox 1779 3046 1841 3079; x_wconf 80' lang='lat' dir='ltr'><strong>den</strong></span> <span class='ocrx_word' id='word_1_569' title='bbox 1863 3050 1970 3080; x_wconf 75' lang='lat' dir='ltr'><strong>ersten</strong></span> <span class='ocrx_word' id='word_1_570' title='bbox 1982 3047 2069 3081; x_wconf 80' lang='lat' dir='ltr'><strong>Kai-</strong></span> 
     </span>
     <span class='ocr_line' id='line_1_82' title="bbox 1201 3095 2070 3139; baseline 0.003 -11"><span class='ocrx_word' id='word_1_571' title='bbox 1201 3105 1275 3129; x_wconf 84' lang='lat' dir='ltr'><strong>sern</strong></span> <span class='ocrx_word' id='word_1_572' title='bbox 1303 3098 1339 3129; x_wconf 89' lang='lat' dir='ltr'><strong>in</strong></span> <span class='ocrx_word' id='word_1_573' title='bbox 1367 3096 1550 3137; x_wconf 63' lang='lat' dir='ltr'><strong>Zeitschrift</strong></span> <span class='ocrx_word' id='word_1_574' title='bbox 1576 3096 1637 3138; x_wconf 77' lang='lat' dir='ltr'><strong>fiir</strong></span> <span class='ocrx_word' id='word_1_575' title='bbox 1667 3095 2070 3139; x_wconf 69' lang='lat' dir='ltr'><strong>Gcschichmoixsonscltan</strong></span> 
     </span>
    </p>
   </div>
   <div class='ocr_carea' id='block_1_14' title="bbox 1195 3146 2066 3483">
    <p class='ocr_par' dir='ltr' id='par_1_15' title="bbox 1195 3146 2066 3483">
     <span class='ocr_line' id='line_1_83' title="bbox 1202 3146 2066 3191; baseline 0.002 -12"><span class='ocrx_word' id='word_1_576' title='bbox 1202 3146 1298 3180; x_wconf 83' lang='grc'><strong>4844.</strong></span> <span class='ocrx_word' id='word_1_577' title='bbox 1324 3148 1350 3179; x_wconf 92' lang='lat'><strong>1.</strong></span> <span class='ocrx_word' id='word_1_578' title='bbox 1370 3155 1404 3189; x_wconf 90' lang='lat' dir='ltr'><strong>p.</strong></span> <span class='ocrx_word' id='word_1_579' title='bbox 1423 3146 1478 3180; x_wconf 83' lang='grc'><strong>47.</strong></span> <span class='ocrx_word' id='word_1_580' title='bbox 1502 3163 1547 3170; x_wconf 93' lang='lat'><strong>-—</strong></span> <span class='ocrx_word' id='word_1_581' title='bbox 1569 3154 1586 3179; x_wconf 89' lang='lat' dir='ltr'><strong>e</strong></span> <span class='ocrx_word' id='word_1_582' title='bbox 1599 3154 1717 3187; x_wconf 81' lang='lat' dir='ltr'><strong>campo</strong></span> <span class='ocrx_word' id='word_1_583' title='bbox 1731 3146 1866 3179; x_wconf 82' lang='lat' dir='ltr'><strong>comitia</strong></span> <span class='ocrx_word' id='word_1_584' title='bbox 1879 3147 1926 3179; x_wconf 74' lang='lat' dir='ltr'><strong>aa</strong></span> <span class='ocrx_word' id='word_1_585' title='bbox 1939 3147 2066 3191; x_wconf 70' lang='lat' dir='ltr'><strong>pacm]</strong></span> 
     </span>
     <span class='ocr_line' id='line_1_84' title="bbox 1202 3195 2066 3236; baseline 0.003 -9"><span class='ocrx_word' id='word_1_586' title='bbox 1202 3197 1299 3229; x_wconf 81' lang='lat' dir='ltr'><strong>Conf.</strong></span> <span class='ocrx_word' id='word_1_587' title='bbox 1315 3198 1403 3229; x_wconf 83' lang='lat' dir='ltr'><strong>Ann.</strong></span> <span class='ocrx_word' id='word_1_588' title='bbox 1421 3195 1474 3235; x_wconf 84' lang='grc'><strong>44,</strong></span> <span class='ocrx_word' id='word_1_589' title='bbox 1491 3195 1552 3229; x_wconf 76' lang='lat'><strong>28:</strong></span> <span class='ocrx_word' id='word_1_590' title='bbox 1588 3195 1722 3228; x_wconf 85' lang='lat' dir='ltr'><strong>comitia</strong></span> <span class='ocrx_word' id='word_1_591' title='bbox 1748 3199 1943 3236; x_wconf 71' lang='lat' dir='ltr'><strong>praetem</strong></span> <span class='ocrx_word' id='word_1_592' title='bbox 1970 3197 2066 3230; x_wconf 80' lang='lat' dir='ltr'><strong>arbi-</strong></span> 
     </span>
     <span class='ocr_line' id='line_1_85' title="bbox 1199 3243 2065 3287; baseline 0.001 -9"><span class='ocrx_word' id='word_1_593' title='bbox 1199 3246 1264 3278; x_wconf 79' lang='lat' dir='ltr'><strong>trio</strong></span> <span class='ocrx_word' id='word_1_594' title='bbox 1279 3250 1412 3278; x_wconf 82' lang='lat' dir='ltr'><strong>senatus</strong></span> <span class='ocrx_word' id='word_1_595' title='bbox 1425 3245 1538 3278; x_wconf 76' lang='lat' dir='ltr'><strong>haberi</strong></span> <span class='ocrx_word' id='word_1_596' title='bbox 1552 3245 1662 3278; x_wconf 83' lang='lat' dir='ltr'><strong>solita.</strong></span> <span class='ocrx_word' id='word_1_597' title='bbox 1680 3243 1833 3278; x_wconf 85' lang='lat' dir='ltr'><strong>Velleius</strong></span> <span class='ocrx_word' id='word_1_598' title='bbox 1844 3246 1877 3286; x_wconf 77' lang='lat'><strong>2,</strong></span> <span class='ocrx_word' id='word_1_599' title='bbox 1893 3245 1974 3279; x_wconf 72' lang='lat'><strong>⁴24:</strong></span> <span class='ocrx_word' id='word_1_600' title='bbox 1989 3248 2065 3287; x_wconf 74' lang='lat' dir='ltr'><strong>pri·</strong></span> 
     </span>
     <span class='ocr_line' id='line_1_86' title="bbox 1198 3295 2064 3336; baseline 0.003 -9"><span class='ocrx_word' id='word_1_601' title='bbox 1198 3304 1289 3327; x_wconf 76' lang='lat' dir='ltr'><strong>mum</strong></span> <span class='ocrx_word' id='word_1_602' title='bbox 1308 3295 1548 3336; x_wconf 80' lang='lat' dir='ltr'><strong>principalium</strong></span> <span class='ocrx_word' id='word_1_603' title='bbox 1569 3295 1639 3327; x_wconf 78' lang='lat' dir='ltr'><strong>eius</strong></span> <span class='ocrx_word' id='word_1_604' title='bbox 1654 3303 1792 3335; x_wconf 82' lang='lat' dir='ltr'><strong>operum</strong></span> <span class='ocrx_word' id='word_1_605' title='bbox 1811 3295 1876 3336; x_wconf 62' lang='lat' dir='ltr'><strong>mit</strong></span> <span class='ocrx_word' id='word_1_606' title='bbox 1897 3296 2064 3330; x_wconf 76' lang='lat' dir='ltr'><strong>ordinatio</strong></span> 
     </span>
     <span class='ocr_line' id='line_1_87' title="bbox 1197 3345 2064 3386; baseline 0.003 -10"><span class='ocrx_word' id='word_1_607' title='bbox 1197 3345 1420 3386; x_wconf 80' lang='lat' dir='ltr'><strong>comitiorum,</strong></span> <span class='ocrx_word' id='word_1_608' title='bbox 1457 3353 1559 3386; x_wconf 80' lang='lat' dir='ltr'><strong>quam</strong></span> <span class='ocrx_word' id='word_1_609' title='bbox 1579 3353 1684 3377; x_wconf 78' lang='lat' dir='ltr'><strong>manu</strong></span> <span class='ocrx_word' id='word_1_610' title='bbox 1703 3353 1767 3376; x_wconf 72' lang='lat' dir='ltr'><strong>sua</strong></span> <span class='ocrx_word' id='word_1_611' title='bbox 1787 3345 1948 3386; x_wconf 77' lang='lat' dir='ltr'><strong>scriptam</strong></span> <span class='ocrx_word' id='word_1_612' title='bbox 1968 3346 2064 3379; x_wconf 76' lang='lat' dir='ltr'><strong>divus</strong></span> 
     </span>
     <span class='ocr_line' id='line_1_88' title="bbox 1195 3393 2060 3436; baseline 0.003 -10"><span class='ocrx_word' id='word_1_613' title='bbox 1195 3394 1361 3436; x_wconf 71' lang='lat' dir='ltr'><strong>Anqustus</strong></span> <span class='ocrx_word' id='word_1_614' title='bbox 1379 3395 1579 3434; x_wconf 55' lang='lat' dir='ltr'><strong>reliqueram</strong></span> <span class='ocrx_word' id='word_1_615' title='bbox 1609 3393 1654 3427; x_wconf 89' lang='lat' dir='ltr'><strong>de</strong></span> <span class='ocrx_word' id='word_1_616' title='bbox 1683 3402 1753 3435; x_wconf 89' lang='lat' dir='ltr'><strong>quo</strong></span> <span class='ocrx_word' id='word_1_617' title='bbox 1782 3402 1868 3427; x_wconf 83' lang='lat' dir='ltr'><strong>sane</strong></span> <span class='ocrx_word' id='word_1_618' title='bbox 1899 3394 2060 3429; x_wconf 85' lang='lat' dir='ltr'><strong>dubitare</strong></span> 
     </span>
     <span class='ocr_line' id='line_1_89' title="bbox 1196 3441 2061 3483; baseline 0.006 -8"><span class='ocrx_word' id='word_1_619' title='bbox 1196 3443 1293 3483; x_wconf 74' lang='lat' dir='ltr'><strong>licet3</strong></span> <span class='ocrx_word' id='word_1_620' title='bbox 1324 3444 1499 3477; x_wconf 80' lang='lat' dir='ltr'><strong>simulatio</strong></span> <span class='ocrx_word' id='word_1_621' title='bbox 1529 3444 1593 3477; x_wconf 79' lang='lat' dir='ltr'><strong>fuit</strong></span> <span class='ocrx_word' id='word_1_622' title='bbox 1619 3450 1703 3476; x_wconf 81' lang='lat' dir='ltr'><strong>vere</strong></span> <span class='ocrx_word' id='word_1_623' title='bbox 1730 3441 1926 3478; x_wconf 79' lang='lat' dir='ltr'><strong>Tiberiana.</strong></span> <span class='ocrx_word' id='word_1_624' title='bbox 1971 3445 2061 3480; x_wconf 83' lang='lat' dir='ltr'><strong>Tum</strong></span> 
     </span>
    </p>
   </div>
  </div>
 </body>
</html>
