2254 3770
771 311 928 356 LIBER
955 311 1063 355 XIII.
1108 311 1210 369 Cap.
1239 310 1308 354 44.
1337 311 1405 354 45.
1914 308 1996 352 425

212 420 346 478 iurgia
374 432 545 477 preces,
577 418 849 477 exprobratio
878 417 1130 470 satisfacti03
1170 423 1213 461 et
1240 431 1341 475 pars
1371 417 1645 462 tenebrarum
1674 415 1838 459 libidini
1870 428 1997 472 sepo-

212 496 312 540 sita:
343 508 398 538 ex
426 508 511 552 qua
541 495 742 538 incensus
771 493 872 536 nihil
893 499 1152 537 metuentem
1171 492 1284 536 ferro
1305 492 1622 537 transverberat
1639 498 1684 535 et
1701 497 1997 536 accurrentem

213 569 408 615 ancillam
438 568 613 613 vulnere
643 569 854 615 absterret
882 568 1169 627 cubiculoque
1198 570 1448 626 prorumpit.
1490 574 1663 627 postera
1683 567 1754 611 die
1776 565 1997 610 manifesta

213 645 389 697 caedes,
420 644 534 688 haud
555 644 781 702 ambiguus
806 658 1060 702 percussor3
1092 644 1254 702 quippe
1273 645 1525 688 mansitasse
1546 658 1629 687 una
1651 641 1996 688 convincebatur.

213 721 292 765 sed
320 719 498 764 libertus
528 734 653 763 suum
684 719 786 763 illud
817 719 980 763 facinus
1009 718 1218 776 profiteri,
1250 733 1299 762 se
1329 719 1495 777 patroni
1527 718 1703 762 iniurias
1730 717 1864 761 ultum
1885 730 2030 761 esse.5

212 802 588 853 commoveratque
618 795 828 853 quosdam
859 794 1146 853 magnitudine
1177 794 1381 852 exempli,
1413 794 1551 838 donec
1575 793 1727 838 ancilla
1746 807 1801 837 ex
1819 791 1997 835 vulnere

211 872 369 916 refecta
403 884 554 930 verum
583 871 762 928 aperuit.
804 869 1130 928 postulatusque
1160 869 1273 927 apud
1305 870 1505 914 consules
1535 885 1560 913 a
1589 876 1710 928 patre
1740 868 1995 918 interfectae,

210 954 438 1005 postquam
476 945 690 989 tribunatu
728 946 912 997 abierat,
954 945 1163 990 sententia
1201 951 1370 1003 patrum
1406 952 1449 989 et
1486 945 1581 1004 lege
1611 945 1666 989 de
1699 944 1865 988 sicariis
1894 957 1997 987 con-

211 1022 449 1067 demnatur.

302 1098 404 1154 ’(45)
438 1098 530 1140 Non
569 1097 708 1140 minus
745 1096 921 1153 insignis
960 1110 1013 1139 eo
1043 1110 1154 1140 anno
1187 1096 1435 1154 inpudicitia
1465 1110 1714 1154 magnorum
1743 1097 1804 1140 rei
1834 1111 1876 1153 p.
1907 1109 1997 1138 ma-
2010 1107 2047 1136 ιο

209 1173 347 1217 lorum
377 1173 540 1216 initium
568 1172 678 1216 fecit.
724 1178 816 1215 erat
845 1172 886 1214 in
916 1171 1084 1216 civitate
1115 1172 1274 1215 Sabina
1302 1173 1522 1229 Poppaea,
1565 1173 1608 1215 T.
1630 1171 1742 1215 Ollio
1772 1178 1892 1228 patre
1922 1184 1999 1227 ge·-

209 1249 314 1300 nita,
345 1248 423 1292 sed
453 1262 608 1292 nomen
638 1248 703 1291 avi
735 1248 912 1291 materni
939 1255 1198 1305 sumpserat,
1232 1247 1381 1291 illustri
1400 1248 1607 1291 memoria
1628 1247 1815 1304 Poppaei
1837 1245 1995 1295 Sabini,

211 1323 423 1369 consulari
454 1330 498 1367 et
525 1321 768 1380 triumphali
789 1322 948 1366 decore
978 1322 1302 1381 praefulgentis:
1334 1338 1432 1366 nam
1454 1322 1611 1367 Ollium
1637 1321 1871 1366 bonoribus
1891 1334 1998 1364 non-

210 1399 314 1443 dum
352 1399 540 1443 functum
576 1398 761 1442 amicitia
799 1398 940 1441 Seiani
977 1399 1192 1455 pervertit.
1246 1398 1346 1442 huic
1381 1398 1548 1442 mulieri
1579 1403 1731 1443 cuncta
1761 1396 1842 1440 alia
1876 1396 1997 1440 fuere

210 1481 382 1534 praeter
410 1474 638 1518 honestum
667 1473 866 1516 animum.
912 1473 1073 1531 quippe
1103 1480 1240 1517 mater
1269 1474 1379 1525 eius,
1411 1474 1561 1517 aetatis
1582 1487 1686 1517 suae
1706 1473 1884 1516 feminas
1903 1471 2046 1529 pul—⁴5

211 1550 448 1596 chritudine
485 1563 783 1607 supergressa,
825 1548 1005 1606 gloriam
1045 1549 1205 1607 pariter
1234 1555 1277 1593 et
1304 1549 1484 1592 formam
1514 1548 1704 1593 dederat.
1736 1562 1842 1606 opes
1873 1546 1997 1591 clari-

210 1626 344 1669 tudini
374 1626 545 1683 generis
575 1624 853 1668 sufficiebant.
898 1638 1041 1668 sermo
1071 1625 1204 1668 comis
1234 1639 1315 1669 nec
1334 1625 1568 1668 absurdum
1589 1625 1817 1683 ingenium.
1848 1622 1998 1667 mode-

208 1702 332 1746 stiam
361 1700 579 1759 prael'erre
609 1706 652 1743 et
680 1699 854 1744 lascivia
881 1700 956 1744 uti.
985 1714 1109 1743 rarus
1140 1700 1182 1743 in
1212 1700 1431 1758 publicum
1453 1714 1675 1757 egressus,
1707 1699 1838 1757 idque
1858 1698 1997 1742 velata

208 1783 328 1836 parte
359 1777 469 1826 oris,
501 1790 556 1820 ne
586 1776 758 1820 satiaret
787 1782 1028 1834 aspectum,
1058 1775 1127 1820 vel
1157 1776 1259 1834 quia
1289 1776 1352 1820 sic
1381 1775 1575 1820 decebat.
1605 1775 1743 1819 famae
1764 1789 1995 1833 numquam

208 1852 420 1911 pepercit,
461 1851 637 1895 maritos
674 1857 716 1895 et
754 1851 972 1895 adulteros
1002 1865 1087 1895 non
1116 1851 1405 1908 distinguens;
1441 1865 1584 1909 neque
1614 1851 1782 1894 affectui
1814 1864 1893 1894 suo
1924 1856 2047 1893 autso

208 1928 347 1972 alieno
378 1927 580 1978 obnoxia,
623 1926 738 1970 unde
767 1926 923 1970 utilitas
953 1926 1272 1978 ostenderetur,
1314 1926 1415 1970 illuc
1452 1926 1672 1970 libidinem
1700 1926 1995 1970 transferebat.

208 2003 335 2061 igitur
363 2009 560 2061 agentem
589 2016 685 2046 eam
710 2002 752 2045 in
773 2002 1040 2046 matrimonio
1061 2002 1175 2046 Rufri
1197 2002 1399 2060 Crispini,
1431 2002 1587 2060 equitis
1609 2002 1803 2054 Romani,
1835 2016 1889 2046 ex
1907 2015 1994 2061 quo

273 2144 306 2176 4.
327 2140 404 2184 pces
424 2143 457 2175 M
480 2159 524 2166 -
545 2142 672 2175 libidini
694 2143 903 2175 Rhenanus:
929 2142 1062 2175 libidine
1083 2142 1117 2175 M
1141 2158 1176 2165 —
1203 2142 1235 2174 2.
1253 2150 1298 2174 ex
1316 2150 1386 2183 qua
1407 2142 1558 2174 incensus
1580 2141 1780 2175 Bekkerus:
1806 2146 1837 2174 et
1852 2142 1997 2181 quastim

206 2208 320 2232 census
341 2201 390 2237 M3
425 2203 456 2232 et
478 2200 576 2241 quasi
596 2200 748 2231 incensus
770 2200 838 2231 lac.
865 2199 1073 2231 Gronovius.
1102 2216 1138 2222 -—
1168 2198 1270 2230 nichil
1297 2199 1332 2231 M
1364 2216 1400 2222 -
1430 2202 1639 2231 accurentem
1660 2199 1694 2231 M
1726 2216 1762 2221 -
1791 2197 1823 2231 4.
1849 2199 1940 2230 cedes
1962 2199 1995 2231 M

210 2273 247 2280 —
272 2257 306 2288 6.
330 2258 618 2295 commoveratque
638 2256 671 2288 M
697 2273 732 2279 —-
759 2255 790 2287 7.
816 2253 885 2287 σόε.
911 2256 943 2288 Μ
975 2273 1005 2278 -
1031 2255 1064 2288 8.
1086 2255 1396 2295 condempnaturM
1422 2272 1456 2277 —
1483 2255 1537 2286 44.
1560 2263 1692 2295 poppea
1713 2254 1748 2287 M
1773 2270 1810 2277 —
1835 2255 1890 2286 42.
1909 2263 1997 2295 pop-

203 2312 258 2353 pei
280 2312 314 2344 Μ
340 2331 376 2335 -
403 2311 457 2344 43.
482 2312 652 2343 consulari
674 2315 705 2344 et
726 2310 1171 2352 triumphali'Puteolanus:
1197 2311 1382 2343 consularis
1403 2314 1436 2343 et
1457 2311 1667 2352 triumphatis
1680 2311 1732 2348 M;
1757 2310 1944 2342 consularis
1966 2314 1996 2343 et

205 2367 399 2409 triumphali
420 2369 466 2407 G;
504 2366 547 2400 cr.
572 2368 653 2408 Agr.
677 2366 731 2400 44.
759 2386 796 2391 —
829 2369 882 2400 45.
907 2376 964 2400 sue
987 2368 1020 2400 Μ
1046 2385 1082 2390 -
1115 2367 1170 2400 49.
1193 2367 1282 2408 fame
1305 2368 1337 2399 M
1362 2384 1399 2390 -
1424 2375 1598 2406 nunquam
1620 2368 1652 2399 M
1678 2384 1714 2389 -
1739 2367 1792 2399 20.
1818 2367 1940 2407 afectui
1962 2367 1994 2400 M

207 2441 244 2448 —
270 2425 324 2457 22.
349 2424 439 2466 rafri
464 2423 537 2466 (vel
558 2425 652 2465 rapti)
677 2425 729 2458 M:
755 2426 829 2467 Rufi
850 2423 965 2466 vulgo.
997 2424 1086 2457 Vide
1109 2423 1155 2457 ad
1179 2424 1239 2464 42,
1263 2423 1317 2457 42.
1345 2442 1382 2448 -
1414 2424 1557 2465 Crispini
1587 2424 1743 2466 Lipsius:
1772 2423 1874 2464 crispi
1896 2423 1940 2456 M.

206 2550 353 2592 abierat]
384 2550 473 2582 Nam
500 2550 537 2582 in
559 2549 805 2591 magistratum
826 2549 903 2591 lege
927 2550 981 2591 agi
1005 2559 1075 2582 non

206 2601 356 2642 poterat,
374 2599 518 2632 minime
535 2600 693 2631 omnium
709 2600 744 2632 in
761 2599 954 2639 tribunum,
976 2601 1076 2632 cuius

207 2658 360 2691 persona
383 2651 620 2682 sacrosancta.
646 2649 772 2682 Dumm.
801 2666 837 2672 -
871 2649 956 2691 leqe]
989 2650 1078 2682 Cor-

207 2699 298 2733 nelia
327 2699 474 2742 (Sullae)
512 2699 557 2731 de
588 2699 722 2732 sicariis
753 2700 789 2732 et
811 2699 978 2732 veneficis
1009 2699 1076 2732 lata

207 2759 239 2782 a.
257 2750 333 2789 673,
359 2759 402 2783 ex
426 2759 495 2792 qua
518 2750 633 2782 sicarii
656 2749 758 2782 bonis
775 2749 940 2783 omnibus
960 2749 1077 2792 publi-

208 2801 294 2833 catis
317 2801 352 2833 in
375 2800 526 2833 insulam
549 2799 839 2842 deportabantur.
866 2800 917 2834 Cf.
942 2801 1074 2841 Digest.

207 2850 261 2883 48.
286 2850 350 2883 Tit.
374 2850 408 2890 8,
432 2849 451 2882 3
475 2850 495 2891 ἓ
518 2852 550 2884 5.
588 2851 804 2883 Marcianus:
837 2851 932 2892 Leyis
954 2850 1078 2883 Corne-

163 2932 166 2940 ,
206 2900 272 2932 liae
293 2900 332 2932 de
353 2900 486 2932 sicariis
507 2903 540 2933 et
559 2901 710 2941 veneficis
736 2909 847 2940 poena
867 2900 996 2932 insulae
1017 2900 1075 2932 de-

201 2949 351 2990 portatio
366 2952 415 2981 est
429 2953 460 2982 et
474 2950 621 2982 omnium
637 2950 798 2982 bonorum
813 2950 991 2990 ademptio.
1012 2950 1078 2982 Sed

206 2999 308 3031 solent
329 2999 423 3031 hodie
444 2999 552 3039 capite
570 3000 707 3040 puniri,
731 3000 795 3032 nisi
809 3000 991 3032 honestiore
1006 3000 1076 3032 loco

204 3048 305 3090 positi
332 3048 475 3089 fuerint,
511 3057 614 3088 qaam
642 3053 679 3081 ut
708 3058 850 3089 poenam
875 3050 955 3091 leyis
976 3050 1077 3082 susti-

206 3101 307 3131 neant
313 3106 326 3137 ‚·
341 3098 532 3130 humiliores
545 3099 633 3130 enim
646 3099 748 3131 solent
761 3099 814 3131 vel
828 3099 935 3131 bestiis
945 3099 1075 3138 subiici,

206 3148 342 3180 altiores
365 3156 445 3179 vero
467 3148 684 3187 deportantur
698 3149 733 3180 in
751 3149 907 3180 insulam.
931 3148 1076 3181 Reditus

208 3198 339 3231 Octavii
362 3199 581 3230 memoratur
603 3197 689 3230 Hist.
714 3197 748 3237 4,
772 3197 827 3230 44.

250 3247 305 3281 45.
323 3248 466 3288 Poppaei
480 3246 606 3288 Sabini]
624 3245 778 3279 consulis
794 3255 825 3279 a.
845 3255 880 3278 u.
895 3247 952 3279 764
963 3271 970 3279 .
988 3246 1075 3279 Vide

208 3296 254 3329 ad
277 3298 309 3336 4,
333 3296 387 3330 80.
412 3314 449 3320 -
474 3296 667 3336 triumphali
689 3297 805 3328 decore
823 3296 1074 3338 praefulgentis]

210 3346 263 3380 Cf.
281 3347 315 3387 4,
331 3345 391 3379 46:
422 3347 553 3379 decreta
575 3346 732 3386 triumphi
754 3346 903 3387 insignia
926 3347 1074 3386 Poppaeo

210 3395 334 3428 Sabino
351 3396 494 3428 contusis
510 3396 690 3428 Thraecum
709 3395 869 3436 amitibus.
887 3413 921 3418 —
941 3396 972 3427 h.
986 3405 1072 3428 non-

212 3445 290 3478 dum
308 3446 468 3490 functum]
489 3446 593 3488 Atqui
609 3445 852 3488 quaestorium
867 3454 951 3479 eum
966 3445 1074 3479 fuisse

1125 2549 1313 2583 Suetonius
1335 2550 1416 2582 Ner.
1435 2548 1477 2582 35
1501 2548 1595 2581 dicit.
1623 2549 1756 2581 Verum
1779 2549 1914 2590 primus
1937 2547 1995 2580 hic

1125 2600 1351 2641 magistratus
1373 2599 1430 2631 vix
1454 2600 1628 2631 memoria
1644 2599 1770 2640 diguus
1787 2600 1862 2631 erat
1877 2599 1912 2630 in
1927 2599 1994 2631 ho-

1126 2650 1220 2682 mine
1243 2650 1396 2682 maiores
1412 2649 1567 2682 honores
1583 2649 1678 2681 haud
1694 2649 1836 2690 adepto.
1853 2667 1886 2672 -
1906 2650 1995 2681 ami-

1124 2700 1204 2732 citia
1226 2700 1341 2732 Seiani
1360 2699 1530 2740 pervertit]
1556 2698 1607 2731 Cf.
1632 2700 1665 2739 5,
1689 2699 1709 2731 6
1725 2707 1805 2740 sqq.
1826 2716 1862 2721 —
1887 2702 1996 2730 mater

1124 2749 1204 2791 eius]
1222 2750 1397 2790 Poppaea,
1415 2747 1459 2780 de
1473 2756 1543 2789 qua
1556 2748 1636 2781 vide
1649 2748 1695 2780 ad
1707 2749 1720 2780 4
1730 2749 1760 2787 4,
1776 2749 1849 2780 4.-
1863 2757 1924 2780 nec
1938 2748 1995 2780 ab·

1124 2800 1261 2832 surdam
1278 2798 1457 2841 ingenium]
1479 2799 1500 2830 i.
1517 2807 1551 2840 q.
1570 2807 1761 2831 amoenum
1777 2801 1813 2831 et
1828 2798 1992 2831 facetum.

1125 2848 1308 2882 Sallustius
1332 2847 1430 2880 Catil.
1449 2849 1491 2881 25
1509 2848 1554 2880 de
1570 2849 1795 2889 Sempronia:
1822 2849 1995 2889 Ingenium

1125 2900 1195 2931 eius
1208 2899 1298 2931 haud
1310 2898 1510 2936 absurdam;
1523 2907 1618 2939 posse
1629 2907 1743 2940 versus
1751 2895 1873 2939 facere‘,
1885 2899 1995 2931 iocum

1123 2957 1274 2987 movere,
1297 2957 1446 2980 sermone
1467 2948 1516 2980 ati
1537 2948 1590 2980 vel
1610 2949 1754 2980 modesto
1769 2948 1822 2980 vel
1837 2948 1928 2980 molli
1943 2948 1995 2981 vel

1122 2998 1259 3039 procaci
1266 3007 1278 3036 ;
1293 3006 1435 3038 prorsus
1454 2998 1580 3030 multae
1592 2998 1734 3039 facetiae
1747 2998 1932 3038 multusque
1945 2998 1995 3030 le-

1118 3058 1182 3089 pos
1202 3049 1324 3080 inerat.
1350 3047 1514 3080 Similiter
1535 3057 1643 3090 supra
1659 3058 1690 3081 c.
1710 3048 1751 3081 44
1772 3058 1838 3080 non
1853 3048 1995 3081 absurde

1126 3099 1181 3131 est
1192 3099 1213 3130 i.
1225 3106 1259 3138 q.
1270 3097 1382 3130 facete
1400 3099 1436 3130 et
1451 3097 1580 3139 lepide.
1588 3116 1622 3120 —
1636 3099 1688 3130 vel
1702 3099 1782 3138 quia
1792 3098 1839 3130 sic
1849 3097 1992 3140 decebat]

1126 3147 1176 3179 Ad
1200 3148 1424 3180 venustatem
1446 3147 1693 3186 referendum,
1719 3155 1828 3188 quam
1848 3155 1912 3188 pro
1928 3155 1993 3180 sua

1126 3205 1289 3239 quaeque
1311 3199 1444 3231 statura
1467 3206 1510 3230 ac
1531 3198 1618 3231 facie
1634 3197 1801 3230 mulieres
1816 3198 1914 3230 varie
1929 3207 1994 3231 au-

1125 3248 1209 3288 gent
1223 3246 1407 3288 deligendo
1424 3247 1558 3285 habitu,
1577 3256 1648 3279 non
1664 3247 1709 3279 ad
1724 3247 1991 3287 verecundiam,

1126 3297 1225 3338 quasi
1255 3296 1426 3330 decenter
1453 3306 1496 3329 ac
1524 3296 1652 3338 pudice
1676 3296 1801 3328 faciem
1825 3296 1993 3330 velaverit

1124 3345 1180 3379 vel
1207 3346 1320 3379 videri
1352 3346 1513 3379 voluerit.
1551 3345 1660 3379 Plaut.
1686 3347 1786 3379 Most.
1813 3347 1845 3387 4,
1870 3347 1903 3387 3,
1929 3348 1988 3380 4οε

1125 3396 1331 3438 Contempta,
1348 3399 1435 3430 satin
1450 3398 1530 3429 haec
1544 3405 1597 3428 me
1611 3397 1708 3428 vestis
1721 3396 1859 3429 deceat?
1880 3398 1988 3430 Dossn.

1126 3463 1162 3470 —
1187 3447 1284 3489 Rufri
1306 3447 1459 3489 Crimini]
1483 3446 1571 3479 Vide
1595 3445 1641 3479 ad
1665 3446 1719 3487 44,
1744 3447 1778 3480 4.
1797 3465 1832 3470 -
1857 3456 1903 3480 σω
1924 3456 1989 3489 qao
