2254 3770
771 281 924 326 LIBER
953 283 983 324 1.
1028 282 1127 339 Cap.
1157 281 1224 325 59.
1255 282 1321 325 60.
1352 281 1419 325 64.
1930 281 1976 324 54

212 388 413 434 Cherusci
443 387 520 431 sed
551 387 837 432 conterminae
867 394 1034 445 gentes,
1067 394 1312 446 tractusque
1342 389 1383 431 in
1412 388 1544 446 partis
1573 388 1879 446 Inguiomerus,
1909 388 1987 430 Ar-

210 464 324 507 minii
365 470 558 521 patruus,
604 470 747 506 vetere
788 469 891 520 aput
930 465 1141 507 Romanos
1181 464 1452 516 auctoritate;
1496 462 1611 507 unde
1648 463 1784 506 maior
1814 462 1986 506 Caesari

212 546 358 582 metus.
417 545 459 582 et
493 552 547 581 ne
586 537 744 581 bellum
783 537 892 581 mole
928 552 1011 582 una
1049 540 1285 597 ingrueret,
1328 539 1553 582 Caecinam
1579 552 1680 582 *cum
1709 537 1987 596 quadraginta

209 613 455 658 cohortibus
485 614 683 657 Romanis
715 613 989 656 distrahendo
1020 613 1127 657 hosti
1158 628 1237 671 per
1264 615 1492 657 Bructeros
1521 613 1574 657 ad
1604 612 1760 657 flumen
1787 612 1988 656 Amisiam

206 688 575 746 mittit,.equitem
603 687 718 732 Pedo
747 689 989 745 praefectus
1027 688 1182 732 finibus
1213 689 1446 732 Frisiorum
1476 689 1604 733 ducit.
1661 690 1753 746 ipse
1785 688 2019 745 inpositam

209 763 387 806 navibus
416 770 616 822 quattuor
645 763 834 821 legiones
865 777 943 821 per
972 763 1091 807 lacus
1122 764 1259 816 vexit3
1291 764 1505 821 simulque
1526 764 1662 822 pedes
1683 777 1819 822 eques
1841 763 1988 807 classis

209 845 311 896 aput
349 838 613 896 praedictum
650 852 816 882 amnem
856 852 1111 883 convenere.
1170 837 1326 882 Chauci
1358 853 1456 882 cum
1486 839 1640 882 auxilia
1673 839 1986 897 pollicerentur,

211 915 250 956 in
281 913 571 957 commilitium
601 913 749 957 adsciti
781 920 889 957 sunt.
938 915 1166 957 Bructeros
1204 928 1282 957 sua
1318 915 1479 958 urentis
1509 914 1706 972 expedita
1735 929 1832 959 cum
1861 928 1987 957 manu

209 990 252 1032 L.
275 989 499 1032 Stertinius
518 989 651 1031 missu
676 988 914 1032 Germanici
936 989 1062 1041 fudit3
1095 989 1290 1047 interque
1319 990 1496 1033 caedem
1518 996 1560 1034 et
1579 990 1783 1046 praedam
1802 990 1990 1047 repperit

173 1115 177 1117 ,
210 1064 554 1107 undevicesimae
585 1063 763 1121 legionis
794 1063 978 1122 aquilam
1010 1077 1107 1107 cum
1128 1066 1237 1108 Varo
1267 1065 1479 1108 amissam.
1524 1065 1699 1108 ductum
1718 1064 1817 1108 inde
1838 1078 1988 1122 agmen
2002 1076 2038 1105 ⁴0

210 1139 262 1182 ad
294 1138 463 1182 ultimos
492 1139 810 1190 Bructerorum,
852 1146 1145 1197 quantumque
1175 1139 1373 1182 Amisiam
1415 1146 1457 1183 et
1485 1140 1664 1197 Lupiam
1692 1154 1838 1183 amnes
1868 1140 1987 1191 inter,

209 1221 437 1263 vastatum,
469 1213 583 1256 haud
613 1213 763 1271 procul
784 1214 1135 1272 Teutoburgiensi
1166 1214 1292 1267 saltu,
1323 1215 1366 1257 in
1395 1228 1482 1272 quo
1511 1214 1718 1273 reliquiae
1739 1216 1832 1259 Vari
1856 1214 1990 1272 legio-

210 1302 398 1347 numque
427 1288 664 1346 insepultae
694 1288 957 1333 dicebantur.
1017 1289 1097 1345 (64)
1129 1289 1255 1346 igitur
1284 1289 1440 1347 cupido
1462 1290 1690 1334 Caesarem
1718 1290 1877 1334 invadit
1904 1290 1990 1334 sol-

209 1364 335 1408 vendi
376 1378 576 1422 suprema
614 1363 815 1407 militibus
854 1364 1059 1422 ducique,
1102 1370 1296 1422 permoto
1336 1364 1388 1407 ad
1424 1365 1740 1408 miserationem
1769 1365 1882 1408 omni
1915 1365 1988 1423 qui

210 1440 360 1483 aderat
387 1439 575 1483 exercitu
607 1439 663 1482 ob
703 1440 988 1497 propinquos,
1027 1439 1204 1489 amicos,
1244 1439 1431 1497 denique
1461 1439 1517 1483 ob
1548 1453 1673 1484 casus
1709 1439 1919 1484 bellorum
1949 1446 2038 1484 et⁴5

210 1522 370 1559 sortem
389 1514 621 1558 hominum.
658 1515 896 1571 praemisso
918 1515 1116 1566 Caecina,
1148 1522 1194 1558 ut
1214 1514 1380 1558 occulta
1399 1514 1583 1558 saltuum
1602 1522 1865 1560 scrutaretur
1882 1530 1991 1573 pon-

210 1598 360 1648 tesque
391 1597 434 1633 et
463 1603 641 1647 aggeres
670 1589 816 1632 umido
845 1589 1051 1647 paludum
1082 1597 1125 1633 et
1152 1589 1370 1633 fallacibus
1398 1590 1560 1647 campis
1588 1591 1842 1648 imponeret,
1874 1590 1990 1635 ince-

210 1665 317 1708 dunt
356 1671 544 1709 maestos
582 1663 701 1708 locos
736 1665 919 1722 visuque
959 1678 1009 1708 ac
1046 1665 1251 1708 memoria
1289 1664 1503 1708 deformis.
1560 1665 1697 1722 prima
1728 1666 1822 1710 Vari
1852 1672 1989 1710 castra

252 1811 285 1844 2.
308 1813 415 1843 vetere
435 1808 657 1851 Wesenberg
680 1809 738 1851 (ad
761 1809 833 1843 Cic.
858 1818 910 1842 or.
935 1818 970 1851 p.
996 1808 1121 1851 Sestio)
1143 1818 1177 1852 p.
1203 1809 1244 1842 8:
1267 1810 1371 1842 ueteri
1391 1809 1437 1843 Μ.
1463 1808 1514 1842 Cf.
1533 1810 1565 1850 4,
1590 1809 1622 1843 4.
1648 1810 1681 1843 7.
1706 1810 1785 1852 (58.)
1808 1811 1846 1851 2,
1872 1810 1924 1844 30.
1950 1811 1987 1853 3,

209 1867 264 1899 24.
289 1866 327 1907 4,
353 1868 385 1900 5.
409 1868 464 1900 27.
491 1866 549 1906 43,
575 1866 629 1899 37.
658 1866 715 1906 44,
741 1866 795 1899 42.
831 1867 917 1899 Hist.
943 1868 980 1907 4,
1005 1865 1059 1900 54.
1088 1867 1125 1906 2,
1150 1866 1203 1900 43.
1229 1867 1282 1899 59.
1315 1866 1351 1907 3,
1377 1866 1430 1899 32.
1455 1867 1509 1899 54.
1539 1865 1576 1906 4,
1602 1867 1656 1899 ⁴2.
1681 1867 1735 1899 64.
1760 1866 1813 1899 83.
1848 1867 1928 1909 Agr.
1954 1867 1987 1901 4.

211 1922 263 1956 ⁴4.
281 1922 335 1956 34.
363 1941 400 1946 -
425 1924 457 1956 6.
481 1922 596 1955 classis
617 1923 770 1964 Lipsius:
795 1922 914 1955 classes
933 1923 968 1956 M
991 1939 1027 1946 -
1054 1923 1107 1956 43.
1133 1922 1331 1956 docebantur
1352 1923 1386 1956 M
1409 1939 1445 1945 —
1472 1922 1526 1955 47.
1549 1923 1727 1955 incaedunt
1747 1923 1782 1956 M
1800 1940 1835 1946 -
1854 1923 1907 1956 48.
1932 1924 1990 1957 dc—

207 1979 325 2020 formis
344 1978 556 2013 Beroaldus:
583 1979 777 2021 desomides
798 1980 844 2014 M.

211 2109 302 2143 inter
324 2110 485 2143 Rhenum
504 2111 541 2142 et
555 2108 688 2143 Albim:
714 2109 811 2151 quod
825 2118 896 2143 non
913 2111 986 2144 est:
1013 2110 1076 2143 sed
1126 2120 1216 2144 nam.
1247 2109 1285 2151 4,
1312 2110 1363 2144 46.
1389 2109 1450 2144 48:
1474 2110 1598 2143 hostem
1613 2113 1762 2151 propter.
1797 2111 1829 2151 6,
1854 2111 1908 2145 37.
1934 2112 1987 2151 45,

211 2161 337 2193 dicitur
373 2169 460 2198 cum⁴
494 2161 660 2203 respectu
700 2159 746 2192 ad
782 2161 942 2201 antiqua,
988 2161 1079 2193 anti—
1128 2161 1184 2193 ⁴7:
1212 2160 1405 2202 Euphraten
1419 2160 1524 2193 ultra.
1545 2177 1581 2183 —
1602 2159 1868 2202 Teutoburgiensi·
1889 2160 1988 2202 saltu]

212 2220 342 2254 quum,
366 2211 551 2254 pristinum
574 2213 723 2252 statum,
747 2212 782 2244 in
806 2220 877 2254 quo
898 2211 1013 2245 nullae
1030 2211 1079 2245 ibi
1127 2211 1161 2243 in
1192 2212 1321 2253 Lupiae
1350 2211 1426 2253 ripa
1455 2209 1718 2252 septentrionali
1749 2210 1840 2243 inter
1864 2211 1991 2256 Pader-

213 2260 383 2294 coloniae.
408 2261 490 2293 Emi.

255 2312 310 2345 60.
345 2312 401 2344 sed
432 2312 654 2344 conterminae
686 2311 734 2353 9.]
779 2310 880 2345 Haud
912 2319 994 2344 raro
1029 2312 1079 2344 sic

214 2362 341 2394 omittit
362 2362 474 2394 etiam.
501 2360 551 2394 Cf.
577 2369 608 2393 c.
633 2360 687 2393 77.
713 2361 744 2401 3,
764 2362 796 2394 4.
814 2362 867 2393 27.
885 2360 939 2394 44.
960 2379 997 2384 —
1021 2369 1080 2393 ve-

214 2415 280 2444 tere
310 2414 393 2452 aput
416 2412 455 2444 R.
480 2410 691 2452 auctoritate]
724 2419 796 2444 non
826 2410 921 2453 quod
944 2411 1079 2444 amicus

213 2461 378 2494 Romanis
401 2461 514 2501 esset,
539 2460 605 2493 sed
627 2460 723 2503 quod
738 2461 792 2493 vir
813 2459 912 2494 fortis
935 2468 976 2492 ac
999 2469 1080 2502 pru-

214 2511 320 2550 dens,
351 2512 450 2544 cuius
480 2519 607 2553 magna
636 2510 729 2553 apud
752 2511 926 2544 Romanos
949 2511 1078 2553 opinio,

214 2562 253 2594 ut
274 2562 372 2594 recte
389 2560 649 2594 Freinshemius
669 2559 829 2603 explicat.
846 2560 927 2593 Em«.
944 2577 979 2583 —
1007 2568 1082 2592 cum

214 2611 280 2645 XL.
296 2611 491 2653 cohortibus]
516 2612 538 2644 i.
557 2620 589 2644 e.
604 2619 687 2644 cum
704 2611 868 2653 quattuor
882 2609 1080 2652 legionibus

215 2662 388 2695 inferioris
401 2661 588 2701 exercitus,
602 2662 729 2704 prima,
745 2662 878 2703 quinta,
896 2661 1076 2701 vicesima,

216 2711 482 2744 unetvicesima.
509 2711 561 2743 Cf.
579 2719 609 2743 c.
625 2709 666 2744 64
680 2712 768 2743 extr.
785 2728 820 2733 —
835 2710 930 2752 Pedo]
954 2711 1079 2752 postea

217 2770 287 2794 non
311 2762 383 2794 iam
405 2762 634 2794 memoratur.
683 2761 818 2794 «Credo
841 2760 1080 2794 Albinovanus

216 2810 331 2851 Pedo,
356 2812 455 2844 cuius
477 2810 714 2853 fragmentum
738 2810 917 2844 exstat-de
941 2811 1081 2852 naviga-

218 2861 312 2893 tione
327 2860 456 2893 Oceani
480 2860 585 2903 (apud
601 2861 774 2894 Senecam
793 2861 933 2893 Suasor.
949 2861 1002 2902 4);
1028 2862 1083 2893 est

218 2912 336 2943 tamen
359 2912 395 2943 et
416 2909 503 2944 alius
518 2910 614 2944 Pedo
640 2911 828 2953 Pompeius
850 2910 904 2943 vir
925 2909 1081 2951 illustris,

218 2967 327 3001 quem
356 2960 514 2992 nominat
541 2960 676 2992 Seneca
705 2960 742 2992 in
768 2959 866 2992 Ludo
898 2959 942 2992 de
967 2961 1082 2992 morte

219 3008 354 3042 Claudii
368 3007 435 3042 sub
450 3009 571 3042 finem.
593 3010 680 3042 Lirs.
702 3026 736 3032 —
752 3009 884 3051 finibus]
900 3018 965 3052 per
979 3009 1081 3047 fines.

218 3060 258 3091 ut
280 3058 368 3092 infra
391 3068 423 3092 c.
449 3058 509 3092 63:
534 3060 630 3092 litore
652 3059 773 3092 Oceani
790 3062 903 3100 petere
924 3060 1082 3100 Rhenum,

220 3116 326 3150 supra
342 3116 372 3140 c.
389 3108 427 3141 8:
452 3110 492 3140 ut
506 3110 610 3148 porta
631 3109 825 3149 triumphali
841 3109 1017 3141 duceretur
1033 3109 1086 3150 fu-

219 3165 292 3190 nus.
321 3174 357 3180 -
381 3166 444 3198 per
465 3157 570 3198 lacus]
601 3166 725 3191 omnes
747 3158 871 3199 postea
894 3157 1039 3190 haustos
1063 3166 1083 3189 a

221 3206 298 3238 sinu
314 3207 469 3239 austrino
485 3205 708 3248 (zwyderzee).
731 3206 851 3239 Wonr.
872 3222 907 3229 —
934 3206 1085 3247 aquilam

222 3262 296 3286 own
320 3256 408 3288 Varo
430 3254 599 3297 amissam]
630 3255 682 3288 Cf.
706 3256 744 3295 2,
769 3255 824 3288 25.
858 3273 894 3279 -
923 3254 1085 3288 Amisiam

223 3305 254 3334 et
279 3304 422 3346 Lupiam
450 3313 562 3338 amnes
587 3305 686 3347 inter]
721 3306 776 3338 Sic
803 3305 1084 3347 praepositiones

223 3350 318 3384 haud
344 3362 426 3387 raro
456 3354 632 3397 postponit
653 3355 803 3387 Tacitus.
837 3353 888 3387 Cf.
914 3362 945 3386 c.
970 3354 1023 3386 75.
1050 3353 1082 3394 3,

225 3397 279 3432 48.
302 3399 356 3436 49.
379 3403 434 3436 75.
458 3403 499 3445 4,
523 3404 561 3437 δι
591 3404 756 3437 Misenum
784 3404 875 3445 apud
901 3407 933 3438 et
953 3404 1085 3437 Raven-

1127 2260 1279 2294 bornam
1316 2262 1352 2294 et
1388 2260 1685 2302 Osnabriiggium‚
1724 2261 1783 2293 der
1825 2261 1992 2302 Lippische

1130 2312 1245 2351 Wald,
1275 2310 1370 2353 apud
1399 2310 1556 2343 eruditos
1583 2319 1706 2343 rursus
1729 2311 1789 2343 der
1811 2311 1992 2343 Teutobur-

1126 2361 1286 2402 9erwald.
1304 2361 1425 2393 Varias
1442 2360 1624 2402 opiniones
1639 2359 1684 2392 de
1696 2360 1866 2393 Varianae
1883 2359 1991 2393 cladis

1127 2410 1205 2443 loco
1229 2409 1434 2452 complexus
1457 2410 1512 2443 est
1533 2411 1639 2451 atque
1663 2411 1874 2443 examinavit
1888 2410 1993 2444 Ukert

1129 2461 1328 2494 Germanien
1349 2469 1384 2502 p.
1404 2459 1480 2493 ⁴24.
1504 2459 1604 2492 Idem
1626 2467 1661 2501 p.
1687 2461 1770 2493 ⁴28:
1797 2462 1886 2494 «Der
1909 2461 1993 2494 Teu-

1128 2509 1407 2552 toburyer-Wald
1424 2518 1502 2542 war
1515 2509 1706 2542 schwerlich
1721 2509 1785 2551 auf
1795 2511 1848 2555 die
1861 2511 1993 2544 ndchste

1132 2560 1320 2602 Umyebuny
1341 2561 1396 2592 des
1421 2560 1499 2592 Teut
1520 2559 1730 2600 beschrdnkt,
1754 2561 1895 2593 sondern
1917 2569 1994 2594 um-

1126 2610 1229 2651 fasste
1242 2610 1347 2650 wohl,
1367 2610 1431 2641 wie
1445 2610 1556 2642 Moser
1567 2608 1722 2650 (osnabr.
1741 2609 1853 2642 Gesch.
1870 2610 1896 2642 I.
1918 2610 1993 2652 146)

1128 2660 1250 2701 richtiq
1273 2660 1452 2699 annimmt,
1475 2659 1569 2691 einen
1590 2667 1726 2700 ,qrossen
1748 2659 1835 2691 Theil
1855 2660 1909 2691 des
1932 2660 1994 2691 Os-

1128 2710 1210 2751 ninq
1232 2709 1301 2740 und
1320 2709 1392 2741 eine
1412 2716 1524 2750 ,qrosse
1538 2708 1670 2740 Streclce
1692 2708 1746 2740 des
1766 2708 1912 2741 westlich
1931 2709 1994 2741 da-

1128 2767 1194 2790 von
1209 2758 1376 2799 lieqenden
1391 2758 1552 2790 Landes.»
1576 2757 1803 2790 Clostermeicr
1817 2757 1895 2799 (Wo
1909 2758 1994 2790 Her-

1129 2816 1231 2839 mann
1253 2808 1314 2839 den
1336 2807 1445 2840 Varus
1466 2806 1591 2848 schluy.
1615 2807 1751 2848 Leipzig]
1775 2807 1887 2848 1822.)
1908 2807 1995 2848 qiebt

1131 2866 1194 2890 an:
1228 2858 1322 2889 «Der
1343 2856 1532 2898 eiqentliche
1552 2856 1623 2897 Zaa
1644 2856 1772 2898 beqann
1794 2856 1842 2889 bei
1869 2857 1991 2889 Vlotho.

1130 2908 1204 2940 Das
1224 2910 1310 2939 erste
1330 2907 1440 2948 Laqer
1459 2915 1536 2938 war
1557 2905 1606 2939 bei
1628 2906 1831 2949 Salzuffeln,·
1854 2907 1906 2940 die
1927 2907 1994 2939 Ro·-

1130 2965 1202 2988 mer
1221 2956 1361 2988 wurden
1383 2956 1474 2988 dann
1494 2955 1677 2997 yenotkiqt,
1701 2956 1762 2988 den
1781 2955 1829 2988 bei
1845 2955 1996 2988 Detmold

1131 3007 1198 3039 sich
1222 3006 1392 3047 &ffitenden
1406 3007 1486 3038 Pass
1506 3014 1552 3039 zu
1566 3006 1792 3038 durchziehen.
1821 3006 1884 3038 Die
1898 3005 1996 3037 Stelle

1132 3057 1187 3088 des
1219 3056 1357 3087 zweiten
1385 3056 1512 3097 Layers
1542 3057 1587 3088 ist
1614 3055 1703 3087 nicht
1730 3057 1792 3088 mit
1819 3054 1997 3087 Sicherheit

1132 3106 1356 3148 aufzuflnden.
1392 3106 1465 3138 Den
1487 3106 1608 3138 dritten
1632 3106 1700 3147 Tay
1720 3105 1798 3137 kam
1817 3112 1897 3136 man
1919 3103 1997 3136 bald

1130 3157 1197 3188 in's
1218 3156 1330 3195 Freie,
1355 3155 1404 3188 bei
1418 3155 1615 3196 Kreuzbury
1629 3156 1699 3187 und
1715 3154 1916 3188 Osterholz.»
1941 3152 1994 3187 cf.

1132 3206 1188 3237 W.
1214 3204 1252 3237 E.
1279 3204 1431 3238 Giefers:
1456 3206 1506 3237 De
1519 3205 1649 3238 Alisone
1664 3204 1795 3236 castello
1810 3203 1912 3243 deque
1929 3203 1996 3236 Va-

1131 3255 1252 3286 rianae
1272 3255 1378 3288 cladis
1391 3254 1462 3287 loco
1477 3255 1716 3286 commentatio.
1738 3269 1773 3275 —
1792 3251 1994 3294 dicebantur]

1133 3304 1292 3345 Namque
1322 3304 1498 3336 exercitus
1528 3304 1705 3336 Romanus
1719 3302 1808 3333 ·tum
1838 3300 1995 3334 nondum

1133 3352 1284 3392 viderat,
1321 3353 1387 3386 sed
1419 3361 1485 3395 per
1517 3352 1647 3386 famam
1680 3351 1816 3384 tantum
1846 3350 1993 3384 sciebat.

1133 3401 1220 3437 Male
1244 3403 1348 3444 igitur
1369 3403 1531 3436 Heinsius
1552 3400 1754 3434 visebantur.
1781 3400 1923 3434 wau-n.
