2254 3770
717 259 871 304 LIBER
898 259 1006 303 xm.
1050 260 1151 317 Cap.
1181 260 1249 303 24.
1281 260 1348 304 25.
1378 260 1446 304 26.
1823 236 1830 248 '
1886 258 1968 302 409

187 382 363 430 quoque
392 367 606 412 licentiam
635 373 677 411 et
705 365 892 410 fautores
921 365 1175 410 histrionum
1201 365 1318 411 velut
1346 366 1388 409 in
1417 366 1580 424 proelia
1609 366 1817 411 convertit
1845 365 1970 423 inpu-

187 446 316 489 nitate
346 450 389 488 et
417 442 619 502 praemiis
648 448 777 501 atque
806 442 900 500 ipse
930 440 1124 486 occultus
1153 447 1196 485 et
1223 441 1479 500 plerumque
1499 455 1646 486 coram
1673 447 1967 500 prospectans,

185 521 324 565 donec
361 517 550 562 discordi
585 516 745 576 populo
784 523 828 561 et
862 517 1070 575 gravioris
1107 522 1249 560 motus
1280 523 1442 561 terrore
1470 531 1557 561 non
1586 516 1700 561 aliud
1730 515 1969 561 remedium

185 600 403 654 repertum
432 599 515 644 est,
547 606 678 651 quam
707 598 754 635 ut
781 591 1010 636 histriones
1039 591 1156 635 Italia
1177 591 1437 650 pellerentur
1456 592 1667 651 milesque
1691 591 1855 636 theatro
1875 577 1978 635 rur-,

183 685 277 715 sum
307 668 536 714 adsideret.
1981 674 2000 703 ⁵

295 745 377 801 (26)
417 745 502 788 Per
537 743 650 787 idem
692 751 860 801 tempus
896 748 1039 787 actum
1076 744 1117 785 in
1157 748 1308 786 senatu
1347 743 1402 787 de
1446 742 1669 787 fraudibus
1706 742 1967 792 libertorum,

183 819 545 877 efflagitatumque
574 825 622 862 ut
650 818 859 863 adversus
888 817 999 862 male
1030 818 1206 862 meritos
1227 819 1495 863 revocandae
1514 818 1722 862 libertatis
1739 818 1807 861 ius
1825 823 1970 875 patro-

181 896 247 939 nis
276 895 462 939 daretur.
494 908 574 938 nec
604 893 783 938 deerant
809 893 883 952 qui
914 900 1152 938 censerent.
1185 893 1264 938 sed
1291 893 1490 937 consules
1511 893 1760 937 relationem
1780 893 1971 951 incipere

180 985 265 1015 non
309 970 403 1014 ausi
448 970 596 1028 ignaro
616 969 853 1031 principe,
899 969 1194 1027 perscripsere
1232 975 1373 1012 tamen
1413 969 1452 1012 ei
1496 982 1755 1012 consensum
1783 974 1970 1012 senatus.

179 1046 213 1103 -1-
242 1045 311 1090 ille
344 1059 398 1089 an
428 1051 578 1088 auctor
607 1044 920 1089 constitutionis
950 1043 1074 1087 fieret
1102 1051 1148 1086 ut
1178 1044 1288 1087 inter
1316 1057 1478 1102 paucos
1498 1050 1540 1087 et
1566 1044 1800 1088 sententiae
1820 1042 1969 1087 adver·
1985 1055 2022 1084 ιο

179 1135 272 1172 sos,
311 1119 570 1179 quibusdam
605 1119 801 1163 coalitam
842 1118 1037 1162 libertate
1068 1119 1397 1162 inreverentiam
1427 1133 1479 1162 eo
1508 1119 1759 1177 prorupisse
1789 1119 1973 1163 fremen-

181 1197 313 1246 tibus,
346 1195 442 1238 vine
473 1209 526 1238 an
557 1208 699 1253 aequo
729 1208 827 1238 cum
856 1194 1047 1252 patronis
1076 1194 1170 1237 iure
1199 1201 1394 1251 agerent,
1427 1195 1680 1238 sententiam
1699 1208 1851 1238 eorum
1869 1207 1972 1238 con-

180 1271 386 1315 sultarent
423 1283 475 1314 ac
503 1269 758 1314 verberibus
800 1283 952 1313 manus
981 1269 1092 1312 ultro
1123 1269 1410 1321 intenderent,
1452 1269 1660 1328 impulere
1689 1269 1757 1314 vel
1786 1283 1970 1328 poenam

267 1419 299 1451 4.
322 1417 423 1450 uelud
449 1418 487 1450 in
511 1416 646 1458 praelia
669 1416 701 1449 M
735 1433 768 1439 —
800 1416 832 1448 7.
857 1419 888 1448 et
913 1415 1171 1458 flagitatumque
1192 1416 1227 1448 M
1256 1432 1292 1438 —
1327 1415 1359 1447 9.
1385 1415 1414 1448 ei
1436 1424 1628 1450 consensum
1650 1415 1826 1449 Pichena:
1860 1413 1971 1449 lesen-

181 1484 255 1508 smn
281 1475 337 1514 Μς
371 1475 407 1507 in
434 1482 628 1506 consensum
658 1472 726 1505 alii.
755 1490 791 1496 —
830 1473 882 1505 40.
907 1473 963 1505 ille
989 1481 1036 1504 an
1058 1473 1481 1505 auctor--dissuadentes
1505 1473 1556 1505 M:
1591 1473 1647 1505 ille
1676 1482 1721 1505 an
1750 1475 1869 1505 auctor
1889 1481 1971 1505 con-

181 1530 360 1565 stitutionis
386 1531 481 1573 fieret
505 1529 670 1562 consuluit
697 1529 784 1561 inter
807 1537 936 1570 paucos
962 1531 993 1561 et
1018 1529 1196 1561 sententiae
1216 1529 1382 1568 diversos,
1407 1528 1668 1571 quibusdam--
1682 1528 1910 1571 frementibus,
1933 1531 1973 1561 ut

176 1588 280 1630 plane
302 1595 409 1629 aequo
431 1595 508 1619 cum
525 1587 680 1627 patronis
701 1587 774 1618 iure
796 1589 950 1628 ayerent,
975 1586 1171 1618 sententiam
1193 1594 1308 1618 eorum
1327 1586 1560 1618 conculcarent
1580 1595 1621 1618 ac
1642 1585 1831 1618 verberibus
1852 1593 1973 1617 manus

181 1644 400 1684 intenderent,
429 1643 563 1684 impune
588 1642 658 1684 sere
687 1642 739 1674 vel
769 1650 913 1682 poenam
940 1642 1165 1674 dissuadentes
1193 1641 1479 1682 Bezzenberger;
1507 1642 1562 1674 ille
1588 1650 1635 1673 an
1663 1645 1782 1674 auctor
1810 1642 1971 1674 constitu—

179 1701 278 1734 tionis
301 1701 394 1743 fleret
422 1708 499 1732 cum
525 1699 613 1732 inter
641 1707 767 1740 paucos
793 1702 824 1731 et
849 1699 1027 1731 sententiae
1052 1698 1198 1731 diversos
1221 1699 1438 1738 consultaret,
1474 1698 1731 1738 quibusdam--
1745 1697 1970 1738 frementibus,

0 1745 4 1772 ¹
179 1760 218 1790 ut
245 1765 287 1789 ne
313 1765 420 1797 aequo
442 1757 575 1797 attidem
597 1764 674 1788 cum
690 1756 845 1796 patronis
864 1755 939 1788 iure
960 1758 1096 1797 agerent
1119 1763 1160 1787 ac
1180 1754 1369 1787 verberibus
1389 1763 1510 1787 manus
1530 1755 1622 1787 ultro
1643 1755 1863 1794 intenderent,
1895 1763 1970 1786 sen-

184 1814 322 1847 tentiam
344 1821 381 1845 eo
402 1812 579 1853 impulere,
610 1814 648 1844 ut
670 1820 815 1853 poenam
837 1811 1053 1843 sanciendam
1074 1811 1226 1843 suaderet
1247 1810 1468 1853 Nipperdey;
1502 1810 1559 1843 ille
1581 1810 1648 1853 [an]
1672 1814 1792 1843 auctor
1812 1810 1971 1843 constitu-

183 1869 284 1902 tionis
310 1869 420 1911 fleret,
454 1871 492 1900 ut
516 1868 605 1900 inter
628 1876 757 1909 paucos
783 1868 813 1900 ei
841 1867 1022 1900 sententiae
1052 1867 1210 1899 adversos
1231 1866 1428 1907 quibusdam
1442 1884 1491 1891 -—
1505 1866 1734 1906 frementibus,
1769 1869 1809 1899 ut
1827 1867 1904 1899 vine
1925 1875 1971 1899 an

184 1934 290 1967 aequo
313 1934 388 1958 cum
404 1925 561 1966 patronis
580 1925 657 1957 iure
678 1927 814 1967 aqerent
837 1924 1043 1966 [sententiam
1064 1923 1190 1966 eorum]
1221 1923 1446 1956 consultarent
1468 1932 1511 1955 ac
1531 1923 1722 1956 verberibus
1741 1932 1862 1956 manus
1881 1923 1971 1955 ultro

181 1982 405 2020 intenderent;
428 1981 583 2022 impetere
602 1982 654 2014 vel
672 1990 816 2022 poenam
836 1989 935 2013 suam
956 1980 1177 2012 dissuadentes
1200 1980 1333 2018 Haase3
1358 1980 1414 2012 ille
1432 1989 1478 2012 an
1493 1982 1613 2012 auctor
1627 1981 1868 2013 constitutionis
1879 1981 1972 2021 tieret

180 2038 380 2071 consultavit
402 2037 489 2070 irater
505 2046 632 2078 paucos
655 2041 686 2070 et
707 2038 885 2071 sententiae
906 2038 1071 2078 diversos,
1104 2036 1300 2078 quibusdam
1313 2055 1332 2061 -
1344 2055 1362 2061 -
1376 2036 1607 2079 frementibus,
1640 2040 1677 2069 ut
1700 2038 1776 2070 vine
1797 2046 1843 2069 an
1865 2046 1971 2077 aequo

180 2103 256 2128 cum
282 2095 435 2136 patronis
463 2095 539 2127 iure
560 2097 713 2137 agerent,
745 2096 769 2136 †
790 2096 986 2128 sententiam
1007 2103 1122 2126 eorum
1143 2094 1371 2127 consultarent
1391 2103 1433 2126 ac
1453 2093 1645 2126 verberibus
1665 2103 1786 2126 manus
1804 2094 1894 2126 ultro
1916 2094 1971 2125 in-

182 2151 366 2190 tenderent,
392 2153 416 2192 †
430 2151 590 2192 intpulere
611 2152 664 2184 vel
680 2156 824 2193 poenam
845 2160 941 2184 suam
963 2151 1188 2184 dissuadentes
1202 2150 1370 2184 Halmius.
1391 2169 1427 2175 —
1454 2152 1507 2184 44.
1531 2148 1682 2184 libertate
1704 2152 1736 2184 M
1755 2168 1789 2174 -
1817 2151 1870 2183 ⁴2.
1888 2159 1971 2192 equo

181 2209 215 2242 Μ
241 2226 277 2232 -
302 2208 356 2241 43.
375 2216 498 2249 penam
518 2208 563 2241 M.
1501 2207 1504 2209 ’

180 2341 254 2373 nus
285 2340 336 2373 m·
362 2339 519 2381 publicae
552 2341 804 2381 adsuescerent,
838 2341 996 2382 protinus
1028 2351 1052 2374 a
1101 2342 1209 2374 Divus
1223 2341 1383 2375 Claudius
1404 2340 1578 2381 libertum,
1602 2317 1661 2382 q'ui
1680 2340 1842 2382 probatus
1857 2340 1972 2381 merae

180 2389 273 2423 virili
301 2392 382 2432 toya
418 2390 525 2422 latum
552 2390 685 2423 clavum
709 2391 846 2423 induere
875 2395 906 2423 et
934 2392 1051 2424 curiae

181 2441 337 2472 interesse
357 2441 511 2480 permisit
534 2440 592 2481 (ita
615 2438 767 2478 scilicet,
795 2442 836 2472 ut
858 2442 1050 2474 sententias

182 2490 248 2532 ipsi
272 2488 429 2522 nondum
445 2489 627 2528 dicerent).
653 2490 775 2531 ltaque
790 2490 976 2523 Montanus
997 2491 1052 2522 la·

182 2539 339 2572 ticlavius
358 2534 508 2571 vocatur
522 2547 542 2571 a
560 2539 726 2571 Suetonio
742 2540 823 2572 Ner.
841 2539 900 2572 26:
929 2548 952 2571 a
967 2547 1052 2579 quo-

183 2589 262 2621 dam
287 2589 476 2628 laticlavia,
508 2590 604 2621 cuius
633 2597 776 2621 uxorem
798 2592 1051 2629 attrectaverat,

177 2648 283 2681 prope
305 2640 350 2671 ad
371 2647 482 2672 necem
501 2647 627 2672 caesus.
649 2656 684 2662 —
704 2640 872 2680 oraverat]
896 2640 919 2672 i.
937 2649 970 2672 e.
987 2648 1053 2672 ve-

184 2692 279 2724 niam
295 2692 502 2732 rogaverat,
526 2690 740 2732 deprecatus
756 2693 843 2723 erat.
865 2709 899 2714 —
922 2691 1059 2731 pleros-³

184 2741 256 2783 que]
281 2741 303 2774 i.
322 2750 355 2774 e.
379 2740 590 2783 permultos.
611 2759 646 2764 —
665 2741 820 2783 sinerent]
836 2750 907 2774 non
923 2741 1053 2773 adver-

184 2792 300 2824 terent
330 2799 448 2833 neque
478 2800 517 2824 se
543 2791 797 2824 immiscerent.
825 2809 861 2815 —
887 2792 1054 2823 ludicram

183 2849 215 2881 q.
241 2841 409 2874 licentiam
429 2844 461 2873 et
481 2841 630 2881 fautores
655 2840 868 2882 histrionum]
897 2840 984 2873 lllud
1007 2840 1052 2872 ad

184 2889 286 2923 ludos
310 2892 508 2928 circenses,
543 2890 613 2923 hoc
644 2889 689 2922 ad
719 2891 880 2923 scenicos
903 2891 1051 2932 spectat.

186 2939 237 2973 Cf.
264 2940 295 2979 4,
321 2939 362 2971 ’16
388 2941 424 2971 et
445 2940 500 2978 77,
525 2948 607 2972 mox
631 2948 662 2972 c.
688 2940 743 2972 28.
769 2940 964 2973 Gronovius
980 2940 1054 2982 qui-

185 2989 269 3022 dem
302 2997 368 3031 per
401 2985 443 3020 ἓν
475 2986 540 3022 διὰ
570 2987 679 3022 δυοῖν
712 2989 962 3031 interpretatus
1000 2992 1056 3022 est

185 3039 364 3072 licentiam
387 3038 558 3071 ludicram
581 3039 758 3071 fautorum
785 3038 1052 3071 histrionalium.

190 3107 225 3112 -
243 3092 282 3120 ut
302 3088 475 3120 histriones
495 3088 597 3120 Italia
610 3088 825 3130 pellerentur]
843 3097 913 3120 non
929 3097 1055 3121 omnes

188 3140 349 3179 omnino,
366 3137 431 3171 sed
448 3138 508 3180 qui
522 3137 709 3170 turbarum
725 3140 889 3170 auctores
903 3137 959 3170 vel
974 3147 1056 3171 cau-

188 3197 248 3221 sae
270 3188 508 3221 habebantur.
534 3188 641 3220 Dosn.

232 3238 288 3270 26.
312 3238 522 3270 revocandae
543 3237 705 3270 libertatis
721 3236 784 3278 ius]
809 3237 887 3269 Non
902 3245 986 3278 ergo
1002 3246 1057 3269 ra-

190 3289 265 3320 tum
298 3286 432 3320 Claudii
465 3287 651 3326 iudicium,
687 3286 747 3327 qui
778 3287 932 3327 inyratos
958 3289 990 3319 et
1017 3287 1056 3319 de

192 3338 309 3378 quibus
327 3339 463 3379 patroni
483 3340 712 3380 quererentur,
735 3338 907 3370 revocavit
927 3338 963 3369 in
983 3345 1055 3369 ser-

191 3387 327 3421 vitutem
362 3389 506 3422 Sueton.
530 3389 584 3421 25.
611 3387 673 3434 (Cf.
700 3387 830 3428 Digest.
855 3386 910 3428 37,
936 3386 989 3427 44,
1013 3388 1053 3420 5:

1096 2395 1242 2432 patrono
1275 2391 1438 2423 delatores
1470 2391 1687 2431 summisisse,
1723 2391 1779 2431 qui
1813 2391 1852 2423 de
1880 2393 1971 2422 statu

1101 2443 1173 2474 eius
1193 2441 1342 2482 facerent
1363 2441 1394 2473 ei
1416 2440 1660 2481 quaestionem,
1684 2449 1817 2473 servum
1832 2441 1971 2481 patroni

1101 2500 1168 2524 esse
1195 2492 1304 2523 iussit.
1342 2490 1393 2523 Cf.
1418 2491 1482 2523 Dio
1506 2491 1560 2529 60,
1586 2490 1653 2531 43.)
1687 2490 1856 2523 Iudicavit
1886 2499 1970 2532 ergo

1103 2540 1247 2582 quidem
1262 2541 1308 2572 ita
1326 2539 1510 2580 Claudius,
1535 2540 1600 2573 sed
1615 2540 1651 2573 in
1668 2539 1804 2582 legibus
1820 2542 1856 2573 et
1870 2549 1969 2573 more

1101 2591 1260 2623 Romano
1283 2588 1377 2622 aliud
1393 2590 1466 2622 tuit.
1493 2591 1579 2622 Lirs.
1601 2607 1637 2613 —
1655 2591 1711 2623 sed
1725 2591 1872 2623 consules
1887 2593 1968 2634 cet]

1102 2638 1268 2672 Similiter
1297 2639 1386 2672 infra
1411 2639 1464 2677 44,
1490 2638 1550 2672 49:
1584 2643 1621 2672 at
1648 2641 1797 2673 consules
1811 2642 1971 2683 perficere

1102 2690 1269 2722 decretum
1296 2693 1429 2722 senatus
1457 2698 1525 2722 non
1547 2691 1623 2722 ausi
1645 2691 1685 2723 de
1705 2700 1864 2724 consensu
1884 2691 1970 2723 scri—

1096 2749 1195 2781 psere
1217 2740 1364 2773 Caesari.
1389 2740 1447 2772 Ille
1462 2741 1548 2772 inter
1567 2741 1730 2781 pudorem
1743 2745 1774 2774 et
1787 2743 1877 2774 iram
1890 2750 1971 2773 cun-

1102 2794 1227 2829 ctatus,
1256 2793 1424 2831 postremo
1455 2790 1623 2831 rescripsit
1656 2792 1723 2824 cet.
1770 2792 1843 2824 Iam
1877 2800 1969 2832 quae

1103 2842 1300 2883 sequuntur
1322 2840 1412 2873 adeo
1436 2842 1602 2883 corrupta
1626 2843 1725 2882 sunt,
1748 2843 1787 2874 ut
1802 2850 1869 2874 nec
1885 2842 1969 2874 satis

1104 2890 1270 2932 explicari
1300 2899 1416 2931 neque
1439 2893 1536 2922 certa
1566 2891 1700 2924 ratione
1723 2892 1858 2924 restitui
1880 2900 1971 2933 que-

1104 2943 1183 2978 ant3
1217 2939 1253 2972 id
1275 2948 1386 2972 unum
1409 2939 1634 2973 manifestum
1658 2942 1731 2980 est,
1763 2941 1881 2974 omnia
1904 2941 1969 2973 ista

1105 2999 1174 3023 non
1205 2992 1283 3022 acta
1314 2990 1348 3021 in
1373 2991 1499 3022 senatu
1522 2998 1619 3030 esse,
1655 2991 1718 3024 sed
1742 2992 1776 3023 in
1801 2991 1969 3032 principis

1105 3038 1251 3071 consilio
1281 3038 1487 3072 deliberata.
1522 3058 1558 3063 —
1591 3040 1767 3082 coalitam]
1795 3040 1968 3073 artissime

1105 3091 1260 3121 iunctam
1290 3097 1332 3122 ac
1360 3091 1547 3131 propterea
1578 3089 1820 3122 confirmatam
1847 3092 1883 3122 et
1905 3098 1970 3122 au-

1106 3141 1216 3178 ctam,
1240 3141 1281 3171 ut
1303 3138 1363 3179 ⁴4,
1383 3140 1396 3171 4
1412 3149 1420 3171 :
1446 3141 1570 3173 coalita
1582 3144 1744 3173 vetustate
1757 3142 1888 3181 imperii
1903 3150 1970 3174 au-

1105 3190 1216 3221 dacia.
1234 3189 1320 3221 Hist.
1334 3189 1367 3228 4,
1385 3190 1445 3222 55:
1464 3191 1588 3222 coalita
1602 3190 1751 3223 libertate
1765 3192 1971 3231 dispecturas

1107 3238 1238 3270 Gallias
1252 3239 1321 3270 cet.
1338 3240 1482 3281 Sumpta
1500 3240 1706 3281 metaphora
1723 3239 1768 3272 ab
1781 3240 1968 3275 arboribus

1106 3288 1142 3319 et
1170 3286 1316 3330 plantis,
1347 3297 1438 3330 quae
1469 3289 1647 3321 coalescere
1677 3289 1854 3330 dicuntur,
1886 3299 1967 3324 eum

1106 3337 1286 3371 radicibus
1320 3340 1560 3373 adhaeserunt
1591 3341 1708 3372 terrae
1741 3349 1858 3382 neque
1881 3350 1968 3374 con-

1103 3386 1184 3421 velli
1210 3392 1370 3432 possunt.
1402 3391 1481 3423 Em«.
1517 3408 1552 3413 —
1583 3392 1964 3436 manus-intenderent]
