2254 3770
755 275 910 319 LIBER
937 275 1002 319 vl.
1046 274 1147 332 Cap.
1178 276 1217 318 5.
1248 276 1286 319 6.
1316 275 1356 318 7.
1879 270 1962 316 273

182 383 362 442 perdant
399 395 530 440 quam
565 382 707 439 perire
742 395 811 425 me
848 382 1003 425 cotidie
1049 381 1204 431 sentio,
1245 381 1279 424 si
1316 381 1444 425 scio.»
1479 379 1589 424 adeo
1618 379 1804 423 facinora
1834 384 1962 436 atque

183 458 339 516 flagitia
368 471 446 501 sua
475 457 556 515 ipsi
577 471 751 515 quoque
783 457 823 499 in
854 456 1109 514 supplicium
1139 463 1363 500 verterant.
1394 470 1536 515 neque
1562 456 1715 500 frustra
1744 461 1963 513 praestan-

182 534 369 578 tissimus
399 532 633 590 sapientiae
663 532 834 575 firmare
862 531 1010 575 solitus
1032 539 1107 582 est,
1139 531 1174 574 si
1196 531 1469 575 recludantur
1488 538 1766 591 tyrannorum
1786 536 1962 580 mentes,

181 622 310 667 posse
341 607 473 665 aspici
503 607 682 651 laniatus
712 613 753 650 et
783 607 902 657 ictus,
934 606 1107 665 quando
1137 613 1183 649 ut
1203 620 1384 664 corpora
1403 607 1668 657 verberibus,
1700 606 1757 650 ita
1777 606 1962 655 saevitia,

181 683 376 733 libidine,
416 681 538 726 malis
575 682 778 727 consultis
815 682 982 725 animus
1013 681 1283 725 dilaceretur.
1328 682 1488 740 quippe
1519 682 1733 726 Tiberium
1766 696 1851 725 non
1882 681 1999 726 for-5

182 766 302 807 tuna,
346 772 429 802 non
468 757 719 802 solitudines
753 756 1034 815 protegebant
1063 758 1165 815 quin
1196 764 1404 800 tormenta
1438 757 1624 815 pectoris
1654 771 1842 815 suasque
1873 757 1965 814 ipse

181 848 342 893 poenas
363 834 577 878 fateretur.
618 834 670 890 (7)
700 839 789 876 tum
819 832 925 876 facta
955 831 1146 890 patribus
1177 839 1385 890 potestate
1415 832 1626 876 statuendi
1647 833 1701 877 de
1724 831 1964 877 Caeciliano

180 917 397 961 senatore,
437 909 510 967 qui
549 908 731 966 plurima
766 907 992 952 adversum
1025 908 1188 952 Cottam
1223 915 1510 966 prompserat,
1554 909 1754 966 placitum
1784 908 1966 952 eandem

180 999 364 1043 poenam
395 984 576 1040 inrogari
608 998 738 1042 quam
768 984 810 1026 in
839 983 1066 1027 Aruseium
1095 990 1136 1027 et
1174 984 1469 1042 Sanquinium,
1511 991 1784 1028 accusatores
1813 985 1858 1028 L.
1889 986 1965 1028 Ar-

180 1061 330 1113 runtii;
368 1074 454 1118 quo
484 1073 568 1102 non
599 1058 712 1102 aliud
745 1058 1090 1102 honorificentius
1122 1059 1267 1103 Cottae
1299 1060 1454 1110 evenit,
1489 1060 1563 1118 qui
1592 1059 1747 1103 nobilis
1777 1059 1963 1118 quidem,
1980 1077 2016 1106 ιο

182 1143 248 1180 set
277 1149 408 1193 egens
438 1135 494 1178 ob
528 1135 693 1185 luxum,
731 1149 808 1192 per
841 1134 999 1193 flagitia
1038 1135 1223 1185 infamis,
1265 1135 1543 1179 sanctissimis
1582 1135 1766 1179 Arruntii
1805 1134 1965 1179 artibus

183 1210 387 1268 dignitate
418 1210 588 1254 ultionis
619 1211 896 1269 aequabatur.

298 1287 347 1339 Q.
378 1287 591 1330 Servaeus
617 1286 794 1344 posthac
816 1292 858 1329 et
878 1286 1084 1330 Minucius
1105 1285 1309 1330 Thermus
1328 1286 1499 1338 inducti,
1532 1287 1746 1331 Servaeus
1765 1293 1966 1345 praetura

184 1361 350 1406 functus
381 1369 423 1406 et
451 1362 667 1420 quondam
701 1361 940 1405 Germanici
971 1375 1135 1411 comeS,
1168 1362 1375 1406 Minucius
1406 1362 1595 1420 equestri
1624 1362 1740 1413 loco,
1773 1362 1965 1407 modeste

184 1436 326 1481 habita
356 1437 499 1481 Seiani
530 1437 733 1489 amicitia;
765 1437 878 1481 unde
910 1436 990 1480 illis
1022 1437 1156 1480 maior
1185 1437 1413 1481 miseratio.
1446 1444 1592 1482 contra
1618 1438 1810 1482 Tiberius
1840 1452 2016 1496 prae—⁴5

183 1513 333 1571 cipuos
363 1512 417 1556 ad
447 1512 611 1557 scelera
641 1514 877 1570 increpans,
909 1512 1129 1556 admonuit
1156 1513 1201 1557 C.
1224 1513 1412 1557 Cestium
1440 1520 1606 1571 patrem
1625 1513 1770 1558 dicere
1800 1514 1965 1558 senatui

183 1602 295 1646 quae
326 1588 406 1632 sibi
437 1588 701 1645 scripsisset;
741 1587 1016 1646 suscepitque
1052 1588 1218 1631 Cestius
1255 1590 1584 1633 accusationem.
1634 1590 1748 1647 quod
1784 1590 1966 1634 maxime

183 1662 396 1707 exitiabile
424 1663 560 1707 tulere
590 1662 660 1706 illa
689 1670 893 1721 tempora,
929 1677 1027 1707 cum
1054 1663 1265 1720 primores
1295 1671 1468 1708 senatus
1499 1663 1663 1708 infimas
1694 1665 1821 1709 etiam
1853 1665 1968 1709 dela-

182 1740 319 1784 tiones
350 1746 611 1790 exercerent,
643 1738 713 1782 alii
742 1738 976 1797 propalam,
1005 1738 1124 1782 multi
1152 1753 1231 1797 per
1260 1739 1497 1792 occultum3
1529 1754 1670 1799 neque
1696 1741 1966 1785 discerneres

249 1899 282 1931 4.
307 1906 410 1939 quam
436 1898 553 1931 cotidie
577 1898 690 1939 perire
711 1899 813 1931 sentio
835 1898 1032 1931 Suetonius.
1060 1916 1096 1921 —-
1129 1897 1161 1930 3.
1187 1898 1368 1940 adfirmare
1390 1899 1566 1939 Muretus3
1599 1900 1635 1931 at
1655 1908 1691 1932 v.
1716 1900 1747 1937 4.
1772 1900 1826 1933 84.
1852 1900 1884 1938 6,
1909 1900 1964 1934 28.

184 1954 239 1987 50.
264 1954 350 1987 Hist.
375 1954 413 1994 2,
439 1954 471 1987 9.
499 1971 533 1977 -
561 1943 771 1987 tirannorum
800 1955 832 1988 M
867 1973 901 1978 -
933 1954 964 1988 4.
984 1953 1097 1987 Habet
1119 1955 1253 1995 quando
1276 1954 1441 1988 omnibus
1464 1954 1587 1988 litteris
1609 1956 1642 1988 M
1668 1973 1704 1979 -
1728 1957 1849 1989 seuitia
1870 1957 1903 1990 M
1928 1974 1965 1980 —-

185 2010 218 2043 6.
243 2010 336 2051 quiin
357 2011 391 2043 M
415 2028 452 2034 —
478 2011 509 2043 7.
529 2011 715 2044 Caeciliano
738 2011 891 2053 Lipsius:
916 2011 1095 2043 caesiliano
1117 2011 1168 2049 M;
1195 2011 1229 2044 C.
1256 2011 1444 2044 Caeciliano
1467 2012 1660 2045 Wurmius.
1690 2030 1725 2035 —
1751 2013 1782 2046 9.
1799 2012 1969 2046 Aruleium

185 2066 368 2100 Reinesius
393 2065 481 2108 (coll.
508 2068 603 2100 Grut.
629 2067 705 2107 964,
730 2066 779 2108 6);
804 2067 889 2099 item
914 2075 944 2100 c.
970 2066 1023 2099 40.
1045 2084 1082 2090 —
1107 2068 1331 2109 sanqunnium
1353 2077 1407 2110 pr.
1433 2069 1466 2102 M
1492 2086 1528 2092 -
1555 2069 1607 2101 42.
1632 2069 1751 2102 ultioni
1773 2069 1969 2111 sequebatur

185 2123 219 2156 M
242 2123 387 2163 (ultionis
408 2123 618 2164 aequabatur
632 2122 765 2165 margo)
791 2141 826 2146 —-
852 2123 906 2156 43.
931 2125 1091 2157 minutius
1113 2125 1164 2164 M;
1190 2124 1256 2157 sed
1278 2133 1311 2158 v.
1337 2124 1379 2158 44
1401 2125 1575 2158 minucius.

229 2260 261 2293 6.
286 2260 368 2301 quid
387 2259 531 2293 scribam
551 2260 642 2293 vobis
664 2260 752 2302 cet.]
784 2260 917 2294 Eadem
941 2260 1051 2294 verba

185 2308 318 2342 rettulit
340 2311 527 2343 Suetonius
550 2311 584 2344 iu
608 2311 678 2343 vita
700 2310 847 2351 Tiberii,
873 2319 905 2343 c.
931 2311 983 2343 67.
1013 2328 1047 2334 —-

182 2360 488 2399 praestantissimus
510 2360 703 2401 sapientiae]
728 2361 900 2393 Socrates.
928 2360 1051 2393 Cicero

186 2409 262 2442 Cat.
279 2409 361 2442 mai.
381 2418 412 2442 c.
431 2410 467 2442 24
486 2420 493 2442 :
517 2410 558 2451 is,
583 2411 641 2451 qui
664 2413 742 2443 esset
761 2411 907 2443 omnium
920 2411 1052 2451 sapien-

186 2458 328 2491 tissimus
343 2459 478 2491 oraculo
493 2459 651 2501 Apollinis
664 2460 838 2493 iudicatus.
859 2477 894 2483 —
915 2461 1054 2501 firmare

185 2508 299 2541 solitus
327 2512 373 2541 est
400 2509 482 2552 cet.]
516 2511 669 2552 Respicit
699 2510 744 2543 ad
774 2509 924 2544 Platonis
948 2511 1050 2551 Gorg.

1101 2261 1244 2305 θυμίας
1260 2258 1339 2295 οὐδ’
1357 2258 1574 2297 ὁπωστιοῦν
1588 2259 1849 2307 ἀποπιμπλάς,
1871 2261 1968 2298 ἀλλὰ

1103 2312 1287 2347 πλείστων
1310 2312 1573 2357 ἐπιδεέστατος
1594 2315 1659 2348 καὶ
1680 2316 1796 2359 πένης
1809 2314 1855 2361 τῇ
1871 2311 1967 2359 ἀλη-

1102 2364 1190 2408 θείᾳ
1212 2365 1408 2406 φαίνεται,
1441 2362 1509 2398 ἐάν
1530 2375 1588 2407 τις
1609 2360 1704 2409 ὅλην
1727 2362 1863 2409 ψυχὴν
1885 2365 1967 2399 ἐπί-

1103 2423 1239 2457 στηται
1261 2411 1493 2457 θεάσασθαι,
1517 2416 1583 2448 καὶ
1606 2414 1737 2456 φόβου
1761 2417 1886 2460 γέμων
1906 2413 1969 2449 διὰ

1103 2461 1245 2506 παντὸς
1267 2463 1335 2498 τοῦ
1358 2463 1461 2506 βίου,
1485 2464 1727 2508 σφαδασμῶν
1742 2475 1782 2499 τε
1797 2467 1861 2499 καὶ
1879 2462 1967 2500 ὀδυ-

1103 2513 1178 2547 νῶν
1207 2511 1364 2562 πλήρης.
1402 2515 1500 2549 Adde
1531 2517 1603 2549 Cic.
1639 2516 1684 2550 de
1716 2517 1811 2550 offic.
1844 2516 1876 2556 3,
1905 2518 1964 2550 2⁴:

185 2566 222 2600 p.
238 2557 303 2592 524
325 2558 370 2591 E:
397 2554 419 2590 ὁ
439 2555 703 2603 Ῥαδάμανθυς
725 2558 864 2593 θεᾶται
886 2558 1052 2592 ἑκάστου

185 2604 258 2650 τὴν
280 2605 435 2651 ψυχήν,
468 2605 540 2643 οὐκ
563 2606 672 2651 εἰδώς
694 2605 786 2643 ὅτου
810 2609 931 2650 ἐστίν,
957 2604 1054 2641 ἀλλὰ

187 2655 370 2700 πολλάκις
402 2657 470 2693 τοῦ
504 2658 673 2704 μεγάλου
706 2659 895 2701 βασιλέως
923 2658 1054 2693 ἐπιλα-

185 2705 388 2750 βόμενος’
369 2705 396 2752 η“
410 2704 529 2743 ἄλλου
553 2707 717 2744 ὁτουοῦν
735 2709 923 2751 βασιλέως
946 2706 973 2753 ἧ
987 2708 1054 2742 δυ-

185 2756 330 2791 νάστου
354 2758 524 2793 κατεῖδεν
547 2756 659 2794 οὐδὲν
682 2757 784 2805 ὑγιὲς
807 2757 852 2794 ὂν
883 2758 952 2803 τῆς
973 2764 1054 2802 ψυ-

185 2806 273 2851 χῆς,
297 2804 395 2841 ἀλλὰ
417 2807 825 2854 διαμεμαστιγωμένην
847 2811 912 2843 καὶ
930 2807 1054 2843 οὐλῶν

184 2854 331 2901 μεστὴν
365 2855 441 2893 ὑπὸ
478 2859 680 2918 ἐπιορκιῶν
716 2861 780 2894 καὶ
819 2856 991 2901 ἀδικίας,
1028 2855 1054 2892 ἃ

187 2905 338 2952 ἑκάστῳ
373 2905 398 2951 ἡ
434 2907 567 2956 πρᾶξις
591 2907 710 2944 αὐτοῦ
734 2907 977 2969 ἐξωμόρξατο
1000 2909 1053 2950 εἰς

185 2953 257 2999 τὴν
279 2955 435 3001 ψυχήν,
459 2961 525 2993 καὶ
547 2958 672 2993 πάντα
695 2957 832 2993 σκολιὰ
855 2969 930 2993 υπο
953 2956 1054 3002 ψεύ-

186 3005 278 3048 δους
306 3008 372 3041 καὶ
401 3004 623 3052 ἀλαζονείας
653 3011 719 3043 καὶ
741 3006 852 3043 οὐδὲν
875 3005 968 3043 εὐθὺ
991 3005 1054 3042 διὰ

186 3053 232 3089 τὸ
262 3067 354 3091 ανευ
382 3054 566 3102 ἀληθείας
599 3057 839 3107 τεθράφθαι·
877 3060 942 3092 καὶ
977 3055 1053 3092 ὑπὸ

187 3104 366 3149 ἐξουσίας
402 3109 469 3142 καὶ
503 3107 652 3156 τρυφῆς
666 3071 752 3142 ζ,καὶ
799 3104 944 3155 ὕβρεως
988 3109 1054 3142 καὶ

188 3152 371 3203 ἅκρατίας
405 3156 480 3191 τῶν
514 3157 686 3206 πράξεων
719 3155 981 3216 ἀσυμμετρίας
1013 3167 1074 3191 τε

188 3208 255 3240 καὶ
291 3206 547 3254 αἰσχρότητος
580 3210 774 3267 γέμουσαν
809 3205 880 3251 τὴν
917 3204 1053 3250 ψυχὴν

191 3254 296 3290 εἶδεν.
339 3258 437 3292 Polit.
463 3259 483 3292 9
516 3268 550 3302 p.
576 3259 639 3292 579
663 3259 709 3292 D:
744 3252 871 3290 οἙστω
879 3267 976 3316 αρα
1005 3254 1050 3303 τῇ

192 3302 353 3352 ἀληθείᾳ
375 3305 398 3341 ὁ
421 3307 472 3352 τῷ
497 3304 579 3342 ὄντι
599 3306 783 3355 τύραννος
805 3305 856 3351 τῷ
875 3303 956 3340 ὅντι
970 3292 1054 3340 60²⁵)-

193 3353 258 3397 λος
284 3354 352 3399 τὰς
379 3358 562 3401 μεγίστας
592 3358 758 3399 θωπείας
788 3358 852 3390 καὶ
881 3355 1053 3398 δουλείας

194 3405 258 3438 καὶ
272 3403 391 3449 κόλαξ
404 3405 480 3440 τῶν
495 3405 785 3455 πονηροτάτων·
810 3406 875 3441 καὶ
889 3403 958 3448 τὰς
972 3406 1053 3441 ἐπι-

264 3466 406 3502 'uenus
425 3470 452 3503 1.

1102 2565 1197 2597 Hunc
1231 2568 1268 2597 tu
1300 2574 1385 2606 quas
1416 2566 1632 2599 conscientiae
1666 2566 1754 2599 labes
1787 2567 1822 2599 in
1856 2567 1968 2599 animo

1103 2623 1209 2648 censes
1230 2615 1405 2649 habuisse?
1427 2624 1514 2658 quae
1533 2616 1700 2650 vulnera?

1146 2715 1178 2747 7.
1203 2717 1412 2747 accusatores
1432 2715 1470 2747 L.
1487 2714 1650 2756 Arruntii]
1674 2715 1725 2747 De
1741 2715 1893 2748 Arruntii
1911 2723 1968 2748 ac-

1104 2765 1284 2797 cusatione
1306 2763 1388 2797 nibil
1406 2765 1460 2797 est
1474 2765 1511 2796 in
1525 2763 1635 2803 libris,
1661 2764 1720 2806 qui
1738 2773 1830 2797 nunc
1846 2773 1968 2807 super-

1104 2815 1196 2846 sunt.
1225 2831 1260 2836 —
1288 2815 1325 2854 Q.
1352 2813 1525 2854 Servaeus]
1552 2813 1604 2846 Cf.
1629 2814 1661 2853 3,
1688 2814 1741 2846 43.
1770 2832 1802 2839 -
1831 2813 1967 2855 inducti]

1104 2863 1276 2902 accusati3
1303 2863 1444 2905 proprie
1467 2865 1587 2896 tamen
1605 2862 1737 2896 inducti
1753 2864 1789 2897 in
1804 2865 1967 2897 senatum

1104 2912 1150 2945 ad
1173 2921 1318 2946 causam
1341 2912 1539 2946 dicendam.
1570 2912 1695 2955 Appul.
1721 2914 1860 2947 Metam.
1886 2913 1906 2945 3
1928 2922 1964 2955 p.

1105 2962 1184 2995 ⁴85:
1215 2971 1292 2995 rous
1321 2963 1439 3003 capitis
1458 2962 1609 2995 inducor.
1645 2964 1851 2996 Ammianus
1874 2964 1966 2996 Mar-

1105 3010 1181 3044 cell.
1207 3012 1265 3052 22,
1291 3011 1330 3045 3:
1354 3012 1398 3044 Et
1419 3015 1497 3045 acta
1517 3021 1617 3053 super
1638 3022 1675 3045 oo
1696 3016 1789 3054 qesta
1810 3022 1875 3044 non
1897 3013 1968 3047 sino

1103 3070 1225 3102 magno
1247 3061 1438 3103 legebantur
1457 3062 1612 3102 horrore,
1641 3071 1715 3094 cum
1737 3063 1772 3094 id
1791 3062 1967 3095 voluminis

1099 3110 1222 3151 publici
1245 3112 1422 3144 contineret
1443 3112 1639 3145 eoeordium:
1664 3111 1842 3144 Consulatu
1865 3111 1965 3144 Tauri

1103 3163 1134 3192 et
1155 3160 1312 3193 Florentii
1332 3161 1464 3193 inducto
1479 3161 1537 3193 sub
1558 3160 1774 3201 praeconibus
1790 3160 1909 3193 Tauro.
1925 3177 1961 3184 —

1104 3208 1139 3241 C.
1165 3209 1305 3243 Cestium
1326 3210 1475 3252 patrem]
1510 3210 1594 3242 Vide
1618 3209 1663 3241 ad
1685 3209 1717 3247 3,
1743 3209 1796 3242 36.
1835 3211 1967 3243 «Patris

1104 3260 1245 3292 nomine
1275 3260 1382 3293 etiam
1412 3269 1431 3292 a
1455 3261 1587 3292 Seneca
1613 3259 1777 3291 Controv.
1803 3258 1845 3292 44»
1867 3261 1963 3294 med.

1104 3310 1323 3343 nominatur:
1348 3310 1470 3343 Cestius
1485 3311 1587 3349 pater
1604 3308 1714 3348 patris
1735 3307 1845 3341 aiebat
1859 3310 1964 3343 simu-

1101 3358 1257 3391 lationem
1283 3359 1443 3392 tuaeuriae
1463 3357 1714 3399 significandam
1734 3358 1842 3399 magis
1863 3368 1965 3399 quam

1098 3409 1329 3451 profitendam.
1365 3408 1446 3441 Eius
1466 3406 1573 3446 filius,
1595 3405 1741 3447 opinor,
1766 3405 1830 3440 fult
1850 3407 1880 3441 is
1903 3409 1963 3450 qui

1626 3464 1681 3508 48
