2254 3770
265 301 347 347 4⁴2
750 309 795 351 P.
826 307 1077 352 coRNaLn
1106 308 1275 354 mem
1304 279 1573 355 ANNALmM

266 410 373 454 intra
403 411 580 457 domum
609 427 687 472 pro
718 419 928 472 potestate
952 414 1243 466 adverterent,
1275 429 1385 460 neve
1404 415 1578 461 multam
1600 416 1654 461 ab
1673 417 1725 462 iis
1746 417 1901 462 dictam
1920 431 2054 477 quae-

266 491 404 530 stores
435 489 588 532 aerarii
619 489 662 532 in
691 488 885 547 publicas
916 489 1080 534 tabulas
1110 497 1207 534 ante
1237 497 1439 549 quattuor
1462 505 1635 536 menses
1655 492 1879 546 referrent;
1910 493 2053 538 medio

266 562 470 619 temporis
507 570 654 608 contra
690 563 836 608 dicere
877 564 1045 617 liceret,
1087 565 1229 623 deque
1267 580 1320 610 eo
1352 566 1550 611 consules
1580 573 1824 612 statuerent.
1868 567 2055 613 cohibita

266 637 398 681 artius
428 644 470 681 et
499 638 702 683 aedilium
730 645 940 697 potestas,
973 646 1263 698 statutumque
1284 649 1489 699 quantum
1509 642 1697 695 curules,
1728 650 1933 702 quantum
1961 642 2055 702 ple-

235 711 334 756 ³bei
356 713 546 771 pignoris
568 721 770 772 caperent
788 715 857 759 vel
881 729 1048 774 poenae
1070 716 1319 774 irrogarent.
1351 723 1393 761 et
1412 717 1634 762 Helvidius
1654 718 1836 769 Priscus,
1858 718 2054 763 tribunus

265 787 334 845 pl„
359 788 569 834 adversus
590 789 893 834 Obultronium
914 791 1130 842 Sabinum,
1155 793 1307 836 aerarii
1329 799 1616 850 quaestorem,
1639 793 1931 838 contentiones
1955 807 2056 853 pro-

265 863 381 921 prias
412 865 620 917 exercuit,
652 872 869 924 tamquam
899 867 966 910 ius
993 866 1141 911 hastae
1161 867 1370 911 adversus
1391 867 1543 925 inopes
1565 868 1845 912 inclementer
1864 874 2054 927 augeret.

266 938 365 982 dein
394 940 594 999 princeps
624 955 772 985 curam
802 941 1043 986 tabularum
1072 942 1337 1000 publicarum
1369 956 1394 986 a
1415 943 1717 1001 quaestoribus
1738 943 1791 987 ad
1816 943 2056 1001 praefectos

265 1014 486 1058 transtulit.
533 1016 613 1073 (29)
644 1017 762 1061 varie
792 1017 935 1062 habita
963 1031 1014 1062 ac
1045 1031 1176 1075 saepe
1206 1024 1363 1062 mutata
1393 1019 1488 1062 eius
1517 1019 1578 1062 rei
1610 1018 1757 1062 forma.
1795 1032 1894 1063 nam
1914 1021 2057 1078 Augu-

213 1094 252 1124 μ40
266 1095 357 1133 stus
397 1093 562 1134 senatui
598 1093 791 1149 permisit
830 1092 1020 1150 deligere
1061 1092 1323 1150 praefectos;
1364 1093 1522 1137 deinde
1559 1093 1719 1137 ambitu
1757 1093 2056 1153 suffragiorum

266 1171 485 1222 suspecto,
518 1173 634 1211 sorte
664 1167 932 1212 ducebantur
961 1182 1014 1212 ex
1044 1182 1224 1211 numero
1254 1174 1501 1226 praetorum
1522 1168 1595 1227 qui
1617 1177 1883 1227 praeessent.
1914 1183 2055 1228 neque

267 1239 307 1283 id
347 1239 420 1283 diu
462 1242 634 1291 mansit,
677 1244 779 1301 quia
822 1257 916 1287 sors
955 1243 1183 1287 deerrabat
1214 1243 1266 1287 ad
1304 1257 1456 1302 parum
1485 1243 1679 1287 idoneos.
1725 1250 1825 1288 tunc
1855 1229 2057 1289 Claudius

266 1322 520 1374 quaestores
549 1314 721 1361 ¹rursum
752 1318 973 1377 imposuit,
1018 1319 1176 1377 iisque,
1208 1332 1262 1362 ne
1291 1325 1408 1362 metu
1439 1318 1723 1363 offensionum
1752 1319 1925 1376 segnius
1955 1333 2056 1364 con-

333 1451 364 1482 ⁴.
391 1450 603 1484 aduerterent
623 1453 675 1485 M:
711 1452 1014 1485 animadverterent
1036 1451 1102 1485 alii.
1138 1451 1188 1485 Cf.
1214 1452 1254 1492 2,
1279 1451 1333 1485 32.
1365 1451 1396 1491 3,
1422 1452 1476 1485 52.
1502 1451 1534 1492 4,
1560 1451 1601 1484 35
1625 1453 1662 1484 et
1683 1451 1738 1485 54.
1763 1453 1796 1493 5,
1822 1452 1854 1486 9.
1879 1453 1912 1492 6,
1937 1452 1991 1486 40.
2017 1469 2054 1476 -

265 1505 307 1538 ab
329 1506 378 1538 his
402 1507 434 1539 M
467 1524 504 1531 -
539 1508 571 1541 2.
596 1508 700 1541 erarii
722 1509 755 1542 M
789 1526 823 1532 —-
858 1509 890 1541 3.
916 1506 985 1542 εόε.
1012 1511 1043 1542 Μ
1076 1527 1110 1533 -
1144 1509 1176 1542 4.
1202 1512 1390 1550 statumque
1412 1517 1465 1551 pr.
1491 1509 1525 1541 M
1551 1525 1587 1531 —
1612 1509 1645 1541 ὅ.
1666 1516 1777 1555 penae
1797 1509 1831 1543 Μ
1857 1527 1893 1534 ——
1917 1512 1949 1542 et
1970 1510 1995 1542 1.
2021 1509 2056 1542 F.

267 1563 482 1596 Gronovius:
516 1573 552 1597 eo
575 1566 608 1599 M
633 1583 668 1589 -
698 1568 742 1598 tr.
761 1566 811 1607 pl.
837 1566 870 1599 M
896 1584 931 1589 —
964 1566 995 1599 6.
1022 1569 1205 1607 questorem
1227 1567 1260 1599 M
1288 1584 1324 1592 -
1350 1566 1382 1598 7.
1407 1569 1547 1607 augeret
1569 1574 1661 1598 corr.
1687 1566 1740 1599 M:
1765 1566 1902 1598 auderet
1924 1574 1978 1608 pr.
2004 1565 2055 1604 Μς

264 1622 378 1660 ayeret
400 1619 559 1653 Ricklefs.
589 1639 623 1644 —
661 1622 693 1654 8.
720 1622 926 1662 questoribus
949 1623 981 1656 M
1007 1641 1042 1646 —
1080 1622 1112 1654 9.
1137 1631 1210 1663 sepe
1238 1623 1270 1655 M
1306 1640 1339 1645 -
1376 1624 1508 1654 mutata
1539 1621 1595 1653 ed.
1622 1621 1816 1663 Spirensis:
1847 1622 1984 1655 Imitata
2005 1622 2057 1660 M3

264 1675 440 1708 immutata
464 1675 532 1710 alii.
561 1695 597 1700 —
624 1677 677 1710 43.
704 1681 870 1720 questores
892 1679 936 1712 M.

266 1787 444 1829 superfuit
470 1789 506 1822 L.
531 1790 647 1823 Pisoni
669 1789 740 1823 filio
764 1800 784 1823 a
807 1767 946 1824 Valerio
973 1792 1074 1824 Festo
1102 1792 1136 1824 in

267 1838 380 1871 Africa
404 1848 435 1872 a.
453 1836 488 1873 υζ
507 1840 570 1873 823
593 1841 723 1874 occiso.
751 1841 801 1875 Cf.
827 1842 913 1875 Hist.
938 1842 975 1882 4,
1001 1842 1043 1874 38
1059 1851 1137 1884 sqq.

267 1887 354 1922 Plin.
380 1889 467 1931 Epp.
494 1890 526 1930 3,
551 1890 583 1930 7,
603 1891 655 1924 ⁴2.
676 1908 712 1914 —
738 1891 832 1924 intra
851 1893 996 1934 domum]
1019 1891 1141 1924 Tribu-

1190 1802 1251 1833 αις
1284 1789 1356 1835 τὴν
1387 1790 1578 1835 διοίκησιν
1612 1786 1697 1823 ἀντὶ
1727 1788 1803 1823 τῶν
1833 1786 1963 1836 ἅρχων
1984 1789 2060 1824 τῶν

1190 1842 1230 1875 ἐν
1252 1841 1298 1890 τῇ
1319 1839 1458 1888 Ἰταλία
1488 1837 1561 1884 ἐξω
1585 1840 1655 1885 τῆς
1678 1838 1825 1882 πόλεως
1847 1839 2057 1875 ἀντέδωκε·

1190 1891 1318 1935 πάσας
1340 1890 1413 1939 γὰρ
1435 1888 1556 1934 αὐτὰς
1570 1887 1748 1925 ε’παυσεν.
1773 1892 1916 1924 Sueton.
1935 1891 2057 1925 Claud.

268 1946 394 1971 norum
419 1938 464 1981 pl.
485 1939 612 1974 domus
635 1950 680 1974 ne
704 1942 811 1974 noctu
831 1941 977 1983 quidem
1000 1940 1141 1974 claude-

268 1987 414 2029 bantur,
440 1991 479 2021 ut
501 1999 673 2032 praesens
697 2000 840 2033 semper
856 1994 892 2024 et
906 1992 1032 2033 quovis
1052 1993 1141 2024 tem-

268 2047 357 2080 pore
390 2043 487 2072 esset
515 2041 725 2075 tribuniciae
753 2043 1017 2077 intercessionis
1041 2043 1141 2074 auxi-

269 2086 364 2121 lium.
385 2090 569 2130 (Plutarch.
588 2092 651 2131 Qu.
671 2093 709 2125 R.
729 2092 798 2131 80.)
823 2094 898 2125 Non
914 2094 1034 2125 tamen
1049 2092 1140 2125 iutra

270 2138 434 2179 domum,
460 2140 521 2173 ubi
544 2143 605 2174 aut
624 2143 697 2175 irae
714 2145 774 2175 aut
790 2142 923 2175 libidini
940 2142 1051 2183 locus,
1076 2142 1141 2176 sed

270 2188 410 2230 publice
446 2191 481 2223 et
514 2199 579 2233 pro
607 2192 773 2225 tribunali
797 2192 1138 2226 animadvertebant.

270 2239 370 2272 Bnor.
402 2258 436 2263 —
466 2241 629 2284 pignoris]
660 2243 807 2284 pignora
831 2242 975 2284 (multae
999 2241 1141 2276 solven-

271 2289 350 2331 dae)
383 2291 614 2333 capiebantur
643 2294 678 2326 in
710 2293 875 2326 domibus
900 2294 1047 2332 civium,
1081 2294 1141 2335 qui

273 2341 366 2372 citati
395 2341 441 2373 ad
473 2343 697 2383 magistratus
721 2352 791 2376 non
817 2345 1001 2386 parerent,
1036 2343 1141 2375 etiam

271 2391 495 2431 senatorum,
522 2393 581 2434 qui
603 2394 717 2425 vocati
741 2394 817 2426 sine
836 2393 965 2426 sontica
980 2402 1083 2425 causa
1105 2393 1141 2425 in

273 2441 407 2474 curiam
442 2450 511 2474 non
545 2443 718 2475 venirent.
752 2444 879 2476 Dunnn.
908 2461 942 2466 —
975 2443 1143 2475 Helvidius

272 2491 416 2532 Priscus]
443 2492 542 2524 Conf.
569 2493 622 2532 42,
643 2492 697 2525 49.
727 2512 761 2517 -
788 2493 1019 2525 Obultronium
1042 2493 1142 2526 Sabi-

272 2541 363 2583 num]
390 2540 439 2573 Cf.
466 2542 551 2574 Hist.
577 2545 608 2583 ⁴,
627 2544 680 2576 37.
701 2561 736 2566 —
763 2543 914 2585 augeret]
939 2552 1084 2585 gravem
1106 2544 1141 2576 in

275 2591 419 2624 modum
437 2590 490 2624 ius
506 2591 643 2633 legibus
657 2593 875 2635 descriptum
889 2594 1090 2626 excederet.
1104 2611 1139 2617 -

273 2641 467 2674 tabularum
471 2642 697 2684 publicarum]
711 2644 746 2675 in
758 2643 888 2685 quibus
901 2643 1029 2685 scripta
1044 2644 1144 2676 erant

275 2691 416 2724 nomina
428 2691 631 2724 debitorum
644 2693 824 2725 aerarii.—
837 2693 1034 2734 praefectos]
1051 2692 1141 2725 Infra

275 2750 305 2773 c.
324 2741 367 2774 29
391 2743 478 2774 extr.
501 2746 666 2782 praetura
686 2743 814 2783 functos
837 2743 933 2775 dicit.
958 2743 997 2775 In
1017 2742 1143 2775 inscri-

275 2790 453 2832 ptionibus
475 2793 649 2824 vocantur
669 2793 830 2834 praefecti
846 2792 976 2825 aerarii
990 2792 1141 2825 Saturni.

277 2841 327 2873 Cf.
354 2851 388 2875 n.
414 2841 510 2875 543⁴.
536 2842 634 2875 5446.
661 2843 758 2875 6054.

319 2891 373 2924 29.
406 2891 612 2924 eoe'numero
634 2892 850 2935 praetorum]
888 2892 938 2925 Cf.
965 2892 997 2930 4,
1022 2891 1076 2924 75.
1105 2909 1141 2914 —

277 2945 465 2980 quaestores
485 2951 623 2975 rursum
644 2944 816 2984 imposuit,
841 2944 947 2984 iisque
970 2942 1053 2982 cet]
1081 2942 1144 2974 Dio

277 2991 331 3031 60,
356 2990 417 3024 24:
444 2987 466 3024 ὁ
490 2990 678 3033 Κλαύδιος
702 2994 744 3034 (a.
764 3002 798 3024 u.
817 2993 892 3034 797)
917 2988 1007 3033 τοὺς
1030 3001 1146 3037 στρα-

277 3038 418 3086 τηγοὺς
449 3041 540 3084 τοὺς
570 3041 630 3075 ἐπὶ
656 3041 724 3085 τῆς
745 3040 957 3085 δοικήσεως
979 3038 1146 3074 καταλύ-

278 3103 368 3134 σας,
405 3094 593 3135 ταμιείαις
627 3091 748 3135 αὐτὴν
778 3090 876 3125 κατὰ
905 3089 950 3125 τὸ
982 3089 1146 3139 ἀρχαῖον

278 3143 505 3199 ἐπέτρεψεν,
534 3139 607 3182 οὐχ
631 3136 730 3175 ὥστε
751 3143 817 3175 καὶ
840 3142 1018 3186 ἐτησίους
1041 3140 1147 3183 σφᾶς

279 3188 387 3239 (οπερ
410 3193 472 3226 ἐπί
490 3203 531 3226 τε
546 3193 699 3226 ἐκείνων
715 3190 899 3238 ποότερον
914 3194 978 3224 καὶ
996 3192 1056 3225 ἐπὶ
1072 3190 1147 3225 τῶν

279 3242 500 3299 στρατηγῶν
527 3241 625 3286 μετὰ
655 3241 775 3276 ταῦτα
797 3241 977 3286 ἐγίγνετο)
1000 3238 1145 3301 ἄρχειν,

279 3289 358 3325 ἀλλ’
385 3294 425 3326 οἱ
445 3291 515 3327 δύο
539 3294 579 3326 οἱ
599 3289 710 3326 αὐτοὶ
733 3294 818 3339 τρία
841 3288 950 3323 ozai
937 3288 1001 3335 ἐτη
1025 3289 1146 3335 αὐτὴν

279 3341 464 3387 διῴκουν·
501 3344 567 3376 καὶ
602 3343 643 3376 οἱ
668 3342 740 3385 μὲν
770 3342 1005 3401 σπρατηγιας
1031 3337 1146 3383 εὐθὺς

280 3391 516 3436 ἐλάμβανον,
538 3394 578 3426 οἱ
591 3393 631 3427 δὲ
647 3394 713 3426 καὶ
727 3387 897 3435 μισθὸν
886 3387 1026 3450 ἑφερον
1043 3386 1146 3432 ὅπως

282 3443 373 3478 ποτὲ
395 3445 460 3477 καὶ
482 3440 618 3487 ε’ὅοξαν
640 3440 764 3491 ἄρξαι.
800 3445 882 3484 τοῖς
908 3435 978 3474 οὖν
1000 3442 1146 3484 ταμιεί-

1190 1945 1250 1978 24:
1278 1944 1421 1986 Colleyio
1445 1946 1659 1985 quaestorum
1677 1951 1742 1983 pro
1757 1946 1912 1976 stratura
1925 1943 2061 1975 viarum

1189 1996 1430 2037 ⁸aladiatorium
1458 2003 1581 2027 munus
1607 1994 1758 2026 iniunoeit
1789 1991 1977 2035 (Claudius)
2002 1993 2060 2026 de-

1190 2050 1366 2087 tractaque
1388 2046 1526 2078 Ostiensi
1549 2047 1580 2077 et
1600 2044 1732 2077 Gallica
1751 2043 1928 2084 provincia
1941 2052 2060 2076 curam

1191 2097 1321 2130 aerarii
1337 2096 1476 2129 Saturni
1491 2096 1652 2135 reddidit,
1678 2103 1780 2135 quam
1793 2095 1902 2127 medio
1916 2097 2062 2136 temporo

1185 2149 1360 2188 praetores
1382 2149 1453 2186 aut,
1477 2146 1528 2177 uti
1550 2153 1651 2184 nune,
1672 2146 1839 2185 praetura
1858 2144 1965 2185 functi
1986 2151 2061 2178 sus-

1191 2197 1372 2229 tinuerant.
1408 2195 1645 2235 Quaestorum
1660 2203 1681 2226 a
1698 2193 1843 2227 Claudio
1866 2200 1989 2226 rursus
2003 2201 2061 2225 ae-

1190 2247 1284 2278 rario
1315 2245 1561 2287 impositorum
1591 2242 1822 2277 memorabile
1852 2251 2062 2276 monumen·

1191 2297 1265 2328 tum
1291 2297 1404 2329 exstat
1427 2297 1536 2328 Inscr.
1562 2295 1650 2327 Latt.
1678 2303 1712 2326 n.
1731 2293 1836 2327 6456:
1864 2293 1898 2326 T.
1915 2293 2063 2326 Domitio

1194 2346 1226 2378 T.
1253 2346 1278 2387 f.
1311 2345 1434 2387 Vel(ina
1465 2344 1570 2385 tribu)
1602 2344 1737 2377 Decidio
1773 2341 1858 2385 (Iulii
1881 2341 2061 2385 Agricolae

1192 2396 1348 2436 socero),
1372 2396 1427 2428 ΙΙΙ.
1447 2396 1523 2428 viro
1537 2394 1692 2435 capitali,
1714 2394 1840 2427 adiecto
1855 2403 1878 2426 a
1895 2388 1941 2426 Ti.
1959 2393 2063 2426 clau-

1193 2448 1248 2480 dio
1271 2447 1413 2479 Caesare
1436 2446 1583 2488 Augusto
1606 2445 1823 2485 Germanico,
1855 2445 1913 2485 qui
1930 2444 2063 2485 primus

1193 2499 1348 2537 quaestor
1375 2504 1437 2536 per
1464 2495 1643 2527 triennium
1673 2496 1762 2528 eitra
1784 2494 1936 2526 ordinem
1959 2501 2062 2534 proe-

1191 2550 1273 2579 esset
1294 2547 1431 2579 aerario
1454 2545 1613 2585 Saturni,
1635 2545 1801 2585 praetori.
1828 2562 1863 2567 —
1893 2552 1968 2576 eum
1986 2542 2062 2584 pri-

1191 2605 1282 2629 mum
1303 2596 1541 2637 mayistratum
1561 2593 1813 2635 capessentibus]
1839 2594 1927 2626 Nam
1950 2601 2063 2635 quae-

1193 2647 1289 2679 stura
1315 2647 1391 2678 erat
1410 2646 1542 2686 primus
1556 2645 1684 2686 gradus
1696 2644 1842 2676 honoris.
1868 2643 1941 2676 Cic.
1960 2643 2059 2675 Verr.

1194 2697 1268 2729 Act.
1296 2696 1309 2727 l
1339 2695 1358 2737 S
1381 2694 1413 2728 4.

1238 2746 1291 2779 30.
1313 2747 1478 2787 remiyum
1493 2745 1550 2785 qui
1566 2745 1603 2777 R.
1621 2742 1829 2785 haberentur]
1848 2743 1870 2775 i.
1888 2751 1919 2775 e.
1939 2741 2062 2776 classis

1194 2796 1391 2839 praetoriae
1415 2794 1637 2827 Ravennatis.
1659 2812 1695 2817 -
1717 2793 1806 2825 velut
1825 2793 1976 2835 infimam
1995 2801 2063 2825 na—

1192 2845 1329 2886 tionum]
1365 2843 1472 2877 veluti
1497 2842 1743 2886 Cappadoces,
1780 2841 1906 2875 Cilices
1929 2843 1996 2875 cet.
2023 2860 2059 2866 —

1194 2895 1441 2928 damnationem
1455 2893 1582 2934 anteiit]
1598 2901 1663 2935 pro
1678 2892 1858 2924 usitatiore
1875 2891 2061 2924 antevertit.

1196 2946 1283 2985 Cs.5,
1295 2945 1327 2977 6.
1342 2944 1435 2983 639.
1445 2961 1479 2966 -
1494 2943 1653 2976 Caninius
1665 2941 1804 2983 Rebilus]
1815 2941 1915 2981 Quod
1930 2941 2063 2984 Lipsius

1196 3004 1259 3038 pro
1272 2993 1399 3026 tradito
1408 2993 1441 3026 C.
1451 2993 1601 3026 Aminius
1612 2991 1728 3024 Rebius
1736 2990 1939 3024 dubitanter
1945 2999 2064 3034 prom-

1196 3045 1264 3088 psit
1286 3044 1321 3076 id
1345 3051 1410 3085 ego
1434 3043 1508 3075 sine
1532 3042 1765 3075 haesitatione
1781 3042 1901 3083 recepi
1919 3043 1955 3074 et
1976 3041 2064 3074 reci-

1197 3103 1282 3137 pere
1291 3093 1409 3126 debui.
1425 3093 1564 3125 Tacitus
1577 3093 1671 3125 enim
1680 3100 1723 3124 ex
1736 3090 1848 3123 tribus
1861 3089 2063 3123 nominibus

1198 3146 1436 3177 Romanorum
1451 3143 1516 3174 duo
1534 3142 1649 3183 ponit,
1674 3139 1735 3173 ubi
1750 3140 1911 3173 homines
1926 3139 2063 3172 nobiles

1198 3194 1351 3237 primum
1375 3192 1551 3230 nominat,
1585 3199 1667 3223 mox
1690 3199 1761 3222 uno
1784 3190 1970 3222 contentus
1993 3190 2060 3228 est,

1197 3243 1263 3276 nisi
1293 3243 1373 3284 post
1396 3242 1508 3274 maius
1535 3239 1756 3273 intervallum
1780 3246 1901 3271 rursus
1922 3246 2062 3270 memo-

1196 3294 1336 3328 rantum
1363 3299 1473 3324 unum
1496 3289 1645 3333 praebet
1667 3290 1701 3322 in
1725 3287 2062 3321 commemoratione

1196 3343 1257 3375 aut
1279 3342 1514 3374 obscurorum
1543 3340 1727 3373 hominum
1749 3338 1809 3370 aut
1834 3338 1976 3378 praeter
1999 3345 2062 3370 ce-

1196 3393 1291 3424 teros
1314 3389 1518 3429 illustrium,
1551 3391 1589 3422 ut
1611 3390 1647 3421 in
1671 3385 1882 3421 Caesaribus
1905 3387 1941 3419 et
1962 3386 2062 3428 prin-

1196 3441 1344 3484 cipibus.
1379 3439 1433 3473 Ab
1457 3448 1499 3472 ea
1523 3437 1777 3472 consuetudine
1795 3435 1907 3470 semel
1925 3437 2081 3481 tantum,
