2254 3770
276 209 359 254 376
752 210 799 254 P.
829 209 1079 254 CORNELII
1108 210 1279 255 TACITI
1306 210 1574 255 ANNALIUM

279 328 551 387 sumentique
596 329 718 372 adest
761 334 910 372 auctor
947 335 988 372 et
1027 328 1210 373 satelles.
1256 329 1372 387 quod
1402 329 1475 373 ubi
1504 330 1615 388 turpi
1645 330 1754 375 fama
1783 329 2053 389 divulgatum,

279 418 333 448 ne
375 404 506 448 ceteri
537 417 711 462 quoque
742 417 796 447 ex
823 403 1024 461 Paeligno
1056 405 1413 456 coniectarentur,
1445 404 1664 450 Helvidius
1692 406 1863 450 Priscus
1892 405 2056 464 legatus

279 490 386 524 cumv
413 479 582 536 legione
617 479 809 531 mittitur,
852 479 982 523 rebus
1021 479 1202 524 turbidis
1231 493 1310 538 pro
1340 487 1532 538 tempore
1560 487 1607 524 ut
1635 481 1889 526 consuleret.
1930 480 2059 539 igitur

278 568 464 613 propere
493 561 681 598 montem
711 556 895 598 Taurum
923 561 1216 614 transgressus
1246 555 1537 600 moderatione
1567 556 1690 615 plura
1719 571 1848 615 quam
1877 556 1917 600 vi
1943 570 2060 601 com-

248 647 267 676 5
279 636 503 688 posuerat,
538 644 634 673 cum
655 629 797 674 redire
816 630 858 672 in
879 631 1047 690 Syriam
1065 631 1245 682 iubetur,
1278 645 1332 674 ne
1351 631 1515 674 initium
1534 631 1633 675 belli
1654 633 1862 676 adversus
1881 632 2058 676 Parthos

281 706 494 750 existeret.
549 706 629 761 (50)
670 719 767 749 nam
802 705 1034 764 Vologeses
1075 720 1223 751 casum
1266 707 1532 751 invadendae
1570 708 1791 752 Armeniae
1832 707 2060 752 obvenisse

281 788 413 832 ratus,
447 795 574 839 quam
606 795 631 824 a
659 781 891 825 maioribus
922 782 1012 826 suis
1042 796 1288 840 possessam
1321 789 1519 827 externus
1550 797 1626 827 rex
1654 783 1811 842 flagitio
1837 783 2059 842 optineret,

280 857 489 901 contrahit
519 857 665 915 copias
695 857 953 916 fratremque
984 858 1195 902 Tiridaten
1224 857 1439 902 deducere
1464 859 1505 901 in
1533 873 1711 916 regnum
1731 866 1870 918 parat,
1901 873 1956 903 ne
1976 872 2062 918 qua

280 947 380 990 pars
401 932 553 976 domus
584 933 675 976 sine
696 933 876 990 imperio
899 940 1056 990 ageret.
1089 934 1257 977 incessu
1278 933 1528 978 Parthorum
1548 935 1639 979 sine
1659 934 1751 979 acie
1772 934 1882 992 pulsi
1903 933 2060 986 Hiberi,

231 1023 266 1052 io
280 1008 499 1067 urbesque
529 1008 826 1052 Armeniorum
855 1010 1050 1052 Artaxata
1081 1016 1122 1052 et
1152 1009 1449 1067 Tigranocerta
1477 1010 1625 1068 iugum
1653 1024 1875 1068 accepere.
1906 1009 2062 1054 deinde

281 1091 399 1128 atrox
429 1084 614 1143 hiemps,
659 1097 736 1127 seu
766 1098 918 1142 parum
947 1085 1107 1142 provisi
1139 1091 1420 1137 commeatus,
1453 1092 1495 1129 et
1524 1092 1617 1130 orta
1646 1099 1700 1130 ex
1727 1093 1911 1145 utroque
1942 1086 2061 1130 tabes

279 1159 520 1218 perpellunt
548 1159 787 1218 Vologesen
826 1161 1019 1204 omittere
1049 1161 1303 1218 praesentia.
1349 1175 1612 1220 vacuamque
1641 1176 1791 1205 rursus
1821 1162 2063 1206 Armeniam

279 1235 547 1280 Radamistus
569 1235 731 1287 invasit,
757 1235 1036 1279 truculentior
1052 1250 1181 1294 quam
1201 1242 1336 1287 antea,
1364 1242 1579 1296 tamquam
1602 1237 1808 1281 adversus
1825 1236 2062 1281 defectores

280 1318 322 1356 et
350 1312 393 1354 in
422 1318 616 1369 tempore
646 1311 941 1355 rebellaturos.
986 1319 1114 1369 atque
1144 1311 1219 1363 illi,
1252 1313 1446 1370 quamvis
1471 1313 1643 1356 servitio
1665 1313 1786 1365 sueti,
1817 1313 2064 1371 patientiam

230 1398 267 1428 ⁴5
281 1387 537 1445 abrumpunt
580 1387 796 1445 armisque
835 1387 998 1444 regiam
1027 1387 1370 1432 circumveniunt.

1431 1387 1510 1445 (54)
1553 1402 1632 1432 nec
1671 1388 1786 1432 aliud
1822 1387 2064 1433 Radamisto

280 1463 520 1507 subsidium
541 1462 616 1505 fuit
636 1477 765 1521 quam
784 1463 1014 1521 pernicitas
1037 1477 1264 1521 equorum,
1298 1464 1394 1520 quis
1416 1478 1551 1522 seque
1573 1471 1614 1507 et
1635 1465 1860 1522 coniugem
1880 1463 2063 1509 abstulit.

281 1539 358 1583 sed
389 1539 544 1582 coniux
574 1538 748 1596 gravida
779 1539 958 1596 primam
978 1546 1209 1597 utcumque
1232 1539 1371 1596 sugam
1393 1539 1447 1583 ob
1468 1546 1629 1583 metum
1650 1539 1844 1584 hostilem
1866 1546 1907 1584 et
1926 1540 2064 1584 mariti

282 1615 498 1659 caritatem
527 1614 743 1667 toleravit,
774 1620 872 1672 post
897 1614 1163 1658 festinatione
1186 1615 1405 1666 continua,
1440 1615 1510 1659 ubi
1533 1615 1647 1673 quati
1671 1622 1816 1659 uterus
1838 1622 1879 1659 et
1898 1616 2064 1660 viscera

280 1691 514 1742 vibrantur,
562 1704 686 1733 orare
728 1696 774 1733 ut
809 1696 945 1734 morte
985 1690 1163 1734 honesta
1203 1690 1471 1734 contumeliis
1511 1691 1762 1748 captivitatis
1793 1691 2063 1736 eximeretur.

229 1766 350 1811 20ille
381 1767 517 1825 primo
549 1765 746 1824 amplecti
777 1765 978 1809 adlevare
1009 1765 1241 1818 adhortari,
1265 1766 1407 1822 vmodo
1437 1766 1634 1810 virtutem
1665 1766 1896 1819 admirans,
1935 1767 2064 1812 modo

279 1844 431 1886 timore
470 1855 620 1899 aeger,
660 1855 714 1885 ne
751 1842 847 1900 quis
878 1841 1024 1886 relicta
1051 1848 1283 1900 poteretur.
1328 1848 1547 1900 postremo
1578 1841 1774 1886 violentia
1804 1843 1980 1895 amoris,
2003 1849 2066 1888 ⁴et

344 1979 377 2011 4.
402 1979 499 2010 aucto
522 1977 556 2010 M
580 1994 616 2000 —
642 1977 674 2009 5.
698 1975 821 2009 rediret
842 1977 876 2011 M
899 1994 936 2000 —
962 1976 1080 2009 siriam
1100 1977 1135 2010 M
1159 1993 1195 1999 -
1223 1977 1275 2009 ⁴2.
1298 1976 1484 2017 perpellunt
1505 1976 1715 2009 Rhenanus:
1737 1977 1919 2017 percellunt
1940 1978 1984 2012 M.
2011 1976 2062 2011 cf.

279 2036 333 2075 44,
357 2034 412 2067 29.
439 2051 474 2057 -
502 2033 554 2066 43.
581 2042 775 2074 quanquam
798 2034 831 2067 M
856 2051 891 2056 —
926 2033 979 2066 44.
1004 2033 1221 2066 rebellaturos
1242 2034 1450 2067 Rhenanus:
1477 2033 1655 2066 bellaturos
1677 2034 1711 2066 M
1735 2051 1770 2056 —
1806 2035 1859 2067 45.
1883 2034 2067 2067 circumve-

277 2092 373 2124 niunt
396 2092 441 2124 G:
465 2087 661 2123 circuueunt
682 2090 716 2123 M
742 2107 777 2112 -—
811 2090 863 2122 47.
888 2092 1053 2130 utcunque
1075 2091 1109 2123 M
1134 2108 1169 2113 —-
1204 2091 1256 2123 48.
1283 2091 1435 2131 quatitur
1456 2093 1570 2122 uterus
1596 2090 1770 2123 Heinsius.
1799 2108 1835 2114 —
1865 2090 1919 2123 20.
1945 2091 2068 2123 ammi-

236 2147 239 2150 '
278 2156 361 2180 rans
383 2148 428 2180 M.

278 2265 353 2294 sunt
374 2262 496 2302 famae.
524 2277 560 2284 —
589 2269 629 2292 ne
652 2261 751 2292 ceteri
774 2269 903 2301 quoque
917 2278 966 2284 --
982 2261 1147 2293 coniecta·
1200 2261 1259 2292 40:
1295 2260 1352 2291 ubi
1382 2260 1570 2292 crudescere
1601 2260 1715 2292 seditio
1746 2262 1776 2291 et
1806 2269 1829 2292 a
1849 2260 2002 2292 convitiis
2023 2261 2068 2293 ad

278 2312 411 2354 rentur]
443 2320 487 2343 ne
518 2311 561 2343 de
591 2310 753 2352 Paeligno
777 2313 979 2343 coniectura
1004 2312 1038 2344 in
1063 2310 1147 2343 alios

278 2362 398 2401 fieret,
426 2364 497 2393 tam
520 2359 607 2393 viles
631 2362 737 2402 atque
761 2361 904 2402 ignavos
922 2370 1000 2394 esse
1019 2363 1148 2393 Roma-

280 2421 344 2445 nos
368 2411 478 2444 duces
501 2419 637 2443 omnes.
664 2411 804 2443 Terent.
832 2412 956 2443 Heaut.
982 2412 1013 2450 3,
1034 2411 1066 2449 3,
1085 2411 1143 2443 43:

278 2463 350 2503 1⁴:90
385 2462 423 2493 de
455 2470 508 2493 me
540 2461 765 2493 coniecturam
792 2461 892 2501 facio.
921 2479 954 2484 —
981 2461 1149 2493 Helvidius

278 2512 418 2552 Priscus]
440 2512 630 2552 Perperam
648 2511 716 2550 hic,
735 2519 842 2551 quem
860 2520 890 2542 a.
909 2519 943 2542 u.
962 2510 1025 2543 804
1043 2519 1148 2552 prae-

279 2563 409 2594 torium
421 2560 475 2593 vel
493 2559 617 2593 saltem
631 2561 871 2601 quaestorium
890 2560 996 2593 fuisse
1014 2569 1055 2592 cx
1073 2570 1149 2592 mu-

280 2621 366 2646 nere
382 2611 483 2653 legati
497 2610 642 2652 legionis
655 2612 812 2652 apparet,
829 2611 1054 2643 confunditur
1066 2620 1147 2643 cum

280 2662 439 2696 Helvidio
457 2662 587 2698 Prisco,
604 2662 778 2693 Thraseae
799 2662 893 2693 Paeti
911 2670 1054 2702 genero,
1081 2661 1147 2694 sub

279 2714 420 2747 Nerone
451 2711 597 2744 demum
630 2711 780 2744 Achaiae
806 2714 995 2752 quaestore
1020 2711 1146 2751 (Schol.

280 2764 403 2796 Iuven.
428 2763 460 2801 5,
487 2762 557 2801 36),
582 2763 744 2803 praetore
770 2761 953 2802 designato
977 2771 1008 2793 a.
1031 2771 1065 2794 u.
1085 2762 1147 2794 822

283 2813 379 2854 (Hist.
394 2813 427 2853 2,
441 2812 507 2853 94),
526 2812 583 2853 qui
602 2812 748 2844 fortasse
768 2812 870 2844 huius
886 2813 941 2844 est
957 2812 1045 2845 filius
1063 2812 1151 2844 ado—

283 2864 412 2905 ptivus.
439 2862 489 2895 Cf.
516 2862 601 2894 Hist.
628 2861 660 2900 4,
685 2863 716 2894 5.

325 2914 379 2946 50.
404 2921 444 2944 ne
467 2921 534 2952 qua
552 2920 636 2952 pars
660 2913 774 2943 domus
787 2912 855 2944 sine
869 2912 1009 2952 imperio
1026 2913 1148 2954 a9eret]

284 2963 335 2996 Cf.
361 2963 414 3002 45,
439 2962 471 2994 2.
500 2978 536 2984 —
561 2962 731 2993 Arcaaeata
757 2965 787 2993 et
812 2962 1066 3004 Tigranocerta]
1098 2963 1148 2995 De

283 3016 338 3048 his
365 3013 566 3048 nominibus
592 3015 636 3046 cf.
663 3022 754 3054 quae
778 3013 1023 3046 adnotavimus
1047 3014 1092 3046 ad
1115 3015 1147 3054 ἓ,

283 3067 338 3099 56.
356 3082 390 3089 -
409 3067 445 3097 in
467 3064 627 3106 tempore]
651 3062 691 3096 ἐν
715 3061 847 3109 καιρῷ,
872 3066 986 3106 prima
1008 3073 1148 3106 quaque

284 3118 482 3158 opportuna
504 3115 690 3148 occasione
715 3113 842 3145 oblata.
911 3104 919 3118 ⁴

327 3167 380 3198 54.
404 3166 461 3197 ubi
493 3163 858 3204 quatt--vibranturJ
891 3163 1016 3197 Similis
1050 3173 1150 3197 com·

284 3217 410 3258 positio
437 3215 597 3248 infinitivi
629 3216 664 3247 et
687 3214 862 3247 indicativi
887 3216 940 3246 est
962 3215 1000 3253 2,
1025 3215 1063 3248 4:
1095 3215 1151 3247 ubi

284 3266 435 3297 minitari
456 3265 646 3297 Artabanus
667 3268 697 3297 et
726 3272 849 3304 parum
871 3263 1005 3296 subsidii
1027 3265 1062 3296 in
1084 3265 1150 3296 Ar-

286 3316 401 3347 meniis
416 3333 464 3339 --
479 3318 563 3348 erat.
588 3315 620 3354 3,
645 3314 704 3347 26:
725 3317 902 3355 postquam
925 3315 1005 3345 eaeui
1027 3323 1149 3354 aequm

1198 2312 1263 2343 tela
1293 2311 1489 2343 transibant.
1523 2309 1592 2342 Sed
1616 2311 1743 2343 ceteris
1766 2309 1852 2343 locis
1875 2309 2065 2344 infinitivus

1199 2361 1352 2402 iungitur
1369 2370 1448 2393 cum
1470 2360 1676 2402 imperfecto
1694 2360 1886 2398 indicativi,
1911 2360 1969 2393 hic
1984 2369 2067 2394 cum

1199 2411 1387 2453 praesenti.
1417 2429 1451 2435 -
1482 2411 1594 2451 ripam
1624 2411 1668 2442 ad
1697 2410 1835 2452 Araxis]
1866 2411 1917 2443 De
1941 2410 2066 2444 ordine

1198 2460 1390 2493 verborum
1425 2460 1504 2493 vide
1540 2460 1584 2493 ad
1615 2459 1655 2500 4,
1680 2461 1712 2493 5.
1746 2478 1778 2483 -
1812 2470 1932 2501 corpus
1951 2461 2066 2504 eliam]

1201 2513 1294 2544 Haec
1317 2511 1511 2552 iungenda:
1546 2520 1612 2543 non
1643 2510 1758 2543 solum
1779 2511 1895 2544 vivam
1919 2519 2066 2544 uxorem

1200 2562 1401 2603 captivitate
1426 2562 1574 2600 exemit,
1601 2561 1664 2594 sed
1682 2570 1811 2603 corpus
1828 2569 1970 2602 quoque
1987 2570 2068 2594 exa-

1200 2613 1294 2644 nime
1317 2606 1439 2644 invidit
1463 2611 1635 2644 hostibus.
1660 2630 1691 2635 —
1710 2612 1847 2644 Hiberos
1861 2611 2068 2652 aupaci-ium

1199 2662 1350 2704 requam]
1375 2655 1539 2694 Similiter
1562 2661 1695 2694 dictum
1718 2661 1874 2701 videtur,
1899 2663 1938 2693 ut
1961 2660 1999 2702 4,
2024 2661 2066 2694 67

1201 2713 1347 2753 Capreas
1376 2721 1409 2744 se
1438 2712 1473 2743 in
1504 2712 1648 2743 insulam
1671 2711 1812 2751 abdidit,
1849 2712 1935 2745 Hist.
1961 2711 1999 2753 4,
2024 2712 2066 2745 32

1201 2764 1322 2794 adlalis
1346 2761 1526 2795 Geldubam
1548 2762 1582 2793 in
1605 2765 1717 2794 castra
1739 2762 1882 2801 ηαηιίἰε,
1914 2771 1981 2795 nec
2002 2771 2068 2796 ve-

1200 2812 1343 2845 risimile
1367 2812 1506 2844 videtur
1528 2812 1702 2852 Tacitum,
1734 2813 1798 2845 nisi
1822 2811 1940 2845 addito
1964 2813 2010 2845 ad
2027 2821 2063 2854 p.

1199 2872 1354 2904 reynum,
1389 2862 1564 2894 dicturum
1601 2862 1707 2895 fuisse
1739 2862 1874 2894 Hiberos
1899 2863 2065 2904 pervadit,

1201 2914 1280 2954 quia
1306 2913 1435 2945 omissa
1452 2912 1708 2953 praepositione
1724 2913 1918 2945 sententiae
1934 2913 1988 2945 vis
2003 2913 2067 2946 im·

1200 2964 1365 2995 mutatur.
1386 2963 1492 2994 Hau.
1511 2979 1554 2985 -——
1575 2962 1710 3002 placida
1732 2962 1854 3004 illuvie]
1879 2971 1986 2995 cursu
2002 2962 2067 2994 flu-

1201 3013 1303 3045 minis
1327 3012 1372 3044 ad
1401 3013 1555 3053 riparum
1586 3011 1695 3044 latera
1725 3011 1861 3054 placide
1888 3013 1923 3044 in
1953 3012 2065 3053 stagni

1200 3071 1338 3095 morem
1360 3062 1554 3094 inundanti.
1580 3062 1682 3103 Apud
1701 3071 1766 3096 nos
1782 3064 1928 3095 vocatur
1942 3061 2066 3095 Nehon-

1199 3122 1342 3152 wasser,
1368 3112 1462 3154 apud
1485 3112 1672 3145 Rhenanos
1695 3114 1796 3145 todtes
1820 3113 1964 3145 Wasser.

1243 3163 1296 3195 52.
1322 3163 1443 3194 Fausto
1466 3162 1576 3204 Sulla]
1609 3170 1739 3203 genero
1764 3161 1896 3195 Claudii
1919 3161 2064 3203 propter

1199 3213 1342 3246 ductam
1364 3214 1562 3246 Antoniam.
1590 3213 1639 3246 Cs.
1659 3214 1712 3253 43,
1730 3212 1772 3246 23
1788 3214 1824 3245 et
1838 3211 1892 3245 47.
1917 3212 2060 3245 Sueton.

1200 3263 1320 3296 Claud.
1347 3265 1400 3296 27.
1429 3282 1464 3287 —
1491 3263 1604 3296 Salvio
1628 3262 1758 3304 Othone]
1783 3261 1925 3294 Othonis
1949 3263 2062 3303 impe—

1199 3315 1324 3347 ratoris
1348 3314 1466 3346 fratre.
1495 3332 1530 3338 —
1557 3314 1728 3354 Camillus]
1758 3313 1883 3345 Fuerat
1910 3312 1940 3345 is
1963 3311 2060 3354 lega·

286 3365 363 3399 litas
391 3368 483 3399 el--
500 3365 634 3399 ambitio
664 3367 694 3398 et
719 3364 770 3398 vis
790 3363 967 3397 incedebat.
1004 3364 1088 3397 Hist.
1115 3364 1147 3407 3,
1171 3365 1176 3407 Ι
1198 3366 1254 3398 tus
1283 3363 1474 3399 Dalmatiae
1498 3363 1735 3405 delictumque
1762 3371 1867 3396 suum
1889 3361 2059 3405 supplicio
