2254 3770
333 307 418 354 308
810 315 859 360 Ρ.
888 314 1138 360 CORNELII
1165 314 1336 360 TACITI
1362 314 1631 361 ANNALIUM

334 424 438 464 tum.
482 426 575 466 erat
602 421 797 466 medicus
828 427 918 466 arte
946 422 1142 481 insignis,
1176 422 1346 466 nomine
1378 421 1613 474 Charicles,
1643 436 1728 468 non
1757 422 1935 482 quidem
1961 436 2114 482 regere

334 495 590 542 valitudines
627 497 832 556 principis
871 497 1039 550 solitus,
1081 498 1246 543 consilii
1282 504 1422 543 tamen
1460 499 1626 557 copiam
1663 499 1886 557 praebere.
1933 499 1972 543 is
1999 498 2116 544 velut

334 573 508 631 propria
546 573 600 617 ad
635 573 806 630 negotia
835 573 1079 632 digrediens
1109 580 1151 618 et
1187 588 1266 632 per
1295 574 1483 632 speciem
1513 574 1639 619 officii
1666 589 1837 620 manum
1867 574 2116 633 complexus

333 647 505 706 pulsum
534 662 739 693 venarum
768 648 912 707 attigit.
951 663 1092 708 neque
1122 649 1284 694 fefellit:
1315 663 1412 693 nam
1432 649 1637 702 Tiberius,
1668 650 1877 695 incertum
1908 664 1962 694 an
1983 649 2117 695 offen-

300 737 409 768 ssus
446 729 649 783 tantoque
687 724 824 782 magis
865 724 1234 783 iram premens,
1270 725 1495 770 instaurari
1535 725 1684 784 epulas
1720 725 1840 770 iubet
1868 725 2118 771 discumbit-

333 814 420 859 que
440 800 549 845 ultra
569 800 749 852 solitum,
782 801 906 860 quasi
929 801 1081 846 honori
1102 800 1298 845 abeuntis
1317 800 1442 845 amici
1471 800 1689 846 tribueret.
1737 801 1954 846 Charicles
1974 807 2116 846 tamen

331 875 418 920 labi
448 876 641 934 spiritum
670 890 752 921 nec
780 876 889 921 ultra
917 876 1096 921 biduum
1125 876 1376 922 duraturum
1395 876 1580 921 Macroni
1608 876 1802 921 firmavit.
1833 876 1933 921 inde
1964 883 2116 922 cuncta

332 951 572 1010 conloquiis
601 952 711 996 inter
738 959 1000 1011 praesentes,
1032 952 1192 996 nuntiis
1221 951 1335 1010 apud
1364 951 1527 1010 legatos
1557 958 1599 997 et
1628 952 1838 997 exercitus
1860 951 2116 997 festinaban-

331 1032 412 1071 tur.
450 1027 572 1073 XVII.
602 1027 692 1072 Kal.
722 1028 875 1087 Aprilis
909 1027 1140 1073 interclusa
1168 1028 1307 1072 anima
1336 1028 1524 1073 creditus
1553 1034 1619 1072 est
1646 1027 1943 1072 mortalitatem
1970 1027 2116 1087 exple-

281 1115 318 1146 ιο
330 1103 459 1147 visse.
509 1109 551 1148 et
588 1103 720 1148 multo
761 1110 998 1162 gratantum
1027 1117 1241 1149 concursu
1281 1103 1335 1147 ad
1366 1103 1573 1162 capienda
1609 1103 1775 1162 imperii
1805 1103 2039 1163 primordia
2067 1103 2113 1149 C.

332 1178 491 1223 Caesar
519 1179 831 1237 egrediebatur,
854 1193 952 1224 cum
972 1185 1150 1238 repente
1178 1179 1369 1224 adfertur
1395 1179 1539 1224 redire
1559 1178 1727 1224 Tiberio
1751 1193 1903 1224 vocem
1925 1193 1976 1225 ac
1993 1180 2114 1224 visus

328 1254 563 1314 vocarique
583 1254 658 1314 qui
686 1255 949 1300 recreandae
979 1255 1204 1300 defectioni
1234 1255 1375 1300 cibum
1406 1255 1632 1300 adferrent.
1662 1269 1798 1314 pavor
1824 1255 1923 1300 hinc
1950 1255 1994 1299 in
2022 1269 2115 1299 om-

329 1343 428 1383 nes;
459 1336 503 1374 et
521 1330 654 1375 ceteri
681 1331 841 1389 passim
862 1331 1063 1390 dispergi,
1095 1345 1143 1375 se
1165 1331 1350 1390 quisque
1379 1337 1589 1376 maestum
1619 1337 1693 1375 aut
1719 1331 1912 1376 nescium
1931 1330 2114 1389 fingere;

288 1396 291 1399 ’
331 1406 492 1471 Caesar
519 1406 562 1450 in
593 1405 805 1451 silentium
835 1406 945 1451 fixus
976 1421 1001 1451 a
1030 1420 1197 1451 summa
1225 1420 1303 1465 spe
1323 1407 1555 1451 novissima
1574 1407 1859 1466 exspectabat.
1889 1408 2032 1452 Macro
2051 1406 2115 1450 in-

279 1494 317 1526 ⁴5
329 1481 523 1541 trepidus
552 1482 734 1541 opprimi
765 1495 914 1527 senem
943 1482 1101 1527 iniectu
1129 1482 1286 1527 multae
1314 1483 1442 1527 vestis
1471 1482 1591 1528 iubet
1610 1482 1862 1541 discedique
1883 1481 1936 1528 ab
1955 1481 2113 1527 limine.

329 1558 394 1603 sic
422 1557 614 1603 Tiberius
642 1557 787 1611 finivit,
819 1564 971 1603 octavo
1001 1564 1045 1603 et
1073 1558 1391 1617 septuagesimo
1421 1559 1570 1604 aetatis
1599 1573 1723 1605 anno.

395 1705 427 1738 4.
451 1704 599 1738 modicus
626 1712 680 1747 pr.
703 1704 738 1739 M
763 1721 798 1728 —
823 1704 857 1738 8.
875 1708 1042 1746 presentes
1061 1704 1194 1738 nunciis
1214 1705 1248 1740 M
1273 1723 1310 1730 —
1338 1705 1370 1738 9.
1393 1704 1493 1739 XVII.
1516 1705 1568 1739 M:
1594 1704 1719 1738 decimo
1741 1704 1876 1760 septimo
1898 1702 2111 1745 Beroaldus3

327 1761 464 1803 septimo
478 1761 602 1795 decinw
618 1761 645 1793 Ι.
663 1761 699 1793 F.
717 1761 928 1801 Gronovius;
956 1762 1140 1803 Septimum
1154 1762 1316 1795 decimum
1330 1760 1494 1796 Ritterus.
1512 1761 1564 1795 Cf.
1582 1761 1617 1803 6,
1633 1762 1688 1796 25.
1707 1779 1744 1785 —
1768 1762 1821 1795 Kl.
1844 1761 1881 1796 M
1896 1777 1932 1784 —
1958 1761 2013 1794 40.
2035 1769 2116 1804 qra-

328 1821 458 1852 tantum
479 1819 531 1854 M:
555 1818 766 1862 ¹qratantium
787 1819 978 1853 Bekkerus.
1003 1817 1091 1853 Vide
1115 1818 1161 1853 ad
1183 1818 1222 1861 4,
1246 1818 1301 1853 44.
1322 1837 1358 1842 -
1383 1818 1437 1853 43.
1461 1819 1607 1853 nescium
1628 1819 1742 1862 prima
1762 1816 1879 1853 littera
1901 1817 2051 1852 evanida
2065 1817 2112 1853 M.

326 1956 445 1990 villam
465 1957 605 1990 venisset
622 1964 731 1998 suam,
758 1957 850 1998 Quae
863 1959 974 1990 monte
987 1965 1113 1990 summo
1130 1965 1197 1998 po-

326 2009 393 2041 sita
413 2007 544 2040 Luculli
570 2016 674 2041 manu
703 2008 895 2048 Prospectat
916 2007 1067 2040 Siculum
1088 2011 1120 2042 et
1139 2017 1197 2041 re-

325 2058 423 2099 spicit
446 2058 585 2091 Tuscum
605 2067 712 2099 mare,
734 2059 801 2091 cet.
823 2076 859 2081 -
885 2057 1063 2099 Charicles]
1086 2059 1195 2092 Huius

327 2108 547 2141 mentionem
576 2106 659 2141 fecit
683 2106 834 2140 Galenus
863 2106 907 2140 de
933 2107 1194 2150 compositione

326 2157 672 2191 medicamentorum
694 2158 733 2199 2,
759 2158 790 2191 4.
816 2158 848 2191 2.
874 2158 906 2199 7,
925 2158 957 2191 5.
977 2157 1009 2191 6.
1035 2159 1088 2199 40,
1107 2159 1139 2191 4.
1155 2176 1192 2182 -

324 2216 440 2250 regere
460 2207 677 2250 valitudines]
707 2207 758 2241 Cf.
785 2207 940 2240 Suetonii
962 2206 1080 2241 locum
1104 2208 1192 2250 (Tib.

326 2258 378 2300 68)
402 2267 509 2301 supra
527 2258 582 2300 (ad
598 2266 630 2291 c.
648 2258 691 2292 46
708 2257 809 2299 extr.)
827 2258 1056 2300 exscriptum.
1076 2275 1114 2282 —
1133 2267 1197 2300 per

323 2310 463 2350 speciem
485 2309 586 2351 offleii
601 2309 684 2351 cet.]
707 2310 795 2341 Rem
811 2309 858 2342 ita
873 2310 993 2342 narrat
1008 2309 1195 2343 Suetonius

325 2359 401 2392 Tib.
419 2360 482 2392 72:
508 2359 692 2393 Chariclem
705 2359 885 2400 niedicum,
911 2360 998 2400 quod
1011 2363 1196 2393 commeatu

325 2410 483 2452 afuturus
515 2418 532 2443 e
562 2410 717 2443 convivio
757 2410 926 2452 egrediens
964 2419 1103 2443 manum
1134 2410 1196 2443 sibi

325 2461 498 2493 osculandi
535 2469 641 2493 causa
678 2461 958 2502 apprehendisset,
998 2462 1195 2495 existimans

325 2513 501 2552 temptatas
521 2510 564 2543 ab
586 2519 623 2543 eo
642 2519 745 2543 venas
762 2520 934 2545 remanere
949 2521 990 2545 ae
1005 2511 1194 2545 recumbere

323 2561 476 2594 hortatus
497 2563 547 2593 est
567 2570 747 2602 cenamque
762 2564 952 2602 protraxit.
973 2580 1010 2586 --
1030 2571 1134 2603 neque
1147 2562 1193 2604 fe-

321 2610 415 2653 fellit]
433 2619 502 2644 nec
516 2610 626 2651 latuit,
644 2620 727 2644 nam
743 2611 903 2645 Tiberius
918 2613 994 2646 eius
1010 2611 1192 2646 consilium

322 2662 566 2704 perspexerat.
601 2661 653 2694 Cf.
678 2661 717 2702 4,
742 2660 785 2694 45
815 2661 860 2695 de
889 2662 1024 2696 Pisonis
1047 2662 1192 2695 interfe-

324 2713 440 2744 ctore:
465 2720 571 2752 neque
586 2712 644 2744 diu
663 2712 788 2754 fefellit.
809 2729 846 2736 —-
863 2720 946 2746 xm.
963 2713 1041 2746 Kal.
1056 2712 1190 2755 Aprilis]

323 2761 507 2795 Consentit
528 2762 715 2795 Suetonius
738 2761 813 2796 Tib.
831 2761 885 2795 73.
910 2763 955 2795 At
977 2763 1042 2795 Dio
1056 2762 1110 2801 58,
1128 2762 1188 2795 28:

321 2809 535 2856 μετήλλαξε
556 2810 602 2859 τῇ
628 2807 717 2860 ἕκτῃ
740 2813 807 2846 καὶ
829 2809 985 2859 εἰκοστῇ
1001 2811 1070 2846 τοῦ
1086 2813 1192 2859 Μαρ-

321 2863 405 2896 τίου
429 2858 572 2909 ἡμέρᾳ,
597 2862 634 2895 id
657 2864 728 2903 est,
752 2872 810 2897 vn.
830 2862 903 2896 Kal.
921 2863 1029 2906 April.
1051 2881 1087 2888 —
1103 2872 1193 2896 mor-

320 2913 484 2947 talitatem
504 2912 694 2954 eaplevisse]
721 2914 984 2946 «necessarium
1006 2914 1190 2947 hominum

320 2961 523 2996 mortalium
545 2962 657 2995 fatum
679 2962 839 3002 obisse,»
870 2964 1074 3006 posterioris
1097 2964 1191 2996 Lati-

320 3013 436 3057 nitatis
459 3008 738 3054 euphemismus,
764 3014 864 3046 cuius
881 3012 1013 3047 similes
1029 3012 1190 3056 complu-

319 3072 379 3097 res
403 3072 447 3096 ex
468 3063 557 3096 ICtis
582 3061 721 3103 collegit
743 3063 893 3096 Dirksen
922 3065 958 3097 in
981 3063 1131 3098 Manuali
1153 3074 1186 3098 v.

317 3113 526 3147 Mortalitas.
557 3130 594 3137 —
629 3113 826 3154 novissima]
861 3113 1025 3148 ultimum
1055 3114 1190 3159 suppli-

319 3164 427 3197 cium.
455 3180 492 3187 -
515 3162 635 3205 finivit]
661 3163 848 3195 Suetonius
871 3163 945 3198 Tib.
972 3164 1030 3197 73:
1066 3165 1191 3198 Seneca

317 3222 393 3246 eum
407 3212 524 3246 scribit
535 3213 702 3246 intellecta
713 3213 889 3254 defectione
904 3217 1094 3256 ememptum
1105 3224 1191 3248 anu-

317 3264 387 3296 lum
399 3264 497 3305 quasi
511 3264 615 3297 alicui
625 3263 831 3296 traditurum
839 3273 1023 3306 parumper
1034 3267 1187 3307 tenuisse,

318 3314 394 3346 dein
415 3321 535 3346 rursus
557 3316 688 3354 aptasse
709 3312 813 3355 digito
841 3316 873 3345 et
895 3322 1080 3355 compressa
1101 3317 1188 3349 sini-

317 3366 390 3396 stra
411 3372 516 3396 manu
536 3363 678 3397 iacuisse
693 3363 751 3396 diu
765 3362 981 3396 immobilem:
1005 3365 1111 3398 subito
1125 3374 1187 3398 vo-

317 3413 401 3446 catis
422 3415 584 3448 ministris
607 3421 648 3447 ae
668 3415 798 3447 nemine
817 3415 1032 3455 respondente
1053 3424 1187 3448 consur-

315 3463 446 3497 remisse
466 3470 527 3497 nec
542 3463 665 3505 procul
685 3471 710 3496 a
731 3463 868 3504 lectulo,
892 3463 1113 3506 deficientibus
1133 3465 1187 3498 vi-

1244 1956 1348 1998 ribus,
1366 1957 1554 1990 concidisse.
1573 1955 1624 1990 Cf.
1643 1956 1831 1999 praeterea
1846 1955 1988 1988 sueton.
2003 1953 2111 1997 Calig.

1246 2008 1299 2041 ⁴2.
1319 2025 1356 2032 —
1381 2011 1499 2040 octavo
1521 2010 1553 2040 et
1573 2007 1813 2048 septuagesimo
1835 2008 1900 2039 aet.
1923 2005 2024 2048 anno}
2046 2005 2114 2039 lis-

1245 2057 1329 2091 dem
1352 2057 1471 2091 verbis
1493 2058 1602 2090 utitur
1625 2057 1810 2090 Suetonius
1833 2055 1908 2088 Tib.
1933 2055 1988 2089 73.
2012 2054 2113 2088 Idem

1245 2117 1275 2142 c.
1301 2109 1341 2142 5:
1366 2109 1477 2141 Natus
1498 2110 1545 2141 est
1567 2106 1747 2149 (Tiberius)
1778 2107 1902 2139 Romae
1923 2107 1960 2139 in
1980 2104 2112 2138 Palatio

1242 2166 1311 2192 XVI.
1335 2158 1412 2191 Kal.
1436 2159 1516 2191 Dec.
1539 2158 1587 2191 Μ.
1610 2157 1751 2191 Aemilio
1778 2156 1899 2197 Lepido
1930 2156 2052 2189 iterum
2071 2155 2110 2188 L.

1243 2208 1397 2241 Munatio
1417 2208 1538 2241 Planco
1560 2216 1663 2240 conss.
1690 2207 1732 2249 (a.
1758 2215 1793 2239 u.
1817 2206 1892 2248 7⁴2)
1909 2213 1974 2247 per
1995 2204 2113 2238 bouum

1243 2259 1456 2300 Philippense.
1493 2258 1549 2291 Sic
1581 2258 1668 2291 enim
1699 2259 1736 2291 in
1767 2258 1872 2299 fastos
1903 2259 2046 2297 actaque
2075 2256 2113 2288 in

1239 2309 1377 2350 publica
1405 2309 1548 2342 relatum
1575 2311 1633 2341 est.
1670 2309 1736 2341 Nec
1758 2311 1869 2340 tannen
1891 2307 2022 2348 amit,
2053 2305 2112 2347 qui

1237 2361 1367 2401 partim
1400 2359 1606 2392 antecedente
1639 2367 1746 2399 anno,
1780 2358 1870 2390 Hirti
1900 2365 1942 2390 ae
1970 2357 2110 2397 Pansae,

1238 2411 1367 2452 partim
1387 2410 1593 2450 insequenti,
1616 2409 1739 2443 Servili
1757 2408 1900 2442 Isaurici
1916 2408 1956 2442 Ι..
1969 2415 2034 2449 que
2045 2406 2112 2441 Διι-

1243 2460 1325 2493 tonii
1353 2460 1547 2500 consulatu,
1579 2460 1727 2502 genitum
1754 2467 1828 2492 eum
1853 2457 2011 2491 scribant.
2045 2457 2110 2490 Dio

1242 2510 1265 2544 l.
1283 2510 1321 2544 i.:
1346 2509 1437 2551 ἐβίω
1454 2510 1639 2554 (Tiberius)
1653 2506 1749 2544 ἑπτὰ
1762 2509 1829 2542 καὶ
1842 2505 2111 2552 ἑβδομήκοντα

1241 2557 1308 2606 ἔτη
1320 2562 1386 2595 καὶ
1397 2559 1524 2605 μῆνας
1537 2561 1729 2608 τέσσαρας
1743 2560 1810 2594 καὶ
1825 2555 1972 2607 ἡμέρας
1985 2558 2108 2594 ἐννέα.

1243 2611 1359 2645 Aurei.
1391 2612 1511 2644 Victor
1539 2612 1628 2654 Epit.
1658 2613 1697 2645 2:
1729 2614 1806 2652 post
1832 2611 2110 2652 septuagesimum

1242 2666 1397 2695 octavum
1424 2671 1550 2695 annum
1578 2665 1610 2695 et
1637 2670 1780 2695 mensem
1800 2663 1961 2702 quartum
1981 2660 2112 2694 insidiis

1244 2713 1415 2756 Caligulae
1436 2713 1601 2747 extinctus
1623 2716 1681 2746 est.

1286 2814 1339 2847 5⁴.
1356 2817 1465 2846 mater
1476 2814 1514 2847 in
1528 2813 1661 2847 Liviam
1670 2829 1715 2837 --
1727 2810 1909 2853 transierit]
1925 2819 1996 2845 non
2012 2810 2110 2853 quod

1242 2864 1317 2907 ipsa
1338 2864 1502 2906 adoptata
1517 2864 1581 2904 sit,
1606 2862 1671 2896 sed
1687 2862 1782 2905 quod
1797 2863 1909 2905 pater.
1933 2862 1976 2895 Et
1989 2863 2110 2895 tamen

1242 2915 1409 2948 transisse
1433 2915 1469 2947 in
1492 2914 1625 2947 Liviam
1648 2914 1789 2955 gentem
1813 2913 1885 2946 dici
1906 2913 2043 2955 potest,
2070 2912 2110 2945 ut

1241 2965 1400 2998 Tiberius
1423 2964 1518 3007 apud
1537 2964 1744 2997 Suetonium
1767 2972 1844 3006 cap.
1863 2963 1883 2996 3
1905 2963 2060 2996 insertus
2075 2961 2110 2995 ei

1241 3014 1391 3049 familiae
1414 3015 1553 3048 dicitur.
1587 3014 1638 3048 Cf.
1663 3015 1696 3054 5,
1721 3015 1752 3047 ⁴.
1778 3014 1861 3047 Em«.
1891 3030 1928 3038 —
1955 3012 2110 3055 proson-

1233 3069 1330 3107 ptum
1349 3065 1492 3108 patrem]
1516 3073 1548 3098 a.
1566 3073 1602 3098 u.
1621 3062 1696 3097 744.
1722 3063 1774 3097 Cf.
1799 3065 1833 3103 5,
1859 3065 1891 3097 4.
1923 3061 2053 3096 Vellet<
2070 3061 2105 3102 2,

1240 3116 1294 3149 75.
1307 3133 1343 3139 —
1358 3115 1503 3148 tolerans
1517 3117 1579 3147 aut
1593 3113 1776 3155 declinans]
1790 3112 1951 3146 toleravit
1965 3113 2001 3145 in
2015 3110 2107 3144 urbo

1241 3168 1277 3200 et
1293 3174 1434 3205 coramz
1459 3163 1657 3202 declinavit,
1673 3172 1756 3197 cum
1767 3163 1928 3196 Rhodum
1943 3161 2104 3195 secessit.

1240 3217 1327 3249 Lirs.
1356 3234 1393 3240 —
1426 3223 1551 3248 vacuos
1577 3214 1743 3256 principis
1769 3211 1924 3254 penates]
1958 3210 2106 3245 mortuis

1239 3263 1414 3305 Marcello,
1439 3265 1603 3306 Agrippa,
1627 3264 1665 3296 L.
1691 3264 1726 3296 et
1750 3262 1788 3295 C.
1813 3259 2042 3301 Caesaribus3
2066 3260 2108 3293 ut

1237 3316 1351 3347 inanis
1371 3315 1467 3356 κρέα
1490 3322 1521 3346 c.
1540 3313 1594 3346 34.
1616 3331 1652 3337 —
1669 3311 1775 3345 tribus
1794 3310 1897 3352 ferme
1917 3313 1949 3342 et
1969 3309 2104 3354 viqiuwi]

1238 3366 1381 3398 Sueton.
1396 3363 1471 3397 Tib.
1485 3364 1544 3397 73:
1562 3363 1643 3396 obiit
1656 3362 1751 3395 tertio
1765 3363 1796 3394 ol
1809 3360 1962 3393 vicesimo
1972 3360 2105 3401 inperii

1238 3414 1369 3457 (anno).
1401 3415 1464 3447 Dio
1486 3412 1568 3446 l.1.:
1604 3407 1672 3455 ἔτη
1693 3410 1766 3455 μὲν
1786 3407 1857 3443 δύο
1878 3410 1944 3443 καὶ
1966 3408 2103 3451 εἴκοσι,

1235 3462 1363 3507 μῆνας
1387 3461 1429 3497 δὲ
1450 3459 1547 3497 ἑκτὰ
1569 3462 1634 3496 καὶ
1655 3456 1803 3509 ἡμέρας
1823 3457 1919 3495 ἑπτὰ
1939 3456 2107 3508 lucceio-
