2254 3770
721 263 1108 311 CHRONOLOGIA
1138 262 1421 308 ANNALIUM.
1865 272 1959 304 nm

182 387 221 420 A.
240 386 278 420 U.
291 385 331 418 C.
355 384 394 416 P.
411 382 495 415 Cun.
606 379 722 413 COSS.
1853 375 1937 407 Am«.

818 467 820 470 .
846 440 945 481 dunt,
963 439 1118 473 colonias
1135 438 1431 479 Camulodunum,
1448 437 1701 478 Verulamium,
1719 438 1812 470 Lon-

846 491 980 523 dinium
1004 490 1173 531 diripiunt
1194 498 1237 522 ac
1259 489 1412 522 diruunt.
1449 490 1528 522 Mox
1551 489 1737 521 Suetonius
1760 497 1814 521 re-

844 547 969 572 versus
1003 539 1127 580 insigni
1161 539 1306 572 victoria
1336 537 1489 571 rebelles
1517 538 1698 580 profligat,
1734 538 1811 577 sed,

845 591 1035 632 quominus
1064 589 1199 623 bellum
1230 588 1411 628 conficiat,
1443 587 1597 620 adventu
1626 586 1814 629 Turpiliani

844 641 1062 673 successoris
1085 638 1304 682 prohibetur,
1333 639 1392 679 qui
1416 639 1525 670 otium
1550 642 1658 681 quam
1680 637 1815 671 bellum

845 689 990 722 mavult.

889 740 963 772 Ser.
995 737 1104 771 Galba
1133 747 1198 780 pro
1229 736 1373 771 consule
1406 739 1608 780 provinciae
1643 739 1815 771 Tarraco-

845 788 947 820 nensi
970 788 1191 830 praeficitur:
1217 786 1370 820 Corbulo
1386 787 1524 828 Syriam
1541 788 1734 830 regendam
1754 796 1816 820 ac-

847 838 948 879 cipit,
974 838 1178 870 Armeniam
1202 837 1419 869 Caesennius
1443 838 1582 871 Paetus.
1854 829 1939 862 XIV·

228 891 292 924 8⁴5
402 888 444 921 62
519 889 556 921 P.
581 886 710 920 Marius
741 884 818 918 Cel-
890 887 1041 926 Burrus,
1080 887 1210 920 veteris
1247 885 1342 928 apud
1376 887 1553 920 Neronem
1588 886 1814 926 auctoritatis,
1842 886 1964 920 48-65.

518 946 597 978 sus,
622 938 659 969 L.
678 936 818 969 Asinius
847 936 1014 975 moritur,
1041 936 1140 970 cuius
1163 943 1353 969 successor
1377 934 1573 977 Tigillinus‚
1598 936 1644 969 ob
1668 936 1818 978 flagitio·
1870 948 1942 981 xv,

595 985 723 1021 Gallus.
847 993 927 1017 rum
950 986 1159 1019 societatem
1182 984 1336 1024 electus,
1361 984 1465 1018 bonis
1481 986 1646 1019 omnibus
1663 984 1817 1028 pericula
1852 1003 1965 1037 4-22·

847 1035 1004 1067 intentat.
1035 1036 1110 1073 Iam
1130 1036 1263 1072 Seneca
1280 1044 1301 1067 a
1381 1036 1496 1076 ortem
1512 1035 1580 1068 sibi
1596 1036 1820 1076 consciscen-

848 1085 936 1128 dani
951 1069 1260 1134 adffliffissffi‘ffila
1287 1086 1392 1118 Massi
1406 1093 1459 1118 lae
1487 1072 1828 1126 οκᾶιΐᾟῑῖἷιῗὲῗῖἰῖἷὲζ

848 1121 1007 1175 ῧῖειιιυε,
1033 1144 1144 1177 gener
1157 1135 1195 1167 L.
1213 1134 1362 1174 Veteris,
1388 1135 1424 1167 in
1439 1135 1518 1168 Asia
1542 1134 1817 1173 interficiuntur;

849 1185 1011 1224 Octavia,
1037 1185 1232 1218 castissima
1256 1186 1427 1224 coniunx,
1452 1185 1487 1217 in
1510 1183 1660 1218 insulam
1683 1184 1820 1217 Panda-

849 1235 976 1266 tariam
997 1233 1186 1276 relegatur,
1211 1243 1294 1267 mox
1318 1235 1476 1275 necatur,
1501 1236 1665 1277 Poppaea
1688 1236 1724 1267 in
1743 1243 1822 1267 ma-

849 1284 1055 1317 trimonium
1078 1285 1245 1326 principis
1267 1285 1447 1326 recipitur.

894 1334 933 1365 In
948 1334 1114 1366 Armenia
1137 1335 1264 1367 Paetus
1283 1343 1303 1366 a
1320 1333 1492 1375 Vologese
1509 1343 1712 1377 oppressus,
1730 1333 1823 1376 turpi

852 1382 997 1416 foedere
1019 1382 1297 1417 incolumitatem
1320 1384 1509 1426 paciscitur
1531 1386 1566 1417 et
1581 1384 1679 1425 regni
1695 1383 1824 1416 finibus

854 1432 964 1473 cedit,
989 1433 1023 1464 in
1047 1432 1144 1475 quod
1166 1434 1333 1475 Tigranes
1360 1434 1560 1467 instituitur.

899 1484 1050 1524 (Persius
1072 1485 1177 1525 poeta
1198 1485 1334 1517 XXVIII
1358 1493 1469 1517 annos
1491 1485 1595 1517 natus
1618 1483 1790 1523 moritur.)

235 1543 300 1577 8⁴6
409 1541 451 1574 63
547 1535 588 1568 C.
615 1534 802 1567 Memmius
898 1533 1020 1573 ltaque
1054 1533 1124 1566 hoc
1158 1542 1250 1566 anno
1285 1533 1439 1566 Corbulo
1475 1534 1604 1567 iterum
1637 1534 1825 1566 Armeniae

525 1583 825 1625 Regulus,L.Ver-
856 1582 1076 1624 praeficitur,
1111 1585 1172 1625 qui
1200 1583 1377 1616 Tiridaten
1407 1583 1452 1616 ad
1476 1592 1557 1616 eam
1580 1583 1826 1616 condicionem

548 1633 661 1675 ginius
684 1633 802 1666 Rufus.
856 1631 980 1672 adigit,
1015 1634 1055 1664 ut
1082 1632 1283 1674 depositum
1315 1633 1360 1665 ad
1388 1633 1542 1674 effigiem
1565 1634 1727 1666 Caesaris
1750 1633 1827 1666 dia-

856 1681 962 1714 dema
995 1690 1066 1714 non
1104 1683 1201 1724 prius
1235 1691 1275 1716 se
1309 1684 1493 1724 gesturum
1527 1682 1721 1725 spondeat,
1762 1683 1828 1715 nisi

855 1732 987 1764 Romae
1011 1740 1055 1764 ex
1078 1732 1242 1765 manibus
1266 1732 1429 1765 eiusdem
1452 1733 1640 1775 receperit.

899 1783 1066 1815 Nationes
1080 1781 1219 1825 Alpium
1242 1783 1500 1815 maritimarum
1522 1783 1567 1816 ad
1583 1783 1638 1816 ius
1653 1783 1740 1815 Latii
1756 1783 1829 1814 tra-

857 1832 998 1865 ductae.

900 1882 1084 1924 Equitibus
1117 1883 1284 1916 Romanis
1319 1882 1441 1916 sedilia
1481 1883 1635 1916 discreta
1669 1892 1689 1915 a
1723 1881 1829 1924 plebe

858 1932 964 1964 etiam
987 1932 1022 1965 in
1048 1933 1142 1977 circo
1166 1933 1415 1975 adsignantur,
1440 1935 1479 1966 ut
1501 1934 1582 1966 ante
1605 1931 1682 1975 lege
1706 1933 1830 1966 Roscia

858 1982 894 2014 in
916 1981 1055 2014 theatro
1078 1981 1269 2015 dumtaxat.

901 2032 1009 2065 Nonis
1043 2031 1146 2066 Febr.
1179 2034 1297 2066 terrae
1331 2034 1430 2066 motu
1465 2034 1678 2075 Campaniae
1702 2033 1830 2076 oppida

860 2080 960 2114 clade
996 2081 1214 2122 afficiuntur,
1246 2083 1421 2125 imprimis
1448 2084 1607 2125 Pompeii
1638 2085 1674 2116 et
1695 2084 1831 2116 Hercu-

859 2130 1013 2164 laneum.
1040 2132 1187 2172 (Seneca
1209 2133 1287 2165 Nat.
1313 2133 1457 2172 Quaest.
1475 2133 1508 2173 6,
1531 2134 1564 2166 2.
1599 2132 1654 2166 Ad
1675 2133 1832 2174 priorem

861 2190 994 2215 annum
1016 2182 1108 2215 haec
1129 2182 1239 2215 refert
1261 2183 1401 2216 Tacitus
1424 2191 1455 2215 c.
1482 2182 1550 2224 22.)

244 2243 307 2276 8⁴7
419 2240 461 2274 64
556 2233 595 2266 C.
617 2231 810 2265 Laecanius
906 2234 998 2265 Nero
1027 2234 1172 2266 insanus
1200 2232 1365 2265 cantandi
1394 2233 1557 2275 cupidine
1592 2231 1736 2275 Neapoli
1765 2241 1833 2275 pu-

533 2283 683 2321 Bassus,
707 2281 752 2314 M.
781 2280 834 2311 Li·
863 2283 953 2316 blice
977 2284 1012 2316 in
1034 2284 1174 2316 theatro
1197 2284 1330 2323 artem,
1363 2292 1433 2325 qua
1465 2284 1570 2317 unice
1596 2293 1635 2317 se
1659 2282 1834 2316 excellere

534 2332 646 2364 cinius
684 2330 833 2362 Crassus
862 2335 982 2375 putat,
1007 2334 1184 2366 ostentare
1207 2335 1334 2376 coepit.
1363 2335 1436 2367 Nec
1451 2343 1472 2367 a
1487 2335 1616 2367 ceteris
1631 2333 1834 2367 libidinibus

624 2379 736 2419 Frugi.
863 2385 1058 2425 temperat,
1083 2384 1169 2425 quin
1193 2385 1299 2416 etiam
1322 2386 1447 2417 auctor
1465 2384 1573 2418 fuisse
1595 2386 1740 2427 putatur
1754 2393 1835 2426 gra-

863 2433 996 2466 vissimi
1018 2432 1190 2473 incendii,
1216 2441 1286 2474 quo
1309 2433 1378 2466 hoc
1403 2443 1495 2467 anno
1511 2434 1623 2467 multo
1638 2436 1752 2468 maior
1765 2436 1836 2468 Ro-

864 2492 991 2516 manae
1024 2483 1125 2516 urbis
1158 2492 1240 2525 pars
1274 2485 1469 2526 veteraque
1500 2486 1730 2518 monumenta
1760 2484 1834 2518 fere

865 2533 983 2565 omnia
1012 2541 1075 2566 sex
1105 2532 1232 2566 diebus
1255 2533 1371 2567 deleta
1398 2536 1490 2568 sunt.
1526 2535 1580 2568 Ad
1603 2545 1684 2569 eam
1706 2536 1835 2570 famam

865 2581 1078 2615 abolendam
1095 2583 1330 2625 Christianos,
1354 2585 1503 2617 invitum
1525 2584 1629 2628 vulgo
1651 2587 1835 2620 hominum

865 2640 995 2673 genus,
1020 2640 1103 2665 reos
1126 2632 1248 2665 subdit
1269 2635 1306 2666 et
1328 2635 1608 2676 exquisitissimis
1623 2637 1748 2678 poenis
1764 2636 1837 2669 affi-

866 2681 923 2713 cit.
949 2680 1058 2714 Simul
1079 2691 1145 2724 per
1162 2682 1297 2716 ltaliam
1313 2692 1355 2716 ac
1369 2685 1567 2726 provincias
1582 2686 1734 2727 pecunia
1749 2695 1836 2719 con-

866 2730 1016 2771 quiritur
1037 2731 1084 2764 ad
1105 2731 1235 2765 urbem
1258 2733 1537 2774 magnificentius
1560 2735 1834 2775 restituendam;

866 2781 942 2822 ipse
967 2780 1112 2814 domum
1136 2791 1281 2815 auream
1303 2783 1452 2825 ingentis
1472 2785 1638 2818 circuitus
1654 2786 1836 2819 exstruere

868 2830 1000 2872 coepit,
1025 2838 1096 2863 non
1119 2831 1180 2864 diu
1202 2840 1421 2866 mansuram.

252 2894 315 2928 848
425 2892 466 2925 65
538 2891 578 2924 A.
593 2889 693 2923 Silius
708 2890 835 2930 Nerva,
912 2892 1000 2925 Cum
1025 2893 1090 2926 Cn.
1107 2894 1255 2934 Pisone,
1280 2893 1497 2928 nobilissimo
1519 2897 1658 2938 iuvene,
1683 2896 1837 2931 Plautius

1852 1532 1913 1565 23-
1919 1532 1972 1565 32.

1860 2239 1921 2274 33-
1927 2238 1968 2273 47
1973 2264 1981 2272 .

550 2941 594 2975 M.
612 2940 746 2996 Atticus
760 2940 827 2973 Ve-
870 2943 1080 2983 Lateranus,
1107 2942 1228 2976 consul
1252 2943 1465 2986 designatus,
1489 2947 1655 2980 Annaeus
1675 2948 1837 2981 Lucanus
1865 2902 1986 2998 ‘32⁷5'

626 2991 749 3022 stmus.
869 2993 985 3034 poeta,
1011 2993 1158 3025 Faenius
1175 2991 1294 3033 Rufus,
1320 2992 1408 3026 alter
1422 2995 1623 3037 praefectus
1639 2996 1837 3029 cohortium
1879 3020 1985 3053 4-43·

868 3042 1142 3083 praetoriarum,
1178 3040 1305 3084 aliique
1338 3043 1403 3076 viri
1435 3044 1604 3078 militares
1632 3045 1677 3078 ad
1710 3054 1837 3079 necem

868 3091 1018 3123 Neronis
1041 3091 1265 3132 conspirant:
1291 3101 1362 3134 quo
1384 3095 1576 3128 atrociores
1600 3095 1747 3134 caedes,
1772 3094 1838 3127 de-

869 3139 963 3171 tecta
992 3147 1052 3179 re,
1084 3141 1304 3182 sequuntur:
1337 3142 1537 3186 eodemque
1561 3145 1707 3177 crimine
1731 3145 1838 3177 etiam

871 3188 1006 3220 Seneca
1036 3188 1265 3232 philosophus
1294 3192 1332 3224 et
1353 3192 1516 3227 Vestinus
1540 3192 1661 3226 consul
1684 3194 1839 3226 circum-

870 3237 1069 3270 veniuntur.
1103 3239 1158 3272 Ad
1187 3240 1302 3273 studia
1332 3249 1396 3274 sua
1426 3242 1605 3276 revolutus
1634 3243 1726 3275 Nero
1748 3241 1839 3276 ludis

872 3287 1191 3328 quinquennalibus
1214 3290 1290 3332 ipse
1314 3293 1350 3323 et
1372 3293 1530 3326 carmina
1552 3291 1692 3334 publice
1715 3293 1841 3326 recitat

873 3336 908 3368 et
931 3336 1023 3368 canit
1045 3336 1079 3369 in
1101 3346 1220 3371 scena.
1245 3341 1420 3382 Poppaea,
1445 3342 1518 3374 ictu
1540 3340 1645 3374 calcis
1667 3350 1688 3374 a
1711 3343 1839 3376 marito

872 3384 1019 3427 afflicta,
1043 3387 1204 3430 moritur,
1229 3390 1368 3424 mortua
1387 3389 1512 3424 divinis
1534 3389 1761 3434 religionibus
1777 3401 1841 3427 co-
