2254 3770
755 199 776 206 a

314 302 399 348 340
784 307 829 349 P.
863 306 1112 351 CORNELII
1141 307 1311 352 TACITI
1341 308 1608 373 ANNALIUM

316 412 395 456 ubi·
420 411 610 456 auditum
641 419 683 457 et
712 412 991 470 languescere
1022 414 1102 466 ira,
1146 413 1288 457 redire
1320 427 1440 458 amor
1470 429 1538 466 ac,
1577 416 1613 459 si
1644 422 1964 469 cunctarentur,
2007 431 2109 476 pro-

316 488 478 547 pinqua
506 503 591 532 nox
620 495 662 532 et
691 488 826 532 uxorii
860 489 1043 534 cubiculi
1074 490 1277 533 memoria
1309 489 1581 542 timebantur,
1615 493 1854 550 prorumpit
1882 493 2106 537 Narcissus

314 563 620 623 denuntiatque
652 565 972 608 centurionibus
1003 572 1044 608 et
1073 565 1263 616 tribuno,
1305 565 1377 623 qui
1409 566 1573 617 aderat,
1615 568 1768 626 exequi
1810 568 2009 612 caedem:
2050 569 2108 613 ita

313 640 615 698 imperatorem
656 640 817 683 iubere.
865 646 1008 684 custos
1049 647 1090 685 et
1129 648 1301 684 exactor
1337 655 1362 684 e
1401 641 1562 686 libertis
1597 643 1767 687 Euodus
1798 643 1935 687 datur.
1981 644 2106 702 isque

281 716 466 773 nraptim
496 716 538 758 in
569 714 715 759 hortos
746 729 1028 773 praegressus
1059 716 1249 774 repperit
1279 716 1414 760 fusam
1446 717 1581 769 humi,
1615 719 1830 763 assidente
1861 725 1995 763 matre
2025 719 2106 763 Le-

312 791 428 849 pida,
470 806 582 850 quae
622 791 788 835 florenti
825 790 939 835 filiae
971 791 1083 835 haud
1114 806 1293 836 concors
1325 793 1537 850 supremis
1569 794 1661 837 eius
1692 794 2020 838 necessitatibus
2050 793 2107 838 ad

311 868 629 911 miserationem
650 868 787 911 evicta
809 874 900 910 erat
927 868 1223 925 suadebatque
1246 882 1299 911 ne
1323 882 1623 925 percussorem
1645 870 1938 928 opperiretur:
1970 877 2107 914 trans-

311 943 396 987 isse
426 943 572 994 vitam‚
606 957 748 1001 neque
778 942 893 986 aliud
924 957 1052 1001 quam
1083 943 1205 986 morti
1237 943 1371 987 decus
1402 945 1709 1001 quaerendum.
1747 945 1825 989 sed
1855 946 1997 989 animo
2027 959 2107 1004 per

309 1018 508 1063 libidines
549 1026 750 1076 corrupto
792 1017 891 1061 nihil
932 1017 1159 1066 honestum
1198 1018 1356 1071 inerat;
1402 1019 1687 1078 lacrimaeque
1719 1027 1762 1064 et
1791 1028 1971 1080 questus
2001 1021 2105 1064 irriti

260 1095 595 1147 reducebantur,
629 1109 727 1139 cum
757 1095 919 1152 impetu
940 1095 1201 1138 venientium
1232 1093 1381 1152 pulsae
1412 1095 1542 1146 fores,
1576 1096 1790 1156 astititque
1810 1097 2006 1141 tribunus
2026 1110 2105 1155 per

308 1171 541 1223 silentium,
583 1178 624 1214 at
659 1170 841 1215 libertus
883 1170 1108 1228 increpans
1145 1169 1288 1213 multis
1320 1177 1362 1213 et
1391 1170 1618 1215 servilibus
1648 1172 1830 1230 probris.

307 1248 494 1306 primum
523 1247 734 1292 fortunam
765 1260 886 1290 suam
916 1246 1167 1303 introspexit
1197 1245 1443 1303 ferrumque
1474 1248 1655 1304 accepit,
1695 1247 1814 1306 quod
1855 1247 2009 1292 frustra
2037 1250 2105 1291 iu·
2132 1290 2137 1296 ,

1892 1173 1974 1230 (38)
2004 1179 2105 1217 tunc

308 1324 406 1382 gulo
453 1329 524 1368 aut
566 1323 728 1382 pectori
768 1336 846 1380 per
885 1321 1212 1380 trepidationem
1252 1321 1485 1364 admovens
1527 1322 1611 1365 ictu
1648 1323 1804 1366 triburi:
1841 1324 2101 1382 transigitur.

307 1400 617 1458 corpus’matri
650 1412 917 1443 concessum.
966 1397 1288 1455 nuntiatumque
1321 1396 1496 1440 Claudio
1528 1397 1714 1456 epulanti
1745 1399 1911 1456 perisse
1942 1400 2100 1444 Messa-

257 1475 463 1527 lslinam,
487 1489 572 1519 non
603 1474 800 1518 distincto
832 1487 911 1517 sua
941 1487 992 1516 an
1026 1472 1163 1516 aliena
1193 1486 1333 1516 manu.
1366 1486 1445 1516 nec
1467 1472 1536 1517 ille
1557 1474 1784 1532 quaesivit,
1818 1475 2102 1533 poposcitque

304 1551 507 1610 poculum
553 1557 595 1595 et
635 1550 759 1594 solita
802 1548 997 1594 convivio
1039 1547 1283 1592 celebravit.
1337 1562 1392 1592 ne
1434 1551 1592 1593 secutis
1622 1537 1799 1608 quidem
1829 1550 1985 1594 diebus
2014 1550 2102 1594 odii

306 1627 471 1686 gaudii,
515 1627 604 1671 irae
639 1626 855 1677 tristitiae,
900 1624 1025 1668 ullius
1057 1624 1242 1682 denique
1281 1623 1450 1668 humani
1482 1624 1659 1668 affectus
1690 1625 1811 1683 signa
1839 1625 1978 1678 dedit,
2016 1640 2102 1670 non

306 1714 403 1748 cum
434 1703 640 1747 laetantes
672 1707 946 1747 accusatores
976 1700 1210 1758 aspiceret,
1243 1700 1326 1743 non
1359 1713 1456 1744 cum
1485 1699 1594 1744 filios
1615 1708 1869 1745 maerentes.
1912 1701 2102 1760 iuvitque

305 1779 564 1824 oblivionem
595 1779 688 1823 eius
729 1784 903 1822 senatus
933 1775 1150 1821 censendo
1183 1789 1336 1819 nomen
1368 1781 1411 1819 et
1440 1775 1603 1833 effigies
1632 1776 1808 1834 privatis
1838 1790 1890 1821 ac
1916 1776 2101 1838 publicis

251 1855 410 1900 zolocis
449 1853 754 1900 demovendas.
799 1853 982 1897 decreta
1010 1851 1210 1896 Narcisso
1240 1852 1487 1910 quaestoria
1515 1851 1714 1909 insignia,
1747 1851 2010 1897 levissimum
2039 1853 2101 1897 fa-

368 1983 400 2017 3.
426 1984 546 2017 aderat
566 1983 620 2022 M:
650 1983 793 2023 aderant
816 1979 931 2023 vulgo.
961 1998 997 2004 —
1029 1980 1139 2012 cedem
1162 1979 1195 2012 M
1223 1996 1257 2002 —
1291 1978 1323 2012 4.
1349 1981 1526 2018 exauctor,
1559 1978 1672 2011 littera
1693 1988 1718 2011 u
1739 1980 1880 2022 punctis
1903 1981 2041 2020 notata,
2065 1980 2100 2014 M

303 2057 339 2063 —
365 2041 469 2073 datur
491 2041 540 2074 M:
569 2041 667 2072 datus
688 2037 804 2079 vulgo.
833 2054 869 2060 --
903 2038 934 2070 5.
960 2039 1048 2068 ortos
1071 2036 1105 2070 M
1131 2054 1165 2059 —
1190 2033 1347 2077 pqressus
1370 2043 1462 2068 corr.
1489 2035 1545 2069 M:
1574 2044 1730 2077 pqressus
1752 2044 1805 2078 pr.
1830 2036 1881 2075 M;
1901 2039 2100 2078 prom-'ossus

301 2095 410 2130 alii.—
431 2098 462 2130 6.
482 2106 544 2137 que
567 2097 604 2131 M*
619 2114 655 2119 —
680 2096 750 2129 eius
771 2094 827 2128 bis
852 2093 1021 2136 deinceps
1037 2094 1070 2127 M
1087 2110 1122 2115 —
1142 2093 1174 2125 9.
1193 2093 1294 2125 nichil
1309 2093 1342 2126 M
1361 2110 1397 2116 —
1423 2092 1625 2133 lacrimeque
1641 2093 1673 2125 M
1693 2108 1728 2116 «-
1754 2092 1808 2125 43.
1827 2093 2026 2135 transigitur
2042 2092 2095 2126 M:

300 2154 510 2206 transfigitur
522 2153 589 2187 alii.
616 2153 667 2187 Cf.
686 2152 740 2195 44,
754 2152 808 2186 37.
822 2170 858 2177 -
879 2152 932 2185 48.
950 2154 1108 2184 merentes
1124 2151 1156 2184 M
1170 2168 1205 2174 —

301 2261 396 2304 apud
419 2261 659 2301 Tacitum‚²2‚
684 2261 739 2293 20.
765 2259 803 2299 4,
829 2259 883 2292 8⁴.
909 2250 947 2299 6,·
967 2259 1019 2291 49.
1047 2258 1099 2298 43,
1118 2258 1171 2291 37.

301 2311 360 2352 44,
386 2312 428 2344 Ἰ34
459 2313 528 2345 cet.
565 2329 600 2335 -
627 2311 696 2351 ubi]
731 2311 887 2352 primum
917 2317 998 2341 cum
1028 2309 1170 2349 aoristo‚

300 2363 454 2395 auditum
476 2363 548 2403 est,
574 2361 655 2394 dein
677 2370 759 2394 cum
783 2360 960 2393 infinitivis
984 2359 1170 2400 historicis,

299 2413 511 2454 languescere
527 2412 563 2444 et
583 2412 712 2452 redire,
737 2411 920 2453 postremo
938 2418 1022 2443 cum
1038 2410 1172 2451 imper-

300 2462 391 2501 fecto
415 2462 615 2495 timebantur
631 2462 817 2494 structum.
837 2461 946 2493 Donn.
967 2477 1003 2483 —
1025 2458 1171 2501 Euodus]

299 2513 532 2555 Frequentior
559 2513 663 2545 huius
695 2511 914 2553 cognominis
938 2511 1111 2553 scriptura
1136 2511 1171 2542 in

299 2562 587 2605 inscriptionibus
617 2563 672 2595 est
704 2562 871 2594 Euhodus.
907 2561 995 2593 Vide
1020 2561 1171 2594 Momm-

298 2615 387 2646 senii
409 2615 535 2646 lnscrr.
562 2614 600 2646 R.
624 2614 733 2654 Neap.
761 2621 794 2654 p.
820 2611 896 2644 446.
925 2629 958 2635 -
991 2619 1171 2652 praeyres—

297 2664 361 2706 sus]
400 2663 553 2697 Narcissi
585 2661 766 2695 voluntate
808 2662 996 2704 perspecta
1030 2661 1172 2694 festinat

298 2706 453 2751 Euodus.
480 2723 524 2747 ne
548 2713 696 2746 fortasse
721 2720 812 2746 novo
831 2710 966 2744 Claudii
989 2712 1087 2744 iussu
1099 2720 1170 2743 me-

295 2765 427 2799 retricis
446 2764 633 2806 Augustae,
669 2764 712 2795 ut*
737 2770 817 2795 eam
846 2763 951 2795 vocat
981 2760 1166 2801 luvenalis,

296 2814 507 2859 supplicium
540 2814 748 2851 revocetur3
784 2821 866 2845 cum
898 2813 1018 2844 autem
1046 2812 1081 2844 in
1111 2810 1168 2844 illa

296 2865 374 2898 aula
391 2867 486 2898 tanta
503 2868 598 2897 esset
613 2862 821 2895 libertorum
840 2862 1009 2904 potentia,
1036 2861 1168 2894 nemini

295 2925 340 2948 ne
364 2908 506 2948 tribuno
530 2912 675 2955 quidem
695 2911 1033 2953 centurionibusque
1052 2911 1167 2943 offen-

294 2966 384 3010 sioni
413 2972 493 2998 esse
525 2964 662 3005 poterat
684 2962 832 2995 huiusce
857 2962 962 2995 sortis
984 2962 1165 2994 hominem

294 3017 389 3058 ipsos
411 3013 642 3058 praecedere.
663 3029 698 3034 —
718 3015 827 3044 matre
840 3010 976 3053 Lepida]
1001 3012 1164 3052 Domitia,
1307 3040 1314 3048 .

293 3067 329 3099 L.
355 3065 496 3098 Domitii
508 3060 762 3101 JAhenobarbi,
790 3060 944 3094 consulis
968 3070 1000 3094 a.
1026 3070 1061 3094 u.
1088 3061 1163 3102 738,

293 3116 329 3148 et
359 3113 530 3148 Antoniae
562 3111 705 3145 maioris
731 3111 826 3153 (vide
851 3111 896 3143 ad
919 3111 957 3151 4,
985 3110 1044 3152 44)
1081 3110 1162 3152 filia,

291 3173 414 3198 sorore
440 3165 504 3197 Cn.
527 3161 684 3205 Domitii,
711 3159 864 3193 consulis
888 3169 919 3193 a.
938 3169 973 3193 u.
992 3161 1069 3202 785,
1092 3162 1164 3194 Ne-

290 3215 387 3247 ronis
416 3212 641 3256 imperatoris
672 3211 779 3244 amita
815 3211 893 3251 (⁴2,
926 3211 980 3244 64.
1018 3212 1159 3244 Suetou.

290 3266 371 3298 Ner.
398 3265 430 3297 5.
456 3263 506 3305 6).
542 3261 719 3295 Valeriam
750 3259 990 3301 Messalinam,
1028 3260 1162 3294 Claudii

290 3321 452 3352 uxorem,
481 3312 619 3355 peperit
642 3320 686 3344 ex
708 3308 856 3344 Messala
876 3309 1046 3351 Barbato,
1072 3312 1162 3344 Mes-

288 3362 384 3396 salae
415 3362 558 3395 Barbati
587 3360 754 3404 Appiani,
787 3358 940 3392 consulis
964 3368 995 3392 a.
1021 3369 1055 3392 u.
1081 3360 1157 3400 742,

288 3412 370 3445 filio.
406 3412 536 3445 incesti
566 3420 628 3444 rea
661 3419 744 3443 cum
772 3408 967 3442 fratre'Cn.
992 3409 1156 3450 Domitio,

287 3462 437 3496 Neronis
459 3461 682 3505 imperatoris
705 3459 826 3502 patre,
851 3459 1044 3492 mutatione
1066 3461 1158 3492 tem-

1225 2150 1278 2184 20.
1296 2150 1424 2191 fastidii
1439 2151 1491 2184 M:
1508 2150 1643 2192 fastidio
1658 2150 1860 2189 Ernestius;
1882 2150 2012 2192 fastigii
2027 2148 2095 2183 alii.

1223 2266 1351 2299 porum
1381 2257 1494 2290 evasit
1525 2257 1687 2298 (Sueten.
1712 2257 1794 2289 Ner.
1821 2256 1865 2298 5).
1899 2258 1928 2289 A
1952 2255 2097 2290 Claudio

1223 2316 1355 2348 genero
1379 2307 1569 2348 imperium
1585 2307 1714 2348 adepto
1731 2307 1910 2349 desponsa
1926 2306 2040 2349 esua.
2057 2315 2095 2340 u.

1223 2358 1296 2400 794)
1333 2359 1444 2399 Appio
1474 2356 1589 2390 Silano
1622 2358 1703 2398 (Dio
1726 2358 1781 2398 60,
1806 2357 1879 2398 44),
1916 2357 1960 2390 de
1995 2357 2096 2390 cuius

1223 2408 1333 2442 caede
1370 2408 1450 2441 vide
1480 2408 1526 2440 ad
1556 2417 1586 2441 c.
1613 2408 1667 2440 29.
1705 2409 1776 2450 Ipsi
1810 2407 1974 2450 Lepidae*
1997 2415 2095 2441 mors

1222 2460 1352 2492 indicta
1377 2460 1432 2492 est
1455 2468 1486 2492 a.
1511 2468 1545 2492 u.
1570 2459 1632 2492 807
1658 2459 1722 2500 (42,
1749 2458 1790 2492 64
1815 2459 1895 2501 sq.).
1929 2457 1982 2492 Cf.
2006 2457 2096 2501 Bor·

1221 2510 1320 2551 ghesi
1342 2509 1464 2542 Annali
1487 2509 1559 2542 dell'
1582 2509 1735 2542 Instituto
1758 2509 1850 2551 XXI,
1873 2517 1909 2551 p.
1935 2508 1971 2542 34
1999 2516 2054 2551 sq.

1264 2611 1316 2644 38.
1342 2620 1401 2643 nec
1421 2611 1478 2644 ille
1500 2610 1673 2653 quaesivit]
1701 2609 1857 2643 Similem
1881 2608 2016 2644 Claudii
2042 2609 2094 2643 in-

1220 2664 1354 2694 curiam
1369 2661 1522 2695 vidimus
1538 2670 1643 2703 supra
1662 2670 1692 2694 c.
1708 2662 1728 2694 2
1745 2662 1833 2693 extr.
1850 2677 1885 2683 —
1902 2659 1999 2702 filios]
2017 2660 2040 2693 i.
2055 2668 2090 2694 e.

1219 2710 1329 2744 filium
1353 2712 1388 2744 et
1415 2710 1541 2752 filiam,
1572 2711 1752 2744 Octaviam
1780 2711 1815 2743 et
1837 2710 2088 2743 Britannicum.

1220 2762 1269 2794 Cf.
1287 2761 1389 2805 422.
1412 2778 1447 2785 —-
1468 2770 1586 2794 nomen
1607 2765 1638 2794 et
1660 2761 1783 2804 efflqies
1797 2759 2088 2803 --domovendasl

1218 2813 1375 2845 Nominis
1406 2813 1497 2845 erasi
1526 2811 1729 2854 exemplum
1752 2811 1855 2844 offert
1877 2810 1997 2844 titulus
2019 2811 2092 2845 Ro-

1218 2870 1344 2895 manus
1367 2863 1496 2895 Inscrr.
1522 2862 1609 2894 Latt.
1636 2871 1671 2895 n.
1693 2861 1776 2894 709:
1813 2869 1876 2893 pao
1897 2867 2020 2894 surm
2041 2867 2087 2894 τι.

1217 2921 1330 2946 cnm).
1360 2920 1526 2946 CAESAms.
1559 2920 1633 2945 Avo.
1665 2919 1858 2944 canumet.
1883 2918 1980 2944 rom.
2004 2909 2089 2944 111.-

1216 2971 1303 2996 rmn.
1322 2971 1394 2995 Por.
1417 2971 1474 2996 m.
1494 2970 1563 2996 cos.
1582 2970 1650 2994 1111.
1668 2970 1742 2994 ιιι».
1758 2969 1812 2994 ιν.
1829 2970 1862 2994 Ρ.
1878 2969 1910 2994 r.
1929 2960 2090 2995 censens

1383 3020 1632 3051 ιιΒΕιῑοιινιρνε
1657 3036 1769 3044 ......
1794 3019 1841 3044 Ex
1863 3018 1944 3044 roro
1965 3012 2089 3045 mc!-

1214 3070 1288 3094 rro.
1311 3071 1342 3095 c.
1367 3070 1484 3095 zmrs.
1505 3068 1581 3096 sax.
1604 3071 1637 3094 F.
1656 3060 1822 3103 con(nelia
1838 3060 1943 3103 tribu)
1966 3058 2088 3094 rosw-

1214 3121 1290 3146 m‘s.
1334 3121 1450 3145 enar.
1489 3120 1637 3145 aaran.
1677 3121 1722 3144 rr.
1766 3119 1894 3145 curm.
1929 3112 2088 3144 cmms

1213 3170 1288 3195 Avo.
1315 3170 1508 3195 cmmmcr.
1533 3170 1579 3195 Ει
1600 3170 1676 3194 ,mu
1696 3170 1728 3195 ι’.
1745 3169 1814 3194 κη.
1839 3160 1878 3194 In
1899 3159 2009 3194 altem
2025 3168 2087 3194 ra-

1214 3220 1296 3244 sura
1329 3211 1443 3245 dcleta
1475 3214 1557 3246 sunt
1578 3210 1687 3245 verba
1711 3214 1743 3244 et
1762 3209 1961 3244 Messalinae
1981 3209 2083 3253 Auq„

1214 3261 1248 3294 in
1272 3260 1382 3295 altera
1404 3270 1531 3295 comm.
1558 3261 1697 3303 Effigies
1720 3261 1912 3303 supersunt
1933 3260 1969 3293 in
1987 3267 2085 3302 gem-

1213 3311 1278 3344 mis
1301 3311 1397 3354 apud
1420 3312 1565 3353 Mongez
1593 3311 1744 3353 Iconoar.
1766 3318 1852 3343 rom,
1878 3318 1914 3351 p.
1938 3308 2014 3343 244.
2041 3324 2078 3333 -

1210 3361 1412 3394 levissimum
1431 3361 1558 3404 fatfflss
1579 3360 1661 3402 eius]
1686 3359 1856 3392 «Tantum
1881 3360 1959 3392 erat
1979 3358 2082 3393 sasti-

1210 3410 1325 3452 dium,
1350 3412 1447 3444 tanta
1469 3410 1684 3453 arrogantia.
1710 3409 1830 3451 quain
1847 3417 1972 3443 omnes
1987 3407 2080 3442 abu-'-

1208 3459 1367 3502 tebatur,
1407 3462 1446 3493 ut
1478 3460 1548 3493 hoc
1579 3459 1724 3493 honoris
1758 3459 1897 3501 insigne
1930 3462 2077 3502 prorsus
