2254 3770
843 261 1000 322 'LIBER
1026 276 1078 320 11.
1122 275 1223 335 Cap.
1253 276 1322 321 83.
1352 276 1421 331 84.

1949 275 2030 320 ⁴37

240 388 499 433 dicaturum:
538 399 682 445 neque
723 384 836 429 enim
874 373 1164 444 eloquentiam
1194 384 1363 429 fortuna
1391 385 1600 436 discerni,
1637 390 1680 429 et
1709 385 1811 429 satis
1840 384 2030 437 inlustre,

240 465 276 508 si
305 469 472 507 veteres
510 462 621 505 inter
653 461 885 519 scriptores
914 459 1157 504 haberetur.
1202 467 1405 519 equester
1434 461 1543 505 ordo
1575 466 1761 506 cuneum
1791 460 2029 505 Germanici

240 537 469 598 appellavit
489 538 577 596 ⁴qui
614 537 826 581 iuniorum
865 535 1105 587 dicebatur,
1145 536 1411 594 instituitque
1451 537 1512 580 uti
1542 543 1706 580 turmae
1736 536 1884 580 Idibus
1913 536 2031 579 Iuliis

241 613 468 674 imaginem
505 613 599 657 eius
636 618 931 672 sequerentur.
979 611 1188 671 pleraque
1227 618 1420 656 manent:
1459 611 1673 671 quaedam
1701 612 1843 656 statim
1872 612 2031 655 omissa

241 696 352 741 sunt,
384 696 457 733 aut
484 694 674 733 vetustas
703 688 954 732 obliteravit.

352 765 434 822 (84)
470 765 670 809 Ceterum
705 764 867 808 recenti
896 763 1037 808 adhuc
1066 763 1278 807 maestitia
1307 777 1432 808 soror
1462 762 1703 808 Germanici
1731 762 1868 813 Livia,
1899 769 2032 821 nupta

238 844 396 891 Druso,
428 841 539 885 duos
567 839 702 884 virilis
731 853 862 884 sexus
891 838 1016 883 simul
1048 839 1175 883 enixa
1205 845 1282 883 est.
1330 839 1448 898 quod
1469 853 1614 884 rarum
1634 839 1882 898 laetumque
1902 839 2032 883 etiam

280 983 313 1016 Ξ.
339 989 492 1015 cumeum
513 981 548 1015 M
571 980 724 1023 (cuneum
746 978 879 1022 margo)
908 997 945 1004 —
978 979 1011 1013 7.
1035 978 1152 1013 uiriles
1171 988 1226 1022 pr.
1251 979 1286 1013 M
1309 979 1418 1022 (virile
1437 988 1531 1013 secus
1552 980 1620 1013 Iac.
1647 979 1864 1019 Gronovius3
1896 978 1962 1012 sed
1985 978 2029 1013 cf.

239 1040 272 1081 ⁴,
295 1038 349 1072 58.
374 1038 415 1078 2,
438 1037 504 1079 38).

237 1164 333 1198 cunei
354 1162 619 1205 spectaculorum
638 1162 677 1194 in
698 1161 838 1194 theatro.
874 1162 1018 1194 Sueton.
1035 1162 1109 1194 Do-

237 1211 313 1248 mit.
332 1213 371 1247 4:
397 1214 583 1256 qm‘nqonas
603 1215 743 1244 tesseras
763 1213 801 1244 in
821 1212 971 1253 sinqulos
992 1220 1112 1244 cuneos

238 1265 399 1306 equestris
431 1271 473 1295 ac
511 1263 673 1295 senatorii
706 1262 834 1294 ordinis
859 1261 1109 1303 pronuntiavit.

237 1316 300 1350 Est
321 1315 425 1356 igitur
447 1312 609 1346 sedilium
633 1312 721 1345 ordo
745 1314 936 1353 cuneatus,
959 1313 1000 1344 ut
1017 1314 1108 1345 Ann.

239 1366 294 1405 46,
318 1365 358 1397 5:
396 1372 472 1396 cum
504 1372 528 1395 a
555 1362 716 1395 militibus
740 1363 1016 1402 verberarentur,
1053 1363 1110 1402 qui

235 1424 297 1457 per
317 1422 437 1447 cuneos
458 1412 603 1445 stabant.
635 1413 784 1446 Tessera
799 1410 979 1445 theatralis
994 1413 1106 1445 Inscr.

239 1467 314 1499 Lat.
340 1474 374 1497 n.
399 1463 504 1496 2539:
531 1463 652 1496 CAVea
673 1463 715 1496 II.
742 1463 864 1496 CVNeo
885 1463 942 1495 III.
969 1462 1111 1496 GRADu

241 1517 322 1549 VIII.
360 1513 522 1548 CASINA.
547 1514 706 1546 PLAVTI.
742 1513 793 1547 Cf.
823 1515 968 1547 Henzen
989 1513 1113 1546 Annali

238 1566 312 1599 dell'
328 1565 409 1598 Inst.
426 1564 504 1604 XX,
522 1572 558 1606 p.
575 1564 639 1596 277
657 1572 737 1605 sqq.
756 1580 792 1586 —
813 1563 996 1605 iuniorwn]
1014 1563 1112 1605 equi-

236 1617 332 1655 tum,
358 1615 418 1657 qui
441 1614 599 1648 nondum
622 1623 755 1647 annum
778 1614 864 1646 XLV
887 1614 1012 1648 aetatis
1035 1614 1112 1646 atti-

235 1666 388 1708 gissent3
410 1665 517 1707 atque
533 1665 764 1697 Germanicus
780 1664 850 1697 iam
866 1672 959 1696 anno
974 1663 1110 1696 XXXIV

235 1716 360 1749 aetatis
398 1714 616 1747 decesserat.
662 1715 797 1747 Locum
840 1714 888 1746 ita
925 1712 1111 1756 explicavit

236 1765 539 1809 Marquardtflist.
556 1765 619 1806 Eq.
638 1765 696 1797 Ro.
714 1773 749 1807 p.
768 1765 804 1797 74
821 1774 829 1797 z
857 1764 1109 1798 «Germanicus

236 1816 414 1850 defunctis
437 1815 476 1848 C.
502 1816 540 1847 et
562 1815 598 1847 L.
619 1814 830 1847 Caesaribus
848 1815 1017 1857 princeps
1033 1815 1110 1847 erat

234 1867 350 1901 factus
372 1866 563 1898 iuventutis
587 1865 697 1905 (Ovid.
725 1874 767 1898 ex
791 1866 901 1898 Ponto
924 1866 958 1905 2,
983 1866 1015 1903 5,
1033 1864 1107 1906 4l);

236 1926 346 1960 quem
373 1918 413 1949 ut
440 1917 560 1949 vivum
591 1916 626 1948 in
655 1917 915 1949 transvectione
947 1915 1107 1949 sollemni

235 1971 375 2001 turmae
409 1975 536 2000 omnes
568 1968 714 1999 secutae
745 1969 862 2006 erant,
898 1967 950 2000 sic
979 1967 1109 1999 mortui

235 2019 426 2060 imaginem
438 2018 626 2050 universae
642 2017 897 2059 sequebantur.
916 2019 1013 2057 Quae
1026 2026 1108 2050 cum

234 2071 282 2103 ita
306 2070 394 2109 sint,
419 2069 455 2102 in
470 2069 578 2101 Taciti
602 2068 680 2101 loco
703 2069 829 2101 theatri
854 2077 989 2101 cuneus
1011 2067 1110 2101 intel-

235 2119 396 2162 ligendus
420 2120 493 2155 est:
518 2119 548 2152 is
571 2119 666 2151 enim
689 2127 782 2152 unus
802 2118 902 2152 locus
919 2120 1012 2158 erat,
1038 2127 1109 2160 quo

235 2171 404 2213 equester
438 2169 526 2202 ordo
560 2171 709 2202 cunctus
741 2170 966 2208 conveniret,
1002 2169 1110 2202 disci—

234 2229 386 2261 musque
411 2228 453 2252 ex
476 2219 546 2252 hoc
568 2218 646 2251 loco
668 2219 745 2251 XlV
767 2219 911 2253 ordines
937 2220 972 2252 in
998 2218 1109 2260 (duos)

234 2270 418 2304 seniorum
463 2269 712 2310 iuniorumque
753 2277 888 2302 cuneos
926 2268 1109 2302 distinctos

235 2320 380 2353 fuisse.»
391 2336 427 2341 —
446 2318 588 2360 turmae]
602 2327 677 2359 sex,
694 2319 734 2350 ut
745 2318 897 2351 videtur.
912 2318 963 2351 Cf.
977 2319 1106 2351 Inscrr.

233 2370 323 2402 Latt.
342 2377 377 2400 n.
397 2368 471 2400 434.
491 2368 567 2400 433.
586 2366 682 2401 3043.
701 2367 799 2401 64⁴2.
821 2386 858 2391 —
877 2368 990 2400 Idibus
1002 2368 1108 2410 Iuliis]

233 2420 270 2452 in
294 2418 452 2460 equitum
483 2418 700 2450 travectione
724 2427 753 2451 s.
777 2427 908 2460 pompa
932 2417 1106 2457 sollemni,

235 2469 424 2512 quotannis
460 2467 517 2500 illo
551 2468 609 2501 die
638 2468 770 2501 habita.
805 2468 967 2501 Aurelius
989 2469 1110 2501 Victor

234 2520 279 2553 de
302 2519 387 2552 viris
410 2517 533 2551 illustr.
559 2528 590 2551 c.
616 2519 676 2551 32:
713 2519 775 2551 Hic
797 2519 848 2559 (Q.
875 2519 1002 2552 Fabius
1025 2517 1109 2551 Rul-

234 2570 363 2609 lianus,
390 2577 519 2602 censor
542 2578 573 2601 a.
592 2578 627 2601 u.
646 2568 720 2609 450)
741 2569 873 2609 primus
893 2570 1039 2602 instituit
1059 2570 1110 2601 uti

234 2621 359 2661 equites
392 2621 534 2652 Romani
569 2619 680 2652 Idibus
717 2620 919 2660 Quintilibus
955 2619 996 2651 ab
1030 2620 1109 2652 aede

234 2672 380 2704 Honoris
400 2671 494 2711 equis
513 2670 691 2703 insidentes
708 2671 745 2702 in
761 2670 963 2711 Capitolium
983 2670 1109 2702 transi-

234 2725 319 2754 rent.
345 2720 396 2754 Cl’.
423 2721 494 2753 Liv.
519 2720 552 2759 9,
571 2719 625 2754 46.
658 2719 850 2753 Trabeatos
874 2720 982 2754 fuisse
1006 2722 1107 2762 equi-

234 2774 290 2805 tes
312 2771 418 2804 tradit
434 2770 594 2804 Valerius
617 2771 789 2804 Maximus
804 2772 824 2804 ¹2
836 2797 843 2810 ,
861 2772 881 2803 2
893 2797 901 2811 ,
919 2771 951 2803 9.
977 2780 1105 2804 corona

235 2821 415 2863 oleaginea
451 2822 594 2854 ornatos
628 2820 759 2853 Plinius
788 2821 828 2853 N.
854 2821 896 2853 H.
922 2821 981 2860 45,
1007 2821 1027 2863 5
1052 2821 1105 2854 49.

235 2870 304 2904 Sed
327 2871 438 2903 fusius
461 2872 498 2903 et
519 2871 676 2903 ornatius
699 2879 776 2903 rem
801 2871 964 2913 exposuit
978 2871 1108 2911 Diony-

234 2922 307 2955 sius
336 2919 445 2954 Halic.
471 2921 511 2957 6.
541 2921 597 2954 ⁴3:
640 2918 790 2963 Ταύτης
818 2920 901 2954 ἐστὶ
929 2919 1000 2964 τῆς
1031 2919 1107 2954 τῶν

233 2968 482 3016 Διοσκούρων
498 2970 723 3011 ἐπιφανείας
738 2970 779 3003 ἐν
789 2967 915 3018 Ῥώμῃ
933 2972 978 3012 (in
990 2979 1106 3013 pugna

233 3021 278 3054 ad
307 3021 426 3054 lacum
453 3020 642 3062 Regillum)
671 3019 795 3054 πολλὰ
825 3024 989 3064 σημεῖα,
1019 3015 1042 3053 ὅ
1066 3030 1107 3053 τε

233 3067 328 3112 νεώς
350 3066 373 3103 ὀ
396 3068 472 3103 τῶν
493 3068 742 3129 Διοσκούρων
768 3067 815 3103 ὃν
837 3071 899 3103 έπὶ
921 3069 991 3113 τῆς
1012 3066 1107 3113 ἀγο-

232 3120 304 3168 ρᾶς
325 3118 608 3154 κατεσκεύασεν
631 3118 657 3163 ἡ
684 3119 795 3162 πόλις
818 3121 877 3161 (cf.
903 3122 975 3153 Liv.
1000 3121 1039 3160 2,
1063 3121 1106 3153 20

234 3174 272 3205 et
292 3167 493 3213 42),ev19a
515 3167 632 3214 ωφθη
655 3168 704 3204 τὰ
726 3169 880 3211 εἴδωλα,
909 3170 1044 3204 θυσίαι
1066 3180 1107 3202 τε

235 3219 469 3262 πολυτελεῖς,
504 3217 551 3262 ἂς
578 3220 666 3253 καθ’
696 3215 860 3253 ἕκαστον
885 3219 1060 3253 ἐνιαυτὸν
1084 3216 1106 3252 ὁ

233 3270 359 3316 δῆμος
381 3270 544 3306 ἐπιτελεῖ
568 3267 632 3303 διὰ
653 3269 729 3303 τῶν
750 3271 940 3314 μεγίστων
964 3270 1106 3303 ἱππέων

235 3321 277 3355 ἐν
297 3322 394 3366 μηνὶ
414 3319 614 3365 Κυιντιλίῳ
633 3319 842 3379 λεγομένῳ,
866 3322 951 3361 ταῖς
965 3318 1107 3353 καλου-

236 3372 370 3413 μέναις
398 3370 534 3413 εἰδοῖς,
563 3371 604 3405 ἐν
631 3364 658 3419 ᾗ
690 3367 951 3429 κατώρθωσαν
980 3367 1107 3417 ἡμέρᾳ

237 3417 347 3454 τόνδε
368 3419 436 3455 τὸν
450 3418 632 3466 πόλεμον,
657 3418 752 3469 ὑπὲρ
765 3416 917 3455 ἅπαντα
930 3419 972 3454 δὲ
986 3419 1107 3454 ταῦτα

1158 1157 1185 1205 ἦ
1215 1157 1315 1205 μετὰ
1341 1158 1412 1205 τὴν
1439 1161 1580 1194 θυσίαν
1602 1159 1873 1204 ἐπιτελουμένη
1896 1156 2032 1203 πομπὴ

1158 1210 1235 1245 τῶν
1250 1210 1419 1252 ἑχόντων
1434 1209 1502 1245 τὸν
1517 1209 1709 1256 δημόσιον
1725 1210 1841 1245 ἵππον
1852 1236 1861 1252 ,
1881 1211 1920 1243 οἳ
1934 1207 2034 1244 κατὰ

1159 1260 1287 1304 φυλάς
1309 1273 1350 1296 τε
1371 1263 1438 1295 καὶ
1457 1261 1602 1304 λόχους
1615 1262 1904 1305 κεκοσμημένοι
1926 1270 2034 1294 στοι-

1159 1311 1282 1357 χηδὸν
1309 1313 1371 1347 ἐπὶ
1399 1311 1476 1346 τῶν
1505 1312 1629 1346 ἵππων
1661 1309 1871 1356 ὀχούμενοι
1894 1309 2034 1358 πορεύ-

1161 1369 1270 1397 ονται
1285 1362 1435 1405 πάντες,
1460 1362 1513 1405 ὦς
1529 1362 1572 1397 ἐκ
1586 1361 1719 1406 μάχης
1733 1358 1906 1406 ἥκοντες,
1926 1361 2034 1395 ἑστε-

1159 1416 1384 1458 φανωμένοι
1406 1413 1570 1474 θαλλοῖς
1589 1413 1721 1455 ἐλαίας
1742 1414 1810 1447 καὶ
1832 1411 2035 1459 πορφυρᾶς

1159 1463 1524 1525 φοινικοπαρύφους
1545 1461 1812 1508 ἀμπεχόμενοι
1833 1463 2032 1508 τηβέννας,

1159 1513 1229 1558 τὰς
1251 1515 1495 1560 καλουμένας
1516 1514 1699 1561 τραβέας,
1731 1512 1941 1571 ἀρξάμενοι
1962 1512 2034 1556 μὲν

1159 1563 1240 1600 ἀπὸ
1269 1565 1372 1614 ἱεροῦ
1401 1563 1506 1607 τινὸς
1525 1564 1663 1612 Αρεως
1689 1561 1763 1607 εξω
1794 1563 1863 1608 τῆς
1889 1561 2035 1604 πόλεως

1161 1616 1385 1675 ιδρυμένου,
1409 1613 1611 1658 διεξιόντες
1633 1614 1674 1649 δὲ
1694 1612 1764 1658 τήν
1779 1616 1809 1647 τ’
1826 1610 1947 1657 ἄλλην
1962 1610 2035 1645 πό·-

1161 1667 1219 1701 λιν
1238 1664 1301 1700 διὰ
1321 1665 1390 1710 τῆς
1400 1664 1549 1726 1ἀγορᾶς
1563 1667 1630 1699 καὶ
1649 1662 1753 1712 παρὰ
1767 1662 1812 1698 τὸ
1827 1663 1903 1698 τῶν
1917 1662 2035 1696 Διοσ-

1159 1714 1310 1776 κούρων
1334 1713 1437 1764 ἱερὸν
1460 1714 1754 1764 παρερχόμενοι,
1774 1711 1908 1775 ᾅνδρες
1929 1710 2035 1747 εστιν

1161 1763 1225 1801 ὅτε
1268 1767 1335 1800 καὶ
1371 1765 1691 1807 πεντακισχίλιοι,
1737 1766 1921 1824 φέροντες
1957 1758 2036 1796 ὅσα

1160 1815 1264 1866 παρὰ
1293 1817 1369 1851 τῶν
1397 1814 1599 1862 ἡγεμόνιον
1628 1814 1828 1871 ἀριστεῖα
1828 1810 1971 1856 ελαβον
1993 1813 2035 1847 ἐν

1159 1874 1244 1912 ταῖς
1265 1867 1430 1913 μάχαις,
1455 1866 1554 1912 καλη
1573 1868 1638 1901 καὶ
1654 1865 1745 1910 ἀξία
1759 1864 1828 1900 τοῦ
1845 1866 2036 1910 μεγέθους

1159 1919 1229 1964 τῆς
1256 1916 1467 1965 ἡγεμονίας
1493 1915 1601 1962 οψις.
1640 1919 1691 1952 Cf.
1716 1918 1923 1960 Marquardt
1946 1917 2033 1950 Hist.

1160 1973 1223 2014 Eq.
1249 1973 1310 2004 Ro.
1335 1980 1370 2014 p.
1390 1971 1432 2004 68
1455 1979 1510 2012 sq.
1534 1988 1572 1993 —-
1595 1969 1786 2012 imayinem]
1810 1970 1860 2001 Ita
1884 1968 2031 2009 accipio,

1159 2024 1199 2055 ut
1225 2023 1259 2054 in
1288 2020 1344 2054 illa
1367 2021 1628 2053 transvectione
1653 2020 1812 2061 equitum
1836 2017 2033 2051 Germanici

1159 2074 1275 2114 imago
1299 2081 1364 2114 pro
1379 2070 1504 2104 vexillo
1529 2072 1640 2111 esset,
1666 2069 1763 2113 quod
1781 2070 2031 2111 sequerentur.

1161 2123 1212 2157 Cf.
1237 2124 1270 2163 5,
1295 2122 1334 2156 4:
1361 2131 1506 2163 quorum
1527 2121 1689 2163 imagines
1706 2130 1771 2162 pro
1792 2120 1917 2152 vexillo
1932 2119 2035 2151 secuti

1159 2177 1280 2214 essent,
1305 2174 1404 2206 duces
1424 2174 1707 2213 imperatoresque
1729 2171 1919 2212 deliqerent.
1944 2171 2031 2202 Lips.

1203 2224 1258 2258 84.
1283 2223 1391 2265 Livia]
1422 2232 1530 2265 quam
1559 2223 1745 2256 Suetonius
1773 2221 1906 2263 ubique
1929 2218 2035 2253 Livil-

1159 2275 1230 2308 lam
1253 2273 1458 2317 appellavit,
1484 2282 1529 2306 ne
1547 2272 1825 2306 confunderetur
1839 2280 1922 2305 cum
1938 2270 2031 2303 Livia

1159 2326 1317 2367 Augusti.
1345 2342 1382 2348 -
1412 2325 1495 2357 duos
1515 2324 1624 2357 virilis
1645 2323 1757 2365 semus]
1789 2323 1951 2355 «Horum
1974 2321 2034 2353 uni

1160 2376 1267 2409 fuisse
1292 2384 1423 2408 nomen
1446 2372 1585 2407 Tiberio
1609 2375 1758 2407 constat.
1792 2373 1944 2406 Alterius
1968 2380 2035 2414 ap-

1158 2425 1300 2468 pellatio
1337 2426 1475 2467 ignota;
1521 2426 1677 2458 Drusum
1713 2426 1817 2457 vocat
1853 2424 2034 2456 Tristanus

1159 2477 1338 2509 Conment.
1361 2476 1436 2508 hist.
1457 2476 1490 2515 1,
1515 2484 1551 2517 p.
1570 2475 1628 2507 474
1644 2500 1652 2507 .
1678 2474 1928 2507 Germanicum
1945 2474 2035 2505 Har-

1160 2527 1288 2559 duinus
1312 2526 1357 2559 ad
1379 2525 1466 2560 Plin.
1488 2527 1587 2559 Tom.
1606 2526 1637 2566 1,
1663 2534 1698 2567 p.
1717 2525 1800 2564 729,
1826 2524 1890 2557 sed
1907 2524 2034 2556 neuter

1159 2575 1230 2608 ullo
1259 2578 1403 2609 auctore
1433 2584 1511 2608 rem
1540 2575 1680 2618 probat.
1715 2575 1832 2607 Infans
1862 2574 1920 2606 hic
1944 2581 2034 2615 qua-

1160 2626 1321 2658 driennio
1356 2627 1438 2667 post
1468 2634 1500 2657 a.
1533 2634 1568 2658 u.
1600 2634 1630 2658 c.
1663 2625 1739 2657 776.
1770 2625 1933 2656 mortuus
1965 2623 2030 2654 est.

1161 2677 1249 2708 Ann.
1276 2675 1313 2715 4,
1339 2677 1394 2708 45.
1419 2674 1594 2708 Infelicior
1616 2674 1705 2707 alter
1726 2675 1834 2707 vitam
1858 2672 2032 2714 aliquam-

1160 2726 1219 2758 diu
1243 2726 1431 2766 protraxit,
1455 2727 1598 2767 spretus
1614 2734 1633 2756 a
1650 2724 1808 2763 Tiberio,
1832 2722 1931 2755 velut
1946 2730 2033 2754 con-

1159 2775 1284 2816 ceptus
1318 2776 1415 2807 esset
1444 2783 1488 2807 ex
1518 2774 1710 2814 adulterio,
1747 2774 1884 2815 cognita
1910 2771 2032 2805 matris

1160 2825 1273 2857 Liviae
1296 2822 1453 2856 libidine.
1484 2824 1590 2865 (Suet.
1616 2823 1691 2855 Tib.
1717 2824 1771 2856 62.
1797 2824 1861 2856 Dio
1884 2822 1937 2861 58,
1962 2821 2030 2861 23.)

1159 2875 1270 2907 Heres
1308 2875 1428 2906 tamen
1465 2882 1508 2906 ex
1542 2875 1756 2907 testamento
1790 2873 1914 2914 aequis
1947 2880 2032 2904 cum

1159 2925 1243 2957 Caio
1272 2923 1426 2964 Caligula
1459 2923 1620 2966 partibus
1644 2926 1700 2957 est
1719 2923 1863 2957 relictus
1887 2923 1923 2955 et
1944 2931 2032 2954 con-

1157 2983 1235 3007 sors
1268 2974 1405 3016 imperii
1437 2975 1658 3007 constitutus.
1697 2975 1842 3007 sueton.
1874 2972 1948 3005 Tib.
1973 2972 2028 3005 76.

1157 3025 1222 3057 Dio
1244 3024 1299 3064 59,
1326 3025 1357 3057 4.
1392 3025 1525 3058 Verum
1548 3025 1641 3058 hanc
1659 3025 1788 3058 Tiberii
1811 3023 2030 3057 voluntatem

1158 3073 1311 3116 Caligula
1326 3075 1517 3117 imperium
1534 3075 1684 3118 adeptus
1697 3085 1779 3108 mox
1791 3075 1935 3108 senatus
1947 3082 2031 3107 con-

1157 3122 1248 3160 sulto
1271 3125 1399 3157 evertit
1421 3125 1528 3158 fratre
1552 3124 1700 3167 patrueli
1729 3124 1878 3166 imperio
1902 3124 2027 3161 exuto:

1158 3173 1338 3215 adoptavit
1368 3183 1451 3207 eum
1475 3176 1595 3207 tamen
1619 3183 1661 3207 ac
1683 3174 1880 3216 principem
1903 3173 2030 3206 iuven-

1157 3224 1239 3257 tutis
1262 3223 1365 3264 dixit,
1390 3225 1456 3258 sed
1478 3233 1561 3258 mox
1584 3224 1743 3266 quaesita
1767 3232 1873 3256 causa
1897 3223 1963 3265 (uti
1979 3223 2030 3256 di-

1157 3273 1293 3306 vinarat
1320 3274 1499 3307 Tiberius:
1532 3276 1622 3307 Anu.
1649 3273 1680 3312 6,
1705 3273 1765 3312 46)
1796 3272 1971 3306 interiecit
1993 3282 2026 3307 a.

1158 3322 1232 3356 790.
1257 3324 1399 3356 sueton.
1426 3322 1531 3364 Calig.
1558 3324 1599 3355 45
1623 3323 1658 3354 et
1680 3321 1733 3354 23.
1758 3322 1823 3356 Dio
1845 3321 1867 3355 l.
1884 3321 1907 3355 l.
1931 3322 2028 3355 Philo

1158 3373 1239 3413 Leg.
1258 3372 1303 3405 ad
1320 3374 1443 3405 Gaium
1459 3381 1494 3414 p.
1508 3371 1583 3404 549.
1601 3372 1712 3404 Inscr.
1730 3372 1805 3404 Lat.
1824 3371 1946 3405 n.654:
1977 3372 2026 3405 TI.

1157 3421 1316 3455 CAESAR
1345 3422 1475 3455 DRVSI
1503 3420 1706 3454 CAESARIS
1732 3420 1771 3454 F.
1810 3421 1883 3455 HIC
1909 3421 2029 3455 SITVS
