2254 3770
285 2039 287 2041 ,
336 2008 402 2043 illis
435 2007 543 2042 veluti
576 2007 866 2042 deberetur».

342 323 424 367 548

827 326 872 368 P.
903 323 1154 369 CORNELII
1182 323 1352 368 TACITI
1382 324 1646 369 ANNALlUM

340 430 618 490 ferebantque
648 431 974 489 Vespasianum,
1022 437 1238 490 tamquam
1267 444 1417 475 somno
1447 431 1680 483 coniveret,
1713 445 1738 476 a
1765 430 1942 475 Phoebo
1971 429 2123 476 liberto

341 507 614 566 increpitum,
659 520 876 565 aegreque
913 505 1138 550 meliorum
1177 506 1378 564 precibus
1418 506 1654 558 obtectum,
1696 521 1795 551 mox
1835 506 2122 550 imminentem

340 582 573 640 perniciem
604 582 765 626 maiore
796 581 879 625 fato
910 580 1124 639 effugisse.

454 658 507 715 (6)
538 658 639 701 Post
665 657 794 701 finem
824 656 975 701 ludicri
1006 658 1205 715 Poppaea
1235 662 1413 701 mortem
1442 657 1562 709 obiit,
1594 657 1761 702 fortuita
1790 657 1925 701 mariti
1955 657 2124 702 iracun-

307 732 428 785 sdia,
460 747 486 776 a
515 746 602 791 quo
631 732 806 790 gravida
836 732 921 776 ictu
951 732 1079 776 calcis
1108 732 1262 777 afflicta
1287 738 1363 776 est.
1395 745 1538 790 neque
1559 732 1905 776 enimsvenenum
1925 731 2122 777 credide-

338 809 434 860 rim,
478 798 672 867 quamvis
718 807 892 866 quidam
933 808 1165 866 scriptores
1210 807 1392 859 tradant,
1439 807 1539 851 odio
1580 808 1715 865 magis
1754 821 1882 866 quam
1921 821 1975 852 ex
2014 806 2120 852 fide:

338 884 499 941 quippe
530 883 763 928 liberorum
791 883 970 941 cupiens
1000 889 1043 927 et
1068 883 1201 927 amori
1222 882 1367 927 uxoris
1389 882 1599 926 obnoxius
1622 888 1724 926 erat.
1757 896 1914 940 corpus
1934 895 2020 926 non
2038 882 2122 941 igni

337 959 558 1011 abolitum,
590 966 636 1003 ut
664 960 879 1003 Romanus
911 972 1029 1011 mos;
1061 958 1138 1002 sed
1169 972 1318 1016 regum
1348 964 1621 1002 externorum
1651 957 1960 1002 consuetudine
1980 956 2125 1002 differ-

336 1041 425 1078 tum
454 1034 660 1078 odoribus
689 1033 886 1078 conditur
914 1033 1164 1092 tumuloque
1194 1032 1398 1077 Iuliorum
1428 1032 1618 1077 infertur.
1649 1032 1803 1078 ductae
1824 1039 1964 1077 tamen
1985 1031 2124 1091 publi-

289 1121 325 1151 ιο
338 1123 414 1154 cae
445 1109 672 1168 exequiae,
704 1109 977 1167 laudavitque
1000 1109 1093 1168 ipse
1115 1108 1229 1167 apud
1251 1115 1388 1153 rostra
1410 1108 1587 1152 formam
1609 1108 1722 1159 eius,
1756 1114 1798 1152 et
1817 1108 1933 1166 quod
1954 1107 2124 1152 divinae

337 1185 506 1229 infantis
533 1198 690 1243 parens
720 1184 888 1236 fuisset,
921 1184 1090 1242 aliaque
1121 1184 1312 1228 fortunae
1341 1197 1519 1227 munera
1548 1197 1628 1241 pro
1658 1183 1895 1228 virtutibus.

451 1261 504 1318 (7)
536 1261 714 1305 Mortem
742 1261 970 1318 Poppaeae
1001 1266 1046 1303 ut
1075 1259 1215 1318 palam
1243 1260 1426 1312 tristem,
1458 1260 1516 1304 ita
1545 1259 1869 1304 recordantibus
1893 1258 2047 1303 laetam
2067 1258 2124 1303 ob

338 1335 628 1394 inpudicitiam
658 1336 752 1380 eius
781 1336 1107 1393 saevitiamque,
1139 1349 1250 1380 nova
1269 1336 1447 1394 insuper
1469 1334 1627 1378 invidia
1646 1336 1757 1379 Nero
1777 1334 2007 1392 complevit
2023 1347 2125 1392 pro-

338 1411 525 1456 hibendo
568 1411 613 1456 C.
645 1411 839 1456 Cassium
880 1410 1020 1455 officio
1057 1411 1355 1469 exequiarum;
1404 1410 1521 1469 quod
1562 1410 1744 1468 primum
1782 1409 1984 1455 indicium
2013 1408 2124 1454 mali.

288 1498 324 1528 45
337 1500 480 1546 neque
520 1487 562 1529 in
591 1486 765 1545 longum
794 1486 967 1534 dilatum
1000 1492 1085 1537 est,
1119 1486 1197 1531 sed
1229 1486 1396 1531 Silanus
1427 1485 1617 1537 additur,
1660 1485 1776 1529 nullo
1806 1485 2003 1536 crimine,
2042 1485 2124 1529 nisi

337 1562 455 1621 quod
486 1562 659 1607 Cassius
691 1562 846 1620 opibus
876 1563 1053 1607 vetustis
1084 1568 1126 1606 et
1155 1562 1360 1620 gravitate
1381 1575 1558 1613 morum,
1576 1555 1760 1605 'Silanus
1781 1560 2031 1605 claritudine
2051 1573 2126 1619 ge-

403 1690 434 1723 4.
459 1693 624 1731 tanquam
644 1690 679 1723 M
706 1707 741 1714 -
762 1689 866 1731 phebo
889 1689 922 1723 M
947 1706 982 1712 —
1009 1690 1042 1723 2.
1062 1687 1181 1732 ficibus
1202 1690 1236 1724 M
1252 1707 1287 1713 —
1308 1689 1339 1722 3.
1359 1689 1547 1730 permitiem
1562 1689 1595 1723 M
1614 1706 1650 1713 —
1668 1687 1700 1722 4.
1719 1697 1852 1731 poppea
1866 1689 1900 1724 M
1920 1707 1954 1713 -
1973 1689 2026 1724 ⁴2.
2040 1697 2127 1731 pop-

333 1754 417 1788 peae
437 1745 472 1781 M
497 1763 533 1770 -
560 1745 612 1779 43.
637 1745 854 1787 seuitiamque
876 1745 910 1779 M
936 1763 972 1769 ·-—
997 1744 1050 1778 44.
1077 1746 1117 1779 G.
1143 1746 1187 1780 M.

336 1859 425 1892 fiunt
437 1857 642 1901 (verqelten).
662 1857 714 1891 Cf.
726 1857 778 1898 44,
790 1857 844 1890 33:
861 1861 1035 1898 tamquam
1044 1858 1209 1891 reddituri

335 1908 542 1951 supplicium.
557 1908 700 1941 WALrn.
725 1908 803 1941 Est:
827 1907 1042 1950 «posteriore
1059 1907 1206 1940 demum

336 1960 499 2002 tempore
521 1958 716 1991 exercitum
738 1958 774 1990 in
793 1966 855 1991 eos
878 1958 933 1990 est
951 1956 1085 1996 odium,
1110 1956 1206 1998 quod

897 2025 933 2031 —
971 2007 1207 2049 Vespasianum

336 2059 420 2102 cet.]
443 2060 631 2093 Suetonius
655 2060 691 2092 et
709 2059 774 2092 Dio
797 2059 887 2092 haec
906 2059 941 2091 in
958 2058 1103 2092 Graecia
1121 2067 1207 2091 eve-

335 2110 431 2143 nisse
457 2110 620 2150 narrant,
653 2109 721 2142 nisi
746 2108 835 2142 forte
861 2108 916 2141 bis
943 2108 1071 2141 eodem
1099 2107 1206 2140 modo

335 2160 499 2203 peccavit
513 2159 764 2202 Vespasianus.
797 2159 985 2192 Suetonius
1001 2158 1147 2201 VespaS.
1165 2157 1204 2191 4:

334 2210 604 2253 Pereqrinatione
625 2209 771 2243 Achaica
792 2210 880 2242 inter
900 2210 1033 2242 comites
1052 2209 1206 2248 Neronis,

335 2270 412 2295 cum
443 2264 601 2294 cantante
632 2269 669 2294 eo
699 2263 760 2293 aut
789 2260 966 2293 discederet
994 2260 1127 2301 saepius
1148 2262 1208 2292 aut

332 2319 490 2353 praesens
504 2311 768 2351 obdormisceret,
786 2310 1023 2352 gravissimam
1037 2310 1210 2343 contraxit

336 2363 508 2404 offensam,
527 2361 774 2403 prohibitusque
788 2370 854 2394 non
872 2360 1084 2394 contubernio
1098 2360 1207 2401 modo,

336 2413 392 2446 sed
413 2412 514 2446 etiam
533 2411 669 2453 publica
690 2411 900 2452 salutatione,
924 2412 1052 2444 secessit
1072 2411 1108 2443 in
1126 2419 1209 2452 pafr-

335 2471 416 2495 vam
438 2471 479 2494 ac
494 2462 626 2495 deviam
640 2462 821 2502 civitatem,
838 2462 949 2502 quoad
963 2461 1078 2494 latenti
1093 2462 1210 2494 etiam-

337 2520 400 2553 que
422 2515 575 2544 extrema
596 2511 753 2544 metuenti
772 2510 950 2553 provincia
966 2510 1116 2553 (Iudaea)
1134 2519 1210 2543 cum

337 2562 487 2594 exercitu
508 2561 620 2593 oblata
642 2564 698 2594 est.
719 2578 754 2583 —
776 2570 798 2593 a
819 2559 943 2593 Phoebo
967 2560 1082 2594 liberto
1103 2560 1209 2593 incre-

334 2610 454 2653 pitum]
479 2611 543 2643 Dio
560 2611 615 2650 66,
633 2611 691 2643 44ι
716 2609 786 2644 τοῦ
810 2609 956 2651 Φοίβου
973 2607 1210 2658 προσελθόν-

336 2670 404 2702 τος
427 2656 530 2705 αὐτῷ
547 2661 793 2702 (Vespasiano)
811 2661 877 2694 καὶ
893 2657 1209 2704 ἀπολογουμένου

338 2707 399 2745 ὅτι
418 2710 480 2745 ἐπὶ
495 2709 564 2744 τοῦ
581 2711 758 2766 Νέρωνος
773 2709 1103 2768 ἐσκυθρωπακότα
1119 2710 1211 2744 ποτὲ

338 2757 457 2795 αὐτὸν
479 2759 541 2794 ἐπὶ
564 2758 632 2793 τοῦ
629 2760 822 2819 θεάτρου
846 2760 887 2795 ἐν
901 2759 948 2808 τῇ
969 2757 1130 2802 Ελλάδι,
1147 2760 1208 2802 ἐφ’

339 2806 398 2852 οἷς
413 2807 719 2854 ἀσχημονοῦντα
723 2808 838 2870 ἑώρα
849 2808 917 2844 τὸν
929 2806 1208 2858 αὐτοκράτορα,

338 2859 514 2896 ἐκέλευσε
528 2858 624 2908 πρὸς
641 2855 758 2908 ὀργὴν
775 2858 968 2903 ἀπελθεῖν,
982 2861 1051 2895 τοῦ
1067 2860 1108 2895 δὲ
1123 2862 1210 2909 ἐρο-

337 2914 457 2957 μένου
474 2907 578 2954 ὅποι,
597 2910 656 2953 «ἐς
671 2909 862 2959 κόρακαςα
881 2910 996 2954 εἶπεν,
1010 2910 1104 2960 ὑπὲρ
1119 2910 1210 2946 τού-

337 2973 406 2997 του
431 2957 501 2997 οὖν
522 2958 839 3007 ἀπολογουμένου
864 2962 932 2997 τοῦ
953 2962 1097 3004 Φοίβου
1121 2958 1210 2997 ου’τε

337 3024 373 3048 τι
395 3010 518 3047 κακὸν
540 3008 660 3047 αυτὸν
683 3011 908 3070 εἰργάσατο,
941 3009 1030 3047 ου’τε
1052 3010 1209 3060 ἀπεκρί-

337 3074 431 3097 νατο
460 3059 563 3108 αὐτῷ
593 3056 690 3096 ano
717 3059 829 3096 οὐδὲν
853 3060 951 3107 πλὴν
974 3059 1069 3097 αὐτὸ
1092 3063 1209 3097 wito

338 3110 398 3148 ὅτι
422 3113 481 3156 «ἐς
503 3111 673 3162 κόρακας
694 3109 870 3146 ἄπελθε».
897 3114 1060 3148 Phoebus
1080 3115 1209 3148 Neroni

336 3173 382 3198 ecc
403 3165 510 3207 officio
533 3164 741 3198 admissionis
762 3164 836 3196 fuit.
866 3164 1009 3198 sueton.
1026 3165 1131 3207 vesp.
1152 3164 1204 3198 44.

336 3215 553 3248 Memoratur
574 3214 611 3247 in
632 3212 732 3247 titulo
755 3213 849 3255 apud
866 3214 1056 3247 Gruterum
1073 3214 1149 3254 640,
1167 3214 1205 3247 7:

340 3265 390 3298 TI.
416 3264 611 3298 CLAVDIO.
635 3263 733 3297 AVG.
759 3264 796 3297 L.
813 3263 993 3297 ΡΗΟΕΒΟ.
1011 3263 1205 3298 GLAVDIA.

336 3314 587 3348 PANNYCHIS.
614 3331 650 3338 —
676 3315 806 3348 maiore
825 3313 910 3356 sato]
934 3314 1045 3356 ⁴aquia
1068 3314 1209 3348 maiori-

338 3363 405 3397 bus
427 3364 536 3398 rebus
559 3365 757 3398 destinatus
772 3365 866 3404 erat,
892 3372 959 3397 nec
980 3366 1103 3406 posset
1117 3363 1207 3398 adeo

337 3421 358 3446 a
381 3415 520 3447 Nerone
545 3414 707 3456 perimi.»
731 3413 814 3446 Ean.
909 3432 914 3438 ·

383 3463 416 3497 6.
445 3463 592 3506 ρναυόἀα
619 3464 689 3497 ictu
714 3463 820 3497 calcis
846 3462 985 3506 afflicta]
1020 3463 1206 3496 Suetonius

1255 1858 1335 1890 Ner.
1355 1857 1417 1890 35:
1441 1857 1550 1898 ipsam
1566 1866 1694 1899 quoque
1707 1857 1930 1900 (Poppaeam)
1945 1858 2015 1890 ictu
2027 1856 2128 1890 calcis

1255 1907 1390 1948 occidit,
1415 1908 1503 1947 quod
1524 1916 1558 1940 se
1579 1916 1622 1940 ex
1642 1908 1855 1950 aurigatione
1868 1915 1942 1940 sero
1955 1915 2127 1940 reversum

1253 1958 1400 2000 gravida
1421 1961 1452 1991 et
1473 1966 1578 1999 aeqra
1599 1958 1755 1991 conviciis
1775 1958 1962 1991 incesserat.
1988 1957 2052 1990 Dio
2067 1957 2124 1996 62,

1255 2008 1315 2040 27:
1341 2007 1405 2041 καὶ
1430 2003 1454 2050 ἤ
1478 2006 1628 2047 Σαβῑνα
1650 2003 1726 2041 ὑπὸ
1748 2004 1818 2040 τοῦ
1827 2007 2016 2067 Νέρωνος
2037 2003 2126 2040 τότε

1255 2055 1469 2092 ἀπέθανεν·
1494 2068 1653 2117 κυουσῃ
1685 2056 1759 2106 γὰρ
1791 2053 1888 2106 αὐτῇ
1923 2054 2016 2100 λάξ,
2051 2054 2126 2090 ecte

1256 2105 1354 2142 ἑκών
1377 2106 1451 2141 είτε
1472 2105 1591 2150 ἄκων,
1615 2107 1804 2156 ἐνέθορεν.
1826 2126 1861 2133 —
1881 2109 1991 2141 amori
2006 2107 2128 2141 umoris
2157 2122 2167 2125 χ

1255 2158 1434 2202 obnoxius]
1467 2158 1698 2192 Suetoniusl.
1724 2158 1768 2192 1.·
1801 2159 1987 2200 Poppaeam
2007 2158 2126 2191 dile-vit

1255 2210 1361 2242 unice.
1390 2227 1425 2232 —
1451 2208 1620 2251 conditur]
1649 2208 1805 2242 Dubitari
1827 2209 1962 2251 potest,
1987 2208 2080 2241 sitne
2103 2215 2126 2240 a

1255 2260 1402 2300 condire,
1426 2256 1650 2306 ταριχεύειν,
1667 2268 1712 2292 an
1727 2267 1746 2292 a
1763 2259 1913 2299 condere,
1934 2257 2009 2292 scil.
2027 2265 2122 2300 arca,

1257 2308 1393 2352 capulo.
1431 2310 1574 2351 Utrique
1605 2309 1731 2342 rationi
1753 2308 1848 2342 favet
1870 2309 1943 2342 Cic.
1967 2309 2069 2342 Tusc.
2092 2308 2125 2349 4,

1256 2358 1316 2392 45:
1349 2359 1511 2392 condiunt
1538 2359 1690 2401 Aegyptii
1718 2362 1866 2392 mortuos
1893 2361 1926 2392 et
1947 2357 2035 2392 domi
2056 2366 2130 2391 ser-

1255 2413 1357 2443 vant:
1385 2411 1503 2443 Persae
1524 2410 1626 2443 etiam
1646 2419 1725 2444 cera
1746 2409 1949 2443 circumlitos
1969 2409 2127 2442 condunt.

1258 2461 1327 2494 Sed
1356 2461 1547 2502 utrumque
1575 2459 1679 2494 simul
1702 2459 1843 2499 molesti
1865 2458 1998 2502 aliquid
2019 2457 2130 2492 habet

1257 2510 1510 2551 redundantiA,
1546 2510 1622 2543 sive
1657 2510 1824 2552 differtum
1856 2510 1991 2542 condire
2021 2507 2130 2542 iunxit

1258 2561 1396 2594 Tacitus
1426 2560 1499 2594 sive
1523 2561 1661 2593 condere
1684 2562 1720 2593 et
1742 2560 1878 2602 inferre.
1902 2560 2011 2592 Dosn.
2046 2558 2128 2592 Sine

1258 2610 1327 2644 ullo
1351 2610 1459 2644 dubio
1483 2611 1537 2644 est
1552 2619 1573 2643 a
1587 2610 1699 2643 verbo
1715 2611 1866 2650 condire;
1893 2608 2128 2643 redundantia

1259 2662 1395 2702 autem,
1428 2669 1519 2702 quae
1550 2660 1708 2701 videtur,
1738 2659 1900 2694 consulto
1924 2659 2083 2701 quaesita
2106 2666 2128 2691 a

1259 2713 1388 2753 Tacito,
1415 2720 1487 2754 quo
1510 2711 1688 2754 aliquanto
1710 2712 1962 2744 immoraretur
1975 2710 2012 2743 in
2025 2716 2127 2742 more

1259 2763 1459 2806 peregrino,
1483 2763 1649 2796 Romanis
1671 2770 1818 2805 prorsus
1840 2760 1991 2795 insolito.
2013 2777 2049 2784 —
2065 2761 2128 2793 tu-

1258 2813 1412 2854 muloque
1432 2813 1612 2854 Iuliorum]
1643 2813 1754 2855 Supra
1778 2812 1810 2851 3,
1835 2811 1856 2845 4
1879 2812 1915 2845 et
1936 2811 1957 2844 9
1982 2809 2128 2844 mulus

1258 2864 1397 2906 Augusti
1419 2865 1455 2896 et
1477 2863 1659 2897 Caesarum
1680 2861 1886 2905 appellatur.
1914 2860 1966 2895 Cf.
1985 2861 2018 2902 4,
2034 2859 2068 2894 8.
2088 2876 2125 2884 -

1258 2915 1377 2946 ductae
1393 2916 1504 2946 tamen
1521 2923 1559 2954 p.
1577 2912 1747 2955 exequiae]
1772 2912 1848 2945 Huc
1862 2911 2016 2954 pertinet
2030 2907 2128 2952 quod

1258 2963 1365 2996 tradit
1395 2962 1523 2996 Plinius
1553 2964 1593 2996 N.
1620 2963 1661 2995 H.
1687 2963 1728 2995 42
1751 2962 1771 3004 ἓ
1794 2961 1857 2995 83;
1891 2960 1993 2994 Periti
2012 2967 2127 2993 rerum

1258 3015 1454 3047 adseverant
1469 3012 1657 3056 (Arabiam)
1679 3022 1747 3045 non
1767 3012 1857 3054 ferre
1871 3014 2001 3044 tantum
2014 3017 2127 3044 annuo

1255 3065 1343 3106 fetu,
1375 3067 1536 3105 quantum
1558 3064 1647 3097 Nero
1666 3063 1822 3104 princeps
1842 3062 2020 3095 novissimo
2040 3061 2128 3101 Pop-

1254 3123 1360 3157 paeae
1388 3123 1470 3147 suae
1497 3114 1550 3147 die
1578 3113 1848 3147 concremaverit.
1886 3111 1937 3146 Cf.
1955 3111 1988 3152 3,
2005 3111 2045 3144 2:
2069 3109 2128 3143 ubi
2154 3124 2158 3127 ·

1257 3164 1403 3198 colonias
1424 3163 1747 3206 transgrederentur,
1772 3164 1888 3196 atrata
1906 3160 2025 3203 plebes,
2049 3163 2128 3192 tra-

1257 3214 1344 3248 beati
1374 3214 1497 3256 equites
1519 3222 1584 3254 pro
1615 3212 1729 3254 opibus
1753 3212 1817 3246 loci
1842 3213 1981 3251 vestam
2011 3209 2128 3243 odores

1256 3264 1391 3305 aliaque
1411 3263 1567 3305 fianerum
1585 3263 1755 3295 sollemnia
1769 3259 1972 3295 crmnabant.
1993 3276 2028 3283 —
2051 3258 2127 3301 tor-

1255 3322 1347 3347 mam
1368 3313 1447 3356 eius]
1473 3312 1523 3346 Cf.
1551 3312 1604 3352 43,
1630 3311 1671 3346 45
1686 3320 1741 3354 sq.
1759 3329 1802 3336 —-
1823 3309 1955 3344 divinae
1974 3307 2125 3351 infantis]

1299 3414 1332 3446 7.
1356 3411 1618 3454 recordantibus]
1649 3409 1809 3445 absolute
1832 3410 1868 3442 et
1890 3408 2126 3451 praegnanter

1255 3463 1411 3505 positum
1421 3470 1486 3505 pro
1497 3462 1590 3495 intra
1600 3462 1763 3501 animum,
1777 3468 1859 3502 opp.
1868 3458 1997 3501 palam.
2012 3458 2120 3492 non».
