2254 3770
285 299 372 348 326
771 300 817 344 Ρ.
848 298 1100 346 CORNELII
1128 298 1300 344 TACITI
1327 298 1598 345 ANNALIUM

287 407 484 453 Chaucos
503 407 559 452 ad
580 406 844 452 deditionem
862 405 1130 465 pellicerent,
1163 405 1289 450 simul
1320 406 1591 451 Gannascum
1606 406 1713 452 ‘dolo
1730 407 2081 466 aggrederentur.

286 496 370 528 nec
397 483 544 528 irritae
573 490 646 527 aut
675 482 916 541 degeneres
946 482 1127 527 insidiae
1156 483 1276 526 fuere
1305 482 1514 527 adversus
1543 482 1805 541 transfugam
1833 490 1876 528 et
1904 483 2087 530 violato-

286 573 379 604 rem
407 558 525 604 fidei.
555 558 634 603 sed
665 558 800 604 caede
831 559 927 602 eius
956 565 1097 603 motae
1129 558 1400 603 Chaucorum
1428 565 1615 612 mentes,
1645 565 1691 604 et
1711 559 1898 604 Corbulo
1919 559 2085 605 semina

287 634 535 679 rebellionis
562 635 821 693 praebebat,
853 641 899 678 ut
917 634 1029 679 laeta
1048 634 1163 692 apud
1185 634 1435 693 plerosque,
1467 634 1525 679 ita
1544 634 1658 692 apud
1680 634 1893 693 quosdam
1914 635 2088 681 sinistra

256 711 410 758 sfama.
452 725 529 755 cur
558 711 727 754 hostem
757 710 980 755 conciret?
1018 710 1201 754 adversa
1231 710 1273 753 in
1302 724 1393 754 rem
1426 709 1642 768 publicam
1671 724 1846 756 casura:
1888 711 1955 755 sin
1983 725 2088 770 pro-

287 801 416 845 spere
459 787 636 845 egisset,
683 786 1006 830 formidolosum
1049 786 1145 844 paci
1193 786 1330 829 virum
1373 786 1584 844 insignem
1627 792 1671 830 et
1709 786 1863 844 ignavo
1903 786 2087 845 principi

285 876 583 921 praegravem.
630 863 755 920 igitur
786 861 988 907 Claudius
1019 861 1131 906 adeo
1161 876 1318 906 novam
1347 862 1388 905 in
1419 861 1668 906 Germanias
1690 862 1775 906 vim
1804 861 2023 920 prohibuit
2040 867 2089 906 ut

286 939 438 983 referri
481 938 700 997 praesidia
740 938 802 982 cis
843 938 1037 982 Rhenum
1077 937 1257 981 iuberet.
1318 938 1404 994 (20)-
1438 938 1525 981 iam
1561 943 1700 982 castra
1739 938 1782 981 in
1821 936 1963 982 hostili
1992 937 2090 983 solo

287 1013 478 1058 molienti
501 1013 732 1059 Corbuloni
762 1028 842 1058 eae
870 1013 1037 1057 litterae
1058 1013 1308 1058 redduntur.
1339 1013 1410 1057 ille
1429 1027 1478 1057 re
1499 1013 1650 1066 subita,
1674 1027 1936 1072 quamquam
1955 1013 2090 1058 multa

238 1103 274 1132 ιο
288 1089 415 1134 simul
445 1089 787 1142 effunderentur,
820 1095 1045 1134 metusex
1074 1090 1336 1147 inperatore,
1370 1089 1629 1147 contemptio
1657 1103 1712 1133 ex
1737 1088 1945 1142 barbaris,
1975 1088 2088 1134 ludi-

287 1166 430 1211 brium
459 1165 575 1226 apud
606 1166 767 1218 socios,
805 1164 908 1209 nihil
938 1164 1052 1208 aliud
1082 1164 1332 1223 prolocutus
1363 1178 1494 1222 quam
1523 1164 1673 1209 beatos
1703 1164 1920 1222 quondam
1951 1164 2087 1210 duces

288 1243 521 1294 Romanos,
564 1241 732 1300 signum
770 1241 962 1299 receptui
1007 1240 1137 1285 dedit.
1182 1246 1229 1283 ut
1265 1246 1407 1283 tamen
1436 1239 1560 1283 miles
1590 1240 1722 1284 otium
1753 1247 1947 1292 exueret,
1979 1240 2088 1286 inter

288 1318 451 1362 Mosam
480 1317 763 1376 Rhenumque
792 1316 922 1361 trium
950 1323 992 1360 et
1021 1314 1167 1374 viginti
1198 1315 1360 1359 milium
1390 1316 1527 1374 spatio
1562 1315 1722 1359 fossam
1750 1315 1970 1373 perduxit,
2001 1330 2090 1375 qua

289 1394 452 1438 incerta
482 1393 645 1438 Oceani
674 1393 923 1436 vitarentur.
953 1392 1134 1450 insignia
1159 1397 1301 1436 tamen
1320 1390 1522 1449 triumphi
1542 1390 1718 1435 indulsit
1738 1391 1906 1444 Caesar,
1938 1405 2090 1451 quam-

239 1481 276 1511 ⁴5
289 1469 354 1514 vis
381 1468 544 1515 bellum
573 1469 830 1527 negavisset.

355 1599 386 1631 4.
412 1598 553 1631 cauchos
574 1597 609 1631 M
631 1615 674 1621 —
697 1597 728 1630 3.
754 1605 939 1630 caucorum
961 1598 995 1630 M
1021 1615 1056 1621 —
1082 1596 1114 1630 4.
1140 1596 1302 1637 quosdam
1324 1595 1499 1628 insinistra
1522 1596 1554 1629 M
1583 1612 1620 1618 —
1645 1595 1679 1628 ὅ.
1704 1604 1742 1628 re
1761 1595 1899 1636 puplica
1913 1595 1948 1629 M
1967 1613 2004 1619 —
2028 1579 2099 1628 ca-⁵

288 1663 395 1689 sura:
429 1655 482 1687 sin
504 1662 666 1696 prospe-re
693 1654 899 1688 Mercerus:
935 1662 1077 1686 casuras
1105 1653 1298 1694 inprospere
1327 1653 1362 1686 M
1388 1670 1421 1676 -
1458 1652 1489 1684 6.
1514 1651 1636 1694 iynabo
1664 1652 1698 1686 M
1724 1670 1760 1675 —
1790 1650 1822 1683 9.
1855 1651 1962 1685 littere
1990 1651 2026 1686 M
2048 1643 2117 1676 —¹‘

289 1713 343 1746 ⁴0.
369 1712 626 1754 offundarentwr
648 1711 683 1745 M
707 1728 743 1734 —-
770 1712 823 1743 Μ.
847 1711 948 1743 nichil
970 1710 1003 1744 M
1028 1728 1063 1733 —
1091 1710 1259 1751 quondam
1281 1710 1440 1752 Lipsius:
1466 1710 1628 1751 quosdam
1649 1709 1683 1742 M
1707 1727 1743 1733 —
1770 1709 1823 1742 ⁴2.
1840 1709 1888 1749 ut]
1912 1708 1949 1741 wi
1971 1709 2025 1748 M3
2048 1717 2093 1742 no

289 1778 424 1811 margo.
453 1787 488 1793 —
516 1768 569 1802 43.
590 1769 754 1810 perduaeit
778 1769 823 1800 G:
851 1765 993 1809 fiduoeit,
1019 1767 1054 1800 id
1079 1768 1134 1800 est
1151 1767 1356 1812 praeduxit,
1382 1768 1415 1800 M
1441 1784 1474 1790 -—
1504 1765 1556 1798 ⁴4.
1580 1766 1769 1799 vitarentur
1782 1765 2011 1799 Vertranius:
2035 1774 2091 1798 uo-

288 1829 444 1859 tarentur
467 1826 501 1860 M
533 1843 569 1850 -
602 1825 725 1868 insigni
747 1826 801 1866 M,
828 1825 952 1868 «quod
975 1833 1090 1867 aeque
1114 1823 1215 1858 facile
1239 1824 1395 1866 corrigas
1419 1824 1455 1857 in
1476 1823 1624 1866 insigne,
1656 1823 1695 1856 ut
1719 1823 1773 1855 est
1795 1821 1835 1863 4,
1859 1822 1902 1855 23
1926 1823 1962 1855 et
1985 1822 2044 1863 ⁴2,
2068 1821 2089 1856 3

289 1941 393 1974 Ukffl't
417 1939 619 1973 Germanien
640 1948 675 1981 P·
701 1939 777 1972 375·
805 1957 841 1962 -
874 1938 1062 1980 deflenssrssssl
1092 1948 1161 1971 ΠΟΥ]
1214 1944 1307 1978 fossa
1331 1943 1543 1978 Corbulonis
1566 1943 1610 1977 ad
1631 1944 1793 1976 Rhenum
1810 1942 1972 1984 coepisse
1988 1941 2089 1975 vide-

290 1990 454 2031 indignae
484 1990 627 2022 nomine
659 1990 817 2022 Romano
841 1990 902 2021 aut
924 1989 1000 2031 ipso
1025 1988 1164 2021 Corbu-

288 2041 388 2080 lone,
414 2040 545 2082 quippe
569 2039 604 2071 in
627 2039 845 2080 transfugam
868 2040 904 2071 et
930 2038 1071 2072 militiae
1097 2038 1164 2071 de-

289 2091 476 2124 sertorem.
511 2091 585 2122 Hoc
609 2091 705 2122 enim
729 2090 801 2129 est,
837 2089 932 2130 quod
954 2090 1030 2132 fidei
1051 2089 1164 2122 viola-

289 2144 393 2174 torem
427 2140 527 2180 dicit,
563 2140 599 2173 id
634 2141 704 2179 est,
741 2140 965 2172 sacramenti.
1003 2141 1089 2172 Lirs.
1124 2158 1160 2164 —

287 2192 541 2235 formidolosum
560 2193 639 2232 paci
663 2192 746 2233 cet]
770 2191 967 2224 timendum
991 2200 1090 2229 esse,
1118 2199 1162 2223 ne

291 2242 445 2276 Corbulo
469 2244 606 2276 animos
630 2243 782 2275 maiores
798 2243 1006 2284 sumpturus
1023 2251 1041 2274 a
1059 2241 1164 2275 Clau-

292 2294 349 2326 dio
383 2293 577 2332 desciscat,
614 2293 824 2335 praesertim
859 2301 942 2325 cum
970 2293 1040 2325 iam
1070 2300 1164 2324 nunc

291 2346 364 2376 tam
386 2344 511 2385 ignavo
542 2343 690 2385 principi
713 2344 902 2384 suspectus
926 2351 967 2375 ac
991 2342 1165 2375 formido-

291 2394 388 2428 losus
412 2394 467 2428 sit.
496 2411 531 2417 —-
556 2394 661 2435 iyitur
684 2393 846 2426 Claudius
867 2392 948 2435 cet]
981 2394 1046 2425 Dio
1070 2392 1092 2425 l.
1117 2392 1162 2425 l.:

292 2444 358 2478 καὶ
381 2439 501 2477 αὐτὸν
524 2443 565 2477 ἐν
580 2441 626 2490 τῇ
645 2442 810 2488 πολεμία
826 2439 920 2476 ὄντα
936 2439 958 2476 ὁ
974 2440 1165 2483 Κλαύδιος

292 2491 510 2528 ἇνεκάλεσε.
539 2493 611 2538 τήν
634 2504 674 2527 τε
696 2491 769 2541 γὰρ
792 2491 932 2541 ἀρετὴν
955 2490 1075 2527 αὐτοῦ
1098 2494 1163 2526 καὶ

291 2543 364 2590 τὴν
386 2541 553 2589 ἄσκησιν
576 2542 714 2588 μαθών
738 2544 810 2578 οὐκ
833 2544 1042 2591 ἐπέτρεψεν
1061 2542 1163 2588 αὐτῷ

293 2595 355 2630 ἐπὶ
379 2595 494 2629 πλέον
517 2592 747 2639 αὐξηθῆναι.
776 2614 812 2620 -
839 2595 1048 2637 Germanias]
1075 2594 1164 2627 Vide

294 2647 340 2681 ad
364 2648 395 2688 ⁴,
420 2647 474 2680 57.
500 2661 503 2664 >

338 2698 393 2730 20.
417 2697 678 2739 effunderentur]
705 2696 755 2730 Cf.
775 2697 806 2736 l,
825 2696 885 2730 68:
911 2696 1167 2737 effundebantur

293 2748 402 2781 multa
430 2747 544 2788 simul,
580 2747 602 2780 i.
638 2757 669 2780 e.
702 2747 850 2789 repente
882 2746 1167 2780 obversabantur

295 2801 372 2832 eius
395 2798 523 2830 animo.
552 2815 588 2820 —
621 2798 705 2830 nihil
726 2798 821 2830 aliud
845 2798 1043 2838 prolocutus
1057 2814 1105 2821 --
1119 2797 1166 2828 si-

293 2857 396 2890 ⁸qnwm
422 2849 568 2888 receptui·
595 2848 697 2889 dedit]
731 2848 794 2881 Dio
818 2846 840 2880 l.
867 2847 908 2880 l.:
945 2844 1166 2889 πυθόμενος

294 2897 335 2932 δὲ
365 2895 483 2931 τοῦτο
506 2894 529 2930 ὁ
537 2896 787 2944 Κορβούλων
810 2895 1002 2940 ἐπανῆλθε
1024 2894 1166 2930 τοσοῦ-

294 2959 362 2983 τον
395 2947 520 2992 μόνον
553 2945 799 2991 αναίῗοήσας,
829 2942 877 2981 Ὦ
907 2946 1093 2994 μακάριοι
1128 2947 1169 2979 οἱ

296 2997 414 3033 πάλαι
438 2997 530 3033 ποτὲ
553 2996 909 3043 στρατηγήσαντες·
938 2998 977 3039 ἐς
999 2996 1166 3041 δήλωσιν

296 3044 357 3083 ὅτι
386 3053 468 3090 τοῖς
490 3047 563 3092 μὲν
589 3045 799 3089 ἀκινδύνως
821 3044 1166 3095 ἀνδραγαθίζεσθαι

296 3099 406 3144 ἐξῆν,
430 3096 548 3141 αὐτὸς
570 3098 602 3133 δ’
626 3095 702 3131 ὑπὸ
719 3098 786 3132 τοῦ
804 3095 1089 3146 αὐτοκράτορος
1103 3095 1167 3132 διὰ

296 3150 364 3186 τὸν
394 3148 547 3193 φθόνον
573 3148 812 3193 ἐνεποδίσθη.
843 3169 878 3173 -
918 3153 1005 3184 inter
1037 3152 1167 3183 Mosam

298 3203 507 3243 Rhenumque
521 3218 570 3226 --
583 3202 707 3243 fossam
725 3201 897 3242 perduxit]
922 3200 1021 3234 Diol.
1042 3200 1078 3233 l..
1105 3210 1166 3233 πι-

298 3252 471 3293 στευθεὶς
505 3250 546 3285 δὲ
579 3249 693 3284 πάλιν
726 3247 769 3284 τὸ
804 3248 1023 3296 στράτευμα
1055 3247 1166 3285 οὐδὲν

298 3295 415 3346 ἦττον
437 3298 550 3345 ἤσκει
572 3297 668 3335 αὐτὸ
691 3300 757 3334 καὶ
779 3298 907 3343 ἐπειδή
931 3311 973 3344 γε
990 3298 1166 3346 εἰρήνουν

298 3350 547 3410 διετάφρευσε
569 3351 615 3385 δι’
640 3348 767 3385 αὐτων
788 3348 862 3383 πᾶν
877 3347 922 3382 τὸ
937 3349 1080 3393 μεταξὺ
1097 3349 1164 3384 τοῦ

298 3412 340 3440 τε
357 3398 492 3445 Ρήνου
515 3403 581 3439 κα),
602 3399 671 3436 τοῦ
687 3399 836 3441 Μόσου,
861 3399 1040 3441 σταδίους
1056 3399 1168 3440 ἑβδο-

300 3449 478 3496 μήκοντα
510 3453 577 3487 καὶ
609 3448 748 3486 ἑκατὸν
780 3447 959 3495 μάλιστα.
1005 3449 1167 3484 Cluverio

1215 1995 1272 2027 tur
1294 2004 1315 2026 a
1338 1995 1452 2037 capite
1479 1995 1544 2027 rivi
1568 1993 1833 2035 Lugdunensis,
1869 1993 1926 2026 cui
1957 2001 2089 2026 nomen

1214 2046 1253 2078 de
1280 2045 1376 2085 Vliet,
1414 2054 1506 2086 quae
1541 2044 1715 2077 sententia
1747 2044 1897 2076 «exacte
1930 2042 2092 2084 congruit

1215 2096 1347 2138 spatio,
1373 2095 1469 2136 quod
1492 2094 1608 2128 fossae
1633 2091 1844 2127 Corbulonis
1867 2102 1887 2124 a
1910 2093 2030 2126 Tacito
2054 2093 2092 2126 et

1214 2146 1324 2179 Dione
1348 2145 1524 2178 tribuitur.
1554 2146 1639 2178 Pars
1656 2145 1732 2177 eius
1748 2152 1860 2186 prope
1877 2142 2089 2185 Lugdunum

1215 2197 1427 2228 Batavorum
1451 2196 1558 2228 etiam
1582 2203 1677 2229 nunc
1696 2196 1846 2226 vocatur
1864 2193 1946 2226 Vliet
1968 2194 2005 2226 et
2026 2201 2090 2225 ru-

1215 2246 1301 2279 dera
1325 2245 1458 2286 castelli
1481 2255 1502 2278 a
1519 2244 1664 2278 Claudio
1688 2244 1856 2278 exstructi
1872 2244 1908 2276 in
1924 2243 2088 2277 distantia

1215 2298 1272 2331 DC
1289 2305 1460 2339 passuum
1476 2305 1496 2329 a
1513 2296 1592 2329 vico
1607 2295 1751 2336 Kamyk
1771 2294 1881 2328 latent
1895 2294 1963 2328 sub
1979 2294 2088 2328 maris

1215 2347 1418 2380 fluctibus.»
1442 2348 1626 2380 Wrnnnnu.
1648 2364 1684 2369 —
1709 2347 1839 2378 incerta
1854 2345 1978 2378 Oceani
1996 2344 2090 2377 vita-

1212 2397 1342 2439 rentur]
1366 2397 1504 2439 Optime¹
1520 2395 1789 2437 Bezzenberger
1804 2404 1887 2428 cum
1901 2394 2092 2428 Vertranio

1214 2448 1399 2490 rescripsit
1419 2448 1610 2480 vitarentur
1631 2454 1696 2488 pro
1719 2445 1860 2488 vulgato
1881 2449 2087 2487 vetarentur,

1216 2498 1312 2540 quod
1343 2506 1407 2540 pro
1431 2500 1627 2529 arcerentur
1649 2495 1782 2529 dictum
1807 2497 1907 2538 putat
1927 2495 2094 2530 Doeder-

1215 2547 1307 2581 linus
1331 2546 1457 2580 collato
1480 2546 1558 2579 loco
1581 2546 1712 2579 scenici
1737 2547 1862 2588 poetae
1882 2546 1963 2579 Sen.
1982 2546 2087 2579 Herc.

1217 2598 1293 2630 Oet.
1320 2596 1423 2630 ⁴624:
1455 2597 1530 2629 Stat
1559 2599 1660 2629 vasta
1681 2596 1747 2629 late
1770 2605 1913 2639 quercus
1933 2598 1966 2628 et
1985 2596 2089 2629 Phoe-

1216 2648 1292 2680 bum
1313 2650 1416 2680 vetat.
1441 2647 1512 2680 Sed
1534 2648 1572 2679 ut
1596 2646 1792 2680 concedam
1812 2646 1918 2680 etiam
1933 2647 2093 2681 arnono

1216 2702 1331 2732 vetare
1352 2707 1418 2740 pro
1441 2707 1559 2731 arcere
1575 2698 1644 2730 dici
1670 2706 1794 2740 posse,
1818 2698 1940 2730 tamen
1960 2698 2091 2731 incerta

1218 2750 1340 2782 Oceani
1368 2749 1391 2780 i.
1417 2757 1449 2780 e.
1486 2748 1662 2781 aestuaria
1691 2748 1728 2780 et
1754 2746 1831 2779 loca
1859 2746 1992 2780 vadosa
2024 2755 2090 2789 per

1217 2799 1350 2832 fossam
1366 2797 1460 2831 illam
1481 2807 1551 2830 non
1567 2797 1781 2837 arcebantur,
1799 2796 1864 2829 sed
1878 2796 2087 2830 vitabantur.

1217 2849 1355 2890 Quippe
1390 2856 1501 2880 naves
1529 2849 1605 2890 ipsa
1635 2847 1728 2881 fossa
1760 2847 1850 2880 facta
1875 2855 1920 2880 ne
1944 2847 2097 2882 adibant,

1217 2898 1361 2940 quidem
1385 2898 1561 2931 aestuaria
1591 2899 1627 2930 et
1649 2898 1847 2937 Oceanum,
1878 2897 1943 2931 sed
1978 2896 2091 2939 legio-

1217 2957 1281 2982 nes
1305 2949 1411 2989 atque
1436 2949 1659 2980 commeatus
1683 2957 1702 2980 e
1719 2946 1825 2980 Gallia
1849 2949 1886 2980 et
1901 2947 2089 2981 Germania

1216 2998 1380 3031 inferiore
1411 3006 1476 3040 per
1498 2998 1634 3030 Mosam
1657 2999 1694 3030 et
1721 2997 1853 3030 fossam
1877 2996 1971 3030 illam
1994 2997 2090 3030 Rhe-

1217 3057 1387 3090 numque,
1413 3047 1495 3080 dein
1519 3057 1583 3089 per
1605 3048 1817 3080 Drusianam
1836 3047 1966 3081 fossam
1982 3055 2026 3080 ac
2039 3045 2089 3079 la-

1217 3107 1280 3131 cus
1297 3098 1342 3130 ad
1359 3098 1484 3131 Frisios
1497 3098 1732 3139 Chaucosque
1749 3096 1940 3130 vehebant.
1965 3097 2088 3142 ltaque

1215 3150 1331 3182 vitatis
1355 3148 1487 3181 itineris
1504 3148 1668 3181 maritimi
1683 3146 1860 3189 periculis,
1878 3145 2088 3187 navigabilia

1216 3201 1308 3232 inter
1330 3208 1369 3231 se
1393 3198 1527 3231 fiebant
1543 3197 1670 3231 Galliae
1692 3200 1727 3230 et
1747 3197 1956 3230 Germaniae
1971 3196 2085 3230 litora.

1217 3250 1385 3286 Undecim
1407 3251 1508 3283 annis
1531 3251 1611 3290 post
1633 3248 1785 3282 similem
1807 3247 1854 3280 ob
1877 3255 2024 3281 causam
2046 3247 2085 3281 1..

1217 3301 1325 3334 Vetus
1359 3299 1540 3334 Mosellam
1574 3301 1680 3341 atque
1709 3298 1847 3332 Ararim
1876 3297 1966 3330 facta
1996 3297 2088 3331 inter

1217 3353 1408 3392 utrumque
1427 3350 1521 3383 fossa
1537 3348 1788 3386 connectebat,
1810 3349 1849 3380 ut
1864 3345 2091 3381 difficultates

1217 3409 1259 3434 ac
1289 3399 1448 3443 pericula
1470 3400 1635 3433 maritimi
1663 3406 1730 3441 per
1751 3398 1931 3430 Oceanum
1955 3397 2089 3430 itineris

1217 3451 1411 3484 vitarentur
1428 3452 1464 3483 et
1478 3449 1735 3483 commercium
1750 3447 1843 3480 inter
1856 3445 2089 3484 Occidentem
