2254 3770
670 694 777 754 10.
817 689 1237 753 GASPARIS
1278 693 1626 753 ORELLll

940 817 1356 868 ΡΒΑΕΡΑἮΟ.

1053 973 1250 981 ——.—.

374 1100 499 1147 Satis
531 1115 647 1146 nunc
681 1103 797 1145 inter
831 1102 1010 1147 criticos
1043 1103 1221 1146 constat
1257 1103 1302 1145 in
1335 1102 1477 1146 Taciti
1514 1102 1752 1146 Annalium
1791 1103 1916 1146 libris
1958 1115 2041 1146 sex

264 1179 483 1236 prioribus
517 1179 689 1221 unicam
724 1191 823 1221 esse
852 1179 1159 1222 auctoritatem
1190 1177 1356 1221 codicis
1384 1177 1582 1222 Medieei
1619 1178 1735 1221 Plut.
1762 1177 1974 1222 LXVIII.
2004 1179 2040 1236 I,

262 1256 307 1298 in
349 1254 668 1311 posterioribus
712 1256 756 1296 et
798 1255 844 1295 in
886 1254 1099 1296 Historiis
1142 1253 1308 1297 codicis
1346 1253 1543 1297 Medicei
1582 1253 1775 1296 eiusdem
1805 1255 1943 1310 plutei
1972 1255 2040 1312 ΙΙ,

264 1342 415 1374 omnes
451 1342 560 1372 vero
601 1332 799 1386 ceteros,
837 1330 906 1385 qui
939 1330 1175 1372 Annalium
1206 1330 1342 1372 libros
1370 1328 1625 1372 XI—XVI
1655 1331 1787 1384 atque
1817 1330 2041 1373 Historias

263 1407 512 1461 continent,
553 1417 609 1447 ex
648 1404 732 1448 hoc
761 1405 858 1461 ipso
889 1417 970 1458 per
997 1406 1148 1447 varios
1177 1406 1317 1448 veluti
1345 1406 1468 1447 rivos
1499 1417 1598 1448 esse
1628 1404 1863 1457 deductos,
1899 1406 1961 1448 ita
1991 1407 2040 1447 ut

264 1494 412 1525 eorum
436 1481 649 1524 lectiones
669 1481 896 1523 variantes
917 1493 997 1535 pro
1018 1481 1286 1524 coniecturis
1305 1479 1520 1524 interdum
1543 1481 1765 1536 felicibus,
1795 1494 1876 1537 pro
1897 1482 2040 1524 inter-

262 1557 560 1614 polationibus
590 1556 857 1609 arbitrariis‚
888 1568 968 1611 pro
999 1557 1129 1599 meris
1160 1556 1347 1613 denique
1378 1557 1600 1600 erroribus
1629 1556 1860 1599 habendae
1890 1557 1991 1599 sint.

373 1632 439 1675 At
468 1644 577 1674 vero
611 1643 739 1673 nemo
769 1633 874 1674 ante
903 1644 987 1673 nos
1015 1645 1122 1674 usus
1152 1635 1248 1675 erat
1278 1632 1430 1676 codice
1462 1631 1586 1675 Med.
1619 1633 1663 1686 Ι,
1696 1633 1778 1674 nisi
1808 1631 2040 1688 Philippus

260 1707 509 1752 Beroaldus
538 1707 702 1760 iunior,
740 1706 918 1750 Curtius
946 1698 1164 1761 Pichena{
1204 1708 1393 1751 Iacobus
1423 1707 1677 1752 Gronovius
1690 1703 1743 1761 ¹),
1773 1707 2040 1751 Franciscus

261 1783 333 1827 del
362 1783 495 1826 Furia
506 1795 519 1839 3
557 1781 711 1826 codice
747 1783 806 1825 II.
836 1783 965 1825 etiam
995 1782 1156 1825 Petrus
1186 1782 1431 1839 Victorius,
1469 1782 1524 1825 de
1560 1785 1684 1826 cuius
1715 1795 1820 1826 eura
1854 1784 1898 1825 in
1927 1796 2039 1842 gra-

262 1861 366 1902 tiam
408 1858 667 1914 praesertim
707 1859 967 1906 exterorum,
1001 1859 1228 1914 exscribo,
1272 1871 1384 1914 quae
1425 1857 1559 1900 tradit
1589 1858 1800 1901 Walther
1838 1858 2038 1901 Praefat.

262 1948 303 1991 p.
332 1932 563 1977 XXXVII
612 1927 845 1987 [correcta
885 1933 941 1976 ab
978 1933 1028 1976 L.
1057 1930 1302 1993 Spengelio
1340 1936 1384 1976 in
1420 1936 1744 1993 programmate
1774 1934 2039 1978 Monacensi

265 2005 492 2061 1347l48
524 2022 568 2065 p.
601 2002 691 2062 ej:

375 2082 714 2140 «Compereram
758 2085 803 2126 in
841 2084 1107 2128 bibliotheca
1145 2085 1272 2143 regia
1305 2084 1570 2128 Monacensi
1608 2085 1761 2129 haberi
1794 2086 2039 2141 exemplum

260 2161 467 2205 editionis
487 2159 803 2213 Beroaldinae‚
836 2160 951 2216 quod
972 2160 1186 2217 quondam
1208 2161 1290 2202 fuit
1311 2160 1434 2203 Petri
1456 2161 1662 2216 Victorii,
1692 2162 1736 2202 in
1758 2173 1897 2217 eoque
1927 2161 2038 2203 libro

257 2237 446 2280 inveniri
475 2237 754 2280 collationem
785 2235 950 2279 codicis
978 2237 1095 2278 illius
1125 2236 1370 2279 Florentini
1402 2248 1428 2278 a
1458 2248 1586 2278 manu
1608 2236 1794 2280 Victorii
1815 2237 2039 2292 scriptam.

257 2314 312 2356 In
339 2312 424 2356 fine
453 2312 747 2354 Historiarum
776 2312 986 2370 leguntur
1014 2311 1148 2354 haec:

426 2383 668 2439 Recognovi
705 2397 799 2425 cum
836 2388 1000 2426 vetusto
1040 2383 1267 2441 exemplari
1303 2383 1433 2427 literis
1471 2386 1756 2439 Longobardis
1791 2384 1945 2439 scripto
1983 2399 2037 2427 ne

315 2473 364 2502 ea
394 2458 563 2515 quidem
592 2458 635 2500 in
665 2460 899 2502 conlatione
930 2459 1125 2503 omittens
1155 2474 1262 2515 quae
1293 2448 1491 2515 corrupta
1519 2460 1660 2516 aliquo
1689 2466 1811 2517 pacto
1837 2459 2037 2503 videban-

312 2541 404 2586 tur,
436 2549 489 2578 ne
518 2534 635 2577 locus
665 2535 928 2577 coniecturae
958 2537 1229 2578 emendaturo
1261 2536 1436 2578 deesset.
1479 2538 1553 2578 Est
1576 2540 1714 2578 autem
1735 2538 1868 2579 codex
1894 2550 1917 2579 e
1942 2536 2036 2579 Divi

314 2610 444 2654 Marci
472 2608 745 2653 Bibliotheca.
788 2609 1022 2653 Florentiae
1051 2613 1104 2654 Μ.
1134 2613 1185 2653 D.
1218 2612 1351 2654 XXII.
1381 2610 1523 2655 Idibus
1553 2613 1694 2655 Ianua.

1567 2688 1610 2728 P.
1641 2688 1865 2733 Victorius.

369 2764 480 2808 Inde
518 2766 575 2808 ab
618 2764 846 2808 undecimo
885 2765 996 2808 libro
1026 2764 1263 2808 Annalium
1293 2765 1518 2809 Victorius
1550 2767 1812 2821 scripturam
1843 2766 2035 2809 Floren-

262 2842 397 2883 tinam
427 2841 483 2883 ab
514 2840 706 2883 editione
736 2840 943 2884 Beroaldi
976 2840 1194 2883 diversam
1224 2840 1430 2896 adposuit
1460 2842 1712 2896 plerumque
1743 2843 1787 2884 in
1815 2844 2036 2900 margine:

259 2917 491 2960 breviores
519 2918 790 2971 varietates,
828 2918 873 2959 et
901 2917 938 2957 si
970 2928 1054 2972 qua
1084 2927 1171 2958 una
1201 2917 1401 2959 alterave
1429 2917 1579 2960 littera
1607 2917 1835 2972 mutanda,
1865 2919 1910 2959 in
1938 2918 2035 2972 ipso

259 2993 472 3035 contextu
513 2991 792 3049 significavit·
853 2989 976 3044 Quae
1016 2990 1200 3034 deerant
1241 2993 1286 3033 in
1315 2991 1411 3035 cod·
1444 2992 1722 3047 Florentino,
1751 2995 1905 3035 notata
1932 2994 2035 3035 sunt

262 3067 436 3111 lIneolis
465 3067 539 3109 vel
568 3068 746 3122 punctis
772 3067 1028 3123 suppositis.
1073 3066 1376 3123 Reperiuntur
1405 3069 1533 3111 etiam
1555 3068 1959 3111 animadversiones
1978 3080 2033 3111 ex

354 3220 389 3261 1)
415 3222 512 3263 Quae
538 3221 744 3255 Theodorus
768 3223 920 3264 Ryckius
944 3225 1044 3256 effert
1068 3233 1087 3257 e
1118 3224 1194 3258 cod.
1219 3218 1317 3258 Med.
1342 3225 1379 3263 Ι,
1406 3226 1586 3266 accepisse
1609 3225 1745 3259 videtur
1762 3233 1780 3257 n
1798 3223 1925 3258 Iacobo
1947 3223 2033 3257 Gro-

262 3284 379 3321 novio‚
405 3287 595 3323 antequam
620 3283 687 3315 sibi
718 3284 902 3316 amicitiem
929 3285 1192 3323 renuntiarent3
1228 3292 1306 3316 nem
1333 3287 1367 3317 in
1394 3285 1548 3318 editione
1574 3293 1605 3318 a.
1632 3285 1682 3318 M.
1708 3283 1808 3317 DCC.
1835 3283 1932 3316 XXI.
1959 3285 2031 3317 lec.

264 3341 460 3376 Gronovius
497 3343 704 3383 pierumque
740 3350 811 3376 non
845 3345 921 3376 sine
958 3343 1188 3383 despicientia
1221 3344 1370 3385 quedam
1403 3352 1443 3377 nc
1471 3345 1645 3378 simultate
1671 3344 1792 3386 Ryckii
1818 3346 2031 3378 mentionem

263 3404 366 3443 incit3
392 3404 515 3436 merita
538 3403 634 3442 eius,
661 3406 829 3443 quantum
853 3403 1016 3443 memini,
1042 3411 1222 3445 nunquam
1249 3407 1431 3437 memoret.
