<?xml version="1.0" encoding="UTF-8"?>
<!DOCTYPE html PUBLIC "-//W3C//DTD XHTML 1.0 Transitional//EN"
    "http://www.w3.org/TR/xhtml1/DTD/xhtml1-transitional.dtd">
<html xmlns="http://www.w3.org/1999/xhtml" xml:lang="en" lang="en">
 <head>
  <title>
</title>
<meta http-equiv="Content-Type" content="text/html;charset=utf-8" />
  <meta name='ocr-system' content='tesseract 3.04.00' />
  <meta name='ocr-capabilities' content='ocr_page ocr_carea ocr_par ocr_line ocrx_word'/>
</head>
<body>
  <div class='ocr_page' id='page_1' title='image "./pcorneliitacitio01taciuoft_0409.png"; bbox 0 0 2254 3770; ppageno 0'>
   <div class='ocr_carea' id='block_1_1' title="bbox 711 282 1958 343">
    <p class='ocr_par' dir='ltr' id='par_1_1' title="bbox 711 282 1958 343">
     <span class='ocr_line' id='line_1_1' title="bbox 711 282 1958 343; baseline 0.002 -14"><span class='ocrx_word' id='word_1_1' title='bbox 711 285 865 336; x_wconf 75' lang='lat' dir='ltr'>LIBER</span> <span class='ocrx_word' id='word_1_2' title='bbox 892 286 981 335; x_wconf 79' lang='lat' dir='ltr'><strong>XII.</strong></span> <span class='ocrx_word' id='word_1_3' title='bbox 1024 285 1127 343; x_wconf 74' lang='lat' dir='ltr'><strong>Cap.</strong></span> <span class='ocrx_word' id='word_1_4' title='bbox 1156 285 1226 333; x_wconf 76' lang='lat'><strong>4⁴.</strong></span> <span class='ocrx_word' id='word_1_5' title='bbox 1256 285 1324 332; x_wconf 72' lang='lat'><strong>42.</strong></span> <span class='ocrx_word' id='word_1_6' title='bbox 1352 286 1422 337; x_wconf 63' lang='lat' dir='ltr'><strong>aa.</strong></span> <span class='ocrx_word' id='word_1_7' title='bbox 1881 282 1958 332; x_wconf 71' lang='lat'><strong>374</strong></span> 
     </span>
    </p>
   </div>
   <div class='ocr_carea' id='block_1_2' title="bbox 143 384 2014 2032">
    <p class='ocr_par' dir='ltr' id='par_1_2' title="bbox 171 384 2014 1422">
     <span class='ocr_line' id='line_1_2' title="bbox 179 384 1966 450; baseline 0 -13"><span class='ocrx_word' id='word_1_8' title='bbox 179 392 324 443; x_wconf 86' lang='lat' dir='ltr'><strong>liberis</strong></span> <span class='ocrx_word' id='word_1_9' title='bbox 354 394 447 443; x_wconf 86' lang='lat' dir='ltr'><strong>eius</strong></span> <span class='ocrx_word' id='word_1_10' title='bbox 477 392 699 441; x_wconf 86' lang='lat' dir='ltr'><strong>devinctos</strong></span> <span class='ocrx_word' id='word_1_11' title='bbox 725 392 945 439; x_wconf 79' lang='lat' dir='ltr'><strong>credebat.</strong></span> <span class='ocrx_word' id='word_1_12' title='bbox 992 384 1118 450; x_wconf 84' lang='lat' dir='ltr'><strong>igitur</strong></span> <span class='ocrx_word' id='word_1_13' title='bbox 1146 391 1322 437; x_wconf 85' lang='lat' dir='ltr'>distrahi</span> <span class='ocrx_word' id='word_1_14' title='bbox 1355 391 1554 437; x_wconf 90' lang='lat' dir='ltr'><strong>cohortes</strong></span> <span class='ocrx_word' id='word_1_15' title='bbox 1591 390 1751 440; x_wconf 80' lang='lat' dir='ltr'><strong>ambitu</strong></span> <span class='ocrx_word' id='word_1_16' title='bbox 1783 389 1966 440; x_wconf 81' lang='lat' dir='ltr'><strong>duorum</strong></span> 
     </span>
     <span class='ocr_line' id='line_1_3' title="bbox 179 466 1963 526; baseline -0.001 -14"><span class='ocrx_word' id='word_1_17' title='bbox 179 476 240 522; x_wconf 85' lang='lat' dir='ltr'><strong>et,</strong></span> <span class='ocrx_word' id='word_1_18' title='bbox 271 469 307 519; x_wconf 87' lang='lat' dir='ltr'><strong>si</strong></span> <span class='ocrx_word' id='word_1_19' title='bbox 335 468 390 516; x_wconf 85' lang='lat' dir='ltr'><strong>ab</strong></span> <span class='ocrx_word' id='word_1_20' title='bbox 411 481 497 511; x_wconf 90' lang='lat' dir='ltr'><strong>uno</strong></span> <span class='ocrx_word' id='word_1_21' title='bbox 521 474 795 525; x_wconf 81' lang='lat' dir='ltr'><strong>regerentur,</strong></span> <span class='ocrx_word' id='word_1_22' title='bbox 829 467 1095 515; x_wconf 78' lang='lat' dir='ltr'><strong>intentiorem</strong></span> <span class='ocrx_word' id='word_1_23' title='bbox 1116 466 1207 511; x_wconf 85' lang='lat' dir='ltr'><strong>fore</strong></span> <span class='ocrx_word' id='word_1_24' title='bbox 1228 467 1495 526; x_wconf 84' lang='lat' dir='ltr'><strong>disciplinam</strong></span> <span class='ocrx_word' id='word_1_25' title='bbox 1515 466 1796 513; x_wconf 75' lang='lat' dir='ltr'><strong>adseverante</strong></span> <span class='ocrx_word' id='word_1_26' title='bbox 1817 479 1963 516; x_wconf 83' lang='lat' dir='ltr'><strong>uxore,</strong></span> 
     </span>
     <span class='ocr_line' id='line_1_4' title="bbox 177 541 1965 601; baseline 0.001 -12"><span class='ocrx_word' id='word_1_27' title='bbox 177 543 426 593; x_wconf 75' lang='lat' dir='ltr'><strong>transfertur</strong></span> <span class='ocrx_word' id='word_1_28' title='bbox 463 543 654 600; x_wconf 80' lang='lat' dir='ltr'><strong>regimen</strong></span> <span class='ocrx_word' id='word_1_29' title='bbox 693 542 931 590; x_wconf 86' lang='lat' dir='ltr'><strong>cohortium</strong></span> <span class='ocrx_word' id='word_1_30' title='bbox 973 542 1029 589; x_wconf 87' lang='lat' dir='ltr'><strong>ad</strong></span> <span class='ocrx_word' id='word_1_31' title='bbox 1057 544 1238 591; x_wconf 79' lang='lat' dir='ltr'><strong>Burrum</strong></span> <span class='ocrx_word' id='word_1_32' title='bbox 1269 543 1503 592; x_wconf 86' lang='lat' dir='ltr'><strong>Afranium,</strong></span> <span class='ocrx_word' id='word_1_33' title='bbox 1543 542 1744 601; x_wconf 76' lang='lat' dir='ltr'><strong>egregiae</strong></span> <span class='ocrx_word' id='word_1_34' title='bbox 1773 541 1965 591; x_wconf 79' lang='lat' dir='ltr'><strong>militaris</strong></span> 
     </span>
     <span class='ocr_line' id='line_1_5' title="bbox 176 616 1964 677; baseline 0.002 -14"><span class='ocrx_word' id='word_1_35' title='bbox 176 619 328 670; x_wconf 86' lang='lat' dir='ltr'><strong>famae,</strong></span> <span class='ocrx_word' id='word_1_36' title='bbox 361 633 540 677; x_wconf 84' lang='lat' dir='ltr'><strong>gnarum</strong></span> <span class='ocrx_word' id='word_1_37' title='bbox 570 625 712 662; x_wconf 91' lang='lat' dir='ltr'><strong>tamen</strong></span> <span class='ocrx_word' id='word_1_38' title='bbox 745 618 868 662; x_wconf 89' lang='lat' dir='ltr'><strong>cuius</strong></span> <span class='ocrx_word' id='word_1_39' title='bbox 890 625 1042 676; x_wconf 90' lang='lat' dir='ltr'><strong>sponte</strong></span> <span class='ocrx_word' id='word_1_40' title='bbox 1061 617 1381 676; x_wconf 82' lang='lat' dir='ltr'><strong>praeficeretur.</strong></span> <span class='ocrx_word' id='word_1_41' title='bbox 1412 633 1536 662; x_wconf 92' lang='lat' dir='ltr'><strong>suum</strong></span> <span class='ocrx_word' id='word_1_42' title='bbox 1558 631 1734 676; x_wconf 88' lang='lat' dir='ltr'><strong>quoque</strong></span> <span class='ocrx_word' id='word_1_43' title='bbox 1752 616 1964 673; x_wconf 79' lang='lat' dir='ltr'><strong>fastigium</strong></span> 
     </span>
     <span class='ocr_line' id='line_1_6' title="bbox 172 681 1996 754; baseline -0.004 -13"><span class='ocrx_word' id='word_1_44' title='bbox 172 694 403 753; x_wconf 74' lang='lat' dir='ltr'><strong>Agrippina</strong></span> <span class='ocrx_word' id='word_1_45' title='bbox 433 693 639 740; x_wconf 84' lang='lat' dir='ltr'><strong>extollere</strong></span> <span class='ocrx_word' id='word_1_46' title='bbox 668 693 817 738; x_wconf 88' lang='lat' dir='ltr'><strong>altius:</strong></span> <span class='ocrx_word' id='word_1_47' title='bbox 851 700 1054 752; x_wconf 88' lang='lat' dir='ltr'><strong>carpento</strong></span> <span class='ocrx_word' id='word_1_48' title='bbox 1078 693 1330 754; x_wconf 82' lang='lat' dir='ltr'><strong>Capitolium</strong></span> <span class='ocrx_word' id='word_1_49' title='bbox 1350 693 1535 752; x_wconf 84' lang='lat' dir='ltr'><strong>ingredi,</strong></span> <span class='ocrx_word' id='word_1_50' title='bbox 1566 693 1643 752; x_wconf 85' lang='lat' dir='ltr'><strong>qui</strong></span> <span class='ocrx_word' id='word_1_51' title='bbox 1663 692 1800 739; x_wconf 90' lang='lat' dir='ltr'><strong>honos</strong></span> <span class='ocrx_word' id='word_1_52' title='bbox 1821 681 1996 739; x_wconf 77' lang='lat' dir='ltr'><strong>sacer-5</strong></span> 
     </span>
     <span class='ocr_line' id='line_1_7' title="bbox 172 768 1962 828; baseline -0.001 -14"><span class='ocrx_word' id='word_1_53' title='bbox 172 769 346 814; x_wconf 84' lang='lat' dir='ltr'><strong>dotibus</strong></span> <span class='ocrx_word' id='word_1_54' title='bbox 390 776 432 813; x_wconf 91' lang='lat' dir='ltr'><strong>et</strong></span> <span class='ocrx_word' id='word_1_55' title='bbox 474 769 610 819; x_wconf 85' lang='lat' dir='ltr'><strong>sacris</strong></span> <span class='ocrx_word' id='word_1_56' title='bbox 648 769 880 828; x_wconf 88' lang='lat' dir='ltr'><strong>antiquitus</strong></span> <span class='ocrx_word' id='word_1_57' title='bbox 919 783 1153 819; x_wconf 81' lang='lat' dir='ltr'><strong>concessus</strong></span> <span class='ocrx_word' id='word_1_58' title='bbox 1192 770 1512 815; x_wconf 88' lang='lat' dir='ltr'><strong>venerationem</strong></span> <span class='ocrx_word' id='word_1_59' title='bbox 1546 768 1732 827; x_wconf 77' lang='lat' dir='ltr'>augebat</span> <span class='ocrx_word' id='word_1_60' title='bbox 1769 768 1962 819; x_wconf 82' lang='lat' dir='ltr'><strong>feminae,</strong></span> 
     </span>
     <span class='ocr_line' id='line_1_8' title="bbox 174 843 1964 905; baseline 0 -16"><span class='ocrx_word' id='word_1_61' title='bbox 174 858 304 905; x_wconf 85' lang='lat' dir='ltr'><strong>quam</strong></span> <span class='ocrx_word' id='word_1_62' title='bbox 331 845 590 903; x_wconf 77' lang='lat' dir='ltr'><strong>imperatore</strong></span> <span class='ocrx_word' id='word_1_63' title='bbox 620 845 824 903; x_wconf 84' lang='lat' dir='ltr'><strong>genitam,</strong></span> <span class='ocrx_word' id='word_1_64' title='bbox 857 858 1053 889; x_wconf 87' lang='lat' dir='ltr'><strong>sororem</strong></span> <span class='ocrx_word' id='word_1_65' title='bbox 1083 844 1188 896; x_wconf 90' lang='lat' dir='ltr'><strong>eius,</strong></span> <span class='ocrx_word' id='word_1_66' title='bbox 1220 844 1294 903; x_wconf 88' lang='lat' dir='ltr'><strong>qui</strong></span> <span class='ocrx_word' id='word_1_67' title='bbox 1316 859 1458 890; x_wconf 88' lang='lat' dir='ltr'><strong>rerum</strong></span> <span class='ocrx_word' id='word_1_68' title='bbox 1479 845 1638 903; x_wconf 87' lang='lat' dir='ltr'><strong>potitus</strong></span> <span class='ocrx_word' id='word_1_69' title='bbox 1658 844 1722 895; x_wconf 90' lang='lat' dir='ltr'><strong>sit,</strong></span> <span class='ocrx_word' id='word_1_70' title='bbox 1755 850 1798 891; x_wconf 87' lang='lat' dir='ltr'><strong>et</strong></span> <span class='ocrx_word' id='word_1_71' title='bbox 1814 843 1964 891; x_wconf 79' lang='lat' dir='ltr'><strong>eoniu—</strong></span> 
     </span>
     <span class='ocr_line' id='line_1_9' title="bbox 172 919 1965 979; baseline -0.002 -13"><span class='ocrx_word' id='word_1_72' title='bbox 172 934 270 979; x_wconf 81' lang='lat' dir='ltr'><strong>gem</strong></span> <span class='ocrx_word' id='word_1_73' title='bbox 299 927 342 969; x_wconf 88' lang='lat' dir='ltr'><strong>et</strong></span> <span class='ocrx_word' id='word_1_74' title='bbox 370 926 550 969; x_wconf 84' lang='lat' dir='ltr'><strong>matrem</strong></span> <span class='ocrx_word' id='word_1_75' title='bbox 578 920 732 971; x_wconf 85' lang='lat' dir='ltr'><strong>fuisse,</strong></span> <span class='ocrx_word' id='word_1_76' title='bbox 764 920 938 965; x_wconf 90' lang='lat' dir='ltr'><strong>unicum</strong></span> <span class='ocrx_word' id='word_1_77' title='bbox 968 920 1022 964; x_wconf 89' lang='lat' dir='ltr'><strong>ad</strong></span> <span class='ocrx_word' id='word_1_78' title='bbox 1053 920 1165 964; x_wconf 88' lang='lat' dir='ltr'><strong>hunc</strong></span> <span class='ocrx_word' id='word_1_79' title='bbox 1195 919 1309 963; x_wconf 89' lang='lat' dir='ltr'><strong>diem</strong></span> <span class='ocrx_word' id='word_1_80' title='bbox 1341 919 1584 978; x_wconf 81' lang='lat' dir='ltr'><strong>exemplum</strong></span> <span class='ocrx_word' id='word_1_81' title='bbox 1612 926 1692 964; x_wconf 91' lang='lat' dir='ltr'><strong>est.</strong></span> <span class='ocrx_word' id='word_1_82' title='bbox 1723 919 1832 966; x_wconf 88' lang='lat' dir='ltr'><strong>inter</strong></span> <span class='ocrx_word' id='word_1_83' title='bbox 1851 933 1965 977; x_wconf 84' lang='lat' dir='ltr'><strong>quae</strong></span> 
     </span>
     <span class='ocr_line' id='line_1_10' title="bbox 172 994 1964 1056; baseline -0.001 -17"><span class='ocrx_word' id='word_1_84' title='bbox 172 996 432 1056; x_wconf 88' lang='lat' dir='ltr'><strong>praecipuus</strong></span> <span class='ocrx_word' id='word_1_85' title='bbox 461 1002 754 1055; x_wconf 83' lang='lat' dir='ltr'><strong>propugnator</strong></span> <span class='ocrx_word' id='word_1_86' title='bbox 783 995 877 1040; x_wconf 91' lang='lat' dir='ltr'><strong>eius</strong></span> <span class='ocrx_word' id='word_1_87' title='bbox 907 994 1115 1046; x_wconf 82' lang='lat' dir='ltr'><strong>Vitellius,</strong></span> <span class='ocrx_word' id='word_1_88' title='bbox 1147 994 1409 1044; x_wconf 82' lang='lat' dir='ltr'><strong>validissima</strong></span> <span class='ocrx_word' id='word_1_89' title='bbox 1429 995 1584 1052; x_wconf 85' lang='lat' dir='ltr'><strong>gratia,</strong></span> <span class='ocrx_word' id='word_1_90' title='bbox 1617 1001 1755 1042; x_wconf 83' lang='lat' dir='ltr'><strong>aetate</strong></span> <span class='ocrx_word' id='word_1_91' title='bbox 1776 1001 1964 1044; x_wconf 84' lang='lat' dir='ltr'><strong>extrema</strong></span> 
     </span>
     <span class='ocr_line' id='line_1_11' title="bbox 172 1070 2014 1128; baseline -0.002 -12"><span class='ocrx_word' id='word_1_92' title='bbox 172 1070 298 1128; x_wconf 80' lang='lat' dir='ltr'><strong>(adeo</strong></span> <span class='ocrx_word' id='word_1_93' title='bbox 329 1071 515 1115; x_wconf 83' lang='lat' dir='ltr'><strong>incertae</strong></span> <span class='ocrx_word' id='word_1_94' title='bbox 546 1076 644 1116; x_wconf 89' lang='lat' dir='ltr'><strong>sunt</strong></span> <span class='ocrx_word' id='word_1_95' title='bbox 664 1071 900 1128; x_wconf 85' lang='lat' dir='ltr'><strong>potentium</strong></span> <span class='ocrx_word' id='word_1_96' title='bbox 920 1071 1004 1127; x_wconf 92' lang='lat' dir='ltr'><strong>res)</strong></span> <span class='ocrx_word' id='word_1_97' title='bbox 1027 1070 1302 1116; x_wconf 83' lang='lat' dir='ltr'><strong>accusatione</strong></span> <span class='ocrx_word' id='word_1_98' title='bbox 1323 1070 1571 1128; x_wconf 87' lang='lat' dir='ltr'><strong>corripitur,</strong></span> <span class='ocrx_word' id='word_1_99' title='bbox 1603 1070 1821 1119; x_wconf 77' lang='lat' dir='ltr'><strong>deferente</strong></span> <span class='ocrx_word' id='word_1_100' title='bbox 1841 1071 2014 1119; x_wconf 79' lang='lat' dir='ltr'><strong>Iuniow</strong></span> 
     </span>
     <span class='ocr_line' id='line_1_12' title="bbox 171 1145 1962 1207; baseline -0.001 -16"><span class='ocrx_word' id='word_1_101' title='bbox 171 1147 292 1207; x_wconf 86' lang='lat' dir='ltr'><strong>Lupo</strong></span> <span class='ocrx_word' id='word_1_102' title='bbox 329 1153 540 1197; x_wconf 83' lang='lat' dir='ltr'><strong>senatore.</strong></span> <span class='ocrx_word' id='word_1_103' title='bbox 587 1146 623 1192; x_wconf 86' lang='lat' dir='ltr'><strong>is</strong></span> <span class='ocrx_word' id='word_1_104' title='bbox 663 1146 840 1190; x_wconf 88' lang='lat' dir='ltr'><strong>crimina</strong></span> <span class='ocrx_word' id='word_1_105' title='bbox 884 1145 1115 1194; x_wconf 87' lang='lat' dir='ltr'><strong>maiestatis</strong></span> <span class='ocrx_word' id='word_1_106' title='bbox 1153 1151 1196 1190; x_wconf 88' lang='lat' dir='ltr'><strong>et</strong></span> <span class='ocrx_word' id='word_1_107' title='bbox 1237 1145 1484 1204; x_wconf 82' lang='lat' dir='ltr'><strong>cupidinem</strong></span> <span class='ocrx_word' id='word_1_108' title='bbox 1512 1146 1679 1204; x_wconf 89' lang='lat' dir='ltr'><strong>imperii</strong></span> <span class='ocrx_word' id='word_1_109' title='bbox 1710 1145 1962 1194; x_wconf 75' lang='lat' dir='ltr'><strong>obiectabat.</strong></span> 
     </span>
     <span class='ocr_line' id='line_1_13' title="bbox 171 1221 1963 1287; baseline -0.004 -15"><span class='ocrx_word' id='word_1_110' title='bbox 171 1221 530 1287; x_wconf 64' lang='lat' dir='ltr'><strong>pfaebuissetque</strong></span> <span class='ocrx_word' id='word_1_111' title='bbox 559 1235 687 1269; x_wconf 85' lang='lat' dir='ltr'><strong>aures</strong></span> <span class='ocrx_word' id='word_1_112' title='bbox 715 1221 896 1273; x_wconf 89' lang='lat' dir='ltr'><strong>Caesar,</strong></span> <span class='ocrx_word' id='word_1_113' title='bbox 927 1221 1009 1264; x_wconf 91' lang='lat' dir='ltr'><strong>nisi</strong></span> <span class='ocrx_word' id='word_1_114' title='bbox 1030 1221 1287 1279; x_wconf 78' lang='lat' dir='ltr'><strong>Agrippinae</strong></span> <span class='ocrx_word' id='word_1_115' title='bbox 1309 1221 1435 1265; x_wconf 88' lang='lat' dir='ltr'><strong>minis</strong></span> <span class='ocrx_word' id='word_1_116' title='bbox 1455 1221 1591 1278; x_wconf 83' lang='lat' dir='ltr'><strong>magis</strong></span> <span class='ocrx_word' id='word_1_117' title='bbox 1612 1235 1741 1280; x_wconf 90' lang='lat' dir='ltr'><strong>quam</strong></span> <span class='ocrx_word' id='word_1_118' title='bbox 1761 1221 1963 1279; x_wconf 87' lang='lat' dir='ltr'><strong>precibus</strong></span> 
     </span>
     <span class='ocr_line' id='line_1_14' title="bbox 171 1295 1964 1355; baseline -0.001 -15"><span class='ocrx_word' id='word_1_119' title='bbox 171 1302 356 1346; x_wconf 80' lang='lat' dir='ltr'><strong>mutatus</strong></span> <span class='ocrx_word' id='word_1_120' title='bbox 386 1302 522 1348; x_wconf 89' lang='lat' dir='ltr'><strong>esset,</strong></span> <span class='ocrx_word' id='word_1_121' title='bbox 553 1302 601 1343; x_wconf 91' lang='lat' dir='ltr'><strong>ut</strong></span> <span class='ocrx_word' id='word_1_122' title='bbox 627 1296 866 1345; x_wconf 84' lang='lat' dir='ltr'><strong>accusatori</strong></span> <span class='ocrx_word' id='word_1_123' title='bbox 897 1299 1011 1354; x_wconf 85' lang='lat' dir='ltr'><strong>aqua</strong></span> <span class='ocrx_word' id='word_1_124' title='bbox 1029 1303 1159 1354; x_wconf 87' lang='lat' dir='ltr'><strong>atque</strong></span> <span class='ocrx_word' id='word_1_125' title='bbox 1186 1296 1271 1355; x_wconf 87' lang='lat' dir='ltr'><strong>igni</strong></span> <span class='ocrx_word' id='word_1_126' title='bbox 1292 1296 1578 1341; x_wconf 88' lang='lat' dir='ltr'><strong>interdiceret.</strong></span> <span class='ocrx_word' id='word_1_127' title='bbox 1609 1295 1816 1342; x_wconf 89' lang='lat' dir='ltr'><strong>hactenus</strong></span> <span class='ocrx_word' id='word_1_128' title='bbox 1835 1296 1964 1346; x_wconf 75' lang='lat' dir='ltr'><strong>Vitel-</strong></span> 
     </span>
     <span class='ocr_line' id='line_1_15' title="bbox 172 1371 489 1422; baseline -0.006 -6"><span class='ocrx_word' id='word_1_129' title='bbox 172 1371 254 1422; x_wconf 77' lang='lat' dir='ltr'><strong>lius</strong></span> <span class='ocrx_word' id='word_1_130' title='bbox 283 1371 489 1421; x_wconf 86' lang='lat' dir='ltr'><strong>voluerat.</strong></span> 
     </span>
    </p>

    <p class='ocr_par' dir='ltr' id='par_1_3' title="bbox 143 1445 2011 2032">
     <span class='ocr_line' id='line_1_16' title="bbox 282 1445 2011 1507; baseline -0.002 -16"><span class='ocrx_word' id='word_1_131' title='bbox 282 1447 366 1505; x_wconf 72' lang='lat'>(43)</span> <span class='ocrx_word' id='word_1_132' title='bbox 398 1446 526 1498; x_wconf 76' lang='lat' dir='ltr'><strong>Multa</strong></span> <span class='ocrx_word' id='word_1_133' title='bbox 556 1461 609 1495; x_wconf 82' lang='lat' dir='ltr'><strong>eo</strong></span> <span class='ocrx_word' id='word_1_134' title='bbox 639 1461 750 1492; x_wconf 89' lang='lat' dir='ltr'><strong>anno</strong></span> <span class='ocrx_word' id='word_1_135' title='bbox 781 1446 977 1505; x_wconf 83' lang='lat' dir='ltr'><strong>prodigia</strong></span> <span class='ocrx_word' id='word_1_136' title='bbox 1007 1460 1206 1491; x_wconf 89' lang='lat' dir='ltr'><strong>evenere.</strong></span> <span class='ocrx_word' id='word_1_137' title='bbox 1237 1446 1453 1494; x_wconf 89' lang='lat' dir='ltr'><strong>insessum</strong></span> <span class='ocrx_word' id='word_1_138' title='bbox 1482 1445 1585 1491; x_wconf 90' lang='lat' dir='ltr'><strong>diris</strong></span> <span class='ocrx_word' id='word_1_139' title='bbox 1616 1446 1767 1493; x_wconf 90' lang='lat' dir='ltr'><strong>avibus</strong></span> <span class='ocrx_word' id='word_1_140' title='bbox 1790 1447 2011 1507; x_wconf 69' lang='lat' dir='ltr'><strong>Capito-⁴5</strong></span> 
     </span>
     <span class='ocr_line' id='line_1_17' title="bbox 173 1521 1959 1580; baseline 0.001 -14"><span class='ocrx_word' id='word_1_141' title='bbox 173 1523 294 1575; x_wconf 82' lang='lat' dir='ltr'><strong>lium,</strong></span> <span class='ocrx_word' id='word_1_142' title='bbox 335 1522 500 1572; x_wconf 83' lang='lat' dir='ltr'><strong>crebris</strong></span> <span class='ocrx_word' id='word_1_143' title='bbox 540 1529 679 1571; x_wconf 86' lang='lat' dir='ltr'><strong>terrae</strong></span> <span class='ocrx_word' id='word_1_144' title='bbox 714 1522 900 1571; x_wconf 84' lang='lat' dir='ltr'><strong>motibus</strong></span> <span class='ocrx_word' id='word_1_145' title='bbox 939 1528 1142 1580; x_wconf 88' lang='lat' dir='ltr'><strong>prorutae</strong></span> <span class='ocrx_word' id='word_1_146' title='bbox 1171 1521 1346 1574; x_wconf 64' lang='lat' dir='ltr'><strong>domm,</strong></span> <span class='ocrx_word' id='word_1_147' title='bbox 1379 1536 1430 1566; x_wconf 87' lang='lat' dir='ltr'><strong>ac</strong></span> <span class='ocrx_word' id='word_1_148' title='bbox 1459 1521 1563 1566; x_wconf 90' lang='lat' dir='ltr'><strong>dum</strong></span> <span class='ocrx_word' id='word_1_149' title='bbox 1590 1521 1716 1568; x_wconf 87' lang='lat' dir='ltr'><strong>latius</strong></span> <span class='ocrx_word' id='word_1_150' title='bbox 1745 1523 1959 1579; x_wconf 84' lang='lat' dir='ltr'><strong>metuitur,</strong></span> 
     </span>
     <span class='ocr_line' id='line_1_18' title="bbox 172 1596 1960 1659; baseline 0.001 -17"><span class='ocrx_word' id='word_1_151' title='bbox 172 1597 455 1659; x_wconf 79' lang='lat' dir='ltr'><strong>trepidatione</strong></span> <span class='ocrx_word' id='word_1_152' title='bbox 473 1597 588 1659; x_wconf 68' lang='lat' dir='ltr'><strong>vulgi</strong></span> <span class='ocrx_word' id='word_1_153' title='bbox 609 1596 819 1646; x_wconf 87' lang='lat' dir='ltr'><strong>invalidus</strong></span> <span class='ocrx_word' id='word_1_154' title='bbox 840 1597 1025 1656; x_wconf 88' lang='lat' dir='ltr'><strong>quisque</strong></span> <span class='ocrx_word' id='word_1_155' title='bbox 1045 1597 1202 1642; x_wconf 89' lang='lat' dir='ltr'><strong>obtriti.</strong></span> <span class='ocrx_word' id='word_1_156' title='bbox 1231 1597 1400 1656; x_wconf 83' lang='lat' dir='ltr'><strong>frugum</strong></span> <span class='ocrx_word' id='word_1_157' title='bbox 1421 1611 1596 1656; x_wconf 85' lang='lat' dir='ltr'><strong>quoque</strong></span> <span class='ocrx_word' id='word_1_158' title='bbox 1617 1605 1785 1656; x_wconf 85' lang='lat' dir='ltr'><strong>egestas</strong></span> <span class='ocrx_word' id='word_1_159' title='bbox 1807 1605 1849 1649; x_wconf 90' lang='lat' dir='ltr'><strong>et</strong></span> <span class='ocrx_word' id='word_1_160' title='bbox 1868 1606 1960 1649; x_wconf 80' lang='lat' dir='ltr'><strong>orta</strong></span> 
     </span>
     <span class='ocr_line' id='line_1_19' title="bbox 172 1672 1961 1733; baseline 0.001 -15"><span class='ocrx_word' id='word_1_161' title='bbox 172 1687 227 1722; x_wconf 80' lang='lat' dir='ltr'><strong>ex</strong></span> <span class='ocrx_word' id='word_1_162' title='bbox 256 1687 309 1722; x_wconf 91' lang='lat' dir='ltr'><strong>eo</strong></span> <span class='ocrx_word' id='word_1_163' title='bbox 338 1673 485 1719; x_wconf 83' lang='lat' dir='ltr'><strong>fames·</strong></span> <span class='ocrx_word' id='word_1_164' title='bbox 502 1673 544 1716; x_wconf 92' lang='lat' dir='ltr'><strong>in</strong></span> <span class='ocrx_word' id='word_1_165' title='bbox 574 1672 818 1732; x_wconf 85' lang='lat' dir='ltr'><strong>prodigium</strong></span> <span class='ocrx_word' id='word_1_166' title='bbox 846 1673 1148 1731; x_wconf 89' lang='lat' dir='ltr'><strong>accipiebatur.</strong></span> <span class='ocrx_word' id='word_1_167' title='bbox 1194 1686 1276 1717; x_wconf 92' lang='lat' dir='ltr'><strong>nec</strong></span> <span class='ocrx_word' id='word_1_168' title='bbox 1304 1672 1458 1718; x_wconf 91' lang='lat' dir='ltr'><strong>occulti</strong></span> <span class='ocrx_word' id='word_1_169' title='bbox 1479 1679 1640 1718; x_wconf 90' lang='lat' dir='ltr'><strong>tantum</strong></span> <span class='ocrx_word' id='word_1_170' title='bbox 1659 1680 1849 1733; x_wconf 82' lang='lat' dir='ltr'><strong>questus,</strong></span> <span class='ocrx_word' id='word_1_171' title='bbox 1881 1673 1961 1720; x_wconf 88' lang='lat' dir='ltr'><strong>sed</strong></span> 
     </span>
     <span class='ocr_line' id='line_1_20' title="bbox 170 1747 1960 1810; baseline 0.001 -18"><span class='ocrx_word' id='word_1_172' title='bbox 170 1749 266 1799; x_wconf 80' lang='lat' dir='ltr'><strong>iura</strong></span> <span class='ocrx_word' id='word_1_173' title='bbox 294 1748 548 1797; x_wconf 83' lang='lat' dir='ltr'><strong>reddentem</strong></span> <span class='ocrx_word' id='word_1_174' title='bbox 578 1748 802 1798; x_wconf 85' lang='lat' dir='ltr'><strong>Claudium</strong></span> <span class='ocrx_word' id='word_1_175' title='bbox 831 1748 1146 1793; x_wconf 88' lang='lat' dir='ltr'><strong>circumvasere</strong></span> <span class='ocrx_word' id='word_1_176' title='bbox 1183 1747 1440 1793; x_wconf 89' lang='lat' dir='ltr'><strong>clamoribus</strong></span> <span class='ocrx_word' id='word_1_177' title='bbox 1469 1749 1670 1801; x_wconf 87' lang='lat' dir='ltr'><strong>turbidis,</strong></span> <span class='ocrx_word' id='word_1_178' title='bbox 1700 1749 1960 1810; x_wconf 86' lang='lat' dir='ltr'><strong>pulsumque</strong></span> 
     </span>
     <span class='ocr_line' id='line_1_21' title="bbox 143 1823 2009 1883; baseline 0.003 -17"><span class='ocrx_word' id='word_1_179' title='bbox 143 1823 215 1869; x_wconf 87' lang='lat' dir='ltr'><strong>-in</strong></span> <span class='ocrx_word' id='word_1_180' title='bbox 261 1830 493 1874; x_wconf 81' lang='lat' dir='ltr'><strong>extremam</strong></span> <span class='ocrx_word' id='word_1_181' title='bbox 536 1823 616 1873; x_wconf 82' lang='lat' dir='ltr'><strong>fori</strong></span> <span class='ocrx_word' id='word_1_182' title='bbox 658 1830 824 1882; x_wconf 89' lang='lat' dir='ltr'><strong>partem</strong></span> <span class='ocrx_word' id='word_1_183' title='bbox 851 1824 894 1872; x_wconf 90' lang='lat' dir='ltr'><strong>vi</strong></span> <span class='ocrx_word' id='word_1_184' title='bbox 930 1823 1185 1883; x_wconf 80' lang='lat' dir='ltr'><strong>urguebant,</strong></span> <span class='ocrx_word' id='word_1_185' title='bbox 1227 1823 1366 1868; x_wconf 89' lang='lat' dir='ltr'><strong>donec</strong></span> <span class='ocrx_word' id='word_1_186' title='bbox 1403 1823 1583 1873; x_wconf 87' lang='lat' dir='ltr'><strong>militum</strong></span> <span class='ocrx_word' id='word_1_187' title='bbox 1611 1824 1739 1883; x_wconf 78' lang='lat' dir='ltr'><strong>globo</strong></span> <span class='ocrx_word' id='word_1_188' title='bbox 1769 1826 2009 1873; x_wconf 70' lang='lat' dir='ltr'><strong>infensostw</strong></span> 
     </span>
     <span class='ocr_line' id='line_1_22' title="bbox 170 1886 1958 1958; baseline 0.002 -16"><span class='ocrx_word' id='word_1_189' title='bbox 170 1886 375 1957; x_wconf 80' lang='lat' dir='ltr'><strong>perrupit.</strong></span> <span class='ocrx_word' id='word_1_190' title='bbox 406 1898 652 1958; x_wconf 89' lang='lat' dir='ltr'><strong>quindecim</strong></span> <span class='ocrx_word' id='word_1_191' title='bbox 673 1898 840 1943; x_wconf 90' lang='lat' dir='ltr'><strong>dierum</strong></span> <span class='ocrx_word' id='word_1_192' title='bbox 869 1898 1068 1943; x_wconf 90' lang='lat' dir='ltr'><strong>alimenta</strong></span> <span class='ocrx_word' id='word_1_193' title='bbox 1088 1898 1202 1951; x_wconf 89' lang='lat' dir='ltr'><strong>urbi,</strong></span> <span class='ocrx_word' id='word_1_194' title='bbox 1233 1913 1319 1943; x_wconf 94' lang='lat' dir='ltr'><strong>non</strong></span> <span class='ocrx_word' id='word_1_195' title='bbox 1339 1898 1540 1958; x_wconf 91' lang='lat' dir='ltr'><strong>amplius,</strong></span> <span class='ocrx_word' id='word_1_196' title='bbox 1570 1894 1834 1958; x_wconf 81' lang='lat' dir='ltr'><strong>superfuisse</strong></span> <span class='ocrx_word' id='word_1_197' title='bbox 1855 1915 1958 1946; x_wconf 91' lang='lat' dir='ltr'><strong>con-</strong></span> 
     </span>
     <span class='ocr_line' id='line_1_23' title="bbox 169 1973 1955 2032; baseline 0.002 -15"><span class='ocrx_word' id='word_1_198' title='bbox 169 1974 292 2028; x_wconf 74' lang='lat' dir='ltr'><strong>stitit3</strong></span> <span class='ocrx_word' id='word_1_199' title='bbox 330 1987 572 2032; x_wconf 84' lang='lat' dir='ltr'><strong>magnaque</strong></span> <span class='ocrx_word' id='word_1_200' title='bbox 611 1973 743 2019; x_wconf 86' lang='lat' dir='ltr'><strong>deum</strong></span> <span class='ocrx_word' id='word_1_201' title='bbox 779 1974 1039 2032; x_wconf 85' lang='lat' dir='ltr'><strong>benignitate</strong></span> <span class='ocrx_word' id='word_1_202' title='bbox 1080 1981 1124 2019; x_wconf 89' lang='lat' dir='ltr'><strong>et</strong></span> <span class='ocrx_word' id='word_1_203' title='bbox 1161 1974 1371 2020; x_wconf 85' lang='lat' dir='ltr'><strong>modestia</strong></span> <span class='ocrx_word' id='word_1_204' title='bbox 1411 1974 1564 2019; x_wconf 87' lang='lat' dir='ltr'><strong>hiemis</strong></span> <span class='ocrx_word' id='word_1_205' title='bbox 1593 1975 1725 2020; x_wconf 83' lang='lat' dir='ltr'><strong>rebus</strong></span> <span class='ocrx_word' id='word_1_206' title='bbox 1755 1978 1955 2022; x_wconf 86' lang='lat' dir='ltr'><strong>extremis</strong></span> 
     </span>
    </p>
   </div>
   <div class='ocr_carea' id='block_1_3' title="bbox 167 2100 1957 2361">
    <p class='ocr_par' dir='ltr' id='par_1_4' title="bbox 167 2100 1957 2361">
     <span class='ocr_line' id='line_1_24' title="bbox 169 2100 1952 2144; baseline 0.003 -9"><span class='ocrx_word' id='word_1_207' title='bbox 169 2101 229 2142; x_wconf 83' lang='grc'><strong>46,</strong></span> <span class='ocrx_word' id='word_1_208' title='bbox 257 2101 330 2143; x_wconf 73' lang='grc' dir='ltr'>47)ι</span> <span class='ocrx_word' id='word_1_209' title='bbox 364 2102 472 2144; x_wconf 62' lang='lat' dir='ltr'><strong>rufius</strong></span> <span class='ocrx_word' id='word_1_210' title='bbox 495 2102 541 2136; x_wconf 76' lang='lat' dir='ltr'><strong>M.</strong></span> <span class='ocrx_word' id='word_1_211' title='bbox 577 2101 731 2144; x_wconf 64' lang='lat' dir='ltr'><strong>Rufrium</strong></span> <span class='ocrx_word' id='word_1_212' title='bbox 752 2102 792 2135; x_wconf 90' lang='lat' dir='ltr'><strong>C.</strong></span> <span class='ocrx_word' id='word_1_213' title='bbox 816 2102 855 2135; x_wconf 90' lang='lat' dir='ltr'><strong>L.</strong></span> <span class='ocrx_word' id='word_1_214' title='bbox 879 2102 1004 2135; x_wconf 83' lang='lat' dir='ltr'><strong>Rothio</strong></span> <span class='ocrx_word' id='word_1_215' title='bbox 1030 2102 1122 2135; x_wconf 87' lang='lat' dir='ltr'><strong>teste</strong></span> <span class='ocrx_word' id='word_1_216' title='bbox 1146 2100 1290 2135; x_wconf 87' lang='lat' dir='ltr'><strong>exhibet</strong></span> <span class='ocrx_word' id='word_1_217' title='bbox 1312 2101 1419 2135; x_wconf 88' lang='lat' dir='ltr'><strong>etiam</strong></span> <span class='ocrx_word' id='word_1_218' title='bbox 1441 2101 1521 2136; x_wconf 86' lang='lat' dir='ltr'><strong>cod.</strong></span> <span class='ocrx_word' id='word_1_219' title='bbox 1550 2102 1785 2139; x_wconf 72' lang='lat' dir='ltr'><strong>memmimus</strong></span> <span class='ocrx_word' id='word_1_220' title='bbox 1806 2105 1952 2139; x_wconf 62' lang='lat' dir='ltr'><strong>suetum</strong></span> 
     </span>
     <span class='ocr_line' id='line_1_25' title="bbox 167 2157 1956 2202; baseline 0.002 -11"><span class='ocrx_word' id='word_1_221' title='bbox 167 2158 250 2191; x_wconf 78' lang='lat' dir='ltr'><strong>Ner.</strong></span> <span class='ocrx_word' id='word_1_222' title='bbox 267 2157 322 2198; x_wconf 76' lang='lat'><strong>35,</strong></span> <span class='ocrx_word' id='word_1_223' title='bbox 348 2157 411 2191; x_wconf 85' lang='lat' dir='ltr'><strong>ubi</strong></span> <span class='ocrx_word' id='word_1_224' title='bbox 433 2160 554 2192; x_wconf 81' lang='lat' dir='ltr'><strong>tamen</strong></span> <span class='ocrx_word' id='word_1_225' title='bbox 577 2159 656 2192; x_wconf 91' lang='lat' dir='ltr'><strong>cod.</strong></span> <span class='ocrx_word' id='word_1_226' title='bbox 679 2160 787 2192; x_wconf 83' lang='lat' dir='ltr'><strong>Paris.</strong></span> <span class='ocrx_word' id='word_1_227' title='bbox 805 2168 840 2192; x_wconf 90' lang='lat' dir='ltr'><strong>n.</strong></span> <span class='ocrx_word' id='word_1_228' title='bbox 860 2159 947 2192; x_wconf 89' lang='grc'><strong>6446</strong></span> <span class='ocrx_word' id='word_1_229' title='bbox 964 2160 1070 2201; x_wconf 88' lang='lat' dir='ltr'><strong>(saec.</strong></span> <span class='ocrx_word' id='word_1_230' title='bbox 1087 2158 1158 2200; x_wconf 83' lang='grc' dir='ltr'><strong>ΧΠ)</strong></span> <span class='ocrx_word' id='word_1_231' title='bbox 1182 2158 1292 2192; x_wconf 83' lang='lat' dir='ltr'><strong>habet</strong></span> <span class='ocrx_word' id='word_1_232' title='bbox 1313 2160 1455 2202; x_wconf 65' lang='lat' dir='ltr'><strong>Rullum.</strong></span> <span class='ocrx_word' id='word_1_233' title='bbox 1475 2178 1512 2183; x_wconf 97' lang='lat'><strong>—</strong></span> <span class='ocrx_word' id='word_1_234' title='bbox 1534 2160 1715 2194; x_wconf 68' lang='lat' dir='ltr'><strong>messalina</strong></span> <span class='ocrx_word' id='word_1_235' title='bbox 1728 2170 1905 2195; x_wconf 66' lang='lat' dir='ltr'><strong>ememor-es</strong></span> <span class='ocrx_word' id='word_1_236' title='bbox 1921 2162 1956 2196; x_wconf 75' lang='grc' dir='ltr'>Μ</span> 
     </span>
     <span class='ocr_line' id='line_1_26' title="bbox 169 2213 1957 2258; baseline 0.003 -12"><span class='ocrx_word' id='word_1_237' title='bbox 169 2229 207 2237; x_wconf 89' lang='lat'><strong>-—</strong></span> <span class='ocrx_word' id='word_1_238' title='bbox 226 2213 259 2246; x_wconf 83' lang='grc'><strong>3.</strong></span> <span class='ocrx_word' id='word_1_239' title='bbox 273 2214 406 2257; x_wconf 66' lang='lat' dir='ltr'><strong>empto</strong></span> <span class='ocrx_word' id='word_1_240' title='bbox 422 2215 457 2248; x_wconf 80' lang='lat' dir='ltr'><strong>M</strong></span> <span class='ocrx_word' id='word_1_241' title='bbox 473 2232 510 2239; x_wconf 89' lang='lat'>—</span> <span class='ocrx_word' id='word_1_242' title='bbox 527 2213 561 2248; x_wconf 71' lang='lat' dir='ltr'><strong>t.</strong></span> <span class='ocrx_word' id='word_1_243' title='bbox 579 2215 800 2257; x_wconf 72' lang='lat' dir='ltr'><strong>proficeretur</strong></span> <span class='ocrx_word' id='word_1_244' title='bbox 815 2214 888 2257; x_wconf 82' lang='lat' dir='ltr'><strong>(pro</strong></span> <span class='ocrx_word' id='word_1_245' title='bbox 903 2224 970 2258; x_wconf 89' lang='lat' dir='ltr'><strong>per</strong></span> <span class='ocrx_word' id='word_1_246' title='bbox 984 2214 1116 2256; x_wconf 86' lang='lat' dir='ltr'><strong>notam)</strong></span> <span class='ocrx_word' id='word_1_247' title='bbox 1133 2215 1167 2249; x_wconf 79' lang='lat' dir='ltr'><strong>M</strong></span> <span class='ocrx_word' id='word_1_248' title='bbox 1185 2232 1221 2238; x_wconf 94' lang='lat'>—</span> <span class='ocrx_word' id='word_1_249' title='bbox 1239 2216 1271 2248; x_wconf 80' lang='lat'><strong>5.</strong></span> <span class='ocrx_word' id='word_1_250' title='bbox 1289 2215 1390 2248; x_wconf 75' lang='lat' dir='ltr'><strong>honos</strong></span> <span class='ocrx_word' id='word_1_251' title='bbox 1412 2217 1575 2250; x_wconf 83' lang='lat' dir='ltr'><strong>Ursinus:</strong></span> <span class='ocrx_word' id='word_1_252' title='bbox 1599 2225 1670 2250; x_wconf 82' lang='lat' dir='ltr'><strong>mos</strong></span> <span class='ocrx_word' id='word_1_253' title='bbox 1691 2218 1726 2251; x_wconf 74' lang='grc' dir='ltr'><strong>Π</strong></span> <span class='ocrx_word' id='word_1_254' title='bbox 1749 2234 1787 2242; x_wconf 92' lang='grc'>-</span> <span class='ocrx_word' id='word_1_255' title='bbox 1813 2217 1845 2251; x_wconf 83' lang='grc'><strong>9.</strong></span> <span class='ocrx_word' id='word_1_256' title='bbox 1871 2221 1957 2252; x_wconf 74' lang='lat' dir='ltr'><strong>etate</strong></span> 
     </span>
     <span class='ocr_line' id='line_1_27' title="bbox 167 2270 1952 2316; baseline 0.003 -13"><span class='ocrx_word' id='word_1_257' title='bbox 167 2270 203 2303; x_wconf 77' lang='lat' dir='ltr'><strong>M</strong></span> <span class='ocrx_word' id='word_1_258' title='bbox 222 2286 268 2293; x_wconf 88' lang='lat'><strong>——</strong></span> <span class='ocrx_word' id='word_1_259' title='bbox 290 2270 344 2304; x_wconf 92' lang='grc'><strong>46.</strong></span> <span class='ocrx_word' id='word_1_260' title='bbox 364 2273 530 2312; x_wconf 64' lang='lat' dir='ltr'><strong>prorutam</strong></span> <span class='ocrx_word' id='word_1_261' title='bbox 552 2271 707 2313; x_wconf 88' lang='lat' dir='ltr'><strong>Lipsius:</strong></span> <span class='ocrx_word' id='word_1_262' title='bbox 737 2274 900 2313; x_wconf 74' lang='lat' dir='ltr'><strong>prompte</strong></span> <span class='ocrx_word' id='word_1_263' title='bbox 920 2272 964 2305; x_wconf 74' lang='grc' dir='ltr'><strong>Μ.</strong></span> <span class='ocrx_word' id='word_1_264' title='bbox 991 2270 1043 2305; x_wconf 73' lang='lat' dir='ltr'><strong>Cf.</strong></span> <span class='ocrx_word' id='word_1_265' title='bbox 1068 2272 1123 2312; x_wconf 79' lang='grc'><strong>45,</strong></span> <span class='ocrx_word' id='word_1_266' title='bbox 1148 2270 1203 2305; x_wconf 76' lang='grc'><strong>40.</strong></span> <span class='ocrx_word' id='word_1_267' title='bbox 1228 2271 1315 2305; x_wconf 87' lang='lat' dir='ltr'><strong>Hist.</strong></span> <span class='ocrx_word' id='word_1_268' title='bbox 1342 2273 1373 2313; x_wconf 85' lang='grc'><strong>4,</strong></span> <span class='ocrx_word' id='word_1_269' title='bbox 1399 2271 1453 2305; x_wconf 90' lang='grc'><strong>86.</strong></span> <span class='ocrx_word' id='word_1_270' title='bbox 1480 2290 1517 2297; x_wconf 92' lang='lat'><em>-</em></span> <span class='ocrx_word' id='word_1_271' title='bbox 1544 2272 1596 2307; x_wconf 89' lang='grc'><strong>48.</strong></span> <span class='ocrx_word' id='word_1_272' title='bbox 1622 2277 1693 2307; x_wconf 80' lang='lat' dir='ltr'><strong>orto</strong></span> <span class='ocrx_word' id='word_1_273' title='bbox 1713 2282 1768 2316; x_wconf 85' lang='lat' dir='ltr'><strong>pr.</strong></span> <span class='ocrx_word' id='word_1_274' title='bbox 1793 2275 1877 2308; x_wconf 79' lang='lat' dir='ltr'><strong>M-</strong></span> <span class='ocrx_word' id='word_1_275' title='bbox 1897 2275 1952 2308; x_wconf 78' lang='lat'><strong>22.</strong></span> 
     </span>
     <span class='ocr_line' id='line_1_28' title="bbox 167 2323 723 2361; baseline 0.004 -2"><span class='ocrx_word' id='word_1_276' title='bbox 167 2323 224 2359; x_wconf 72' lang='lat' dir='ltr'><strong>dn&#39;t</strong></span> <span class='ocrx_word' id='word_1_277' title='bbox 245 2326 280 2360; x_wconf 79' lang='lat' dir='ltr'>M</span> <span class='ocrx_word' id='word_1_278' title='bbox 305 2344 342 2350; x_wconf 94' lang='lat'><strong>—</strong></span> <span class='ocrx_word' id='word_1_279' title='bbox 364 2330 396 2360; x_wconf 75' lang='lat' dir='ltr'><strong>et</strong></span> <span class='ocrx_word' id='word_1_280' title='bbox 418 2326 513 2361; x_wconf 88' lang='lat' dir='ltr'><strong>delet</strong></span> <span class='ocrx_word' id='word_1_281' title='bbox 534 2326 723 2361; x_wconf 81' lang='lat' dir='ltr'><strong>Acidalius.</strong></span> 
     </span>
    </p>
   </div>
   <div class='ocr_carea' id='block_1_4' title="bbox 167 2425 1036 2520">
    <p class='ocr_par' dir='ltr' id='par_1_5' title="bbox 167 2425 1036 2520">
     <span class='ocr_line' id='line_1_29' title="bbox 169 2425 1036 2471; baseline 0.001 -11"><span class='ocrx_word' id='word_1_282' title='bbox 169 2426 275 2460; x_wconf 76' lang='lat' dir='ltr'><strong>certis</strong></span> <span class='ocrx_word' id='word_1_283' title='bbox 306 2426 387 2463; x_wconf 77' lang='lat' dir='ltr'><strong>euni</strong></span> <span class='ocrx_word' id='word_1_284' title='bbox 410 2425 537 2465; x_wconf 82' lang='lat' dir='ltr'><strong>diebus</strong></span> <span class='ocrx_word' id='word_1_285' title='bbox 562 2428 598 2463; x_wconf 90' lang='lat' dir='ltr'><strong>in</strong></span> <span class='ocrx_word' id='word_1_286' title='bbox 621 2426 830 2471; x_wconf 86' lang='lat' dir='ltr'><strong>Capitolium</strong></span> <span class='ocrx_word' id='word_1_287' title='bbox 851 2426 1036 2461; x_wconf 81' lang='lat' dir='ltr'><strong>veheban-</strong></span> 
     </span>
     <span class='ocr_line' id='line_1_30' title="bbox 167 2475 1034 2520; baseline -0.003 -7"><span class='ocrx_word' id='word_1_288' title='bbox 167 2477 237 2513; x_wconf 76' lang='lat' dir='ltr'><strong>tur.</strong></span> <span class='ocrx_word' id='word_1_289' title='bbox 260 2475 372 2511; x_wconf 84' lang='lat' dir='ltr'><strong>Varro</strong></span> <span class='ocrx_word' id='word_1_290' title='bbox 394 2477 434 2511; x_wconf 91' lang='lat' dir='ltr'><strong>L.</strong></span> <span class='ocrx_word' id='word_1_291' title='bbox 450 2478 489 2511; x_wconf 78' lang='lat'><strong>1..</strong></span> <span class='ocrx_word' id='word_1_292' title='bbox 506 2478 527 2510; x_wconf 80' lang='lat'>5</span> <span class='ocrx_word' id='word_1_293' title='bbox 551 2477 570 2520; x_wconf 79' lang='lat'>5</span> <span class='ocrx_word' id='word_1_294' title='bbox 593 2476 653 2511; x_wconf 82' lang='lat'><strong>47:</strong></span> <span class='ocrx_word' id='word_1_295' title='bbox 679 2481 780 2519; x_wconf 78' lang='lat' dir='ltr'><strong>caput</strong></span> <span class='ocrx_word' id='word_1_296' title='bbox 800 2478 928 2511; x_wconf 80' lang='lat' dir='ltr'><strong>Sacrae</strong></span> <span class='ocrx_word' id='word_1_297' title='bbox 945 2478 1034 2518; x_wconf 80' lang='lat' dir='ltr'><strong>viae,</strong></span> 
     </span>
    </p>
   </div>
   <div class='ocr_carea' id='block_1_5' title="bbox 1086 2428 1954 2518">
    <p class='ocr_par' dir='ltr' id='par_1_6' title="bbox 1086 2428 1954 2518">
     <span class='ocr_line' id='line_1_31' title="bbox 1086 2428 1951 2473; baseline 0.005 -12"><span class='ocrx_word' id='word_1_298' title='bbox 1086 2435 1167 2461; x_wconf 86' lang='lat' dir='ltr'><strong>sum</strong></span> <span class='ocrx_word' id='word_1_299' title='bbox 1200 2429 1458 2462; x_wconf 86' lang='lat' dir='ltr'><strong>commemorat</strong></span> <span class='ocrx_word' id='word_1_300' title='bbox 1491 2428 1621 2467; x_wconf 84' lang='lat' dir='ltr'><strong>Plinius</strong></span> <span class='ocrx_word' id='word_1_301' title='bbox 1654 2431 1695 2463; x_wconf 88' lang='lat' dir='ltr'><strong>N.</strong></span> <span class='ocrx_word' id='word_1_302' title='bbox 1721 2430 1762 2464; x_wconf 90' lang='lat' dir='ltr'><strong>H.</strong></span> <span class='ocrx_word' id='word_1_303' title='bbox 1794 2431 1814 2464; x_wconf 78' lang='lat'>2</span> <span class='ocrx_word' id='word_1_304' title='bbox 1846 2431 1951 2473; x_wconf 71' lang='lat'>599:</span> 
     </span>
     <span class='ocr_line' id='line_1_32' title="bbox 1086 2477 1954 2518; baseline 0.005 -8"><span class='ocrx_word' id='word_1_305' title='bbox 1086 2477 1201 2510; x_wconf 80' lang='lat' dir='ltr'><strong>Trinos</strong></span> <span class='ocrx_word' id='word_1_306' title='bbox 1229 2478 1312 2512; x_wconf 75' lang='lat' dir='ltr'><strong>solos</strong></span> <span class='ocrx_word' id='word_1_307' title='bbox 1340 2481 1457 2512; x_wconf 74' lang='lat' dir='ltr'><strong>nostra</strong></span> <span class='ocrx_word' id='word_1_308' title='bbox 1486 2483 1579 2515; x_wconf 75' lang='lat' dir='ltr'><strong>aetas</strong></span> <span class='ocrx_word' id='word_1_309' title='bbox 1606 2480 1690 2515; x_wconf 73' lang='lat' dir='ltr'><strong>vidit</strong></span> <span class='ocrx_word' id='word_1_310' title='bbox 1718 2480 1793 2513; x_wconf 72' lang='lat' dir='ltr'><strong>divo</strong></span> <span class='ocrx_word' id='word_1_311' title='bbox 1817 2480 1954 2518; x_wconf 69' lang='lat' dir='ltr'><strong>Claudio</strong></span> 
     </span>
    </p>
   </div>
   <div class='ocr_carea' id='block_1_6' title="bbox 167 2527 1953 2574">
    <p class='ocr_par' dir='ltr' id='par_1_7' title="bbox 167 2527 1953 2574">
     <span class='ocr_line' id='line_1_33' title="bbox 167 2527 1953 2574; baseline 0.003 -14"><span class='ocrx_word' id='word_1_312' title='bbox 167 2535 254 2568; x_wconf 74' lang='lat' dir='ltr'><strong>quae</strong></span> <span class='ocrx_word' id='word_1_313' title='bbox 271 2527 415 2568; x_wconf 66' lang='lat' dir='ltr'><strong>pertenet</strong></span> <span class='ocrx_word' id='word_1_314' title='bbox 436 2527 472 2560; x_wconf 70' lang='lat' dir='ltr'><strong>in</strong></span> <span class='ocrx_word' id='word_1_315' title='bbox 494 2536 624 2568; x_wconf 82' lang='lat' dir='ltr'><strong>arcem,</strong></span> <span class='ocrx_word' id='word_1_316' title='bbox 656 2536 725 2569; x_wconf 78' lang='lat' dir='ltr'><strong>qua</strong></span> <span class='ocrx_word' id='word_1_317' title='bbox 755 2537 856 2561; x_wconf 74' lang='lat' dir='ltr'><strong>sacro</strong></span> <span class='ocrx_word' id='word_1_318' title='bbox 877 2531 1036 2569; x_wconf 73' lang='lat' dir='ltr'><strong>quotquot</strong></span> <span class='ocrx_word' id='word_1_319' title='bbox 1080 2529 1250 2571; x_wconf 74' lang='lat' dir='ltr'><strong>principe,</strong></span> <span class='ocrx_word' id='word_1_320' title='bbox 1274 2529 1449 2562; x_wconf 76' lang='lat' dir='ltr'><strong>consulatu</strong></span> <span class='ocrx_word' id='word_1_321' title='bbox 1470 2530 1556 2570; x_wconf 74' lang='lat' dir='ltr'><strong>eius,</strong></span> <span class='ocrx_word' id='word_1_322' title='bbox 1582 2530 1732 2564; x_wconf 72' lang='lat' dir='ltr'><strong>Cornelio</strong></span> <span class='ocrx_word' id='word_1_323' title='bbox 1747 2531 1850 2574; x_wconf 70' lang='lat' dir='ltr'><strong>Orfito</strong></span> <span class='ocrx_word' id='word_1_324' title='bbox 1870 2539 1953 2565; x_wconf 79' lang='lat' dir='ltr'><strong>con-</strong></span> 
     </span>
    </p>
   </div>
   <div class='ocr_carea' id='block_1_7' title="bbox 163 2575 1034 3464">
    <p class='ocr_par' dir='ltr' id='par_1_8' title="bbox 163 2575 1034 3357">
     <span class='ocr_line' id='line_1_34' title="bbox 165 2575 1034 2619; baseline 0 -9"><span class='ocrx_word' id='word_1_325' title='bbox 165 2575 331 2613; x_wconf 69' lang='lat' dir='ltr'><strong>monsibus</strong></span> <span class='ocrx_word' id='word_1_326' title='bbox 348 2576 505 2619; x_wconf 66' lang='lat' dir='ltr'><strong>teruntia-</strong></span> <span class='ocrx_word' id='word_1_327' title='bbox 524 2578 561 2610; x_wconf 70' lang='lat' dir='ltr'><strong>in</strong></span> <span class='ocrx_word' id='word_1_328' title='bbox 582 2586 706 2611; x_wconf 79' lang='lat' dir='ltr'><strong>arcem.</strong></span> <span class='ocrx_word' id='word_1_329' title='bbox 731 2578 820 2610; x_wconf 91' lang='lat' dir='ltr'><strong>Sunt</strong></span> <span class='ocrx_word' id='word_1_330' title='bbox 839 2579 958 2611; x_wconf 83' lang='lat' dir='ltr'><strong>tamen</strong></span> <span class='ocrx_word' id='word_1_331' title='bbox 975 2578 1034 2619; x_wconf 87' lang='lat' dir='ltr'><strong>qui</strong></span> 
     </span>
     <span class='ocr_line' id='line_1_35' title="bbox 165 2625 1034 2672; baseline -0.003 -10"><span class='ocrx_word' id='word_1_332' title='bbox 165 2626 273 2662; x_wconf 64' lang='lat' dir='ltr'><strong>Sam-is</strong></span> <span class='ocrx_word' id='word_1_333' title='bbox 286 2626 565 2672; x_wconf 79' lang='lat' dir='ltr'><strong>interpretentur</strong></span> <span class='ocrx_word' id='word_1_334' title='bbox 588 2626 712 2665; x_wconf 74' lang='lat' dir='ltr'><strong>«festis</strong></span> <span class='ocrx_word' id='word_1_335' title='bbox 727 2625 867 2667; x_wconf 84' lang='lat' dir='ltr'><strong>diebus,</strong></span> <span class='ocrx_word' id='word_1_336' title='bbox 892 2626 1034 2669; x_wconf 87' lang='lat' dir='ltr'><strong>quando</strong></span> 
     </span>
     <span class='ocr_line' id='line_1_36' title="bbox 166 2675 1032 2723; baseline -0.003 -12"><span class='ocrx_word' id='word_1_337' title='bbox 166 2684 269 2714; x_wconf 70' lang='lat' dir='ltr'><strong>saera</strong></span> <span class='ocrx_word' id='word_1_338' title='bbox 290 2675 458 2716; x_wconf 76' lang='lat' dir='ltr'><strong>fiebant.»</strong></span> <span class='ocrx_word' id='word_1_339' title='bbox 482 2694 517 2706; x_wconf 59' lang='grc' dir='ltr'><strong>ψ-</strong></span> <span class='ocrx_word' id='word_1_340' title='bbox 541 2678 742 2719; x_wconf 70' lang='lat' dir='ltr'><strong>imperatore</strong></span> <span class='ocrx_word' id='word_1_341' title='bbox 762 2675 921 2723; x_wconf 63' lang='lat' dir='ltr'><strong>penitam]</strong></span> <span class='ocrx_word' id='word_1_342' title='bbox 944 2678 1032 2709; x_wconf 85' lang='lat' dir='ltr'><strong>Nam</strong></span> 
     </span>
     <span class='ocr_line' id='line_1_37' title="bbox 166 2725 1031 2771; baseline -0.002 -11"><span class='ocrx_word' id='word_1_343' title='bbox 166 2726 414 2768; x_wconf 71' lang='lat' dir='ltr'><strong>Germanicae,</strong></span> <span class='ocrx_word' id='word_1_344' title='bbox 445 2727 635 2771; x_wconf 79' lang='lat' dir='ltr'><strong>postquam</strong></span> <span class='ocrx_word' id='word_1_345' title='bbox 665 2727 860 2759; x_wconf 77' lang='lat' dir='ltr'><strong>exercitum</strong></span> <span class='ocrx_word' id='word_1_346' title='bbox 881 2725 1031 2766; x_wconf 83' lang='lat' dir='ltr'><strong>reduxit,</strong></span> 
     </span>
     <span class='ocr_line' id='line_1_38' title="bbox 165 2775 1029 2819; baseline -0.002 -9"><span class='ocrx_word' id='word_1_347' title='bbox 165 2776 390 2819; x_wconf 72' lang='lat' dir='ltr'><strong>imperatoris</strong></span> <span class='ocrx_word' id='word_1_348' title='bbox 412 2784 542 2811; x_wconf 84' lang='lat' dir='ltr'><strong>nomeu</strong></span> <span class='ocrx_word' id='word_1_349' title='bbox 560 2777 704 2809; x_wconf 89' lang='lat' dir='ltr'><strong>auctore</strong></span> <span class='ocrx_word' id='word_1_350' title='bbox 720 2775 860 2809; x_wconf 86' lang='lat' dir='ltr'><strong>Tiberio</strong></span> <span class='ocrx_word' id='word_1_351' title='bbox 875 2775 1029 2819; x_wconf 86' lang='lat' dir='ltr'><strong>accepit:</strong></span> 
     </span>
     <span class='ocr_line' id='line_1_39' title="bbox 165 2824 1028 2868; baseline -0.003 -7"><span class='ocrx_word' id='word_1_352' title='bbox 165 2826 200 2866; x_wconf 79' lang='grc'><strong>4,</strong></span> <span class='ocrx_word' id='word_1_353' title='bbox 222 2826 277 2860; x_wconf 71' lang='grc'><strong>88.</strong></span> <span class='ocrx_word' id='word_1_354' title='bbox 312 2843 350 2850; x_wconf 96' lang='grc'><strong>-</strong></span> <span class='ocrx_word' id='word_1_355' title='bbox 384 2834 534 2860; x_wconf 70' lang='lat' dir='ltr'><strong>sororem</strong></span> <span class='ocrx_word' id='word_1_356' title='bbox 560 2826 632 2859; x_wconf 71' lang='lat' dir='ltr'><strong>eius</strong></span> <span class='ocrx_word' id='word_1_357' title='bbox 659 2825 741 2867; x_wconf 87' lang='lat' dir='ltr'><strong>cet.]</strong></span> <span class='ocrx_word' id='word_1_358' title='bbox 779 2824 965 2868; x_wconf 84' lang='lat' dir='ltr'><strong>Caligulae.</strong></span> <span class='ocrx_word' id='word_1_359' title='bbox 991 2842 1028 2849; x_wconf 93' lang='lat'><strong>--</strong></span> 
     </span>
     <span class='ocr_line' id='line_1_40' title="bbox 164 2875 1029 2918; baseline -0.001 -9"><span class='ocrx_word' id='word_1_360' title='bbox 164 2875 301 2914; x_wconf 67' lang='lat' dir='ltr'><strong>uniam</strong></span> <span class='ocrx_word' id='word_1_361' title='bbox 323 2876 368 2909; x_wconf 81' lang='lat' dir='ltr'><strong>ad</strong></span> <span class='ocrx_word' id='word_1_362' title='bbox 388 2876 475 2909; x_wconf 79' lang='lat' dir='ltr'><strong>hunc</strong></span> <span class='ocrx_word' id='word_1_363' title='bbox 497 2876 582 2909; x_wconf 71' lang='lat' dir='ltr'><strong>diem</strong></span> <span class='ocrx_word' id='word_1_364' title='bbox 603 2875 802 2918; x_wconf 73' lang='lat' dir='ltr'><strong>eaeomplum]</strong></span> <span class='ocrx_word' id='word_1_365' title='bbox 834 2875 963 2909; x_wconf 85' lang='lat' dir='ltr'><strong>Plinius</strong></span> <span class='ocrx_word' id='word_1_366' title='bbox 988 2876 1029 2908; x_wconf 92' lang='lat' dir='ltr'><strong>N.</strong></span> 
     </span>
     <span class='ocr_line' id='line_1_41' title="bbox 164 2924 1032 2971; baseline -0.002 -11"><span class='ocrx_word' id='word_1_367' title='bbox 164 2924 208 2960; x_wconf 77' lang='grc' dir='ltr'><strong>Η.</strong></span> <span class='ocrx_word' id='word_1_368' title='bbox 232 2925 253 2958; x_wconf 83' lang='grc'><strong>7</strong></span> <span class='ocrx_word' id='word_1_369' title='bbox 275 2924 297 2971; x_wconf 70' lang='grc'><strong>5</strong></span> <span class='ocrx_word' id='word_1_370' title='bbox 319 2925 400 2959; x_wconf 82' lang='grc'>433;</span> <span class='ocrx_word' id='word_1_371' title='bbox 440 2926 514 2962; x_wconf 73' lang='lat' dir='ltr'><strong>Una</strong></span> <span class='ocrx_word' id='word_1_372' title='bbox 538 2926 740 2968; x_wconf 61' lang='lat' dir='ltr'><strong>seminatum</strong></span> <span class='ocrx_word' id='word_1_373' title='bbox 766 2926 803 2962; x_wconf 76' lang='lat' dir='ltr'><strong>in</strong></span> <span class='ocrx_word' id='word_1_374' title='bbox 833 2926 924 2959; x_wconf 77' lang='lat' dir='ltr'><strong>omni</strong></span> <span class='ocrx_word' id='word_1_375' title='bbox 951 2934 1032 2958; x_wconf 81' lang='lat' dir='ltr'><strong>aevo</strong></span> 
     </span>
     <span class='ocr_line' id='line_1_42' title="bbox 164 2973 1032 3016; baseline -0.002 -8"><span class='ocrx_word' id='word_1_376' title='bbox 164 2973 316 3016; x_wconf 73' lang='lat' dir='ltr'><strong>Lamptto</strong></span> <span class='ocrx_word' id='word_1_377' title='bbox 336 2974 601 3008; x_wconf 70' lang='lat' dir='ltr'><strong>Lacedaemonia</strong></span> <span class='ocrx_word' id='word_1_378' title='bbox 621 2976 806 3016; x_wconf 57' lang='lat' dir='ltr'><strong>reperitur,</strong></span> <span class='ocrx_word' id='word_1_379' title='bbox 837 2982 923 3015; x_wconf 77' lang='lat' dir='ltr'><strong>quae</strong></span> <span class='ocrx_word' id='word_1_380' title='bbox 943 2974 1032 3016; x_wconf 70' lang='lat' dir='ltr'><strong>roais</strong></span> 
     </span>
     <span class='ocr_line' id='line_1_43' title="bbox 163 3023 1027 3073; baseline 0 -16"><span class='ocrx_word' id='word_1_381' title='bbox 163 3023 257 3066; x_wconf 70' lang='lat' dir='ltr'><strong>fllia,</strong></span> <span class='ocrx_word' id='word_1_382' title='bbox 278 3024 369 3069; x_wconf 68' lang='lat' dir='ltr'><strong>nqis</strong></span> <span class='ocrx_word' id='word_1_383' title='bbox 386 3033 488 3065; x_wconf 73' lang='lat' dir='ltr'><strong>mr,</strong></span> <span class='ocrx_word' id='word_1_384' title='bbox 511 3025 600 3073; x_wconf 71' lang='lat' dir='ltr'><strong>roais</strong></span> <span class='ocrx_word' id='word_1_385' title='bbox 613 3028 722 3061; x_wconf 76' lang='lat' dir='ltr'><strong>mator</strong></span> <span class='ocrx_word' id='word_1_386' title='bbox 735 3025 847 3066; x_wconf 73' lang='lat' dir='ltr'><strong>suerit.</strong></span> <span class='ocrx_word' id='word_1_387' title='bbox 873 3024 924 3058; x_wconf 85' lang='lat' dir='ltr'><strong>Cf.</strong></span> <span class='ocrx_word' id='word_1_388' title='bbox 942 3023 1027 3057; x_wconf 85' lang='lat' dir='ltr'><strong>Plat.</strong></span> 
     </span>
     <span class='ocr_line' id='line_1_44' title="bbox 165 3071 1032 3123; baseline -0.007 -11"><span class='ocrx_word' id='word_1_389' title='bbox 165 3071 278 3112; x_wconf 74' lang='lat' dir='ltr'><strong>Alcib.</strong></span> <span class='ocrx_word' id='word_1_390' title='bbox 301 3074 336 3114; x_wconf 72' lang='grc' dir='ltr'><strong>Ι,</strong></span> <span class='ocrx_word' id='word_1_391' title='bbox 360 3073 426 3113; x_wconf 67' lang='lat'><strong>⁴24</strong></span> <span class='ocrx_word' id='word_1_392' title='bbox 443 3075 484 3114; x_wconf 73' lang='lat' dir='ltr'><strong>A.</strong></span> <span class='ocrx_word' id='word_1_393' title='bbox 511 3091 548 3099; x_wconf 92' lang='lat'><em>-</em></span> <span class='ocrx_word' id='word_1_394' title='bbox 575 3074 780 3123; x_wconf 75' lang='lat' dir='ltr'><strong>praecipuus</strong></span> <span class='ocrx_word' id='word_1_395' title='bbox 798 3077 1032 3117; x_wconf 66' lang='lat' dir='ltr'><strong>propugnator</strong></span> 
     </span>
     <span class='ocr_line' id='line_1_45' title="bbox 165 3123 1031 3169; baseline -0.005 -10"><span class='ocrx_word' id='word_1_396' title='bbox 165 3123 236 3159; x_wconf 71' lang='lat' dir='ltr'><strong>eius</strong></span> <span class='ocrx_word' id='word_1_397' title='bbox 255 3123 412 3169; x_wconf 62' lang='lat' dir='ltr'><strong>Vinum]</strong></span> <span class='ocrx_word' id='word_1_398' title='bbox 428 3123 479 3158; x_wconf 76' lang='lat' dir='ltr'><strong>Cf.</strong></span> <span class='ocrx_word' id='word_1_399' title='bbox 494 3131 525 3157; x_wconf 89' lang='lat' dir='ltr'><strong>c.</strong></span> <span class='ocrx_word' id='word_1_400' title='bbox 539 3123 573 3161; x_wconf 70' lang='lat' dir='ltr'><strong>t.</strong></span> <span class='ocrx_word' id='word_1_401' title='bbox 586 3141 631 3148; x_wconf 93' lang='lat'>—</span> <span class='ocrx_word' id='word_1_402' title='bbox 644 3124 800 3158; x_wconf 76' lang='lat' dir='ltr'><strong>hactenus</strong></span> <span class='ocrx_word' id='word_1_403' title='bbox 819 3124 852 3158; x_wconf 84' lang='lat' dir='ltr'><strong>V.</strong></span> <span class='ocrx_word' id='word_1_404' title='bbox 866 3123 1031 3165; x_wconf 76' lang='lat' dir='ltr'><strong>voluerat]</strong></span> 
     </span>
     <span class='ocr_line' id='line_1_46' title="bbox 166 3171 1030 3219; baseline -0.007 -9"><span class='ocrx_word' id='word_1_405' title='bbox 166 3171 242 3210; x_wconf 66' lang='lat' dir='ltr'><strong>seii.</strong></span> <span class='ocrx_word' id='word_1_406' title='bbox 269 3173 409 3219; x_wconf 74' lang='lat' dir='ltr'><strong>Lupum</strong></span> <span class='ocrx_word' id='word_1_407' title='bbox 438 3173 566 3215; x_wconf 82' lang='lat' dir='ltr'><strong>puniri.</strong></span> <span class='ocrx_word' id='word_1_408' title='bbox 603 3174 679 3217; x_wconf 80' lang='lat' dir='ltr'><strong>Qua</strong></span> <span class='ocrx_word' id='word_1_409' title='bbox 705 3174 800 3207; x_wconf 88' lang='lat' dir='ltr'><strong>enim</strong></span> <span class='ocrx_word' id='word_1_410' title='bbox 823 3174 900 3205; x_wconf 89' lang='lat' dir='ltr'><strong>erat</strong></span> <span class='ocrx_word' id='word_1_411' title='bbox 920 3172 1030 3214; x_wconf 81' lang='lat' dir='ltr'><strong>gratia</strong></span> 
     </span>
     <span class='ocr_line' id='line_1_47' title="bbox 166 3221 1031 3268; baseline -0.002 -12"><span class='ocrx_word' id='word_1_412' title='bbox 166 3221 262 3268; x_wconf 76' lang='lat' dir='ltr'><strong>apud</strong></span> <span class='ocrx_word' id='word_1_413' title='bbox 274 3223 513 3267; x_wconf 72' lang='lat' dir='ltr'><strong>Agrippinam,</strong></span> <span class='ocrx_word' id='word_1_414' title='bbox 538 3223 712 3265; x_wconf 88' lang='lat' dir='ltr'><strong>potuisset</strong></span> <span class='ocrx_word' id='word_1_415' title='bbox 727 3223 864 3256; x_wconf 88' lang='lat' dir='ltr'><strong>saevire</strong></span> <span class='ocrx_word' id='word_1_416' title='bbox 887 3222 921 3254; x_wconf 90' lang='lat' dir='ltr'><strong>in</strong></span> <span class='ocrx_word' id='word_1_417' title='bbox 937 3230 1031 3255; x_wconf 88' lang='lat' dir='ltr'><strong>mor-</strong></span> 
     </span>
     <span class='ocr_line' id='line_1_48' title="bbox 165 3269 1030 3313; baseline -0.002 -8"><span class='ocrx_word' id='word_1_418' title='bbox 165 3271 241 3306; x_wconf 74' lang='lat' dir='ltr'><strong>tem</strong></span> <span class='ocrx_word' id='word_1_419' title='bbox 263 3271 356 3312; x_wconf 82' lang='lat' dir='ltr'><strong>eius3</strong></span> <span class='ocrx_word' id='word_1_420' title='bbox 388 3271 455 3306; x_wconf 86' lang='lat' dir='ltr'><strong>sed</strong></span> <span class='ocrx_word' id='word_1_421' title='bbox 478 3273 663 3306; x_wconf 86' lang='lat' dir='ltr'><strong>contentus</strong></span> <span class='ocrx_word' id='word_1_422' title='bbox 685 3271 753 3306; x_wconf 87' lang='lat' dir='ltr'><strong>hac</strong></span> <span class='ocrx_word' id='word_1_423' title='bbox 776 3271 877 3313; x_wconf 82' lang='lat' dir='ltr'><strong>quasi</strong></span> <span class='ocrx_word' id='word_1_424' title='bbox 898 3269 1030 3313; x_wconf 88' lang='lat' dir='ltr'><strong>depor—</strong></span> 
     </span>
     <span class='ocr_line' id='line_1_49' title="bbox 166 3320 394 3357; baseline 0.009 -3"><span class='ocrx_word' id='word_1_425' title='bbox 166 3320 296 3357; x_wconf 82' lang='lat' dir='ltr'><strong>tatione</strong></span> <span class='ocrx_word' id='word_1_426' title='bbox 319 3321 394 3356; x_wconf 75' lang='lat' dir='ltr'><strong>fuit.</strong></span> 
     </span>
    </p>

    <p class='ocr_par' dir='ltr' id='par_1_9' title="bbox 168 3367 1030 3464">
     <span class='ocr_line' id='line_1_50' title="bbox 210 3367 1030 3414; baseline -0.004 -9"><span class='ocrx_word' id='word_1_427' title='bbox 210 3368 265 3405; x_wconf 74' lang='lat' dir='ltr'><strong>ta.</strong></span> <span class='ocrx_word' id='word_1_428' title='bbox 289 3371 372 3406; x_wconf 66' lang='lat' dir='ltr'><strong>diris</strong></span> <span class='ocrx_word' id='word_1_429' title='bbox 392 3370 524 3414; x_wconf 69' lang='lat' dir='ltr'><strong>avibus]</strong></span> <span class='ocrx_word' id='word_1_430' title='bbox 554 3369 772 3411; x_wconf 82' lang='lat' dir='ltr'><strong>bubonibus,</strong></span> <span class='ocrx_word' id='word_1_431' title='bbox 797 3369 922 3412; x_wconf 77' lang='lat' dir='ltr'><strong>patris,</strong></span> <span class='ocrx_word' id='word_1_432' title='bbox 947 3367 1030 3402; x_wconf 86' lang='lat' dir='ltr'><strong>stri-</strong></span> 
     </span>
     <span class='ocr_line' id='line_1_51' title="bbox 168 3415 1030 3464; baseline -0.009 -5"><span class='ocrx_word' id='word_1_433' title='bbox 168 3415 270 3459; x_wconf 71' lang='lat' dir='ltr'><strong>gibus</strong></span> <span class='ocrx_word' id='word_1_434' title='bbox 291 3420 361 3456; x_wconf 81' lang='lat' dir='ltr'><strong>cet.</strong></span> <span class='ocrx_word' id='word_1_435' title='bbox 390 3418 495 3456; x_wconf 73' lang='lat' dir='ltr'><strong>Aliud</strong></span> <span class='ocrx_word' id='word_1_436' title='bbox 515 3418 716 3464; x_wconf 73' lang='lat' dir='ltr'><strong>prodigium</strong></span> <span class='ocrx_word' id='word_1_437' title='bbox 737 3427 758 3452; x_wconf 75' lang='lat' dir='ltr'><strong>a</strong></span> <span class='ocrx_word' id='word_1_438' title='bbox 780 3418 898 3453; x_wconf 79' lang='lat' dir='ltr'><strong>Tacito</strong></span> <span class='ocrx_word' id='word_1_439' title='bbox 920 3418 1030 3453; x_wconf 85' lang='lat' dir='ltr'><strong>omis-</strong></span> 
     </span>
    </p>
   </div>
   <div class='ocr_carea' id='block_1_8' title="bbox 1078 2577 1952 3464">
    <p class='ocr_par' dir='ltr' id='par_1_10' title="bbox 1078 2577 1952 3464">
     <span class='ocr_line' id='line_1_52' title="bbox 1083 2577 1951 2624; baseline 0.005 -14"><span class='ocrx_word' id='word_1_440' title='bbox 1083 2577 1169 2620; x_wconf 70' lang='lat' dir='ltr'><strong>leqa.</strong></span> <span class='ocrx_word' id='word_1_441' title='bbox 1198 2595 1234 2601; x_wconf 90' lang='lat'>—</span> <span class='ocrx_word' id='word_1_442' title='bbox 1260 2578 1361 2611; x_wconf 72' lang='lat' dir='ltr'><strong>latius</strong></span> <span class='ocrx_word' id='word_1_443' title='bbox 1389 2580 1564 2620; x_wconf 73' lang='lat' dir='ltr'><strong>metuitur]</strong></span> <span class='ocrx_word' id='word_1_444' title='bbox 1595 2579 1668 2614; x_wconf 88' lang='lat' dir='ltr'><strong>scil.</strong></span> <span class='ocrx_word' id='word_1_445' title='bbox 1701 2588 1951 2624; x_wconf 85' lang='lat' dir='ltr'><strong>processuram</strong></span> 
     </span>
     <span class='ocr_line' id='line_1_53' title="bbox 1084 2628 1952 2672; baseline 0.003 -11"><span class='ocrx_word' id='word_1_446' title='bbox 1084 2636 1165 2662; x_wconf 88' lang='lat' dir='ltr'><strong>esse</strong></span> <span class='ocrx_word' id='word_1_447' title='bbox 1188 2628 1377 2662; x_wconf 84' lang='lat' dir='ltr'><strong>domorum</strong></span> <span class='ocrx_word' id='word_1_448' title='bbox 1399 2630 1549 2663; x_wconf 86' lang='lat' dir='ltr'><strong>ruinam.</strong></span> <span class='ocrx_word' id='word_1_449' title='bbox 1564 2647 1600 2654; x_wconf 93' lang='lat'><strong>—</strong></span> <span class='ocrx_word' id='word_1_450' title='bbox 1619 2639 1680 2664; x_wconf 76' lang='lat' dir='ltr'><strong>nec</strong></span> <span class='ocrx_word' id='word_1_451' title='bbox 1694 2632 1813 2664; x_wconf 77' lang='lat' dir='ltr'><strong>occulti</strong></span> <span class='ocrx_word' id='word_1_452' title='bbox 1827 2634 1851 2664; x_wconf 82' lang='lat' dir='ltr'><strong>t.</strong></span> <span class='ocrx_word' id='word_1_453' title='bbox 1868 2639 1952 2672; x_wconf 79' lang='lat' dir='ltr'><strong>que-</strong></span> 
     </span>
     <span class='ocr_line' id='line_1_54' title="bbox 1082 2679 1951 2723; baseline 0.003 -12"><span class='ocrx_word' id='word_1_454' title='bbox 1082 2679 1162 2720; x_wconf 79' lang='lat' dir='ltr'><strong>stus]</strong></span> <span class='ocrx_word' id='word_1_455' title='bbox 1178 2681 1297 2720; x_wconf 86' lang='lat' dir='ltr'><strong>erant,</strong></span> <span class='ocrx_word' id='word_1_456' title='bbox 1323 2679 1387 2713; x_wconf 90' lang='lat' dir='ltr'><strong>sed</strong></span> <span class='ocrx_word' id='word_1_457' title='bbox 1404 2679 1507 2723; x_wconf 89' lang='lat' dir='ltr'><strong>plebs</strong></span> <span class='ocrx_word' id='word_1_458' title='bbox 1524 2679 1707 2714; x_wconf 83' lang='lat' dir='ltr'><strong>Claudium</strong></span> <span class='ocrx_word' id='word_1_459' title='bbox 1724 2682 1951 2719; x_wconf 84' lang='lat' dir='ltr'><strong>circumvasit</strong></span> 
     </span>
     <span class='ocr_line' id='line_1_55' title="bbox 1083 2728 1946 2768; baseline 0.003 -7"><span class='ocrx_word' id='word_1_460' title='bbox 1083 2730 1150 2761; x_wconf 90' lang='lat' dir='ltr'><strong>cet.</strong></span> <span class='ocrx_word' id='word_1_461' title='bbox 1168 2729 1219 2762; x_wconf 89' lang='lat' dir='ltr'><strong>De</strong></span> <span class='ocrx_word' id='word_1_462' title='bbox 1235 2728 1290 2762; x_wconf 86' lang='lat' dir='ltr'><strong>his</strong></span> <span class='ocrx_word' id='word_1_463' title='bbox 1304 2728 1418 2762; x_wconf 86' lang='lat' dir='ltr'><strong>turbis</strong></span> <span class='ocrx_word' id='word_1_464' title='bbox 1439 2729 1482 2762; x_wconf 84' lang='lat' dir='ltr'><strong>cf.</strong></span> <span class='ocrx_word' id='word_1_465' title='bbox 1501 2730 1645 2763; x_wconf 89' lang='lat' dir='ltr'><strong>omnino</strong></span> <span class='ocrx_word' id='word_1_466' title='bbox 1661 2731 1803 2764; x_wconf 87' lang='lat' dir='ltr'><strong>Sueton.</strong></span> <span class='ocrx_word' id='word_1_467' title='bbox 1824 2730 1946 2768; x_wconf 83' lang='lat' dir='ltr'><strong>Claud.</strong></span> 
     </span>
     <span class='ocr_line' id='line_1_56' title="bbox 1083 2778 1947 2820; baseline 0.001 -10"><span class='ocrx_word' id='word_1_468' title='bbox 1083 2778 1136 2810; x_wconf 89' lang='grc'><strong>48.</strong></span> <span class='ocrx_word' id='word_1_469' title='bbox 1160 2795 1204 2801; x_wconf 90' lang='grc'>-</span> <span class='ocrx_word' id='word_1_470' title='bbox 1224 2778 1306 2810; x_wconf 75' lang='lat' dir='ltr'><strong>iura</strong></span> <span class='ocrx_word' id='word_1_471' title='bbox 1334 2778 1538 2820; x_wconf 76' lang='lat' dir='ltr'><strong>reddentem]</strong></span> <span class='ocrx_word' id='word_1_472' title='bbox 1569 2780 1711 2812; x_wconf 85' lang='lat' dir='ltr'><strong>sueton.</strong></span> <span class='ocrx_word' id='word_1_473' title='bbox 1738 2779 1859 2813; x_wconf 87' lang='lat' dir='ltr'><strong>Claud.</strong></span> <span class='ocrx_word' id='word_1_474' title='bbox 1885 2778 1947 2813; x_wconf 74' lang='lat'><strong>⁴4:</strong></span> 
     </span>
     <span class='ocr_line' id='line_1_57' title="bbox 1079 2827 1949 2866; baseline 0.005 -7"><span class='ocrx_word' id='word_1_475' title='bbox 1079 2827 1135 2859; x_wconf 80' lang='lat' dir='ltr'><strong>lus</strong></span> <span class='ocrx_word' id='word_1_476' title='bbox 1156 2830 1188 2859; x_wconf 80' lang='lat' dir='ltr'><strong>et</strong></span> <span class='ocrx_word' id='word_1_477' title='bbox 1209 2828 1323 2860; x_wconf 73' lang='lat' dir='ltr'><strong>consul</strong></span> <span class='ocrx_word' id='word_1_478' title='bbox 1343 2831 1373 2860; x_wconf 78' lang='lat' dir='ltr'><strong>et</strong></span> <span class='ocrx_word' id='word_1_479' title='bbox 1396 2831 1496 2860; x_wconf 75' lang='lat' dir='ltr'><strong>extra</strong></span> <span class='ocrx_word' id='word_1_480' title='bbox 1517 2828 1674 2862; x_wconf 77' lang='lat' dir='ltr'><strong>honorem</strong></span> <span class='ocrx_word' id='word_1_481' title='bbox 1694 2828 1949 2866; x_wconf 59' lang='lat' dir='ltr'><strong>laboriosissimo</strong></span> 
     </span>
     <span class='ocr_line' id='line_1_58' title="bbox 1081 2876 1947 2920; baseline 0.002 -12"><span class='ocrx_word' id='word_1_482' title='bbox 1081 2876 1184 2916; x_wconf 73' lang='lat' dir='ltr'><strong>dixit,</strong></span> <span class='ocrx_word' id='word_1_483' title='bbox 1209 2877 1311 2910; x_wconf 71' lang='lat' dir='ltr'><strong>etiam</strong></span> <span class='ocrx_word' id='word_1_484' title='bbox 1332 2877 1401 2909; x_wconf 74' lang='lat' dir='ltr'><strong>suis</strong></span> <span class='ocrx_word' id='word_1_485' title='bbox 1422 2886 1624 2920; x_wconf 77' lang='lat' dir='ltr'><strong>suorumque</strong></span> <span class='ocrx_word' id='word_1_486' title='bbox 1647 2878 1759 2911; x_wconf 78' lang='lat' dir='ltr'><strong>diebus</strong></span> <span class='ocrx_word' id='word_1_487' title='bbox 1779 2878 1947 2911; x_wconf 75' lang='lat' dir='ltr'><strong>sollemni·-</strong></span> 
     </span>
     <span class='ocr_line' id='line_1_59' title="bbox 1081 2925 1947 2969; baseline 0.002 -11"><span class='ocrx_word' id='word_1_488' title='bbox 1081 2925 1158 2966; x_wconf 81' lang='lat' dir='ltr'><strong>bus,</strong></span> <span class='ocrx_word' id='word_1_489' title='bbox 1182 2935 1249 2958; x_wconf 75' lang='lat' dir='ltr'><strong>non</strong></span> <span class='ocrx_word' id='word_1_490' title='bbox 1263 2935 1445 2967; x_wconf 77' lang='lat' dir='ltr'><strong>numquam</strong></span> <span class='ocrx_word' id='word_1_491' title='bbox 1465 2927 1554 2968; x_wconf 79' lang='lat' dir='ltr'><strong>festis</strong></span> <span class='ocrx_word' id='word_1_492' title='bbox 1574 2936 1703 2969; x_wconf 79' lang='lat' dir='ltr'><strong>quoque</strong></span> <span class='ocrx_word' id='word_1_493' title='bbox 1716 2929 1903 2969; x_wconf 71' lang='lat' dir='ltr'><strong>antiquitus</strong></span> <span class='ocrx_word' id='word_1_494' title='bbox 1916 2931 1947 2963; x_wconf 80' lang='grc' dir='ltr'><strong>οι</strong></span> 
     </span>
     <span class='ocr_line' id='line_1_60' title="bbox 1079 2974 1944 3017; baseline 0.005 -11"><span class='ocrx_word' id='word_1_495' title='bbox 1079 2975 1251 3017; x_wconf 63' lang='lat' dir='ltr'><strong>religiosis.</strong></span> <span class='ocrx_word' id='word_1_496' title='bbox 1278 2974 1378 3008; x_wconf 87' lang='lat' dir='ltr'><strong>Hunc</strong></span> <span class='ocrx_word' id='word_1_497' title='bbox 1402 2974 1536 3009; x_wconf 88' lang='lat' dir='ltr'><strong>Claudii</strong></span> <span class='ocrx_word' id='word_1_498' title='bbox 1560 2976 1699 3011; x_wconf 79' lang='lat' dir='ltr'><strong>morein</strong></span> <span class='ocrx_word' id='word_1_499' title='bbox 1714 2976 1944 3010; x_wconf 82' lang='lat' dir='ltr'><strong>acerbissime</strong></span> 
     </span>
     <span class='ocr_line' id='line_1_61' title="bbox 1080 3023 1944 3069; baseline 0.002 -13"><span class='ocrx_word' id='word_1_500' title='bbox 1080 3023 1281 3066; x_wconf 82' lang='lat' dir='ltr'><strong>perstringit</strong></span> <span class='ocrx_word' id='word_1_501' title='bbox 1295 3024 1431 3058; x_wconf 89' lang='lat' dir='ltr'><strong>Seneca</strong></span> <span class='ocrx_word' id='word_1_502' title='bbox 1446 3025 1481 3058; x_wconf 90' lang='lat' dir='ltr'><strong>in</strong></span> <span class='ocrx_word' id='word_1_503' title='bbox 1494 3026 1592 3060; x_wconf 90' lang='lat' dir='ltr'><strong>Ludo</strong></span> <span class='ocrx_word' id='word_1_504' title='bbox 1605 3026 1662 3059; x_wconf 77' lang='lat'><strong>⁴2:</strong></span> <span class='ocrx_word' id='word_1_505' title='bbox 1683 3027 1806 3069; x_wconf 69' lang='lat' dir='ltr'><strong>Deflete</strong></span> <span class='ocrx_word' id='word_1_506' title='bbox 1818 3028 1944 3069; x_wconf 77' lang='lat' dir='ltr'><strong>virum,</strong></span> 
     </span>
     <span class='ocr_line' id='line_1_62' title="bbox 1081 3073 1946 3113; baseline 0.003 -9"><span class='ocrx_word' id='word_1_507' title='bbox 1081 3073 1153 3113; x_wconf 82' lang='lat' dir='ltr'><strong>Quo</strong></span> <span class='ocrx_word' id='word_1_508' title='bbox 1179 3081 1245 3105; x_wconf 73' lang='lat' dir='ltr'><strong>non</strong></span> <span class='ocrx_word' id='word_1_509' title='bbox 1276 3073 1364 3106; x_wconf 69' lang='lat' dir='ltr'><strong>alitos</strong></span> <span class='ocrx_word' id='word_1_510' title='bbox 1391 3074 1500 3107; x_wconf 74' lang='lat' dir='ltr'><strong>Potuit</strong></span> <span class='ocrx_word' id='word_1_511' title='bbox 1530 3075 1627 3107; x_wconf 71' lang='lat' dir='ltr'><strong>citius</strong></span> <span class='ocrx_word' id='word_1_512' title='bbox 1658 3075 1792 3109; x_wconf 71' lang='lat' dir='ltr'><strong>Discere</strong></span> <span class='ocrx_word' id='word_1_513' title='bbox 1825 3083 1946 3108; x_wconf 74' lang='lat' dir='ltr'><strong>causas</strong></span> 
     </span>
     <span class='ocr_line' id='line_1_63' title="bbox 1083 3122 1942 3166; baseline 0.003 -12"><span class='ocrx_word' id='word_1_514' title='bbox 1083 3122 1154 3155; x_wconf 80' lang='lat' dir='ltr'><strong>Una</strong></span> <span class='ocrx_word' id='word_1_515' title='bbox 1181 3125 1311 3156; x_wconf 71' lang='lat' dir='ltr'><strong>tantum</strong></span> <span class='ocrx_word' id='word_1_516' title='bbox 1335 3123 1434 3157; x_wconf 75' lang='lat' dir='ltr'><strong>Parte</strong></span> <span class='ocrx_word' id='word_1_517' title='bbox 1463 3124 1598 3165; x_wconf 76' lang='lat' dir='ltr'><strong>audita,</strong></span> <span class='ocrx_word' id='word_1_518' title='bbox 1627 3124 1732 3166; x_wconf 80' lang='lat' dir='ltr'><strong>Saepo</strong></span> <span class='ocrx_word' id='word_1_519' title='bbox 1758 3128 1789 3156; x_wconf 82' lang='lat' dir='ltr'><strong>et</strong></span> <span class='ocrx_word' id='word_1_520' title='bbox 1809 3127 1942 3157; x_wconf 78' lang='lat' dir='ltr'><strong>neutro.</strong></span> 
     </span>
     <span class='ocr_line' id='line_1_64' title="bbox 1081 3172 1939 3213; baseline 0.003 -10"><span class='ocrx_word' id='word_1_521' title='bbox 1081 3172 1160 3213; x_wconf 75' lang='lat' dir='ltr'><strong>Quis</strong></span> <span class='ocrx_word' id='word_1_522' title='bbox 1187 3181 1275 3205; x_wconf 76' lang='lat' dir='ltr'><strong>nunc</strong></span> <span class='ocrx_word' id='word_1_523' title='bbox 1304 3172 1408 3206; x_wconf 72' lang='lat' dir='ltr'><strong>iudex</strong></span> <span class='ocrx_word' id='word_1_524' title='bbox 1431 3173 1508 3207; x_wconf 80' lang='lat' dir='ltr'><strong>Toto</strong></span> <span class='ocrx_word' id='word_1_525' title='bbox 1529 3173 1602 3208; x_wconf 75' lang='lat' dir='ltr'><strong>lites</strong></span> <span class='ocrx_word' id='word_1_526' title='bbox 1622 3174 1739 3207; x_wconf 74' lang='lat' dir='ltr'><strong>Audiet</strong></span> <span class='ocrx_word' id='word_1_527' title='bbox 1761 3174 1879 3206; x_wconf 75' lang='lat' dir='ltr'><strong>anno?</strong></span> <span class='ocrx_word' id='word_1_528' title='bbox 1900 3190 1939 3200; x_wconf 86' lang='lat'><em>-</em></span> 
     </span>
     <span class='ocr_line' id='line_1_65' title="bbox 1079 3220 1943 3265; baseline 0.003 -12"><span class='ocrx_word' id='word_1_529' title='bbox 1079 3220 1263 3261; x_wconf 73' lang='lat' dir='ltr'><strong>quindecim</strong></span> <span class='ocrx_word' id='word_1_530' title='bbox 1284 3221 1413 3255; x_wconf 71' lang='lat' dir='ltr'><strong>dionem</strong></span> <span class='ocrx_word' id='word_1_531' title='bbox 1431 3222 1600 3265; x_wconf 71' lang='lat' dir='ltr'><strong>alimenta]</strong></span> <span class='ocrx_word' id='word_1_532' title='bbox 1623 3223 1735 3256; x_wconf 82' lang='lat' dir='ltr'><strong>Maius</strong></span> <span class='ocrx_word' id='word_1_533' title='bbox 1757 3223 1823 3256; x_wconf 86' lang='lat' dir='ltr'><strong>isto</strong></span> <span class='ocrx_word' id='word_1_534' title='bbox 1847 3224 1943 3265; x_wconf 84' lang='lat' dir='ltr'><strong>peri-</strong></span> 
     </span>
     <span class='ocr_line' id='line_1_66' title="bbox 1079 3268 1940 3314; baseline 0.005 -12"><span class='ocrx_word' id='word_1_535' title='bbox 1079 3268 1198 3303; x_wconf 91' lang='lat' dir='ltr'><strong>culum</strong></span> <span class='ocrx_word' id='word_1_536' title='bbox 1212 3269 1280 3304; x_wconf 90' lang='lat' dir='ltr'><strong>sub</strong></span> <span class='ocrx_word' id='word_1_537' title='bbox 1296 3272 1396 3313; x_wconf 82' lang='lat' dir='ltr'><strong>Gaio,</strong></span> <span class='ocrx_word' id='word_1_538' title='bbox 1421 3281 1502 3305; x_wconf 91' lang='lat' dir='ltr'><strong>cum</strong></span> <span class='ocrx_word' id='word_1_539' title='bbox 1519 3273 1657 3314; x_wconf 88' lang='lat' dir='ltr'><strong>septem</strong></span> <span class='ocrx_word' id='word_1_540' title='bbox 1673 3275 1733 3304; x_wconf 89' lang='lat' dir='ltr'><strong>aut</strong></span> <span class='ocrx_word' id='word_1_541' title='bbox 1748 3274 1827 3305; x_wconf 85' lang='lat' dir='ltr'><strong>octo</strong></span> <span class='ocrx_word' id='word_1_542' title='bbox 1843 3275 1940 3306; x_wconf 85' lang='lat' dir='ltr'><strong>certe</strong></span> 
     </span>
     <span class='ocr_line' id='line_1_67' title="bbox 1079 3319 1941 3364; baseline 0.005 -12"><span class='ocrx_word' id='word_1_543' title='bbox 1079 3319 1217 3353; x_wconf 87' lang='lat' dir='ltr'><strong>dierum</strong></span> <span class='ocrx_word' id='word_1_544' title='bbox 1247 3320 1379 3354; x_wconf 83' lang='lat' dir='ltr'><strong>cibaria</strong></span> <span class='ocrx_word' id='word_1_545' title='bbox 1408 3323 1543 3355; x_wconf 85' lang='lat' dir='ltr'><strong>tantum</strong></span> <span class='ocrx_word' id='word_1_546' title='bbox 1565 3321 1781 3364; x_wconf 79' lang='lat' dir='ltr'><strong>superfuisse</strong></span> <span class='ocrx_word' id='word_1_547' title='bbox 1805 3324 1941 3359; x_wconf 79' lang='lat' dir='ltr'><strong>Seneca</strong></span> 
     </span>
     <span class='ocr_line' id='line_1_68' title="bbox 1079 3369 1938 3413; baseline 0.005 -11"><span class='ocrx_word' id='word_1_548' title='bbox 1079 3370 1176 3402; x_wconf 85' lang='lat' dir='ltr'><strong>notat</strong></span> <span class='ocrx_word' id='word_1_549' title='bbox 1203 3370 1249 3403; x_wconf 85' lang='lat' dir='ltr'><strong>ad</strong></span> <span class='ocrx_word' id='word_1_550' title='bbox 1274 3369 1458 3405; x_wconf 83' lang='lat' dir='ltr'><strong>Paulinum</strong></span> <span class='ocrx_word' id='word_1_551' title='bbox 1482 3370 1543 3413; x_wconf 87' lang='lat' dir='ltr'><strong>(de</strong></span> <span class='ocrx_word' id='word_1_552' title='bbox 1565 3371 1666 3403; x_wconf 85' lang='lat' dir='ltr'><strong>Brev.</strong></span> <span class='ocrx_word' id='word_1_553' title='bbox 1691 3370 1801 3413; x_wconf 84' lang='lat' dir='ltr'><strong>vitae)</strong></span> <span class='ocrx_word' id='word_1_554' title='bbox 1825 3372 1880 3413; x_wconf 87' lang='grc'><strong>48,</strong></span> <span class='ocrx_word' id='word_1_555' title='bbox 1904 3373 1938 3408; x_wconf 75' lang='grc'><strong>5.</strong></span> 
     </span>
     <span class='ocr_line' id='line_1_69' title="bbox 1078 3418 1939 3464; baseline 0.003 -13"><span class='ocrx_word' id='word_1_556' title='bbox 1078 3418 1164 3452; x_wconf 76' lang='lat' dir='ltr'><strong>Lm.</strong></span> <span class='ocrx_word' id='word_1_557' title='bbox 1190 3436 1227 3444; x_wconf 95' lang='lat'>—</span> <span class='ocrx_word' id='word_1_558' title='bbox 1257 3420 1417 3455; x_wconf 62' lang='lat' dir='ltr'><strong>niodum</strong></span> <span class='ocrx_word' id='word_1_559' title='bbox 1437 3418 1569 3462; x_wconf 63' lang='lat' dir='ltr'><strong>Momm</strong></span> <span class='ocrx_word' id='word_1_560' title='bbox 1600 3418 1787 3462; x_wconf 80' lang='lat' dir='ltr'><strong>tranquilla</strong></span> <span class='ocrx_word' id='word_1_561' title='bbox 1808 3428 1830 3457; x_wconf 78' lang='lat' dir='ltr'><strong>a</strong></span> <span class='ocrx_word' id='word_1_562' title='bbox 1854 3429 1939 3464; x_wconf 84' lang='lat' dir='ltr'><strong>pro-</strong></span> 
     </span>
    </p>
   </div>
  </div>
 </body>
</html>
