2254 3770
246 298 327 342 476

717 300 763 344 P.
795 295 1055 344 CORNELII
1074 298 1245 344 TACITI
1273 298 1542 346 ANNALIUM

245 419 394 450 eorum
433 406 633 451 venisset.
676 419 776 449 nam
804 404 1122 450 oblectamentis
1160 405 1366 464 principis
1395 406 1537 465 palam
1565 406 1759 466 iniquum
1788 403 2034 452 detractare

244 481 332 525 vim
350 481 443 526 eius
464 495 601 540 equos
621 481 824 539 regentis,
859 480 1037 526 illudere
1058 495 1204 534 voces,
1238 482 1437 540 quotiens
1458 489 1642 527 caneret.
1673 496 1802 542 quem
1825 481 1880 527 ad
1899 479 2035 527 finem*

245 555 347 600 nihil
376 556 418 600 in
448 571 495 601 re
524 572 565 616 p.
587 557 749 602 clarum
777 556 889 609 fore,
922 556 1039 616 quod
1059 571 1144 601 non
1165 556 1218 601 ab
1244 556 1314 601 illo
1340 558 1519 616 reperiri
1541 557 1770 603 credatur?
1800 564 1916 603 certe
1935 557 2031 602 fini-

245 638 331 676 tam
349 632 529 677 Neronis
550 632 788 691 pueritiam,
812 638 854 677 et
881 632 1012 677 robur
1032 633 1228 677 iuventae
1248 633 1417 677 adesse.
1449 639 1626 678 exueret
1644 634 1905 692 magistrum,
1927 633 2030 678 satis

212 707 398 766 samplis
429 707 676 753 doctoribus
706 709 937 753 instructus
968 708 1199 753 maioribus
1229 708 1332 752 suis.
1365 707 1446 766 (53)
1474 715 1516 753 at
1535 709 1701 754 Seneca
1720 709 2032 754 criminantium

245 797 330 828 non
350 784 539 843 ignarus,
573 784 852 842 prodentibus
873 785 942 837 iis,
967 784 1124 843 quibus
1145 783 1287 842 aliqua
1307 783 1473 828 honesti
1495 798 1615 837 cura,
1648 791 1691 829 et
1708 784 2031 829 familiaritatem

246 860 339 904 eius
369 860 504 917 magis
534 866 789 918 aspernante
820 860 1022 912 Caesare,
1063 866 1233 918 tempus
1264 860 1450 904 sermoni
1481 866 1574 904 orat
1603 866 1646 905 et
1674 867 1852 919 accepto
1882 861 1939 904 ita
1968 860 2032 904 in-

246 935 367 993 cipit:
415 942 615 994 «quartus
645 936 839 980 decimus
868 950 1005 980 annus
1036 942 1118 988 est,

1159 936 1338 987 Caesar,
1380 949 1434 980 ex
1462 950 1549 994 quo
1579 936 1673 995 spei
1708 943 1806 981 tuae
1835 935 2032 980 admotus

246 1025 358 1063 sum,
401 1017 596 1064 octavus,
637 1018 682 1055 ut
719 1012 945 1070 imperium
982 1011 1169 1056 obtines:
1209 1011 1353 1056 medio
1392 1012 1599 1070 temporis
1628 1017 1788 1056 tantum
1822 1011 2032 1056 honorum

197 1102 234 1133 ιο
247 1093 375 1145 atque
405 1101 535 1144 opum
564 1087 607 1130 in
636 1101 704 1131 me
735 1087 976 1140 cumulasti,
1008 1094 1054 1131 ut
1082 1087 1185 1130 nihil
1215 1087 1399 1132 felicitati
1421 1100 1544 1131 meae
1565 1087 1677 1132 desit
1697 1087 1777 1132 nisi
1795 1087 2032 1132 moderatio

246 1163 352 1207 eius.
384 1169 479 1207 utar
507 1162 671 1221 magnis
703 1163 929 1221 exemplis,
972 1177 1052 1207 nec
1080 1176 1205 1207 meae
1235 1163 1446 1214 fortunae,
1479 1163 1556 1206 sed
1587 1170 1697 1207 tuae.
1742 1162 1904 1207 abavus
1934 1170 2033 1208 tuus

244 1240 460 1296 Augustus
499 1239 641 1282 Marco
671 1238 883 1297 Agrippae
922 1238 1202 1298 Mytilenense
1236 1244 1469 1288 secretum,
1514 1238 1558 1283 C.
1590 1238 1823 1283 Maecenati
1852 1238 1961 1284 urbe
1990 1240 2034 1283 in

245 1314 340 1372 ipsa
378 1313 495 1358 velut
535 1314 811 1372 peregrinum
851 1315 983 1358 otium
1023 1314 1239 1373 permisit;
1285 1328 1469 1372 quorum
1501 1314 1607 1358 alter
1635 1314 1847 1358 bellorum
1876 1315 2032 1368 socius,

246 1388 352 1433 alter
377 1391 534 1434 Romae
555 1389 750 1448 pluribus
771 1389 987 1434 laboribus
1011 1390 1189 1435 iactatus
1212 1389 1353 1448 ampla
1373 1390 1561 1448 quidem,
1594 1390 1671 1435 sed
1691 1404 1771 1448 pro
1792 1390 2034 1449 ingentibus

196 1480 233 1511 ⁴5
246 1465 423 1517 meritis,
456 1465 648 1523 praemia
677 1472 943 1524 acceperant.
975 1479 1056 1523 ego
1078 1465 1183 1524 quid
1214 1465 1328 1509 aliud
1357 1465 1674 1510 munificentiae
1703 1472 1799 1510 tuae
1828 1465 2034 1511 adhibere

245 1541 364 1599 potui
395 1554 524 1599 quam
548 1540 706 1593 studia,
738 1544 784 1585 u't
803 1541 867 1586 sic
887 1541 1084 1593 dixerim,
1118 1542 1160 1584 in
1184 1541 1335 1586 umbra
1356 1541 1554 1594 educata,
1586 1547 1629 1586 et
1647 1541 1804 1600 quibus
1827 1541 2035 1587 claritudo

311 1663 342 1696 4.
368 1663 508 1696 venisset
529 1663 684 1705 Lipsius:
710 1662 869 1696 euenisset
890 1664 924 1697 M
951 1682 987 1688 -
1012 1664 1202 1697 detractare
1224 1664 1275 1697 M:
1301 1663 1483 1696 detrectare
1506 1662 1574 1696 alii.
1594 1681 1630 1687 -
1656 1662 1688 1696 3.
1713 1663 1815 1696 nichil
1835 1664 1869 1698 M
1894 1681 1931 1687 —
1955 1673 2035 1706 rep-

239 1718 348 1760 periri
370 1719 404 1752 M
431 1737 465 1742 —
491 1719 522 1752 6.
547 1719 611 1751 hiis
633 1719 667 1752 M
693 1736 728 1742 —-
755 1722 786 1752 et
805 1719 1073 1761 familiaritatem
1095 1722 1140 1753 G:
1166 1720 1462 1762 effamiliaritatem
1476 1720 1510 1753 M
1529 1736 1565 1744 —

1593 1719 1646 1752 ⁴0.
1670 1719 1772 1753 nichil
1792 1720 1826 1753 M
1843 1738 1879 1744 —
1905 1721 1958 1754 44.
1975 1729 2035 1754 nec

246 1777 290 1808 G:
315 1784 357 1809 ne
379 1776 413 1809 M
437 1793 473 1798 —
499 1775 627 1808 abavus
648 1775 805 1817 Lipsius:
831 1779 952 1809 atavus
973 1777 1019 1811 M.
1046 1776 1097 1810 Cf.
1116 1776 1169 1818 43,
1186 1776 1240 1810 34.
1267 1777 1401 1809 Seneca
1417 1775 1462 1809 de
1480 1774 1589 1810 Clem.
1608 1776 1640 1817 4,
1660 1776 1714 1809 40.
1733 1793 1771 1800 -
1797 1777 1851 1810 42.
1874 1777 2035 1818 ”tutelen-

244 1841 335 1866 sense
359 1832 433 1876 (sic)
458 1833 492 1867 M
517 1851 552 1857 —
580 1832 619 1866 G.
644 1833 804 1866 mecenati
826 1834 860 1867 M
886 1852 921 1857 —
949 1834 1002 1867 45.
1027 1837 1105 1867 tuae
1128 1835 1173 1867 G:
1204 1842 1274 1867 om.
1300 1834 1346 1868 M.

246 1939 435 1973 convenire
465 1938 690 1973 adulatorum
719 1940 782 1972 ori.
822 1941 937 1982 Atque
963 1940 1114 1974 Bachius

246 1990 392 2023 contulit
413 1989 445 2030 4,
463 1990 524 2023 33:
550 1991 674 2023 delecta
697 1999 741 2023 ex
762 1991 803 2023 iis
817 1994 847 2024 et
862 1992 1051 2024 consociata
1065 1993 1114 2024 rei

240 2049 277 2082 p.
300 2041 412 2083 forma
442 2040 579 2073 laudari
606 2041 741 2082 facilius
766 2050 868 2081 quam
889 2042 1034 2082 evenire,
1064 2041 1115 2074 vel

244 2091 273 2123 si
295 2091 420 2131 evenit,
444 2090 535 2123 haud
556 2091 717 2123 diuturna
740 2100 805 2124 esse
822 2094 940 2132 potest.
974 2090 1111 2124 Sallust.

247 2139 346 2174 Catil.
371 2141 409 2173 9:
430 2149 506 2182 paoe
528 2144 693 2174 evenerat.
727 2141 797 2174 Sed
819 2142 917 2174 recte
940 2142 1111 2174 Ritterus:

246 2190 427 2224 «Facultas
458 2192 657 2224 carminum
680 2193 740 2224 aut
763 2192 919 2225 carmina
942 2192 1017 2234 ipsa
1040 2200 1114 2224 eve-

243 2242 318 2274 nire
339 2239 442 2274 alicui
464 2243 633 2283 possunt,
658 2241 693 2274 h.
713 2251 743 2274 e.
771 2240 886 2283 aliqua
902 2241 1039 2274 fortuna
1055 2242 1115 2274 aut

246 2301 331 2325 casu
355 2291 537 2332 accidere3
563 2292 628 2325 sed
652 2301 752 2324 amor
774 2301 898 2324 eorum
922 2301 992 2325 non
1010 2292 1116 2324 evenit

246 2343 311 2376 sed
332 2343 439 2383 venit,
464 2342 499 2374 h.
519 2351 550 2375 e.
577 2343 687 2375 oritur
708 2341 764 2375 vel
787 2342 979 2375 nascitur.»
1001 2360 1036 2367 —-
1062 2341 1117 2375 ob-

244 2393 448 2427 lectamentis
465 2392 640 2434 principis]
659 2392 709 2425 Cf.
730 2401 760 2425 c.
780 2392 832 2426 44.
854 2411 890 2416 -
907 2392 1011 2435 voces]
1030 2393 1064 2425 h.
1081 2402 1113 2427 e.

245 2444 362 2487 ipsum
393 2444 536 2476 cantum
562 2443 709 2476 Neronis
734 2443 797 2485 (die
821 2442 932 2485 Tene).
959 2461 993 2466 —-
1021 2451 1116 2484 quem

246 2495 291 2527 ad
311 2494 421 2536 finem]
446 2501 632 2535 quousque
652 2493 816 2533 tandem,
842 2493 891 2526 bis
903 2503 949 2526 zu
962 2493 1117 2526 welchem

245 2544 313 2578 Ziel
341 2545 420 2577 oder
442 2544 547 2577 Grad.
580 2543 630 2577 Cf.
657 2544 728 2577 Cic.
756 2543 853 2577 Catil.
879 2545 911 2584 4,
938 2545 976 2576 4;
1015 2544 1116 2585 Quem

247 2596 292 2628 ad
317 2596 416 2637 finem
445 2602 513 2627 sese
534 2595 698 2636 effrenata
719 2593 858 2627 iactabit
879 2594 1051 2627 audacia?
1076 2611 1113 2618 —

247 2647 383 2678 exueret
404 2637 620 2686 inaqtstrum]
653 2645 835 2686 tamquam
864 2645 1018 2677 tunicam
1045 2644 1116 2677 iam

248 2704 319 2728 non
350 2695 492 2737 aptam,
528 2694 550 2727 i.
586 2703 616 2727 e.
650 2695 850 2735 amoveret,
886 2693 1114 2736 relinqueret.

248 2744 414 2778 Similiter
436 2744 559 2777 Graeci
583 2743 705 2776 dicunt
727 2742 965 2777 ἐκδύσασθαι
986 2753 1081 2777 τινα.

292 2798 346 2832 53.
377 2798 446 2839 spei
468 2801 544 2830 tuae
567 2798 734 2841 admotus]
764 2799 909 2831 Summa
934 2807 1015 2831 cum
1038 2806 1118 2830 mo-

249 2848 362 2882 destia
392 2848 514 2880 rhetor
537 2848 700 2889 exprimit
721 2846 822 2889 illud,
856 2847 949 2889 quod
975 2848 1117 2880 histori-

251 2907 313 2932 cus
337 2899 396 2938 ⁴2,
422 2898 442 2931 8
465 2898 535 2930 sic:
566 2901 602 2930 ut
631 2898 770 2930 Domitii
789 2899 937 2939 pueritia
960 2899 1020 2931 tali
1041 2907 1118 2931 ma-

248 2950 352 2992 yistro
375 2949 583 2982 adolesceret.
610 2948 662 2988 43,
681 2949 718 2981 2:
744 2949 876 2981 Burrus
890 2951 920 2981 et
934 2948 1118 2981 Seneca-—

247 3003 391 3034 rectores
405 2998 643 3043 imperatoriae
656 2999 819 3030 iuventae.
846 2999 978 3032 Sensus
994 2998 1116 3040 igitur·

253 3050 446 3092 «magister
467 3048 531 3082 tibi
550 3048 652 3081 datus
668 3056 767 3089 sum,
793 3057 864 3089 quo
881 3057 983 3089 spes,
1009 3056 1116 3089 quam

251 3108 376 3133 omnes
399 3099 541 3132 iamiam
566 3098 610 3131 de
635 3099 669 3130 te
693 3099 949 3140 conceperant,
982 3097 1118 3131 facilius

251 3150 524 3193 compleretur.»
552 3167 588 3174 —
619 3151 658 3181 ut
685 3148 862 3188 imperium
887 3147 1022 3190 obtines]
1055 3149 1120 3181 Ra-

250 3201 342 3233 riore
367 3209 432 3232 usu
454 3203 491 3232 ut
512 3200 548 3233 h.
573 3198 595 3232 l.
622 3198 793 3241 significat
816 3206 880 3230 «ex
903 3207 1006 3239 quo».
1044 3199 1116 3231 Cic.

253 3250 298 3282 ad
321 3251 388 3283 Att.
416 3251 447 3290 4,
474 3251 526 3291 45,
552 3250 591 3283 2:
622 3252 659 3281 ut
680 3248 860 3281 Brundisio
883 3249 1050 3289 profectus
1072 3257 1117 3288 es,

251 3300 364 3332 nullae
385 3300 466 3333 mihi
489 3299 548 3332 abs
571 3303 601 3332 te
622 3302 699 3331 sunt
716 3298 864 3330 redditae
887 3297 1025 3330 litterae.
1052 3298 1119 3330 Ho-

254 3351 317 3382 rat.
337 3350 446 3391 Epod.
465 3350 496 3390 7,
513 3350 572 3383 47:
598 3348 719 3381 acerba
732 3347 807 3389 fata
822 3347 984 3379 Romanos
1001 3350 1118 3389 ayunt,

255 3417 275 3424 -
287 3418 306 3424 -
324 3399 364 3433 Ut
384 3400 585 3433 immerentis
604 3400 706 3442 fluvit
723 3398 758 3430 in
773 3401 899 3431 terram
913 3397 1003 3429 Remi
1018 3397 1121 3430 Sacer

255 3448 426 3492 nepotibus
446 3459 559 3484 cruor.
590 3450 716 3483 Fronto
739 3448 785 3482 ad
800 3449 877 3482 Ant.
895 3447 929 3489 2,
947 3448 966 3480 5
989 3456 1023 3490 p.
1042 3449 1117 3481 46οε

1167 1941 1308 1982 Quintus
1329 1940 1381 1972 hic
1403 1940 1471 1973 dies
1493 1942 1554 1980 est,
1579 1942 1618 1972 ut
1639 1942 1810 1981 correptus
1830 1948 1903 1973 sum
1925 1939 2037 1974 dolore

1164 1990 1386 2023 membrorum
1401 1990 1559 2022 omnium.
1575 2007 1611 2012 —
1627 1989 1755 2022 abavus
1770 1993 1846 2022 tuus
1858 1989 2035 2033 Aequius]

1165 2041 1568 2084 Agrippina‚Germanici
1583 2039 1815 2079 filia,Neronis
1823 2042 1939 2073 mater
1947 2042 2034 2080 eran

1164 2091 1365 2134 Agrippina,
1377 2092 1421 2125 M.
1432 2091 1605 2133 Agrippae
1620 2090 1699 2131 filia,
1711 2091 1860 2124 Neronis
1872 2091 1966 2131 avia;
1982 2091 2037 2124 Iu-

1165 2139 1221 2181 lia,
1239 2141 1385 2183 Augusti
1401 2139 1482 2181 filia,
1504 2142 1652 2174 Neronis
1673 2141 1834 2183 proavia:
1860 2141 2036 2183 Augustus

1166 2192 1269 2232 igitur
1291 2192 1438 2224 Neronis
1461 2191 1596 2224 abavus
1620 2192 1811 2224 maternus.
1841 2209 1877 2214 —
1901 2190 2037 2232 Mytile-

1164 2251 1262 2274 nense
1284 2241 1459 2283 secretum]
1483 2241 1612 2275 Plinius
1635 2242 1677 2274 N.
1703 2241 1744 2274 H.
1770 2242 1789 2273 7
1813 2240 1833 2283 ἓ
1857 2240 1938 2274 ⁴49:
1968 2250 2036 2282 pu-

1166 2293 1272 2325 denda
1285 2292 1462 2334 (Augusto)
1475 2291 1645 2333 Agrippae
1655 2290 1830 2333 ableyatio.
1849 2291 2035 2324 Suetonius

1165 2343 1251 2384 Aug.
1279 2343 1339 2376 66:
1371 2343 1582 2375 Desideravit
1602 2350 1855 2382 nonnumquam
1869 2359 1887 2365 -
1899 2360 1919 2366 -
1933 2344 1965 2374 et
1984 2342 2033 2375 M.

1165 2392 1332 2435 Agrippae
1358 2393 1560 2433 patientiam
1582 2395 1612 2425 et
1633 2391 1836 2425 Maecenatis
1857 2391 2036 2424 taciturni-

1167 2445 1285 2483 tatem,
1311 2451 1386 2475 cam
1408 2443 1462 2475 ille
1483 2452 1527 2476 ex
1549 2442 1612 2475 levi
1632 2442 1771 2484 frigoris
1791 2442 1981 2483 suspitione,
2005 2443 2038 2474 et

1167 2493 1254 2534 quod
1276 2493 1455 2526 Marcellus
1476 2492 1537 2526 sibi
1553 2492 1787 2534 anteferretur,
1811 2492 1990 2533 Mytilenas
2003 2499 2038 2525 se

1166 2543 1289 2576 relictis
1319 2543 1469 2576 omnibus
1499 2543 1706 2583 contulisset,
1736 2542 1790 2575 hic
1815 2544 1977 2575 secretum
1998 2541 2038 2574 de

1167 2596 1334 2635 comperta
1355 2594 1517 2627 Murenae
1538 2592 1770 2625 coniuratione
1791 2593 1894 2626 uxori
1918 2592 2038 2625 Teren-

1167 2644 1233 2676 tiae
1260 2643 1468 2685 prodidisset.
1515 2643 1580 2676 Dio
1608 2642 1668 2684 53,
1701 2642 1761 2675 32:
1797 2638 1937 2685 μαθών
1969 2637 2038 2674 τὸν

1166 2692 1387 2753 Μάρκελλον
1423 2689 1495 2727 οὔκ
1523 2691 1741 2736 ἐπιτηδείως
1773 2690 1825 2738 τῷ
1855 2687 2046 2750 Ἀγρίππᾳ

1166 2741 1325 2785 έχοντα,
1350 2754 1389 2785 ες
1411 2740 1481 2787 τὴν
1503 2743 1645 2801 Συρίαν
1668 2739 1785 2784 εὐθὺς
1806 2739 1874 2775 τὸν
1890 2738 2037 2789 Ἀγριπ-

1168 2805 1263 2836 παν,
1292 2791 1348 2838 μὴ
1372 2794 1439 2826 καὶ
1461 2790 1636 2851 διατριβή
1659 2802 1716 2835 τις
1743 2793 1809 2825 καὶ
1832 2788 2038 2836 ἄψιμαχια

1168 2841 1301 2886 αὐτοῖς
1333 2844 1373 2878 ἐν
1407 2842 1530 2888 ταυτῴ
1566 2837 1655 2877 οὖσι
1689 2842 1844 2901 συμβῇ,
1879 2838 2034 2876 εστειλε.

1168 2896 1234 2928 καὶ
1264 2891 1307 2936 ὃς
1336 2894 1379 2928 ἐκ
1409 2894 1482 2937 μὲν
1509 2892 1579 2937 τῆς
1608 2891 1754 2935 πόλεως
1783 2889 1899 2935 εὐθὺς
1921 2890 2038 2940 ἐξώρ-

1168 2955 1311 2989 μησεν,
1359 2940 1404 2978 οὔ
1443 2945 1575 2988 μέντοι
1608 2944 1674 2977 καὶ
1712 2943 1752 2985 ἐς
1788 2941 1859 2987 τὴν
1895 2943 2037 3001 Συρίαν

1169 2993 1350 3037 ἀφίκετο,
1383 2991 1463 3027 ἀλλ’
1495 2990 1550 3027 ἐτι
1572 2994 1637 3027 καὶ
1659 2992 1806 3037 μᾶλλον
1827 2991 2037 3051 μετριάζων

1169 3045 1293 3080 ἐκεῖσε
1315 3044 1387 3089 μὲν
1409 3042 1500 3086 τοὺς
1516 3041 1831 3092 ὑποστρατήγους
1846 3038 2034 3087 επεμψεν,

1169 3094 1285 3139 αὐτὸς
1308 3095 1349 3130 δὲ
1364 3095 1404 3130 ἐν
1419 3094 1557 3140 Λέσβῳ
1573 3094 1755 3143 διέτριψε.
1781 3093 1902 3128 Vellei.
1920 3095 1953 3136 2,
1970 3094 2032 3128 93:

1169 3149 1243 3181 Post
1263 3148 1358 3180 cuius
1382 3147 1436 3189 (M.
1461 3145 1625 3187 Marcelli)
1649 3145 1774 3178 obitum
1791 3145 1953 3188 Agrippa,
1978 3145 2036 3186 qui

1169 3199 1226 3231 sub
1249 3199 1353 3240 specie
1379 3197 1639 3230 ministeriorum
1663 3196 1903 3238 principalium
1917 3195 2036 3236 profe-

1169 3252 1239 3281 ctus
1260 3249 1295 3281 in
1316 3248 1446 3287 Asiam,
1479 3250 1516 3279 ut
1536 3247 1632 3288 fama
1653 3247 1820 3287 loquitur,
1853 3244 1893 3278 ob
1915 3245 2036 3277 tacitas

1168 3308 1245 3332 cum
1267 3298 1425 3331 Marcello
1448 3298 1639 3338 offensiones
1663 3296 1831 3338 praesenti
1859 3303 1892 3327 se
1913 3294 2037 3327 subdu-

1169 3351 1270 3381 aeerat
1301 3347 1459 3388 tempori,
1491 3355 1643 3379 reversus
1664 3346 1739 3378 inde
1758 3344 1864 3387 filiam
1886 3343 2039 3377 Caesaris

1170 3398 1311 3438 Iuliam,
1343 3405 1445 3438 quam
1474 3396 1510 3429 in
1539 3395 1753 3429 matrimonio
1775 3393 1954 3427 Marcellus
1973 3394 2039 3426 ha-

1170 3448 1303 3489 buerat,
1339 3448 1436 3481 duxit
1463 3455 1624 3487 umorem,
1657 3445 1815 3488 feminam
1841 3453 1945 3487 neque
1976 3444 2039 3480 sibi
