2254 3770
776 296 821 339 P.
854 291 1104 339 CORNELII
1134 294 1303 338 TACITI
1333 290 1601 338 ANNALIUM

298 401 533 446 indulserat
548 402 586 446 ei
603 401 770 445 ludicro
787 402 1012 458 Augustus,
1035 401 1136 445 dum
1153 401 1383 445 Maecenati
1402 401 1669 458 obtemperat
1685 399 1821 444 effuso
1837 399 1878 442 in
1896 412 2086 442 amorem

297 476 500 536 Bathylli3
532 491 673 535 neque
704 477 797 535 ipse
828 476 1087 521 abhorrebat
1116 476 1269 520 talibus
1301 476 1475 526 studiis,
1509 484 1551 519 et
1573 475 1695 519 civile
1717 475 1892 519 rebatur
1917 475 2087 518 misceri

297 551 585 610 voluptatibus
614 552 740 609 vulgi.
774 552 854 595 alia
885 552 1053 596 Tiberio
1084 565 1251 595 morum
1281 552 1368 595 via:
1414 551 1490 595 sed
1521 550 1726 608 populum
1757 565 1835 609 per
1864 557 1924 594 tot
1953 562 2088 593 annos

296 626 480 672 molliter
510 628 698 671 habitum
729 627 919 671 nondum
949 627 1135 671 audebat
1165 627 1217 670 ad
1249 627 1424 670 duriora
1452 633 1634 670 vertere.

264 715 284 745 5
410 703 491 759 (55)
536 704 675 746 Druso
715 704 900 747 Caesare
942 704 986 747 C.
1016 703 1216 747 Norbano
1258 716 1344 746 cos.
1376 702 1620 746 decernitur
1660 702 1911 746 Germanico
1942 701 2090 745 trium-

297 776 407 835 phus
446 785 645 822 manente
684 777 820 831 bello;
862 778 980 836 quod
1010 792 1272 836 quamquam
1310 779 1353 820 in
1390 783 1596 821 aestatem
1637 791 1802 821 summa
1842 781 1924 835 op‘e
1963 789 2088 835 para-

295 853 386 902 bat,
427 853 546 897 initio
576 853 689 897 veris
729 860 771 897 et
810 854 1032 911 repentino
1072 854 1115 896 in
1146 853 1316 898 Chattos
1356 866 1540 897 excursu
1580 854 1811 911 praecepit.
1857 867 1956 896 nam
1986 867 2087 911 spes

295 929 532 980 incesserat
560 928 772 972 dissidere
805 930 970 972 hostem
998 930 1040 972 in
1066 929 1300 972 Arminium
1332 942 1383 972 ac
1413 929 1654 986 Segestem,
1687 928 1895 986 insignem
1924 935 2088 971 utrum-

296 1018 381 1062 que
416 1004 598 1062 perfidia
636 1005 678 1047 in
718 1018 796 1048 nos
833 1011 906 1048 aut
941 1004 1038 1048 fide.
1090 1005 1302 1047 Arminius
1341 1003 1533 1047 turbator
1565 1004 1843 1056 Germaniae3
1884 1004 2086 1062 Segestes

246 1095 282 1124 ιο
295 1080 436 1138 parari
467 1079 746 1124 rebellionem
777 1093 907 1138 saepe
939 1079 1044 1123 alias
1075 1086 1116 1123 et
1146 1093 1348 1137 supremo
1382 1080 1594 1130 convivio,
1627 1086 1724 1137 post
1749 1079 1865 1138 quod
1896 1080 1937 1122 in
1969 1093 2087 1123 arma

295 1155 417 1205 itum,
450 1155 617 1213 aperuit
646 1155 866 1213 suasitque
893 1157 1003 1199 Varo
1034 1162 1081 1198 ut
1110 1169 1157 1199 se
1189 1162 1231 1198 et
1250 1155 1482 1198 Arminium
1510 1162 1552 1198 et
1580 1162 1748 1199 ceteros
1775 1169 1979 1213 proceres
1999 1155 2088 1198 vin-

296 1231 421 1275 ciret:
459 1230 561 1273 nihil
591 1244 793 1274 ausuram
823 1230 994 1289 plebem
1022 1230 1286 1288 principibus
1317 1231 1486 1281 amotis,
1529 1237 1656 1289 atque
1686 1230 1767 1288 ipsi
1797 1236 1966 1289 tempus
1996 1230 2087 1274 sore

295 1320 382 1365 quo
413 1306 590 1351 crimina
620 1312 662 1349 et
692 1306 885 1349 innoxios
916 1306 1191 1350 discerneret.
1238 1305 1315 1350 sed
1345 1307 1481 1350 Varus
1521 1306 1604 1350 sato
1642 1312 1683 1349 et
1711 1306 1752 1348 vi
1783 1306 1942 1349 Armini
1974 1306 2089 1350 ceci-

295 1382 375 1426 dit:
408 1383 627 1441 Segestes,
661 1395 925 1439 quamquam
955 1395 1168 1425 consensu
1195 1382 1332 1439 gentis
1361 1382 1401 1424 in
1422 1380 1581 1424 bellum
1602 1387 1783 1435 tractus,
1811 1381 1978 1425 discors
1998 1393 2088 1425 ma-

245 1457 439 1508 i5nebat,
482 1457 616 1501 auctis
646 1457 844 1515 privatim
872 1456 1004 1508 odiis,
1044 1456 1160 1514 quod
1192 1457 1404 1500 Arminius
1434 1456 1566 1500 filiam
1596 1457 1690 1500 eius
1721 1457 1791 1500 alii
1821 1464 1990 1514 pactam
2020 1470 2088 1500 ra—

294 1540 463 1592 puerat,
502 1546 634 1591 gener
672 1534 833 1576 invisus
873 1532 1031 1576 inimici
1070 1533 1231 1586 soceri3
1272 1546 1473 1591 quaeque
1509 1539 1612 1590 aput
1652 1533 1890 1577 concordes
1919 1532 2088 1576 vincula

299 293 354 337 46

339 1662 392 1695 44.
416 1661 561 1694 vinceret
581 1670 636 1703 pr.
654 1661 688 1695 M
705 1678 741 1683 —
769 1660 822 1694 ⁴3.
847 1661 978 1693 armeni
999 1661 1044 1694 M.
1071 1660 1121 1693 Cf.
1141 1661 1178 1702 2,
1204 1660 1245 1693 88
1271 1659 1361 1702 (his).
1388 1661 1440 1700 44,
1467 1660 1521 1693 46.
1549 1678 1581 1684 -
1610 1660 1663 1693 46,
1688 1669 1789 1702 ρεπεν
1811 1660 1952 1701 invisas,
1976 1660 2087 1693 inimi-

294 1727 351 1752 cus
373 1727 465 1751 socer
485 1718 656 1757 Pichena3
681 1725 782 1759 ρεπεν
804 1717 944 1758 invisus,
969 1717 1123 1750 inimicus
1144 1718 1248 1750 soceri
1271 1715 1486 1759 Nipperdey.

296 1832 411 1873 σφίσι
439 1827 571 1864 πλεῖόν
600 1840 636 1863 τι
665 1827 734 1863 τοῦ
765 1829 1046 1872 νενομισμένου
1070 1826 1166 1862 ἀνα-

294 1881 428 1916 λῶσαι.
452 1900 486 1907 -
511 1882 699 1915 indulserat
720 1882 750 1913 ei
766 1880 906 1922 ludicro]
930 1882 1025 1913 Inter
1040 1890 1165 1914 causas

281 1933 495 1978 ,labefactati
524 1931 693 1975 paulatim
722 1931 804 1964 inde
836 1930 880 1963 ab
908 1933 1063 1973 Augusto
1097 1932 1165 1963 im-

294 1985 383 2028 perii
399 1985 493 2017 hanc
513 1992 654 2025 quoque
675 1982 783 2015 refert
802 1983 1005 2022 Zosimusl‚
1024 1983 1061 2014 6:
1087 1976 1113 2025 η’
1125 1991 1166 2014 τε

293 2033 367 2095 γὰρ
391 2032 634 2092 παντόμιμος
651 2028 813 2091 ὄρχησις
836 2031 876 2065 ἐν
899 2032 1059 2073 ἐκείνοις
1085 2033 1165 2065 εἰσ-

295 2083 402 2129 ήχθη
431 2087 512 2126 τοῖς
540 2081 715 2131 χρόνοις,
752 2079 858 2116 οὔπω
888 2080 1073 2130 πρότερον
1097 2076 1165 2116 ου’-

295 2147 365 2177 σα,
390 2133 570 2169 Πυλάδου
594 2134 660 2167 καὶ
682 2131 886 2166 Βαθύλλου
914 2132 1072 2180 πρώτων
1094 2130 1165 2168 αὗ-

294 2183 366 2230 τῆν
386 2183 650 2229 μετελθόντων
666 2195 702 2216 κ.
718 2193 756 2216 τ.-
753 2182 798 2216 λ.
825 2183 876 2216 Cf.
894 2183 1103 2217 salmasium
1120 2185 1166 2218 ad

294 2236 436 2278 Vopisci
454 2235 621 2268 Carinum
639 2234 691 2266 49.
713 2251 749 2257 -
775 2242 922 2266 amorem
932 2234 1088 2276 Bathylli]
1112 2235 1163 2268 Cf.

294 2284 448 2326 Scaliger
471 2284 517 2317 ad
540 2283 670 2317 Euseb.
697 2293 731 2325 p.
758 2283 834 2316 469.
859 2283 923 2316 Dio
947 2282 1000 2323 54,
1020 2284 1078 2316 47;
1106 2278 1167 2317 ὅτι

293 2333 476 2379 Πυλάδην
504 2330 588 2368 τινὰ
621 2331 819 2381 ὀρχηστὴν
846 2331 908 2366 διὰ
937 2331 1074 2367 στάσιν
1097 2335 1165 2376 (hi-

294 2385 508 2426 strionalem)
528 2382 805 2428 ἐξεληλαμένον
820 2382 1046 2428 κατήγαγεν,
1072 2380 1166 2417 οῦκ-

293 2437 350 2470 έτι
372 2435 526 2469 ἐκείνων
558 2434 686 2476 (legum
718 2442 943 2473 severarum,
980 2442 1068 2475 quas
1097 2435 1165 2466 im-

294 2486 463 2529 probarat
497 2484 676 2528 populus‚)
710 2483 936 2527 ἐμέμνηντο.
974 2479 1066 2517 ὅθεν
1097 2494 1165 2541 περ

294 2533 394 2569 πάνυ
411 2532 546 2576 σοφῶς
562 2530 584 2566 ὁ
600 2531 792 2577 Πυλάδης,
810 2530 1086 2576 ἑπιτιμώμενος
1102 2530 1163 2566 ὑπ’

295 2581 435 2624 αὐτοῦ,
459 2584 541 2618 επεὶ
555 2581 743 2627 Βαθύλλῳ
760 2580 959 2626 ὁμοτέχνῳ
974 2584 1015 2615 τέ
1030 2583 1070 2615 οἱ
1085 2579 1167 2616 όντι

293 2636 358 2669 καὶ
392 2632 443 2679 τῷ
478 2631 694 2677 Μαικηνάτι
728 2629 981 2691 προσήκοντι,
1016 2631 1166 2665 διεστα-

295 2687 443 2728 σίαζεν,
468 2685 586 2717 εἰπεῖν
610 2683 757 2728 λέγεται
773 2679 852 2723 ὅτι,
876 2683 1069 2740 Συμφέρει
1086 2693 1163 2724 σοι,

294 2736 466 2782 Καῖσαρ,
491 2735 576 2781 περὶ
599 2730 702 2777 ἡμᾶς
722 2731 789 2767 τὸν
805 2731 930 2776 δῆμον
945 2728 1165 2780 ἀποδιατρί-

293 2784 446 2826 βεσθαι.
475 2801 511 2808 -
543 2785 639 2817 civile
667 2783 804 2816 rebatur
829 2783 910 2824 cet.]
943 2782 993 2816 Cf.
1019 2785 1162 2817 sueton.

294 2836 416 2869 Octav.
443 2834 497 2868 45.

337 2887 391 2919 55.
423 2886 612 2918 decernitur
640 2885 679 2918 G.
713 2883 910 2926 triumphas]
946 2883 1011 2917 sed
1038 2885 1164 2917 trium-

294 2937 415 2979 phavit
437 2935 584 2969 demum
612 2944 645 2968 a.
671 2935 706 2968 d.
732 2935 803 2967 Vll.
829 2933 901 2967 Kal.
926 2936 1001 2967 Iun.
1028 2943 1060 2968 a.
1086 2936 1160 2969 770.

294 2989 384 3019 Αιιιι.
410 2987 449 3026 2,
473 2984 528 3019 44.
556 3003 593 3008 -
623 2984 765 3026 Chattos]
791 2983 842 3017 Cf.
868 2992 898 3016 c.
924 2984 977 3017 56.
1008 3003 1043 3009 —
1062 2993 1164 3026 prac-

295 3036 388 3078 cepit]
412 3035 615 3078 occupavit,
646 3035 816 3068 maturius
847 3035 990 3076 incepit.
1016 3035 1103 3068 Hist.
1129 3035 1160 3075 3,

295 3087 353 3119 45:
387 3088 422 3119 ni
450 3086 612 3120 Antonius
641 3085 796 3127 festinato
824 3085 954 3125 proelio
987 3086 1165 3118 victoriam

288 3138 518 3178 praecepisset.
548 3153 584 3160 —
615 3134 822 3176 Arminium]
859 3135 1000 3167 Graecis
1030 3135 1163 3176 ubique

296 3188 351 3219 est
369 3182 579 3233 Ἀρμένιος,
605 3185 788 3219 Germanis
812 3186 930 3217 autem
955 3186 1068 3226 poetis
1083 3186 1165 3217 Her—

294 3243 415 3275 maam,
442 3235 537 3277 quod
562 3234 799 3267 Lohensteinii
815 3233 956 3265 videtur
979 3243 1164 3267 commen-

296 3286 387 3324 tum;
413 3285 518 3327 stirps
542 3286 661 3317 autem
684 3284 788 3317 haec:
816 3284 1007 3325 Sigimerus
1030 3284 1161 3325 (Vellei.

295 3334 335 3375 2,
366 3334 454 3375 448.)
487 3336 522 3366 et
552 3335 797 3376 Inguiomerus
827 3333 971 3372 fratres3
1009 3334 1168 3375 Sigimeri

297 3382 357 3416 filii
380 3382 468 3423 duo,
499 3384 678 3417 Arminius
705 3384 819 3426 (cuius
842 3391 931 3415 uxor
954 3382 1166 3423 Thusnelda,

299 3433 452 3475 Segestis
482 3432 570 3473 fllia,
602 3433 693 3467 filius
716 3432 954 3475 Thumelicus)
986 3434 1023 3466 et
1044 3432 1169 3466 Flavus

1217 1830 1330 1872 (cuius
1367 1838 1456 1861 uxor
1486 1827 1554 1861 filia
1588 1829 1786 1869 Actumeri,
1822 1828 1913 1863 filius
1946 1829 2086 1864 Italicus

1216 1882 1305 1913 Ann.
1324 1880 1377 1920 44,
1398 1880 1463 1920 46).
1491 1880 1540 1912 Ex
1557 1878 1664 1912 altera
1689 1882 1786 1922 parte
1807 1881 1972 1922 Segestes
1991 1881 2087 1914 eius-

1216 1939 1285 1971 que
1317 1929 1425 1962 frater
1455 1929 1656 1970 Segimerus
1686 1931 1726 1962 A.
1757 1931 1788 1970 4,
1820 1930 1874 1963 74.
1908 1930 2086 1972 (diversus

1214 1981 1335 2022 utique
1360 1989 1378 2012 a
1402 1979 1523 2012 Velleii
1547 1980 1736 2021 Sigimero‚
1763 1981 1828 2013 nisi
1850 1989 1936 2013 vero
1958 1982 1994 2014 in
2018 1982 2087 2014 hoc

1215 2032 1387 2073 scriptore
1404 2029 1488 2063 latet
1503 2031 1633 2071 error);
1660 2031 1813 2072 Segestis
1830 2031 1888 2063 filii
1905 2033 2088 2073 Segimun-

1216 2081 1282 2115 dus
1313 2083 1348 2113 et
1375 2080 1592 2120 Thusnelda,
1626 2082 1796 2123 Segimeri
1827 2091 1846 2114 a
1870 2083 1988 2115 Tacito
2013 2092 2088 2116 me-

1216 2132 1340 2165 morati
1357 2131 1447 2165 filius
1464 2132 1665 2165 Sesithacus
1689 2132 1864 2174 huiusque
1887 2141 1977 2166 uxor
1991 2134 2086 2167 Rha-

1215 2184 1300 2223 mis,
1325 2183 1540 2224 Ucromiri(l)
1566 2182 1654 2221 filia;
1686 2191 1777 2224 quae
1808 2183 1873 2216 tria
1902 2186 2085 2226 postrema

1215 2233 1358 2265 nomina
1382 2232 1486 2265 nobis
1502 2233 1656 2265 servavit
1671 2232 1796 2265 Strabo
1811 2234 1843 2273 ’7,
1864 2234 1894 2274 4,
1913 2233 1945 2267 4.
1971 2235 2085 2269 Thus-

1216 2282 1341 2316 neldae
1373 2291 1503 2314 nomen
1531 2283 1780 2315 Germanicum
1819 2283 1926 2317 fuisse
1963 2285 2086 2317 Thars-

1214 2334 1306 2365 hilda
1320 2331 1374 2365 vel
1394 2332 1586 2365 Thu-sshilda
1600 2331 1657 2365 vel
1675 2333 1908 2366 Tharsinliilda
1923 2335 2087 2377 opinatur

1216 2384 1348 2415 Grimm
1370 2383 1571 2424 Mylholoyle
1602 2382 1658 2415 ed.
1684 2381 1741 2415 alt.
1761 2392 1794 2425 p.
1813 2382 1888 2416 488.
1904 2401 1942 2408 -
1967 2385 2087 2418 turba-

1214 2436 1268 2465 tor
1291 2431 1501 2473 Germaniae]
1527 2434 1613 2464 erat.
1639 2432 1772 2465 Eadem
1789 2434 1956 2467 orationis
1973 2434 2085 2468 forma

1215 2491 1300 2516 usus
1324 2484 1379 2516 est
1402 2483 1453 2522 45,
1480 2482 1541 2515 45:
1566 2483 1623 2515 Ille
1645 2483 1782 2515 libertus
1805 2485 1999 2526 cuicumque
2018 2487 2087 2529 tla-

1214 2535 1296 2575 9itio
1321 2535 1514 2573 promptas;
1544 2532 1598 2566 hic
1614 2550 1632 2557 -
1648 2550 1666 2556 —
1687 2534 1856 2567 induerat.
1894 2535 1946 2568 Cf.
1971 2535 2004 2576 4,
2029 2536 2084 2570 28.

1216 2584 1301 2616 Hist.
1327 2583 1356 2621 4,
1376 2581 1429 2614 43.
1449 2599 1484 2604 -
1511 2582 1658 2624 Segestes
1674 2585 1798 2624 parari
1819 2584 2086 2618 rebellionem--

1215 2630 1362 2673 aperuit]
1389 2630 1438 2664 Cf.
1461 2631 1578 2664 Vellei.
1598 2633 1630 2672 2,
1657 2633 1732 2666 448.
1758 2632 1878 2667 Florus
1895 2633 1927 2674 4,
1947 2635 2000 2676 ⁴2,
2022 2635 2084 2669 33:

1214 2685 1311 2714 tanta
1333 2684 1406 2714 erat
1431 2681 1518 2713 Varo
1538 2682 1634 2722 pacis
1653 2682 1798 2724 fiducia,
1831 2685 1869 2714 ul
1890 2692 1931 2716 ne
1951 2685 2088 2724 prodita

1215 2733 1345 2773 quidem
1378 2738 1441 2771 per
1474 2731 1636 2772 Segestem
1673 2733 1902 2765 coniuratione
1938 2742 2086 2767 commo-

1213 2785 1357 2815 veretur.
1391 2782 1467 2823 (Dio
1490 2782 1550 2821 56,
1576 2781 1635 2814 ⁴9:
1667 2775 1769 2824 ἦσαν
1791 2780 1832 2815 δὲ
1856 2783 1897 2815 οἱ
1916 2781 2086 2826 μάλιστα

1215 2829 1502 2875 συνομόσαντες
1534 2832 1599 2864 καὶ
1634 2829 1797 2878 ἀρχηγοὶ
1830 2832 1899 2876 τῆς
1930 2844 1969 2867 τε
2003 2834 2085 2869 ἐπι-

1213 2882 1359 2927 βουλῆς
1381 2882 1447 2915 καὶ
1468 2880 1537 2915 τοῦ
1554 2880 1725 2925 πολέμου
1742 2881 1942 2927 γενόμενοι
1956 2881 2085 2932 Ἀρμέ-

1213 2944 1296 2976 νιος
1330 2933 1395 2966 zoa
1425 2932 1657 2979 Σηγίμερος,
1694 2931 1874 2975 συνόντες
1907 2945 1947 2968 τε
1979 2933 2083 2980 αὐτῷ

1215 2986 1328 3027 (Varo)
1347 2980 1408 3017 ἀεὶ
1422 2984 1488 3016 καὶ
1504 2981 1802 3026 συνεστιώμενοι
1817 2984 2025 3029 πολλάκις.)
2044 3004 2080 3010 -

1214 3036 1358 3070 crimina
1386 3037 1418 3067 et
1445 3033 1612 3076 innooeios]
1639 3035 1760 3067 sontes
1784 3035 1829 3068 ab
1853 3036 2014 3070 innoxiis.
2043 3052 2079 3061 —

1213 3086 1269 3118 sed
1295 3086 1403 3118 Varus
1422 3085 1494 3127 fato
1508 3102 1526 3109 -
1541 3102 1557 3109 -
1575 3084 1701 3125 cecidit]
1725 3083 1878 3119 Velleius
1901 3085 1923 3119 l.
1949 3085 1991 3119 l.:
2023 3086 2083 3118 ob—

1214 3135 1346 3168 stabant
1373 3136 1443 3167 iam
1480 3135 1556 3176 fata
1582 3135 1729 3168 consiliis
1758 3143 1949 3176 omnemque
1978 3137 2082 3169 animi

1213 3188 1285 3219 eius
1306 3187 1413 3218 aciem
1427 3185 1738 3226 praestrinxerant.
1765 3202 1801 3207 —
1835 3194 1935 3227 qener-
1955 3187 2085 3219 invisus

1212 3237 1340 3270 inimici
1362 3236 1478 3278 soceri]
1503 3236 1553 3268 Ita
1577 3235 1738 3276 coniungi
1766 3236 1855 3269 haec
1876 3236 1988 3269 verba
2011 3235 2084 3278 ple-

1214 3287 1332 3328 risque
1355 3287 1515 3328 ineptum
1537 3285 1653 3318 visum
1677 3286 1747 3324 est.
1778 3286 1859 3327 quia
1884 3295 1948 3328 per
1970 3294 2009 3319 se
2032 3287 2084 3319 in-

1214 3334 1388 3377 telligatur
1416 3343 1548 3377 genero
1579 3334 1690 3367 inviso
1720 3334 1902 3368 inimicum
1926 3344 2005 3369 esse
2029 3343 2086 3369 so-

1214 3392 1348 3417 cerum.
1380 3385 1495 3423 Quare
1520 3383 1590 3416 du'o
1606 3381 1768 3416 membra
1785 3386 1960 3418 statuunt:
1985 3393 2086 3427 gener

1211 3433 1359 3474 invisus,
1390 3433 1521 3466 inimici
1543 3433 1667 3473 soceri,
1698 3433 1738 3465 ut
1759 3434 1805 3467 sit
1826 3441 1937 3477 gener
1958 3441 2085 3468 socero
