2254 3770
290 276 374 322 248

769 285 812 327 Ρ.
845 282 1096 328 CORNELII
1125 282 1295 328 TACITI
1324 283 1592 330 ANNALIUM

289 391 560 438 antevenere,
590 403 670 447 pro
701 388 834 446 gratia
864 388 1010 433 odium
1042 388 1247 433 redditur.
1290 389 1372 446 (49)
1403 395 1495 434 erat
1522 404 1632 434 uxor
1661 390 1763 435 Silio
1794 390 1917 435 Sosia
1947 389 2076 443 Galla,

290 461 464 506 caritate
493 464 751 522 Agrippinae
781 463 917 507 invisa
945 464 1141 523 principi.
1188 464 1266 508 hos
1287 464 1456 523 corripi,
1489 464 1617 509 dilato
1643 465 1696 509 ad
1717 472 1886 525 tempus
1907 464 2076 518 Sabino,

288 536 509 595 placitum;
545 538 836 596 inmissusque
870 540 1002 584 Varro
1033 540 1200 591 consul,
1238 539 1312 598 qui
1341 545 1541 597 paternas
1572 539 1812 586 inimicitias
1841 540 2079 585 obtendens

288 611 398 657 odiis
421 613 564 657 Seiani
594 627 673 672 per
697 613 890 658 dedecus
921 628 1047 658 suum
1075 614 1402 673 gratificabatur.
1447 621 1648 673 precante
1676 629 1753 660 reo
1783 616 1959 661 brevem
1989 629 2080 661 mo-

257 693 396 738 5ram,
436 688 538 731 dum
578 695 804 732 accusator
842 689 1065 733 consulatu
1101 690 1255 740 abiret,
1298 690 1551 734 adversatus
1590 696 1656 735 est
1684 691 1864 735 Caesar:
1910 691 2080 735 solitum

288 762 449 821 quippe
488 762 804 820 magistratibus
842 763 957 808 diem
997 765 1171 823 privatis
1209 765 1375 818 dicere3
1419 779 1501 810 nec
1538 765 1851 824 infringendum
1891 766 2080 811 consulis

287 837 371 890 ius,
412 838 536 882 cuius
574 838 728 896 vigiliis
766 839 973 883 niteretur
1011 854 1064 884 ne
1103 840 1219 899 quod
1261 855 1331 885 res
1361 840 1532 898 publica
1562 840 1862 885 detrimentum
1892 848 2079 899 caperet.

286 913 509 970 proprium
545 913 589 956 id
627 913 795 958 Tiberio
825 914 900 958 suit
929 915 1093 959 scelera
1128 929 1267 973 nuper
1303 922 1475 974 reperta
1504 916 1657 973 priscis
1686 916 1832 960 verbis
1862 916 2080 974 obtegere.

286 987 414 1045 igitur
453 987 584 1031 multa
619 988 960 1040 adseveratione,
998 991 1123 1048 quasi
1165 997 1237 1033 aut
1274 990 1442 1048 legibus
1472 1005 1569 1035 cum
1608 990 1711 1035 Silio
1751 997 1966 1048 ageretur,
2009 997 2083 1036 aut

239 1071 275 1102 ιο
288 1063 419 1107 Varro
441 1062 590 1107 consul
620 1071 692 1107 aut
721 1063 812 1108 illut
841 1078 911 1108 res
940 1064 1113 1123 publica
1134 1072 1260 1115 esset,
1293 1072 1502 1122 coguntur
1525 1072 1681 1124 patres.
1712 1066 1863 1110 silente
1893 1080 1969 1111 reo
1999 1066 2079 1118 vel,

288 1138 324 1182 si
349 1137 644 1182 defensionem
665 1146 894 1197 coaptaret,
927 1154 1010 1183 non
1032 1140 1269 1185 occultante
1291 1141 1413 1185 cuius
1434 1142 1496 1185 ira
1516 1148 1794 1199 premeretur,
1821 1141 2082 1186 conscientia

287 1212 388 1257 belli
417 1214 619 1258 Sacrovir
646 1213 718 1258 diu
749 1214 1057 1265 dissimulatus,
1100 1216 1278 1260 victoria
1315 1231 1395 1274 per
1429 1217 1649 1261 avaritiam
1684 1216 1869 1267 foedata,
1902 1223 1945 1260 et
1972 1231 2082 1261 uxor

288 1289 413 1333 Sosia
442 1289 741 1347 arguebantur.
784 1304 864 1334 nec
893 1290 1024 1335 dubie
1061 1291 1397 1349 repetundarum
1427 1292 1674 1337 criminibus
1710 1291 1964 1345 haerebant;
2002 1292 2081 1337 sed

286 1370 439 1408 cuncta
459 1365 712 1423 quaestione
745 1366 976 1409 maiestatis
1006 1367 1203 1412 exercita.
1238 1374 1279 1411 et
1299 1367 1426 1411 Silius
1457 1367 1747 1411 imminentem
1767 1367 2082 1412 damnationem

237 1439 523 1484 involuntario
553 1439 637 1484 fine
668 1441 910 1498 praevertit.
959 1442 1040 1498 (20)
1073 1442 1281 1485 saevitum
1311 1449 1450 1486 tamen
1480 1443 1523 1485 in
1555 1442 1684 1493 bona,
1729 1457 1812 1487 non
1847 1449 1893 1486 ut
1922 1444 2082 1502 stipen-

286 1515 432 1559 diariis
469 1516 678 1574 pecuniae
721 1516 1022 1567 redderentur,
1065 1531 1251 1574 quorum
1286 1531 1410 1562 nemo
1451 1518 1692 1576 repetebat3
1731 1518 1809 1562 sed
1848 1517 2079 1563 liberalitas

285 1591 461 1648 Augusti
501 1592 666 1640 avulsa,
706 1592 944 1649 conputatis
985 1592 1227 1649 singillatim
1257 1607 1369 1651 quae
1400 1593 1504 1637 fisco
1542 1593 1808 1651 petebantur.
1854 1608 1906 1638 ea
1943 1594 2081 1652 prima

285 1667 452 1710 Tiberio
483 1680 585 1724 erga
623 1667 851 1725 pecuniam
887 1666 1069 1711 alienam
1099 1667 1315 1726 diligentia
1345 1668 1431 1711 fuit.
1478 1669 1602 1713 Sosia
1638 1669 1679 1712 in
1710 1668 1882 1713 exilium
1910 1669 2083 1727 pellitur

286 1742 416 1786 Asinii
448 1742 553 1786 Galli
585 1743 810 1793 sententia,
843 1742 917 1801 qui
947 1749 1114 1801 partem
1145 1743 1356 1787 bonorum
1386 1743 1697 1802 publicandam,
1729 1758 1831 1802 pars
1861 1751 1907 1788 ut
1935 1744 2080 1789 liberis

234 1817 617 1876 20relinqueretur.
658 1824 896 1862 censuerat.
942 1826 1089 1862 contra
1124 1818 1185 1861 Μ’.

1217 1819 1404 1876 Lepidus
1435 1826 1631 1882 quartam
1659 1819 1981 1864 accusatoribus
2011 1825 2080 1864 se-

285 1893 475 1937 cundum
503 1893 865 1938 necessitudinem
893 1893 1009 1952 legis,
1043 1900 1185 1938 cetera
1206 1894 1352 1938 liberis
1372 1895 1597 1939 concessit.
1635 1894 1748 1939 hunc
1768 1909 1849 1953 ego
1870 1895 2080 1953 Lepidum

350 2035 382 2067 3.
401 2030 487 2067 coris.
506 2035 538 2067 M
559 2051 591 2058 -
613 2032 644 2067 4.
663 2033 770 2075 suum]
796 2042 868 2066 sum
883 2042 936 2075 pr.
955 2034 988 2066 M
1007 2052 1043 2057 -
1058 2036 1239 2074 praecaute
1250 2042 1303 2076 pr.
1319 2035 1354 2068 M
1371 2053 1405 2057 —
1425 2034 1456 2067 8.
1476 2043 1540 2075 quo
1561 2035 1675 2075 prium
1694 2035 1727 2068 M
1744 2035 1929 2077 (proprium
1945 2036 2078 2078 margo)

287 2109 321 2114 —
349 2092 402 2124 40.
424 2094 554 2132 patres,
579 2091 690 2123 silente
712 2099 770 2122 reo
786 2107 835 2114 --
845 2094 1064 2131 premeretur.
1091 2090 1297 2124 Conscientia
1313 2090 1530 2132 distinguunt
1545 2091 1674 2131 Ritter,
1698 2090 1923 2134 Nipperdey,
1949 2091 2076 2126 Haase.

289 2164 324 2171 -
351 2147 403 2179 43.
428 2148 518 2180 socia
540 2148 575 2180 h.
601 2146 623 2179 l.
650 2155 703 2188 pr.
730 2147 774 2179 M.

287 2266 505 2310 principatus
540 2266 593 2298 sui
632 2264 862 2308 splendorem
901 2267 936 2298 et
973 2265 1156 2299 obscurari

286 2319 383 2351 tanto
408 2316 478 2349 Silii
501 2317 638 2350 merito.
662 2335 693 2341 —
719 2326 783 2358 pro
806 2318 922 2358 qratia
944 2317 1058 2350 odium
1079 2318 1157 2350 red-

287 2367 390 2410 ditur]
415 2369 550 2400 Seneca
575 2368 635 2409 Ep.
663 2368 716 2407 49,
735 2369 770 2399 44
794 2377 801 2398 .-
831 2368 975 2408 Quidam
998 2377 1062 2409 quo
1079 2369 1159 2409 plus

288 2419 418 2458 debent,
443 2421 552 2460 magis
574 2419 724 2451 oderunt.
760 2420 842 2451 Leve
866 2428 922 2451 aes
944 2420 1090 2451 alienum
1106 2420 1158 2451 de-

289 2469 426 2502 bitorem
447 2469 546 2509 facit,
571 2477 676 2510 grave
698 2469 882 2501 inimicum,

333 2519 385 2552 49.
410 2520 514 2552 dilato
536 2520 581 2551 ad
595 2523 719 2560 tempus
733 2519 868 2561 Sabino]
894 2519 980 2552 Vide
999 2528 1029 2552 c.
1049 2519 1101 2552 68.
1117 2536 1153 2543 —

282 2574 445 2611 paternas
465 2570 673 2611 inimicitias]
703 2570 754 2603 Cf.
781 2570 812 2610 3,
838 2570 879 2603 43
904 2571 991 2603 extr.
1017 2589 1060 2595 -
1080 2571 1156 2612 pri-

287 2623 350 2654 scis
371 2620 479 2653 verbis
501 2620 658 2662 obtegere]
689 2620 739 2652 Cf.
768 2621 798 2659 4,
825 2621 878 2652 72.
906 2620 937 2659 4,
963 2621 1016 2653 70.
1042 2621 1074 2659 6,-
1100 2620 1154 2653 24.

288 2671 361 2704 Hoc
383 2669 461 2703 loco
486 2670 628 2712 respicit
652 2671 687 2702 et
710 2669 753 2701 ad
777 2670 932 2711 vigiliam
950 2670 1158 2702 consularem

289 2721 373 2763 (Cic.
398 2719 545 2761 Philipp.
565 2721 596 2759 4,
616 2719 645 2760 4)
672 2721 707 2751 et
729 2719 774 2751 ad
798 2719 985 2752 formulam
1010 2720 1158 2754 hisver-

287 2770 342 2803 bis
367 2771 596 2811 conceptam:
629 2770 747 2801 darent
769 2778 905 2809 operam
929 2769 1091 2808 consules,
1117 2778 1157 2801 ne

288 2821 368 2862 quid
399 2828 453 2852 res
478 2818 616 2860 publica
648 2820 833 2852 detrimenti
856 2819 981 2860 capiat.
1017 2818 1153 2851 Sallust.

289 2869 388 2904 Catil.
413 2869 466 2902 29.
501 2870 632 2901 Caesar
655 2870 692 2902 B.
720 2870 758 2902 C.
786 2870 816 2909 4,
842 2871 874 2903 5.
903 2887 936 2892 —-
963 2870 1070 2902 multa
1092 2869 1156 2901 ad-

287 2919 501 2962 severatione]
527 2919 576 2952 Cf.
603 2920 641 2959 2,
667 2920 720 2952 34.
746 2919 784 2959 t,
806 2919 860 2952 42.
886 2920 923 2959 6,
941 2920 973 2952 Ξ.
999 2920 1060 2952 Est
1076 2928 1157 2960 gra-

288 2971 393 3004 vitate
422 2968 477 3002 illa
511 2968 691 3009 simulata,
728 2969 793 3001 sed
824 2971 1049 3011 exaggerata,
1085 2977 1155 3010 qua

288 3020 451 3064 quemvis
475 3021 558 3052 tunc
581 3019 680 3052 facile
702 3019 924 3052 instruebant
939 3019 1157 3053 declamato—

287 3080 367 3104 rum
392 3069 547 3104 scholae.
575 3087 610 3093 —
642 3072 703 3102 aut
728 3070 834 3101 Varro
857 3070 992 3111 consul]
1016 3071 1090 3102 iure
1115 3078 1155 3102 ac

286 3122 448 3155 libertate
473 3119 628 3154 consulis
650 3121 782 3153 veteris
797 3121 848 3152 rei
869 3120 1031 3162 publicae
1057 3129 1157 3163 prae-

288 3173 401 3212 ditus,
427 3180 547 3205 amara
570 3171 692 3203 ironia.
717 3188 753 3193 —
781 3174 842 3202 aut
864 3171 949 3212 illut]
974 3173 1033 3203 aut
1057 3171 1156 3212 quasi

288 3222 344 3255 ille
374 3231 494 3255 rerum
518 3222 630 3254 status
656 3218 765 3252 libera
793 3222 889 3252 esset
911 3229 968 3253 res
993 3219 1154 3262 publica;

288 3273 356 3304 hoc
384 3280 525 3313 quoque
554 3278 636 3303 cum
661 3270 876 3310 contemptu.
899 3287 934 3292 —
961 3270 1158 3302 conscientia

288 3319 594 3362 --dissimulatusJ
631 3321 680 3352 De
712 3327 750 3351 re
783 3318 826 3350 ci.
853 3318 885 3358 3,
911 3318 964 3351 44.
1001 3337 1036 3342 -
1068 3327 1158 3350 uoeor

288 3370 398 3411 Sosia]
435 3369 568 3402 scilicet
598 3377 723 3412 parum
747 3368 900 3400 coercita
924 3368 959 3399 et
982 3367 1156 3409 prohibita

289 3418 334 3452 ab
358 3418 421 3453 illis
446 3419 598 3461 deliciis,
623 3427 715 3461 quae
739 3418 852 3460 arguit
876 3418 1027 3451 Caecina
1049 3417 1080 3458 3,
1101 3418 1154 3451 33.

1251 2266 1305 2299 ΞΟ.
1324 2266 1445 2308 tamen]
1462 2266 1583 2299 contra
1601 2275 1737 2300 morem
1755 2266 1963 2300 institutum.
1990 2267 2077 2300 Nam

1207 2325 1339 2357 eorwm,
1364 2318 1422 2358 qui
1445 2318 1483 2349 de
1506 2326 1538 2349 se
1561 2317 1749 2349 statuebant
1773 2318 1805 2357 (i.
1825 2326 1857 2349 e.
1875 2318 1935 2360 qui
1958 2317 2079 2350 immi-

1208 2368 1350 2399 nentem
1376 2367 1641 2399 damnationem
1658 2366 1853 2400 voluntario
1877 2367 1947 2400 fine
1971 2376 2078 2410 prae,-

1207 2418 1424 2458 vertebant),
1454 2416 1681 2450 humabantur
1703 2426 1863 2459 corpora,
1899 2418 2082 2451 manebant

1206 2471 1418 2508 testamenta,
1441 2469 1586 2509 pretium
1606 2469 1786 2511 festinandi
1812 2468 1854 2510 (6,
1879 2467 1947 2509 29).
1976 2486 2012 2492 -
2040 2470 2079 2502 in

1207 2518 1303 2560 bona]
1330 2518 1436 2550 etiam
1460 2518 1493 2550 in
1518 2518 1689 2560 effigiem,
1712 2526 1803 2559 quae
1827 2519 1970 2551 senatus
1995 2526 2079 2551 con-

1207 2566 1297 2599 sulto
1321 2566 1448 2599 abolita
1474 2569 1545 2606 est;
1570 2568 1650 2601 vide
1677 2568 1729 2607 44,
1755 2567 1807 2600 35.
1833 2585 1869 2590 —
1894 2567 2078 2608 stipendia·

1205 2617 1277 2659 riis]
1303 2616 1406 2650 Gallis
1429 2617 1722 2659 provincialibus,
1749 2625 1839 2658 quos
1866 2616 2079 2649 exhauserat

1207 2666 1320 2699 Silius.
1356 2686 1391 2691 —
1424 2667 1608 2700 liberalitas
1637 2667 1776 2709 Auyusti
1808 2666 1944 2708 avulsa]
1977 2666 2077 2699 Fisco

1206 2717 1312 2758 petita
1337 2718 1420 2750 sunt
1442 2716 1553 2758 dona,
1580 2725 1671 2759 quae
1687 2717 1862 2757 Augustus
1884 2716 1918 2748 in
1941 2714 2074 2756 Silium,

1207 2768 1399 2807 hominem,
1418 2769 1456 2799 ut
1472 2768 1541 2799 iam
1563 2765 1875 2809 praetendebatur,
1901 2767 2076 2808 ingratum

1207 2816 1415 2857 contulerat,
1434 2817 1632 2859 singillatim
1649 2818 1815 2849 accurata
1828 2817 1961 2849 ratione
1979 2817 2074 2857 inita,

1207 2877 1297 2909 quae
1316 2867 1464 2900 diversis
1481 2867 1700 2910 temporibus
1717 2867 1924 2908 accepisset,
1944 2868 1982 2899 ut
1994 2876 2078 2900 con-

1207 2919 1316 2951 staret
1339 2917 1383 2950 de
1408 2927 1567 2956 summa,
1599 2925 1690 2959 quae
1714 2917 1800 2949 fisco
1824 2917 2073 2950 vindicaretur.

1208 2969 1375 3001 Ceterum
1409 2969 1517 3000 utitur
1550 2967 1661 3000 verbo
1695 2967 1879 2999 liberalitas
1911 2976 1953 3000 ex
1989 2975 2075 3000 suae

1207 3019 1330 3051 aetatis
1354 3017 1622 3051 consuetudine.
1656 3018 1803 3060 Sueten.
1826 3016 1900 3050 Tib.
1919 3016 1980 3051 46:
2006 3027 2076 3051 una

1205 3069 1301 3101 modo
1330 3068 1529 3102 liberalitate
1557 3066 1765 3108 (donatione)
1802 3068 1937 3100 comiter
1955 3076 2075 3108 prose—

1206 3123 1313 3153 cutus.
1342 3137 1377 3142 -
1410 3128 1450 3151 ea
1476 3119 1592 3160 prima
1615 3117 1696 3160 cet]
1728 3119 1839 3150 Antea
1871 3118 1963 3151 enim
1995 3119 2076 3151 satis

1204 3171 1322 3211 firmus
1356 3170 1431 3202 erat
1464 3169 1640 3202 adversum
1662 3168 1841 3210 pecuniam
1871 3168 1914 3209 (3,
1941 3167 2005 3208 48).
2035 3186 2071 3192 -

1207 3219 1389 3262 diliyentia]
1421 3218 1651 3257 illiberalitas,
1683 3218 1877 3251 Knauserei.
1908 3235 1942 3242 --
1966 3217 2074 3252 Asinii

1208 3269 1313 3311 Galli]
1340 3269 1389 3302 Cf.
1415 3270 1446 3308 4,
1468 3269 1518 3301 43.
1540 3287 1575 3292 --
1600 3269 1659 3301 Μ’.
1683 3267 1834 3309 Lepidus]
1858 3267 1945 3300 Vide
1969 3267 2015 3300 ad
2038 3267 2070 3313 3,

1207 3321 1261 3353 35.
1291 3338 1323 3344 -
1351 3319 1441 3361 legis]
1466 3318 1571 3351 Iuliae
1596 3318 1639 3351 de
1665 3318 1858 3351 maiestate.
1885 3318 2072 3352 Suetonius

1207 3369 1281 3402 Tib.
1307 3369 1342 3400 64
1373 3370 1407 3401 et
1430 3369 1493 3401 Dio
1517 3369 1570 3409 57,
1596 3367 1637 3400 49
1667 3375 1794 3409 magna
1825 3368 2072 3400 accusatorum

1206 3419 1362 3461 praemia
1393 3418 1612 3456 memorant;
1643 3416 1814 3459 Iosephus
1837 3416 1891 3457 49,
1915 3417 1936 3449 2
1966 3416 2073 3450 tradit
