2254 3770
743 310 898 355 LIBER
925 309 1034 354 xm.
1078 280 1180 365 cap.
1209 307 1276 351 ιι.
1307 307 1375 351 ⁴5.
1865 310 1940 354 ιοι

163 422 264 466 tiam
303 419 431 464 modo
469 418 604 476 ipsius
639 417 845 468 indolem,
889 416 972 460 levi
1008 414 1185 473 quidem
1224 415 1517 472 experimento
1554 429 1694 474 nuper
1722 417 1945 475 cognitam,

165 510 252 555 quo
281 502 420 540 tamen
451 493 640 537 favorem
670 492 751 536 late
781 491 1077 551 quaesivisset.
1108 489 1226 533 festis
1257 491 1439 534 Saturno
1460 490 1614 535 diebus
1644 492 1753 536 inter
1772 491 1855 536 alia
1874 507 1948 537 ae-

165 570 355 630 qualium
383 569 547 613 ludicra
577 582 756 626 regnum
785 567 883 610 lusu
912 566 1178 610 sortientium
1209 573 1411 610 evenerat
1430 580 1481 610 ea
1502 581 1598 610 sors
1621 568 1791 611 Neroni.
1822 567 1950 625 igitur

167 646 320 691 ceteris
349 644 521 688 diversa
549 657 631 687 nec
655 644 858 687 ruborem
877 641 1076 685 allatura:
1106 640 1181 684 ubi
1201 641 1442 685 Britannico
1462 642 1586 686 iussit
1604 650 1832 700 exurgeret
1851 657 1950 700 pro-

166 733 428 779 gressusque
457 720 500 762 in
529 718 716 762 medium
748 724 917 762 cantum
946 717 1132 775 aliquem
1161 715 1390 773 inciperet,
1422 716 1601 761 inrisum
1620 732 1673 762 ex
1694 731 1748 761 eo
1773 732 1983 777 speranse

167 796 291 855 pueri
319 795 489 839 sobrios
518 807 694 852 quoque
723 793 964 843 convictus,
997 792 1156 836 nedum
1185 790 1440 835 temulentos
1470 793 1720 850 ignorantis,
1755 794 1822 838 ille
1850 809 1953 839 con-

167 878 328 915 stanter
353 883 534 914 exorsus
555 876 620 913 est
644 882 828 918 carmen,
851 881 939 926 quo
960 866 1176 911 evolutum
1197 880 1297 910 eum
1317 867 1421 911 sede
1441 869 1578 925 patria
1598 869 1816 927 rebusque
1838 884 1955 914 sum-

169 947 248 991 mis
277 945 608 1004 significabatur.
638 943 754 987 unde
784 950 876 987 orta
904 943 1124 986 miseratio
1145 942 1422 993 manifestior,
1455 944 1557 1002 quia
1576 943 1955 990 dissimulationem

169 1037 254 1066 nox
282 1029 326 1066 et
353 1020 530 1065 lascivia
558 1025 788 1064 exemerat.
817 1020 931 1063 Nero
963 1017 1176 1062 intellecta
1206 1018 1364 1062 invidia
1396 1019 1541 1062 odium
1571 1021 1770 1073 intendit3
1803 1035 1959 1079 urgen-

169 1098 370 1155 tibusque
407 1096 663 1154 Agrippinae
703 1094 851 1145 minis,
890 1094 992 1152 quia
1032 1092 1194 1137 nullum
1230 1094 1391 1137 crimen
1429 1108 1572 1153 neque
1601 1096 1752 1140 iubere
1782 1097 1960 1141 caedem
1974 1109 2010 1139 ιο

170 1173 309 1217 fratris
344 1171 486 1229 palam
514 1170 719 1222 audebat,
762 1168 928 1214 occulta
956 1167 1129 1212 molitur
1166 1170 1396 1227 pararique
1425 1184 1639 1214 venenum
1668 1171 1806 1223 iubet,
1838 1173 1962 1215 mini-

173 1256 260 1293 stro
298 1246 489 1292 Pollione
524 1246 646 1297 Iulio,
687 1245 929 1303 praetoriae
972 1244 1159 1288 cohortis
1195 1244 1383 1296 tribuno,
1421 1246 1545 1289 cuius
1574 1260 1679 1291 cura
1707 1248 1963 1292 attinebatur

175 1325 373 1368 damnata
402 1322 597 1367 veneficii
629 1321 800 1365 nomine
830 1321 1032 1371 Locusta,
1062 1319 1193 1363 multa
1223 1320 1436 1364 scelerum
1464 1321 1587 1365 fama.
1617 1336 1715 1366 nam
1745 1329 1792 1365 ut
1818 1324 1975 1381 proxi-.

175 1413 270 1443 mus
299 1398 484 1457 quisque
515 1397 756 1441 Britannico
786 1409 927 1454 neque
957 1395 1020 1439 fas
1050 1410 1192 1453 neque
1211 1395 1342 1439 fidem
1367 1397 1491 1454 pensi
1512 1396 1709 1449 haberet,
1742 1397 1843 1442 olim
1862 1414 1964 1457 pro-

176 1475 315 1518 visum
343 1481 447 1517 erat.
491 1473 677 1531 primum
704 1485 918 1515 venenum
947 1471 1000 1514 ab
1031 1471 1136 1528 ipsis
1159 1471 1464 1515 educatoribus
1484 1473 1667 1530 accepit,
1697 1474 1963 1532 tramisitque
1978 1485 2014 1514 ⁴5

177 1549 370 1594 exsoluta
398 1548 493 1592 alvo
523 1562 674 1606 parum
704 1546 910 1598 validum,
941 1546 1033 1589 sive
1063 1554 1446 1604 temperamentum
1474 1548 1611 1592 inerat
1635 1563 1690 1593 ne
1710 1550 1851 1593 statim
1869 1564 1965 1594 sae-

180 1626 296 1669 viret.
328 1624 404 1669 sed
431 1625 545 1667 Nero
565 1623 666 1667 lenti
681 1621 864 1666 'sceleris
888 1621 1098 1679 inpatiens
1118 1621 1302 1665 minitari
1320 1622 1505 1675 tribuno,
1537 1622 1687 1669 iubere
1707 1625 1964 1683 supplicium

180 1700 420 1751 veneficae,
451 1698 568 1757 quod
589 1697 692 1741 dum
711 1711 927 1741 rumorem
948 1697 1198 1755 respiciunt,
1231 1697 1334 1741 dum
1353 1705 1506 1756 parant
1524 1699 1808 1753 defensiones,
1840 1714 1966 1746 secu—

183 1778 350 1821 ritatem
378 1781 660 1819 morarentur.
700 1772 1042 1831 promittentibus
1072 1772 1171 1816 dein
1202 1779 1286 1817 tam
1311 1773 1590 1832 praecipitem
1608 1789 1760 1820 necem
1780 1790 1911 1835 quam
1930 1777 1965 1820 si

250 1918 280 1949 4.
305 1917 447 1950 indolem
468 1916 533 1949 leui
555 1916 685 1957 quidem
707 1915 984 1948 Freinshemius:
1009 1914 1121 1947 indole-³
1137 1917 1174 1947 ut
1189 1914 1327 1955 quidam
1349 1915 1384 1948 M
1402 1931 1437 1937 -
1462 1915 1494 1948 2.
1511 1915 1661 1957 faborem
1674 1924 1729 1959 pr.
1747 1917 1782 1951 M
1797 1934 1833 1941 —
1859 1927 1968 1959 equa-

181 1974 264 2007 amn
285 1971 397 2006 ιιιαεσᾶ
424 1963 473 2006 Ji.
496 1981 637 2015 regnum
658 1973 693 2006 Μ
725 1990 761 1995 -
797 1971 829 2005 4.
854 1971 1054 2004 brittannico
1076 1972 1111 2005 Μ
1143 1990 1179 1995 -
1217 1972 1271 2004 ιο.
1295 1971 1405 2004 cedem
1426 1972 1461 2005 Μ
1495 1989 1530 1996 —
1568 1972 1622 2006 ιι.
1647 1972 1847 2008 manusco
1868 1976 1903 2009 Μ
1929 1993 1964 1999 -

181 2031 235 2063 45.
259 2029 468 2070 tramisitque
495 2030 549 2063 M:
581 2029 828 2070 transmisitque
856 2027 974 2070 vulgo.
1002 2046 1036 2054 —
1071 2028 1124 2062 46.
1150 2028 1226 2061 albo
1248 2028 1283 2062 M
1307 2045 1343 2053 —
1372 2029 1493 2062 seuirct
1520 2030 1555 2064 M
1588 2047 1624 2053 ——
1657 2030 1711 2064 47.
1736 2031 1849 2066 iubere
1876 2031 1960 2074 supi!

180 2086 378 2128 supplicium
398 2087 539 2128 uenefice
560 2086 595 2119 M
619 2103 655 2108 —
681 2085 735 2118 48.
759 2085 969 2118 securitatem
990 2083 1222 2118 Puteolanus:
1246 2085 1423 2119 securitate
1444 2085 1489 2119 M.

182 2204 271 2247 λεὺς
298 2202 414 2252 τάττῃ
445 2201 491 2238 τὸ
508 2204 720 2265 πρακτέον,
750 2200 774 2236 ὅ
796 2204 838 2238 δὲ
847 2199 1050 2263 ὑπηρέτης

183 2252 281 2288 εἶναι
310 2241 439 2295 λαχὼν
472 2253 548 2288 πᾶν
584 2252 629 2289 τὸ
661 2255 806 2295 ταχθὲν
838 2251 1048 2303 ὗπεκπονῇ.

183 2307 320 2340 Arrian.
344 2307 436 2339 Diss.
461 2306 572 2348 Epict.
598 2308 630 2347 4,
654 2307 716 2340 25:
745 2303 809 2339 Ἔν
830 2306 1051 2366 Σατουρνα-

183 2355 282 2398 λίοις
303 2351 460 2400 λέλογχε
473 2353 679 2398 βασιλεύς·
704 2353 812 2399 ἐδοξε
830 2354 904 2404 γὰρ
919 2356 1053 2400 παῖξαι

184 2404 327 2450 ταύτην
340 2403 410 2450 τὴν
430 2404 602 2440 παιδιάν
627 2405 882 2467 προστάσσει,
905 2405 959 2443 Σὺ
977 2410 1051 2450 πιέ,

185 2454 240 2491 Σὺ
271 2458 453 2504 κέρασον,
486 2454 540 2491 Σὺ
570 2451 777 2503 ᾆσον,Σὺ
799 2453 964 2500 ἄπελθε,
998 2457 1052 2493 Σὺ

186 2506 286 2542 ἐλθέ.
319 2505 533 2548 Ὑπακούω,
558 2506 622 2541 ἵνα
641 2505 699 2552 μὴ
724 2510 810 2565 παρ’
834 2508 902 2552 ἐμὲ
918 2507 1054 2553 λύηται

186 2568 213 2601 η
237 2555 382 2592 παιδιά.
407 2559 549 2591 Lucian.
571 2559 709 2592 Saturn.
727 2558 768 2591 3.
788 2554 898 2606 Ὁρᾶς
920 2556 1054 2602 ἡλίκον

186 2604 233 2640 τὸ
265 2603 417 2652 ἀγαθὸν
449 2617 505 2641 ετι
537 2609 602 2641 καὶ
638 2607 802 2648 βασιλέα
834 2607 959 2652 μόνον
992 2608 1053 2650 ἐφ’

187 2653 367 2690 ἁπάντων
399 2657 597 2702 γενέσθω,
632 2657 684 2702 τῷ
711 2654 938 2705 ἀστραγάλῳ
961 2669 1055 2706 κρα-

188 2705 380 2751 τήσαντα·
425 2705 478 2750 ὦς
510 2707 608 2753 μήτε
646 2708 892 2769 ἐπιταχθείης
925 2709 1056 2754 γελοῖα

189 2755 444 2802 ἐπιτάγματα,
471 2760 537 2792 καὶ
564 2757 681 2801 αὐτὸς
703 2757 913 2793 ἐπιτάττειν
934 2770 1054 2802 εχοις,

189 2806 242 2853 τῷ
263 2808 335 2852 μὲν
349 2807 519 2868 αἰσχρόν
529 2819 566 2843 τι
585 2810 669 2857 περὶ
684 2805 803 2844 αὐτοῦ
819 2806 1054 2854 ἀναβοῆσαι,

190 2857 242 2904 τῷ
264 2858 307 2893 δὲ
327 2857 476 2903 γυμνὸν
499 2856 747 2919 ὀρχήσασθαι
774 2861 840 2895 καὶ
862 2857 1056 2908 ἀράμενον

190 2906 261 2952 τὴν
283 2905 492 2956 αὐλητρίδα
511 2910 592 2957 τρὶς
607 2907 677 2954 τὴν
692 2911 818 2944 οἰκίαν
834 2910 1055 2959 περιελθεῖν.

193 2975 231 2983 -
254 2959 455 2998 constanter]
482 2959 584 2993 firma
605 2968 693 2993 voce
716 2968 759 2994 ac
781 2962 857 2994 sine
879 2960 947 2994 ulla
970 2961 1058 2993 hae—

192 3008 365 3043 sitatione.
391 3009 443 3041 Cf.
468 3010 612 3043 Sueten
636 3011 717 3043 Ner.
742 3010 804 3043 33.
827 3011 1061 3044 Britannicum

192 3067 261 3091 non
281 3058 392 3091 nunus
409 3059 632 3093 aemidati'one
643 3061 754 3100 vocis,
779 3068 867 3102 quae
878 3061 931 3094 illi
944 3061 1060 3093 iucun-

194 3107 270 3140 dior
296 3107 505 3149 suppetebat,
534 3117 638 3149 quam
663 3113 771 3149 metu,
800 3119 841 3142 ne
864 3110 1061 3151 quandoque

193 3157 462 3199 apudhominum
476 3159 952 3200 qratiampaternamemoria
962 3168 1062 3200 prae-

193 3207 336 3248 valeret,
359 3216 482 3240 veneno
504 3216 682 3250 aqqressus
701 3211 760 3240 est.
788 3225 824 3231 —
853 3216 994 3241 exorsus
1015 3211 1064 3240 est

196 3256 343 3299 cannen]
366 3257 465 3289 Ennii
489 3265 532 3290 ex
555 3256 821 3296 Andromacha,
846 3258 886 3289 ut
902 3258 1063 3299 suspica-

198 3305 256 3337 tur
269 3305 418 3348 Lipsius,
439 3305 535 3348 apud
550 3306 623 3339 Cic.
641 3306 744 3339 Tusc.
762 3306 782 3338 3
798 3305 818 3348 5
834 3305 893 3339 44:
914 3305 941 3338 Ο
953 3309 1061 3346 pater,

200 3356 371 3397 opatria,
395 3356 720 3396 oPn'amidomus,
744 3355 1064 3396 Saepttnnaltisouo

202 3404 338 3437 cardine
369 3405 543 3447 templum,
582 3406 655 3439 Vidi
681 3413 741 3447 eqo
770 3408 820 3445 te,
854 3407 984 3438 astante
1005 3413 1065 3446 ope

203 3451 398 3495 bar-banca,
429 3454 531 3488 Tectis
557 3454 712 3495 caelatis,
744 3454 926 3496 laqueatis,

276 3514 417 3550 Tacitus
437 3517 465 3550 1.

1098 2204 1193 2237 ebore
1214 2205 1414 2238 instructum
1435 2207 1620 2248 maqniflce.
1644 2223 1679 2229 —
1705 2208 1850 2242 Pollione
1869 2208 1964 2252 Iulio]

1099 2256 1187 2289 Puto
1211 2264 1294 2288 eum
1311 2264 1390 2289 esse
1402 2281 1410 2294 ‚
1436 2255 1496 2297 qui
1510 2257 1634 2298 postea
1651 2257 1852 2299 praefectus
1868 2268 1969 2302 prae-

1098 2307 1188 2349 torio
1211 2305 1273 2338 fuit
1295 2305 1362 2338 sub
1386 2305 1534 2339 Othone.
1565 2306 1740 2340 Plutarch.
1758 2308 1836 2341 Oth.
1854 2309 1908 2343 24.
1930 2328 1966 2334 —

1099 2351 1257 2396 Locusta]
1282 2355 1381 2388 conf.
1408 2356 1462 2396 42,
1492 2356 1546 2389 66.
1574 2375 1610 2382 -
1635 2367 1716 2390 nam
1738 2361 1971 2400 utproximus

1101 2409 1240 2451 quisque
1251 2409 1335 2449 cet.]
1357 2409 1535 2442 Sententia
1553 2411 1626 2443 est:
1653 2420 1756 2445 «nam
1772 2413 1807 2445 id
1824 2414 1968 2455 quidem

1102 2458 1233 2491 nullam
1245 2457 1487 2492 difficultatem
1503 2459 1672 2502 habebat,
1685 2463 1844 2504 reperire
1862 2473 1905 2497 ex
1921 2465 1971 2497 in-

1102 2510 1196 2542 timis
1210 2509 1412 2550 Britannici,
1435 2510 1495 2552 qui
1510 2519 1689 2545 venenum
1708 2515 1871 2554 paratum
1887 2513 1972 2546 adn-

1103 2559 1249 2593 leseenti
1265 2559 1534 2592 ministraret.—
1547 2562 1699 2601 primm
1711 2571 1874 2596 venenum
1888 2563 1970 2606 cet.]

1103 2610 1246 2642 Sueton.
1262 2610 1345 2642 Ner.
1360 2609 1421 2642 33:
1446 2619 1522 2642 cum
1536 2611 1689 2651 opinione
1703 2614 1835 2646 tardius
1847 2615 1973 2647 cederet

1106 2659 1309 2702 (venenum)
1320 2662 1434 2692 ventre
1446 2660 1543 2693 modo
1551 2661 1740 2694 Britannici
1754 2667 1854 2705 moto,
1863 2673 1973 2697 arces-

1102 2711 1203 2742 sitam
1215 2710 1389 2742 mulierem
1403 2718 1467 2742 sua
1479 2719 1583 2743 manu
1596 2711 1802 2754 verberavit,
1828 2723 1973 2757 arguens

1101 2769 1166 2801 pro
1175 2768 1299 2792 veneno
1309 2760 1491 2792 remedium
1501 2760 1638 2800 dedisse,
1635 2770 1642 2777 ·
1657 2765 1899 2805 excusantique
1911 2766 1974 2797 mi·

1104 2819 1167 2843 nus
1181 2811 1299 2842 datum
1313 2809 1359 2842 ad
1371 2810 1606 2843 occultandam
1613 2811 1777 2852 facinoris
1788 2814 1971 2847 invidiam:

1106 2860 1210 2900 Sane,
1233 2860 1361 2900 inquit,
1396 2859 1520 2901 «legem
1540 2860 1665 2894 Iuliam
1686 2862 1823 2903 timeoffl
1807 2865 1973 2906 »coeyit-

1106 2918 1169 2950 que
1195 2918 1229 2942 se
1256 2917 1372 2941 coram
1399 2908 1437 2941 in
1463 2909 1612 2943 cubiculo
1634 2920 1736 2952 quam
1753 2917 1864 2954 posset
1883 2914 1974 2946 velo-

1105 2959 1273 2993 cissimum
1293 2967 1335 2991 ac
1359 2962 1638 2999 praesentaneum
1659 2970 1809 3003 coquere.
1848 2963 1975 2996 Deinde

1105 3011 1142 3043 in
1163 3009 1267 3041 haedo
1281 3011 1458 3049 expmus,
1478 3013 1658 3051 postquam
1671 3012 1701 3044 is
1717 3013 1860 3053 quinque
1874 3013 1974 3045 horas

1101 3058 1295 3100 protraxit,
1323 3058 1447 3091 iterum
1468 3067 1510 3091 ac
1534 3063 1668 3101 saepius
1696 3065 1864 3094 recoctum
1888 3071 1975 3102 por-

1107 3108 1188 3140 cello
1201 3107 1328 3140 obiecit.
1355 3108 1426 3148 Quo
1447 3109 1562 3141 statim
1583 3110 1779 3142 eoeanimato
1800 3111 1919 3152 inferri
1940 3112 1976 3143 in

1109 3156 1292 3189 triclinium
1320 3157 1462 3198 darique
1490 3160 1621 3191 cenanti
1651 3167 1760 3191 secum
1780 3159 1977 3194 Britannico

1108 3207 1295 3247 imperavit.
1337 3207 1382 3240 Et
1409 3216 1485 3240 cim
1511 3209 1567 3241 ille
1596 3209 1642 3241 ad
1666 3210 1815 3249 primum
1842 3213 1976 3251 qustum

1109 3257 1315 3296 concidisset,
1347 3258 1506 3291 comitiali·
1532 3258 1646 3290 morbo
1675 3267 1720 3291 ea:
1746 3261 1978 3295 consuetudine

1110 3310 1300 3348 correptum
1310 3308 1402 3348 apud
1416 3308 1574 3340 convivas
1587 3309 1769 3348 mentitus,
1778 3312 1912 3349 postero
1927 3311 1978 3344 die

1110 3357 1236 3397 raptim
1255 3357 1343 3389 inter
1362 3358 1532 3390 mavimos
1553 3357 1672 3390 imbres
1690 3359 1901 3392 translaticio
1915 3370 1978 3394 ew-

1112 3405 1190 3438 tum
1207 3405 1334 3447 ttinere.
1366 3407 1527 3439 Locustae
1542 3415 1609 3448 pro
1633 3410 1763 3440 navata
1783 3417 1886 3450 opera
1912 3411 1979 3443 im-

960 3454 1064 3495 Auro,
1108 3454 1295 3496 punitatem
1314 3456 1521 3497 prmiaque
1534 3456 1667 3497 ampla,
1691 3457 1747 3490 sed
1761 3460 1792 3491 et
1805 3458 1980 3500 discipulos

1645 3515 1702 3561 26
