2254 3770
243 280 325 326 248
729 281 775 326 Ρ.
807 280 1057 326 CORNELII
1086 280 1257 326 TACITI
1285 281 1554 327 ANNALIUM

243 387 297 431 iis
327 386 511 431 motibus
542 387 732 431 siderum
762 387 1003 432 excessisse
1033 387 1166 431 Roma
1195 387 1410 432 Tiberium
1438 395 1485 432 ut
1512 389 1677 436 reditus
1706 389 1764 434 illi
1789 397 2031 449 negaretur.

245 462 361 507 unde
401 463 515 507 exitii
553 477 683 508 causa
718 462 861 507 multis
902 462 975 507 suit
1011 477 1245 522 properum
1274 462 1404 507 finem
1433 465 1544 509 vitae
1575 465 1912 510 coniectantibus
1941 466 2035 510 vul-

246 538 542 598 gantibusque.
574 552 715 597 neque
747 538 862 582 enim
889 544 977 583 tam
1005 537 1301 583 incredibilem
1331 553 1478 584 casum
1503 540 1801 599 providebant,
1833 548 1880 586 ut
1899 541 2037 586 unde-

248 614 331 658 cim
369 628 448 672 per
487 627 620 658 annos
660 613 799 667 libens
829 614 966 672 patria
997 621 1172 659 careret.
1218 628 1319 658 mox
1347 616 1484 674 patuit
1514 615 1645 661 breve
1676 617 1906 662 confinium
1935 616 2036 662 artis
2082 646 2087 652 -

213 696 291 734 set
319 689 428 741 salsi,
470 703 661 748 veraque
691 703 821 748 quam
850 689 1047 734 obscuris
1084 696 1342 748 tegerentur.
1373 705 1470 735 nam
1501 691 1543 735 in
1572 692 1726 737 urbem
1754 707 1840 737 non
1870 707 2039 751 regres-

247 779 395 809 surum
425 765 538 809 haud
568 765 673 809 forte
704 764 884 809 dictum:
916 772 1158 810 ceterorum
1188 767 1322 811 nescii
1354 780 1502 824 egere,
1535 781 1634 812 cum
1662 769 1906 828 propinquo
1936 749 2036 813 rure

247 847 319 885 aut
356 840 478 885 litore
510 846 552 884 et
591 854 722 899 saepe
751 841 923 885 moenia
950 842 1071 886 urbis
1102 841 1306 886 adsidens
1338 848 1569 887 extremam
1601 851 1819 889 senectam
1848 844 2036 903 comple-

245 916 366 962 verit.
389 916 469 973 (59)
488 930 538 960 ac
557 916 663 960 forte
684 915 765 960 illis
786 916 938 961 diebus
960 916 1149 961 oblatum
1170 918 1342 962 Caesari
1363 933 1523 977 anceps
1544 920 1783 977 periculum
1799 920 1916 964 auxit
1929 934 2039 964 vana

247 991 430 1035 rumoris
467 991 751 1050 praebuitque
789 992 870 1050 ipsi
907 994 1128 1037 materiem
1169 1008 1245 1038 cur
1274 994 1484 1039 amicitiae
1516 996 1866 1054 constantiaeque
1897 996 2038 1040 Seiani

198 1083 234 1113 ιο
246 1068 382 1126 magis
411 1067 576 1111 fideret.
614 1067 900 1112 vescebantur
928 1068 970 1111 in
990 1068 1090 1112 villa
1120 1069 1187 1114 cui
1210 1070 1467 1114 vocabulum
1488 1070 1739 1129 Speluncae,
1771 1085 1890 1116 mare
1911 1070 2046 1116 Amu-'

248 1143 417 1188 clanum
444 1143 555 1187 inter
583 1149 627 1188 et
647 1143 873 1188 Fundanos
894 1150 1073 1196 montes,
1105 1145 1246 1189 nativo
1277 1145 1320 1188 in
1342 1159 1488 1204 specu.
1521 1146 1613 1190 eius
1634 1161 1684 1191 os
1711 1147 1841 1205 lapsis
1862 1153 2040 1205 repente

248 1219 361 1264 saxis
391 1218 532 1263 obruit
561 1219 773 1277 quosdam
802 1220 1039 1264 ministros:
1071 1220 1171 1265 hinc
1191 1227 1330 1265 metus
1354 1221 1400 1264 in*
1418 1222 1555 1265 omnis
1585 1229 1627 1266 et
1657 1222 1754 1281 suga
1783 1237 1936 1267 eorum
1965 1224 2039 1282 qui

249 1295 491 1340 convivium
522 1294 806 1339 celebrabant.
851 1296 1031 1340 Seianus
1063 1311 1174 1354 genu
1206 1296 1412 1355 vultuque
1443 1304 1485 1341 et
1513 1298 1710 1342 manibus
1731 1313 1863 1356 super
1884 1299 2033 1343 Caesa·

249 1385 341 1415 rem
372 1385 609 1429 suspensus
640 1371 843 1429 opposuit
871 1385 970 1415 sese
1001 1372 1285 1416 incidentibus
1315 1379 1443 1431 atque
1475 1372 1621 1417 habitu
1650 1373 1733 1417 tali·
1752 1380 1948 1432 repertus
1978 1381 2045 1419 est

199 1460 275 1491 asa
304 1446 507 1490 militibus
545 1447 618 1505 qui
658 1446 850 1491 subsidio
880 1454 1097 1492 venerant.
1142 1448 1278 1492 maior
1307 1462 1360 1492 ex
1390 1463 1462 1501 eo3
1503 1455 1545 1493 et
1574 1463 1836 1508 quamquam
1865 1450 2044 1496 exitiosa

251 1521 468 1574 suaderet,
500 1528 547 1566 ut
576 1536 661 1566 non
681 1523 747 1566 sui
770 1523 941 1574 anxius,
974 1538 1072 1567 cum
1093 1523 1178 1567 fide
1199 1523 1465 1568 audiebatur.
1497 1524 1868 1584 adsimulabatque
1888 1525 2042 1570 iudicis

249 1605 393 1657 partes
429 1598 659 1643 adversum
701 1597 941 1643 Germanici
980 1601 1173 1657 stirpem,
1216 1599 1398 1644 subditis
1441 1601 1513 1658 qui
1544 1607 1842 1646 accusatorum
1870 1601 2042 1645 nomina

252 1675 511 1719 sustinerent
538 1675 810 1733 maximeque
841 1675 1151 1719 insectarentur
1175 1677 1403 1726 Neronem,
1436 1676 1677 1734 proximum
1699 1677 1962 1721 successioni
1989 1683 2043 1728 et,

253 1764 513 1809 quamquam
558 1750 752 1795 modesta
788 1751 978 1804 iuventa,
1022 1750 1278 1811 plerumque
1322 1758 1463 1796 tamen
1507 1752 1612 1811 quid
1659 1753 2045 1811 inpraesentiarum

319 1911 372 1944 40.
397 1910 616 1943 Amuclanum
638 1910 845 1944 Rhenanus:
873 1911 1110 1944 amunclanum
1132 1912 1165 1945 M
1186 1930 1218 1934 -
1248 1912 1299 1944 44.
1325 1914 1356 1944 et
1370 1911 1550 1944 Fundanos
1572 1911 1857 1953 Bezzenberger:
1881 1911 2049 1954 fundanos

253 1969 305 2007 M3
331 1967 574 2007 Fundanosque
595 1966 711 2008 vulgo.
739 1967 789 2001 Cf.
810 1976 840 2000 c.
859 1967 920 2000 69:
947 1971 1066 2000 tectum
1089 1968 1175 2000 inter
1197 1971 1227 2000 et
1249 1968 1437 2008 laquearia.
1468 1968 1500 2008 6,
1518 1968 1580 2000 33:
1605 1978 1700 2001 mare
1722 1968 1811 2000 inter
1831 1971 1862 2000 et
1883 1971 2050 2001 extremos

252 2024 457 2057 Albanorum
486 2026 621 2055 montes.
660 2022 717 2063 ⁴4,
743 2022 784 2056 4:
815 2024 978 2057 Misenum
1009 2025 1096 2057 inter
1124 2029 1155 2057 et
1183 2025 1352 2057 Baianum
1381 2025 1502 2057 lacum.
1539 2023 1646 2056 Alteri
1671 2024 1908 2057 emendationi
1932 2024 2050 2058 favent

254 2081 341 2114 Hist.
367 2082 404 2121 2,
430 2080 491 2113 78:
516 2080 677 2112 Iudaeam
697 2081 786 2113 inter
807 2081 1018 2122 Syriamque.
1051 2081 1088 2122 4,
1113 2082 1175 2113 77:
1201 2081 1292 2113 viam
1314 2081 1399 2113 inter
1423 2081 1658 2122 Mosellamque
1679 2083 1813 2123 flumen.
1850 2082 1884 2120 5,
1910 2081 1969 2113 ⁴9:
1993 2081 2050 2114 in-

253 2139 362 2172 sulam
382 2139 470 2171 inter
493 2137 750 2179 Germanosque.
779 2156 815 2162 —
850 2139 902 2171 ⁴2.
929 2137 997 2171 oms
1018 2139 1052 2172 M
1078 2157 1113 2162 —
1140 2138 1194 2171 46.
1219 2139 1338 2171 iudicis
1360 2139 1412 2172 M:
1446 2139 1563 2171 indicis
1585 2139 1754 2172 Muretus.
1783 2155 1817 2161 -
1847 2138 1899 2170 47.
1924 2138 2051 2171 aduer-

254 2205 328 2229 sum
349 2196 403 2229 M:
428 2196 589 2228 adversus
610 2194 815 2228 Beroaldus.
836 2213 873 2219 —
900 2196 952 2228 49.
978 2196 1013 2228 in
1033 2193 1307 2237 presentiallrum
1323 2196 1371 2233 M;
1396 2195 1431 2227 in
1450 2196 1642 2236 praesentia
1663 2195 1828 2229 Ritterus.

254 2336 347 2367 viam
367 2342 515 2367 sermone
538 2333 681 2366 levabat.
707 2334 797 2366 Ann.
824 2333 856 2374 3,
882 2333 924 2367 34
948 2336 983 2367 et
1007 2334 1059 2375 43,
1087 2335 1125 2367 5:

256 2386 418 2418 uxorium
440 2384 672 2416 levamentum.
694 2402 730 2407 ——
756 2384 797 2415 iis
817 2384 958 2416 motibus
971 2384 1127 2426 siderum]

256 2435 292 2469 id
316 2436 390 2475 est,
415 2436 453 2466 ut
477 2435 691 2477 posteriores
717 2434 945 2476 (Spartianus,
970 2435 1129 2468 Ammia-

257 2487 342 2526 nus)
382 2484 566 2525 dicebant,
616 2494 656 2517 ea
697 2484 981 2526 constellatione,
1022 2494 1129 2527 quam

259 2536 384 2569 Graeci
411 2535 533 2578 θέμα,
565 2532 786 2580 σύνδρομήν
812 2538 957 2575 vocant3
994 2536 1029 2568 in
1061 2544 1129 2577 qua

259 2589 364 2620 etiam
387 2590 495 2618 motus
517 2586 605 2617 ratio
629 2585 798 2626 habetur,
824 2594 888 2627 per
912 2595 1020 2627 quem
1043 2586 1131 2618 fiunt

260 2639 346 2672 certi
370 2637 505 2680 positus
529 2637 700 2669 siderum.
729 2636 778 2669 Cf.
805 2637 890 2669 Hist.
916 2638 956 2676 2,
982 2637 1042 2670 78:
1074 2646 1131 2669 re-

259 2697 378 2730 sponsa
401 2690 518 2719 vatum
541 2691 570 2719 et
594 2687 738 2718 siderum
760 2690 879 2719 motus.
907 2686 990 2719 Gell.
1019 2687 1070 2728 44,
1098 2689 1128 2727 4,

261 2741 298 2771 4;
333 2738 389 2779 qui
420 2746 486 2769 sese
518 2737 697 2769 Chaldaeos
726 2737 895 2778 appellant
917 2747 957 2769 ac
980 2739 1018 2770 de
1040 2742 1133 2770 motu

260 2790 362 2830 deque
378 2788 491 2829 positu
512 2787 685 2819 stellarum
707 2788 813 2820 dicere
830 2796 949 2828 posse,
974 2797 1059 2829 quae
1080 2789 1132 2829 fu-

260 2843 340 2873 tura
368 2841 459 2878 sunt,
485 2838 698 2878 profitentur.
727 2856 762 2860 -
794 2841 831 2870 ut
860 2839 985 2871 reditus
1007 2839 1056 2870 illi
1078 2847 1133 2870 ne-

260 2893 401 2933 ,qaretur
429 2888 510 2930 cet]
541 2888 683 2920 sueton.
710 2887 785 2920 Tib.
812 2887 872 2920 39:
908 2889 1069 2921 constanti
1102 2891 1133 2920 et

261 2940 414 2981 opinione
448 2941 478 2970 et
511 2946 659 2970 sermone
692 2947 799 2978 paene
833 2940 999 2977 omnium,
1037 2940 1133 2980 quasi

261 2999 365 3032 neque
387 2989 556 3021 rediturus
576 2997 737 3028 umquam
756 2992 785 3021 et
801 2989 864 3021 cito
880 2993 1018 3021 mortem
1033 2991 1134 3022 etiam

263 3041 423 3075 obiturus.
451 3057 486 3062 —
520 3039 605 3071 artis
628 3041 659 3070 et
678 3039 765 3081 salsi]
795 3040 879 3071 artIs
902 3039 1131 3081 astrologicae

265 3092 300 3124 et
324 3090 656 3123 mathematicorum
687 3088 817 3121 fraudis
840 3088 895 3121 vel
925 3089 1051 3123 saltem
1075 3099 1132 3122 er-

264 3142 365 3174 roris.
394 3158 430 3163 —
456 3140 547 3171 haud
567 3138 662 3180 forte]
689 3148 758 3171 non
783 3141 937 3178 temere,
963 3149 1033 3172 non
1056 3141 1131 3172 sine

264 3192 392 3224 idonea
417 3198 535 3222 causa.
565 3207 600 3212 —-
625 3189 756 3221 moenia
779 3189 870 3220 urbis
892 3191 1052 3231 adsidens]
1078 3191 1133 3222 Sic

266 3242 297 3280 6,
323 3241 380 3274 43ῑ
416 3240 593 3272 adsidendo
616 3239 795 3271 castellum.
823 3239 950 3271 Contra
987 3241 1070 3272 Hist.
1098 3241 1130 3280 Ξ,

265 3292 326 3323 22:
351 3291 467 3323 iisdem
489 3290 608 3322 castris
630 3288 802 3322 adsideret.

310 3340 362 3372 59.
386 3340 601 3373 vescebantur
622 3341 658 3372 in
679 3339 760 3371 villa
783 3338 865 3380 cet]
889 3339 1029 3371 Sueton.
1056 3339 1130 3372 Tib.

267 3390 325 3423 39:
355 3400 481 3431 paucos
506 3394 582 3432 post
605 3390 812 3432 (excessum)
838 3389 904 3421 dies
925 3389 1023 3421 iuxta
1049 3390 1133 3421 Tar-

266 3441 420 3473 racinam
441 3442 477 3473 in
496 3442 668 3483 praetorio
693 3441 761 3482 (sic
783 3442 858 3473 tum
882 3447 1007 3472 omnes
1031 3438 1132 3473 villae

1181 2333 1412 2376 elegantiores
1429 2334 1465 2366 et
1480 2342 1549 2366 non
1566 2334 1686 2367 rustici
1703 2342 1788 2367 usus
1805 2333 2049 2377 vocabantur),

1180 2385 1233 2416 cui
1256 2384 1436 2425 Speluncae
1457 2383 1503 2426 (h.
1525 2383 1723 2426 Sper-longa)
1746 2393 1863 2417 nomen
1887 2388 1973 2425 erat,
1996 2385 2052 2418 in-

1180 2438 1315 2468 cenante
1337 2444 1374 2468 eo
1396 2435 1569 2475 complura
1593 2438 1623 2467 et
1645 2435 1792 2476 ingentia
1807 2444 1896 2467 saxa
1912 2435 2052 2477 fortuito

1181 2495 1322 2526 superne
1345 2486 1480 2527 delapsa
1502 2489 1580 2518 sunt
1594 2486 1770 2526 multisque
1783 2487 2007 2519 convivarum
2021 2489 2053 2519 et

1181 2536 1411 2569 ministrorum
1426 2537 1511 2569 elisis
1529 2539 1666 2577 praeter
1680 2545 1770 2576 spem
1785 2536 1900 2568 evasit.
1926 2535 2052 2568 Strabo

1182 2587 1213 2626 5,
1240 2587 1271 2625 3,
1294 2587 1312 2618 6
1337 2595 1371 2628 p.
1390 2586 1452 2618 233
1478 2595 1588 2628 prope
1612 2587 1839 2618 Tarracinam
1863 2585 1946 2618 dicit
1970 2594 2050 2619 esse

1183 2634 1354 2680 σπήλαια
1388 2632 1628 2682 ὑπερμεγέθη
1660 2636 1858 2677 κατοικίας
1882 2633 2053 2679 μεγάλας

1182 2688 1247 2721 καὶ
1279 2686 1494 2729 πολυτελεῖς
1522 2685 1737 2730 δεδεγμένα.
1767 2704 1801 2709 —-
1833 2686 2055 2719 Amuctanum

1181 2741 1269 2772 inter
1297 2741 1328 2771 et
1356 2739 1534 2770 Fundanos
1564 2736 1704 2778 montes]
1741 2735 1872 2769 Plinius
1900 2737 1939 2769 N.
1965 2737 2006 2769 H.
2033 2737 2053 2770 3

1183 2789 1202 2831 S
1226 2789 1285 2821 59:
1314 2788 1499 2820 Tarracina
1522 2789 1695 2828 oppidum,
1723 2787 1839 2827 linqua
1866 2786 2054 2818 Volscorum

1181 2840 1302 2871 Anxur
1324 2839 1448 2870 dictum
1470 2841 1501 2870 et
1524 2837 1578 2869 ubi
1603 2837 1692 2872 fuere
1713 2836 1868 2876 Amyclae
1884 2845 1907 2867 a
1922 2845 2055 2876 serpen-

1182 2889 1267 2920 tibus
1300 2888 1439 2927 deletae,
1483 2887 1558 2919 dein
1597 2887 1687 2919 locus
1720 2886 1918 2926 Speluncae,
1961 2886 2055 2918 lacus

1181 2939 1381 2971 Fundamus.
1390 2955 1426 2960 —
1436 2937 1556 2979 maior]
1573 2937 1758 2979 potentior.
1767 2954 1801 2960 —
1813 2935 2056 2968 adsimulabat-

1182 2997 1245 3031 que
1267 2988 1384 3020 iudicis
1402 2987 1528 3029 partes]
1545 2987 1579 3019 h.
1599 2995 1630 3019 e.
1649 2986 1881 3025 subornabat,
1900 2987 1958 3028 qui
1972 2987 2055 3019 Ger-

1183 3039 1311 3072 manici
1335 3038 1481 3079 stirpem
1499 3038 1708 3069 accusarent
1730 3035 1823 3078 apud
1839 3044 1878 3068 se
1903 3038 1939 3068 et
1953 3035 2055 3068 Tibe-

1182 3091 1274 3122 rium
1299 3089 1355 3128 (ne
1376 3090 1478 3130 putes
1495 3087 1589 3129 apud
1610 3086 1803 3126 senatum);
1833 3086 1906 3127 ipse
1924 3085 2053 3119 deinde

1182 3149 1265 3173 cum
1281 3139 1419 3172 Tiberio
1437 3137 1657 3171 consultabat
1681 3138 1715 3170 et
1739 3138 1882 3178 rogatus
1908 3139 2053 3169 senten—

1183 3191 1267 3223 tiam
1281 3189 1433 3229 dicebat,
1453 3190 1633 3230 tamquam
1646 3187 1690 3219 ab
1705 3187 1800 3219 omni
1816 3187 1969 3228 partium
1983 3187 2054 3219 stu-

1185 3240 1242 3272 dio
1255 3239 1402 3272 alienus.
1417 3240 1558 3271 WALTn.
1567 3238 1744 3270 —nomina
1755 3235 1958 3277 sustinerent]
1976 3244 2054 3277 par-

1185 3292 1238 3323 tes
1253 3290 1485 3330 susciperent.
1502 3307 1535 3312 —
1548 3286 1860 3330 inpraesentiarum]
1874 3284 2053 3327 Explicant

1184 3342 1217 3373 in
1239 3341 1429 3381 praesentia
1452 3347 1582 3377 rerum;
1608 3338 1695 3371 mira
1720 3337 1809 3369 haec
1833 3334 1981 3368 formula
1998 3344 2054 3368 re-

1186 3391 1320 3433 peritur
1350 3391 1419 3421 iam
1450 3388 1530 3421 inde
1562 3397 1580 3421 a
1606 3389 1738 3421 Catone
1764 3387 1819 3428 (R.
1844 3386 1882 3418 R.
1909 3385 1988 3425 444,
2013 3384 2049 3426 4)

1184 3449 1298 3482 usque
1322 3440 1367 3473 ad
1390 3438 1571 3472 Sidonium
1595 3438 1712 3480 (Epist.
1733 3436 1764 3476 4,
1790 3435 1840 3478 3);
1866 3435 1960 3478 apud
1983 3437 2053 3469 Pe-
