<?xml version="1.0" encoding="UTF-8"?>
<!DOCTYPE html PUBLIC "-//W3C//DTD XHTML 1.0 Transitional//EN"
    "http://www.w3.org/TR/xhtml1/DTD/xhtml1-transitional.dtd">
<html xmlns="http://www.w3.org/1999/xhtml" xml:lang="en" lang="en">
 <head>
  <title>
</title>
<meta http-equiv="Content-Type" content="text/html;charset=utf-8" />
  <meta name='ocr-system' content='tesseract 3.04.00' />
  <meta name='ocr-capabilities' content='ocr_page ocr_carea ocr_par ocr_line ocrx_word'/>
</head>
<body>
  <div class='ocr_page' id='page_1' title='image "./pcorneliitacitio01taciuoft_0119.png"; bbox 0 0 2254 3770; ppageno 0'>
   <div class='ocr_carea' id='block_1_1' title="bbox 714 288 1387 346">
    <p class='ocr_par' dir='ltr' id='par_1_1' title="bbox 714 288 1387 346">
     <span class='ocr_line' id='line_1_1' title="bbox 714 288 1387 346; baseline -0.003 -12"><span class='ocrx_word' id='word_1_1' title='bbox 714 290 869 335; x_wconf 86' lang='lat' dir='ltr'>LIBER</span> <span class='ocrx_word' id='word_1_2' title='bbox 897 290 948 333; x_wconf 90' lang='lat' dir='ltr'><strong>II.</strong></span> <span class='ocrx_word' id='word_1_3' title='bbox 993 289 1094 346; x_wconf 88' lang='lat' dir='ltr'><strong>Cap.</strong></span> <span class='ocrx_word' id='word_1_4' title='bbox 1125 288 1192 332; x_wconf 74' lang='lat'><strong>⁴2.</strong></span> <span class='ocrx_word' id='word_1_5' title='bbox 1223 289 1289 332; x_wconf 72' lang='lat'><strong>⁴3.</strong></span> <span class='ocrx_word' id='word_1_6' title='bbox 1321 289 1387 332; x_wconf 69' lang='lat'><strong>44.</strong></span> 
     </span>
    </p>
   </div>
   <div class='ocr_carea' id='block_1_2' title="bbox 1890 288 1937 331">
    <p class='ocr_par' dir='ltr' id='par_1_2' title="bbox 1890 288 1937 331">
     <span class='ocr_line' id='line_1_2' title="bbox 1890 288 1937 331; baseline 0 0"><span class='ocrx_word' id='word_1_7' title='bbox 1890 288 1937 331; x_wconf 79' lang='grc'><strong>84</strong></span> 
     </span>
    </p>
   </div>
   <div class='ocr_carea' id='block_1_3' title="bbox 163 393 1941 529">
    <p class='ocr_par' dir='ltr' id='par_1_3' title="bbox 163 393 1941 529">
     <span class='ocr_line' id='line_1_3' title="bbox 166 393 1941 455; baseline -0.003 -11"><span class='ocrx_word' id='word_1_8' title='bbox 166 406 250 451; x_wconf 88' lang='lat' dir='ltr'><strong>tur,</strong></span> <span class='ocrx_word' id='word_1_9' title='bbox 280 399 500 444; x_wconf 85' lang='lat' dir='ltr'><strong>sestertios</strong></span> <span class='ocrx_word' id='word_1_10' title='bbox 531 403 753 444; x_wconf 83' lang='lat' dir='ltr'><strong>centenos,</strong></span> <span class='ocrx_word' id='word_1_11' title='bbox 786 397 822 441; x_wconf 93' lang='lat' dir='ltr'><strong>si</strong></span> <span class='ocrx_word' id='word_1_12' title='bbox 851 397 948 455; x_wconf 89' lang='lat' dir='ltr'><strong>quis</strong></span> <span class='ocrx_word' id='word_1_13' title='bbox 977 395 1288 453; x_wconf 72' lang='lat' dir='ltr'><strong>transfugisset,</strong></span> <span class='ocrx_word' id='word_1_14' title='bbox 1319 395 1493 439; x_wconf 81' lang='lat' dir='ltr'>Arminii</span> <span class='ocrx_word' id='word_1_15' title='bbox 1512 395 1683 438; x_wconf 91' lang='lat' dir='ltr'><strong>nomine</strong></span> <span class='ocrx_word' id='word_1_16' title='bbox 1703 393 1941 451; x_wconf 86' lang='lat' dir='ltr'><strong>pollicetur.</strong></span> 
     </span>
     <span class='ocr_line' id='line_1_4' title="bbox 163 470 1941 529; baseline -0.004 -9"><span class='ocrx_word' id='word_1_17' title='bbox 163 475 350 520; x_wconf 76' lang='lat' dir='ltr'><strong>incendit</strong></span> <span class='ocrx_word' id='word_1_18' title='bbox 376 488 429 518; x_wconf 91' lang='lat' dir='ltr'><strong>ea</strong></span> <span class='ocrx_word' id='word_1_19' title='bbox 457 472 712 518; x_wconf 79' lang='lat' dir='ltr'><strong>contumelia</strong></span> <span class='ocrx_word' id='word_1_20' title='bbox 737 471 954 529; x_wconf 82' lang='lat' dir='ltr'><strong>legionum</strong></span> <span class='ocrx_word' id='word_1_21' title='bbox 977 472 1080 516; x_wconf 89' lang='lat' dir='ltr'><strong>iras:</strong></span> <span class='ocrx_word' id='word_1_22' title='bbox 1111 472 1277 515; x_wconf 89' lang='lat' dir='ltr'><strong>veniret</strong></span> <span class='ocrx_word' id='word_1_23' title='bbox 1297 470 1406 522; x_wconf 88' lang='lat' dir='ltr'><strong>dies,</strong></span> <span class='ocrx_word' id='word_1_24' title='bbox 1439 471 1613 515; x_wconf 89' lang='lat' dir='ltr'><strong>daretur</strong></span> <span class='ocrx_word' id='word_1_25' title='bbox 1631 484 1794 528; x_wconf 79' lang='lat' dir='ltr'><strong>pugna3</strong></span> <span class='ocrx_word' id='word_1_26' title='bbox 1825 485 1941 513; x_wconf 90' lang='lat' dir='ltr'><strong>sum-</strong></span> 
     </span>
    </p>
   </div>
   <div class='ocr_carea' id='block_1_4' title="bbox 161 549 1040 608">
    <p class='ocr_par' dir='ltr' id='par_1_4' title="bbox 161 549 1040 608">
     <span class='ocr_line' id='line_1_5' title="bbox 161 549 1040 608; baseline -0.005 -14"><span class='ocrx_word' id='word_1_27' title='bbox 161 557 332 608; x_wconf 83' lang='lat' dir='ltr'><strong>pturum</strong></span> <span class='ocrx_word' id='word_1_28' title='bbox 359 549 535 594; x_wconf 88' lang='lat' dir='ltr'><strong>militem</strong></span> <span class='ocrx_word' id='word_1_29' title='bbox 561 549 869 592; x_wconf 88' lang='lat' dir='ltr'><strong>Germanorum</strong></span> <span class='ocrx_word' id='word_1_30' title='bbox 897 562 1040 605; x_wconf 82' lang='lat' dir='ltr'><strong>agros,</strong></span> 
     </span>
    </p>
   </div>
   <div class='ocr_carea' id='block_1_5' title="bbox 1074 546 1942 605">
    <p class='ocr_par' dir='ltr' id='par_1_5' title="bbox 1074 546 1942 605">
     <span class='ocr_line' id='line_1_6' title="bbox 1074 546 1942 605; baseline -0.002 -15"><span class='ocrx_word' id='word_1_31' title='bbox 1074 553 1304 590; x_wconf 86' lang='lat' dir='ltr'><strong>tracturum</strong></span> <span class='ocrx_word' id='word_1_32' title='bbox 1334 547 1557 605; x_wconf 74' lang='lat' dir='ltr'><strong>coniuges,</strong></span> <span class='ocrx_word' id='word_1_33' title='bbox 1591 546 1788 603; x_wconf 87' lang='lat' dir='ltr'><strong>accipere</strong></span> <span class='ocrx_word' id='word_1_34' title='bbox 1815 560 1942 589; x_wconf 90' lang='lat' dir='ltr'><strong>omen</strong></span> 
     </span>
    </p>
   </div>
   <div class='ocr_carea' id='block_1_6' title="bbox 159 615 1973 756">
    <p class='ocr_par' dir='ltr' id='par_1_6' title="bbox 159 615 1973 756">
     <span class='ocr_line' id='line_1_7' title="bbox 161 615 1942 681; baseline -0.003 -12"><span class='ocrx_word' id='word_1_35' title='bbox 161 631 204 669; x_wconf 86' lang='lat' dir='ltr'><strong>et</strong></span> <span class='ocrx_word' id='word_1_36' title='bbox 230 624 496 668; x_wconf 89' lang='lat' dir='ltr'><strong>matrimonia</strong></span> <span class='ocrx_word' id='word_1_37' title='bbox 522 615 808 681; x_wconf 74' lang='lat' dir='ltr'><strong>ac&#39;pecunias</strong></span> <span class='ocrx_word' id='word_1_38' title='bbox 828 623 1014 666; x_wconf 88' lang='lat' dir='ltr'><strong>hostium</strong></span> <span class='ocrx_word' id='word_1_39' title='bbox 1035 622 1222 680; x_wconf 83' lang='lat' dir='ltr'>praedae</span> <span class='ocrx_word' id='word_1_40' title='bbox 1243 622 1471 666; x_wconf 88' lang='lat' dir='ltr'><strong>destinare.</strong></span> <span class='ocrx_word' id='word_1_41' title='bbox 1505 622 1626 666; x_wconf 86' lang='lat' dir='ltr'><strong>tertia</strong></span> <span class='ocrx_word' id='word_1_42' title='bbox 1646 622 1778 666; x_wconf 80' lang='lat' dir='ltr'><strong>ferme</strong></span> <span class='ocrx_word' id='word_1_43' title='bbox 1798 621 1942 678; x_wconf 83' lang='lat' dir='ltr'><strong>vigilia</strong></span> 
     </span>
     <span class='ocr_line' id='line_1_8' title="bbox 159 697 1973 756; baseline -0.001 -12"><span class='ocrx_word' id='word_1_44' title='bbox 159 699 415 744; x_wconf 84' lang='lat' dir='ltr'><strong>adsultatum</strong></span> <span class='ocrx_word' id='word_1_45' title='bbox 444 706 511 745; x_wconf 82' lang='lat' dir='ltr'><strong>est</strong></span> <span class='ocrx_word' id='word_1_46' title='bbox 540 700 708 751; x_wconf 86' lang='lat' dir='ltr'><strong>castris,</strong></span> <span class='ocrx_word' id='word_1_47' title='bbox 745 699 838 743; x_wconf 88' lang='lat' dir='ltr'><strong>sine</strong></span> <span class='ocrx_word' id='word_1_48' title='bbox 869 698 1065 744; x_wconf 86' lang='lat' dir='ltr'><strong>coniectu</strong></span> <span class='ocrx_word' id='word_1_49' title='bbox 1095 698 1186 749; x_wconf 88' lang='lat' dir='ltr'><strong>teli,</strong></span> <span class='ocrx_word' id='word_1_50' title='bbox 1227 704 1455 756; x_wconf 83' lang='lat' dir='ltr'>postquam</span> <span class='ocrx_word' id='word_1_51' title='bbox 1485 698 1659 742; x_wconf 88' lang='lat' dir='ltr'><strong>crebras</strong></span> <span class='ocrx_word' id='word_1_52' title='bbox 1695 712 1773 755; x_wconf 87' lang='lat' dir='ltr'><strong>pro</strong></span> <span class='ocrx_word' id='word_1_53' title='bbox 1804 697 1973 742; x_wconf 76' lang='lat' dir='ltr'><strong>muni-5</strong></span> 
     </span>
    </p>
   </div>
   <div class='ocr_carea' id='block_1_7' title="bbox 157 774 1197 821">
    <p class='ocr_par' dir='ltr' id='par_1_7' title="bbox 157 774 1197 821">
     <span class='ocr_line' id='line_1_9' title="bbox 157 774 1197 821; baseline -0.002 -2"><span class='ocrx_word' id='word_1_54' title='bbox 157 775 310 820; x_wconf 87' lang='lat' dir='ltr'><strong>mentis</strong></span> <span class='ocrx_word' id='word_1_55' title='bbox 330 774 528 819; x_wconf 90' lang='lat' dir='ltr'><strong>cohortes</strong></span> <span class='ocrx_word' id='word_1_56' title='bbox 548 782 590 819; x_wconf 89' lang='lat' dir='ltr'><strong>et</strong></span> <span class='ocrx_word' id='word_1_57' title='bbox 618 774 719 818; x_wconf 87' lang='lat' dir='ltr'><strong>nihil</strong></span> <span class='ocrx_word' id='word_1_58' title='bbox 751 775 979 821; x_wconf 83' lang='lat' dir='ltr'><strong>remissum</strong></span> <span class='ocrx_word' id='word_1_59' title='bbox 1008 787 1197 817; x_wconf 84' lang='lat' dir='ltr'><strong>sensere.</strong></span> 
     </span>
    </p>
   </div>
   <div class='ocr_carea' id='block_1_8' title="bbox 1258 773 1941 830">
    <p class='ocr_par' dir='ltr' id='par_1_8' title="bbox 1258 773 1941 830">
     <span class='ocr_line' id='line_1_10' title="bbox 1258 773 1941 830; baseline 0 -14"><span class='ocrx_word' id='word_1_60' title='bbox 1258 773 1339 830; x_wconf 70' lang='lat'>(44)</span> <span class='ocrx_word' id='word_1_61' title='bbox 1371 788 1455 818; x_wconf 87' lang='lat' dir='ltr'><strong>nox</strong></span> <span class='ocrx_word' id='word_1_62' title='bbox 1480 774 1634 818; x_wconf 90' lang='lat' dir='ltr'><strong>eadem</strong></span> <span class='ocrx_word' id='word_1_63' title='bbox 1661 773 1817 817; x_wconf 87' lang='lat' dir='ltr'><strong>laetam</strong></span> <span class='ocrx_word' id='word_1_64' title='bbox 1837 773 1941 817; x_wconf 87' lang='lat' dir='ltr'><strong>Ger-</strong></span> 
     </span>
    </p>
   </div>
   <div class='ocr_carea' id='block_1_9' title="bbox 88 849 1990 1815">
    <p class='ocr_par' dir='ltr' id='par_1_9' title="bbox 154 849 1990 1513">
     <span class='ocr_line' id='line_1_11' title="bbox 156 849 1942 908; baseline -0.002 -13"><span class='ocrx_word' id='word_1_65' title='bbox 156 851 324 895; x_wconf 90' lang='lat' dir='ltr'><strong>manico</strong></span> <span class='ocrx_word' id='word_1_66' title='bbox 352 850 541 908; x_wconf 88' lang='lat' dir='ltr'><strong>quietem</strong></span> <span class='ocrx_word' id='word_1_67' title='bbox 577 849 684 900; x_wconf 88' lang='lat' dir='ltr'><strong>tulit,</strong></span> <span class='ocrx_word' id='word_1_68' title='bbox 728 849 918 908; x_wconf 90' lang='lat' dir='ltr'><strong>viditque</strong></span> <span class='ocrx_word' id='word_1_69' title='bbox 949 863 996 893; x_wconf 88' lang='lat' dir='ltr'><strong>se</strong></span> <span class='ocrx_word' id='word_1_70' title='bbox 1027 855 1251 907; x_wconf 91' lang='lat' dir='ltr'><strong>operatum</strong></span> <span class='ocrx_word' id='word_1_71' title='bbox 1289 856 1331 893; x_wconf 85' lang='lat' dir='ltr'><strong>et</strong></span> <span class='ocrx_word' id='word_1_72' title='bbox 1360 850 1564 907; x_wconf 82' lang='lat' dir='ltr'><strong>sanguine</strong></span> <span class='ocrx_word' id='word_1_73' title='bbox 1593 849 1704 894; x_wconf 88' lang='lat' dir='ltr'><strong>sacri</strong></span> <span class='ocrx_word' id='word_1_74' title='bbox 1741 863 1942 906; x_wconf 88' lang='lat' dir='ltr'><strong>respersa</strong></span> 
     </span>
     <span class='ocr_line' id='line_1_12' title="bbox 157 925 1940 984; baseline -0.002 -14"><span class='ocrx_word' id='word_1_75' title='bbox 157 932 377 984; x_wconf 86' lang='lat' dir='ltr'><strong>praetexta</strong></span> <span class='ocrx_word' id='word_1_76' title='bbox 413 925 702 983; x_wconf 84' lang='lat' dir='ltr'>pulchriorem</span> <span class='ocrx_word' id='word_1_77' title='bbox 738 925 865 969; x_wconf 87' lang='lat' dir='ltr'><strong>aliam</strong></span> <span class='ocrx_word' id='word_1_78' title='bbox 892 925 1089 968; x_wconf 90' lang='lat' dir='ltr'><strong>manibus</strong></span> <span class='ocrx_word' id='word_1_79' title='bbox 1119 925 1238 969; x_wconf 90' lang='lat' dir='ltr'><strong>aviae</strong></span> <span class='ocrx_word' id='word_1_80' title='bbox 1267 926 1482 983; x_wconf 82' lang='lat' dir='ltr'><strong>Augustae</strong></span> <span class='ocrx_word' id='word_1_81' title='bbox 1511 926 1746 983; x_wconf 91' lang='lat' dir='ltr'><strong>accepisse.</strong></span> <span class='ocrx_word' id='word_1_82' title='bbox 1791 932 1940 969; x_wconf 86' lang='lat' dir='ltr'><strong>auctus</strong></span> 
     </span>
     <span class='ocr_line' id='line_1_13' title="bbox 157 1000 1941 1059; baseline -0.001 -14"><span class='ocrx_word' id='word_1_83' title='bbox 157 1002 298 1046; x_wconf 91' lang='lat' dir='ltr'><strong>omine</strong></span> <span class='ocrx_word' id='word_1_84' title='bbox 334 1000 629 1046; x_wconf 86' lang='lat' dir='ltr'><strong>addicentibus</strong></span> <span class='ocrx_word' id='word_1_85' title='bbox 669 1000 870 1059; x_wconf 76' lang='lat' dir='ltr'><strong>auspiciis</strong></span> <span class='ocrx_word' id='word_1_86' title='bbox 907 1007 1032 1044; x_wconf 90' lang='lat' dir='ltr'><strong>vocat</strong></span> <span class='ocrx_word' id='word_1_87' title='bbox 1073 1001 1314 1044; x_wconf 90' lang='lat' dir='ltr'><strong>contionem</strong></span> <span class='ocrx_word' id='word_1_88' title='bbox 1352 1007 1395 1045; x_wconf 85' lang='lat' dir='ltr'><strong>et</strong></span> <span class='ocrx_word' id='word_1_89' title='bbox 1433 1015 1545 1059; x_wconf 89' lang='lat' dir='ltr'><strong>quae</strong></span> <span class='ocrx_word' id='word_1_90' title='bbox 1590 1001 1798 1059; x_wconf 83' lang='lat' dir='ltr'><strong>sapientia</strong></span> <span class='ocrx_word' id='word_1_91' title='bbox 1841 1015 1941 1058; x_wconf 92' lang='lat' dir='ltr'><strong>pro-</strong></span> 
     </span>
     <span class='ocr_line' id='line_1_14' title="bbox 156 1076 1990 1136; baseline 0 -15"><span class='ocrx_word' id='word_1_92' title='bbox 156 1078 249 1121; x_wconf 91' lang='lat' dir='ltr'><strong>visa</strong></span> <span class='ocrx_word' id='word_1_93' title='bbox 277 1084 463 1136; x_wconf 88' lang='lat' dir='ltr'><strong>aptaque</strong></span> <span class='ocrx_word' id='word_1_94' title='bbox 483 1077 716 1120; x_wconf 88' lang='lat' dir='ltr'><strong>imminenti</strong></span> <span class='ocrx_word' id='word_1_95' title='bbox 744 1090 914 1134; x_wconf 82' lang='lat' dir='ltr'><strong>pugnae</strong></span> <span class='ocrx_word' id='word_1_96' title='bbox 943 1076 1125 1120; x_wconf 88' lang='lat' dir='ltr'><strong>disserit.</strong></span> <span class='ocrx_word' id='word_1_97' title='bbox 1162 1091 1247 1120; x_wconf 91' lang='lat' dir='ltr'><strong>non</strong></span> <span class='ocrx_word' id='word_1_98' title='bbox 1269 1090 1443 1134; x_wconf 90' lang='lat' dir='ltr'><strong>campos</strong></span> <span class='ocrx_word' id='word_1_99' title='bbox 1463 1076 1592 1120; x_wconf 90' lang='lat' dir='ltr'><strong>modo</strong></span> <span class='ocrx_word' id='word_1_100' title='bbox 1613 1076 1731 1119; x_wconf 86' lang='lat' dir='ltr'><strong>militi</strong></span> <span class='ocrx_word' id='word_1_101' title='bbox 1751 1079 1939 1121; x_wconf 91' lang='lat' dir='ltr'><strong>Romano</strong></span> <span class='ocrx_word' id='word_1_102' title='bbox 1953 1090 1990 1121; x_wconf 64' lang='grc' dir='ltr'><strong>ιο</strong></span> 
     </span>
     <span class='ocr_line' id='line_1_15' title="bbox 156 1151 1941 1211; baseline 0 -14"><span class='ocrx_word' id='word_1_103' title='bbox 156 1153 211 1197; x_wconf 92' lang='lat' dir='ltr'><strong>ad</strong></span> <span class='ocrx_word' id='word_1_104' title='bbox 240 1153 451 1211; x_wconf 90' lang='lat' dir='ltr'><strong>proelium</strong></span> <span class='ocrx_word' id='word_1_105' title='bbox 479 1152 632 1204; x_wconf 91' lang='lat' dir='ltr'><strong>bonos,</strong></span> <span class='ocrx_word' id='word_1_106' title='bbox 664 1152 742 1196; x_wconf 92' lang='lat' dir='ltr'><strong>sed</strong></span> <span class='ocrx_word' id='word_1_107' title='bbox 764 1152 799 1195; x_wconf 92' lang='lat' dir='ltr'><strong>si</strong></span> <span class='ocrx_word' id='word_1_108' title='bbox 820 1152 926 1195; x_wconf 88' lang='lat' dir='ltr'><strong>ratio</strong></span> <span class='ocrx_word' id='word_1_109' title='bbox 947 1151 1075 1206; x_wconf 85' lang='lat' dir='ltr'><strong>adsit,</strong></span> <span class='ocrx_word' id='word_1_110' title='bbox 1108 1151 1236 1196; x_wconf 87' lang='lat' dir='ltr'><strong>silvas</strong></span> <span class='ocrx_word' id='word_1_111' title='bbox 1258 1159 1300 1196; x_wconf 89' lang='lat' dir='ltr'><strong>et</strong></span> <span class='ocrx_word' id='word_1_112' title='bbox 1319 1152 1472 1196; x_wconf 85' lang='lat' dir='ltr'><strong>saltus:</strong></span> <span class='ocrx_word' id='word_1_113' title='bbox 1504 1167 1586 1196; x_wconf 91' lang='lat' dir='ltr'><strong>nec</strong></span> <span class='ocrx_word' id='word_1_114' title='bbox 1606 1154 1720 1197; x_wconf 87' lang='lat' dir='ltr'><strong>enim</strong></span> <span class='ocrx_word' id='word_1_115' title='bbox 1749 1153 1941 1197; x_wconf 89' lang='lat' dir='ltr'><strong>inmensa</strong></span> 
     </span>
     <span class='ocr_line' id='line_1_16' title="bbox 157 1227 1938 1279; baseline -0.001 -6"><span class='ocrx_word' id='word_1_116' title='bbox 157 1228 436 1273; x_wconf 84' lang='lat' dir='ltr'><strong>barbarorum</strong></span> <span class='ocrx_word' id='word_1_117' title='bbox 463 1235 601 1279; x_wconf 81' lang='lat' dir='ltr'><strong>scuta,</strong></span> <span class='ocrx_word' id='word_1_118' title='bbox 633 1227 820 1271; x_wconf 91' lang='lat' dir='ltr'><strong>enormis</strong></span> <span class='ocrx_word' id='word_1_119' title='bbox 850 1227 992 1271; x_wconf 89' lang='lat' dir='ltr'><strong>hastas</strong></span> <span class='ocrx_word' id='word_1_120' title='bbox 1022 1228 1130 1271; x_wconf 88' lang='lat' dir='ltr'><strong>inter</strong></span> <span class='ocrx_word' id='word_1_121' title='bbox 1159 1234 1332 1272; x_wconf 89' lang='lat' dir='ltr'><strong>truncos</strong></span> <span class='ocrx_word' id='word_1_122' title='bbox 1361 1228 1564 1272; x_wconf 86' lang='lat' dir='ltr'><strong>arborum</strong></span> <span class='ocrx_word' id='word_1_123' title='bbox 1593 1235 1636 1272; x_wconf 88' lang='lat' dir='ltr'><strong>et</strong></span> <span class='ocrx_word' id='word_1_124' title='bbox 1657 1235 1782 1272; x_wconf 92' lang='lat' dir='ltr'><strong>enata</strong></span> <span class='ocrx_word' id='word_1_125' title='bbox 1811 1229 1938 1272; x_wconf 92' lang='lat' dir='ltr'><strong>humo</strong></span> 
     </span>
     <span class='ocr_line' id='line_1_17' title="bbox 154 1303 1937 1364; baseline -0.001 -15"><span class='ocrx_word' id='word_1_126' title='bbox 154 1304 336 1363; x_wconf 83' lang='lat' dir='ltr'><strong>virgulta</strong></span> <span class='ocrx_word' id='word_1_127' title='bbox 363 1304 542 1364; x_wconf 86' lang='lat' dir='ltr'><strong>perinde</strong></span> <span class='ocrx_word' id='word_1_128' title='bbox 571 1303 721 1348; x_wconf 89' lang='lat' dir='ltr'><strong>haberi</strong></span> <span class='ocrx_word' id='word_1_129' title='bbox 741 1317 872 1362; x_wconf 88' lang='lat' dir='ltr'><strong>quam</strong></span> <span class='ocrx_word' id='word_1_130' title='bbox 893 1303 980 1362; x_wconf 86' lang='lat' dir='ltr'><strong>pila</strong></span> <span class='ocrx_word' id='word_1_131' title='bbox 1001 1310 1043 1347; x_wconf 88' lang='lat' dir='ltr'><strong>et</strong></span> <span class='ocrx_word' id='word_1_132' title='bbox 1062 1303 1226 1361; x_wconf 82' lang='lat' dir='ltr'><strong>gladios</strong></span> <span class='ocrx_word' id='word_1_133' title='bbox 1249 1310 1291 1347; x_wconf 87' lang='lat' dir='ltr'><strong>et</strong></span> <span class='ocrx_word' id='word_1_134' title='bbox 1310 1303 1530 1348; x_wconf 89' lang='lat' dir='ltr'><strong>haerentia</strong></span> <span class='ocrx_word' id='word_1_135' title='bbox 1550 1305 1720 1362; x_wconf 82' lang='lat' dir='ltr'><strong>corpori</strong></span> <span class='ocrx_word' id='word_1_136' title='bbox 1740 1305 1937 1363; x_wconf 83' lang='lat' dir='ltr'><strong>tegmina.</strong></span> 
     </span>
     <span class='ocr_line' id='line_1_18' title="bbox 154 1366 1938 1437; baseline -0.001 -13"><span class='ocrx_word' id='word_1_137' title='bbox 154 1366 385 1424; x_wconf 79' lang='lat' dir='ltr'><strong>denserent</strong></span> <span class='ocrx_word' id='word_1_138' title='bbox 412 1380 537 1430; x_wconf 91' lang='lat' dir='ltr'><strong>ictus,</strong></span> <span class='ocrx_word' id='word_1_139' title='bbox 571 1393 646 1423; x_wconf 89' lang='lat' dir='ltr'><strong>ora</strong></span> <span class='ocrx_word' id='word_1_140' title='bbox 674 1379 950 1426; x_wconf 81' lang='lat' dir='ltr'><strong>mucronibus</strong></span> <span class='ocrx_word' id='word_1_141' title='bbox 970 1386 1247 1437; x_wconf 76' lang='lat' dir='ltr'><strong>quaererent:</strong></span> <span class='ocrx_word' id='word_1_142' title='bbox 1279 1393 1363 1422; x_wconf 90' lang='lat' dir='ltr'><strong>non</strong></span> <span class='ocrx_word' id='word_1_143' title='bbox 1392 1379 1569 1424; x_wconf 89' lang='lat' dir='ltr'><strong>loricam</strong></span> <span class='ocrx_word' id='word_1_144' title='bbox 1589 1381 1821 1430; x_wconf 89' lang='lat' dir='ltr'><strong>Germano,</strong></span> <span class='ocrx_word' id='word_1_145' title='bbox 1855 1395 1938 1424; x_wconf 91' lang='lat' dir='ltr'><strong>non</strong></span> 
     </span>
     <span class='ocr_line' id='line_1_19' title="bbox 155 1453 1990 1513; baseline 0 -14"><span class='ocrx_word' id='word_1_146' title='bbox 155 1455 342 1513; x_wconf 77' lang='lat' dir='ltr'><strong>galeam:</strong></span> <span class='ocrx_word' id='word_1_147' title='bbox 372 1469 426 1499; x_wconf 93' lang='lat' dir='ltr'><strong>ne</strong></span> <span class='ocrx_word' id='word_1_148' title='bbox 457 1461 578 1499; x_wconf 90' lang='lat' dir='ltr'><strong>scuta</strong></span> <span class='ocrx_word' id='word_1_149' title='bbox 607 1455 782 1513; x_wconf 88' lang='lat' dir='ltr'><strong>quidem</strong></span> <span class='ocrx_word' id='word_1_150' title='bbox 811 1455 923 1502; x_wconf 81' lang='lat' dir='ltr'><strong>ferro</strong></span> <span class='ocrx_word' id='word_1_151' title='bbox 954 1469 1141 1498; x_wconf 87' lang='lat' dir='ltr'><strong>nervove</strong></span> <span class='ocrx_word' id='word_1_152' title='bbox 1170 1453 1355 1506; x_wconf 81' lang='lat' dir='ltr'><strong>firmata,</strong></span> <span class='ocrx_word' id='word_1_153' title='bbox 1389 1456 1466 1499; x_wconf 90' lang='lat' dir='ltr'><strong>sed</strong></span> <span class='ocrx_word' id='word_1_154' title='bbox 1488 1456 1692 1499; x_wconf 88' lang='lat' dir='ltr'><strong>viminum</strong></span> <span class='ocrx_word' id='word_1_155' title='bbox 1711 1462 1850 1500; x_wconf 85' lang='lat' dir='ltr'><strong>textus</strong></span> <span class='ocrx_word' id='word_1_156' title='bbox 1870 1456 1938 1500; x_wconf 92' lang='lat' dir='ltr'><strong>vel</strong></span> <span class='ocrx_word' id='word_1_157' title='bbox 1953 1470 1990 1499; x_wconf 76' lang='lat'><strong>⁴5</strong></span> 
     </span>
    </p>

    <p class='ocr_par' dir='ltr' id='par_1_10' title="bbox 88 1529 1939 1815">
     <span class='ocr_line' id='line_1_20' title="bbox 153 1529 1939 1588; baseline 0.001 -13"><span class='ocrx_word' id='word_1_158' title='bbox 153 1531 293 1575; x_wconf 89' lang='lat' dir='ltr'><strong>tenuis</strong></span> <span class='ocrx_word' id='word_1_159' title='bbox 323 1537 366 1575; x_wconf 91' lang='lat' dir='ltr'><strong>et</strong></span> <span class='ocrx_word' id='word_1_160' title='bbox 394 1531 554 1575; x_wconf 85' lang='lat' dir='ltr'><strong>fucatas</strong></span> <span class='ocrx_word' id='word_1_161' title='bbox 580 1530 724 1574; x_wconf 89' lang='lat' dir='ltr'><strong>colore</strong></span> <span class='ocrx_word' id='word_1_162' title='bbox 754 1529 941 1583; x_wconf 88' lang='lat' dir='ltr'><strong>tabulas;</strong></span> <span class='ocrx_word' id='word_1_163' title='bbox 972 1531 1154 1588; x_wconf 88' lang='lat' dir='ltr'><strong>primam</strong></span> <span class='ocrx_word' id='word_1_164' title='bbox 1182 1536 1414 1588; x_wconf 85' lang='lat' dir='ltr'><strong>utcumque</strong></span> <span class='ocrx_word' id='word_1_165' title='bbox 1445 1531 1582 1575; x_wconf 89' lang='lat' dir='ltr'><strong>aciem</strong></span> <span class='ocrx_word' id='word_1_166' title='bbox 1611 1531 1835 1582; x_wconf 84' lang='lat' dir='ltr'><strong>hastatam,</strong></span> <span class='ocrx_word' id='word_1_167' title='bbox 1868 1546 1939 1576; x_wconf 86' lang='lat' dir='ltr'><strong>ce-</strong></span> 
     </span>
     <span class='ocr_line' id='line_1_21' title="bbox 88 1592 1939 1664; baseline 0 -14"><span class='ocrx_word' id='word_1_168' title='bbox 88 1592 93 1595; x_wconf 29' lang='lat'><em>.</em></span> <span class='ocrx_word' id='word_1_169' title='bbox 154 1606 257 1650; x_wconf 89' lang='lat' dir='ltr'><strong>teris</strong></span> <span class='ocrx_word' id='word_1_170' title='bbox 286 1613 488 1664; x_wconf 89' lang='lat' dir='ltr'><strong>praeusta</strong></span> <span class='ocrx_word' id='word_1_171' title='bbox 507 1612 579 1650; x_wconf 88' lang='lat' dir='ltr'><strong>aut</strong></span> <span class='ocrx_word' id='word_1_172' title='bbox 597 1605 746 1650; x_wconf 88' lang='lat' dir='ltr'><strong>brevia</strong></span> <span class='ocrx_word' id='word_1_173' title='bbox 764 1605 860 1649; x_wconf 89' lang='lat' dir='ltr'><strong>tela.</strong></span> <span class='ocrx_word' id='word_1_174' title='bbox 903 1606 988 1651; x_wconf 89' lang='lat' dir='ltr'><strong>iam</strong></span> <span class='ocrx_word' id='word_1_175' title='bbox 1018 1619 1175 1663; x_wconf 90' lang='lat' dir='ltr'><strong>corpus</strong></span> <span class='ocrx_word' id='word_1_176' title='bbox 1204 1612 1251 1648; x_wconf 90' lang='lat' dir='ltr'><strong>ut</strong></span> <span class='ocrx_word' id='word_1_177' title='bbox 1280 1606 1375 1650; x_wconf 90' lang='lat' dir='ltr'><strong>visu</strong></span> <span class='ocrx_word' id='word_1_178' title='bbox 1405 1613 1575 1650; x_wconf 88' lang='lat' dir='ltr'><strong>torvum</strong></span> <span class='ocrx_word' id='word_1_179' title='bbox 1604 1614 1647 1652; x_wconf 92' lang='lat' dir='ltr'><strong>et</strong></span> <span class='ocrx_word' id='word_1_180' title='bbox 1676 1608 1729 1652; x_wconf 90' lang='lat' dir='ltr'><strong>ad</strong></span> <span class='ocrx_word' id='word_1_181' title='bbox 1761 1609 1939 1652; x_wconf 89' lang='lat' dir='ltr'><strong>brevem</strong></span> 
     </span>
     <span class='ocr_line' id='line_1_22' title="bbox 154 1680 1938 1741; baseline 0.001 -17"><span class='ocrx_word' id='word_1_182' title='bbox 154 1682 360 1740; x_wconf 91' lang='lat' dir='ltr'><strong>impetum</strong></span> <span class='ocrx_word' id='word_1_183' title='bbox 378 1681 584 1732; x_wconf 90' lang='lat' dir='ltr'><strong>validum,</strong></span> <span class='ocrx_word' id='word_1_184' title='bbox 617 1681 680 1725; x_wconf 90' lang='lat' dir='ltr'><strong>sic</strong></span> <span class='ocrx_word' id='word_1_185' title='bbox 708 1680 823 1724; x_wconf 88' lang='lat' dir='ltr'><strong>nulla</strong></span> <span class='ocrx_word' id='word_1_186' title='bbox 844 1680 1070 1725; x_wconf 87' lang='lat' dir='ltr'><strong>vulnerum</strong></span> <span class='ocrx_word' id='word_1_187' title='bbox 1098 1681 1317 1739; x_wconf 85' lang='lat' dir='ltr'><strong>patientia:</strong></span> <span class='ocrx_word' id='word_1_188' title='bbox 1350 1683 1442 1726; x_wconf 90' lang='lat' dir='ltr'><strong>sine</strong></span> <span class='ocrx_word' id='word_1_189' title='bbox 1463 1683 1630 1740; x_wconf 89' lang='lat' dir='ltr'><strong>pudore</strong></span> <span class='ocrx_word' id='word_1_190' title='bbox 1653 1683 1814 1741; x_wconf 81' lang='lat' dir='ltr'><strong>flagitii,</strong></span> <span class='ocrx_word' id='word_1_191' title='bbox 1848 1684 1938 1727; x_wconf 89' lang='lat' dir='ltr'><strong>sine</strong></span> 
     </span>
     <span class='ocr_line' id='line_1_23' title="bbox 156 1756 1938 1815; baseline 0.001 -14"><span class='ocrx_word' id='word_1_192' title='bbox 156 1771 259 1801; x_wconf 83' lang='lat' dir='ltr'><strong>cura</strong></span> <span class='ocrx_word' id='word_1_193' title='bbox 288 1756 447 1801; x_wconf 91' lang='lat' dir='ltr'><strong>ducum</strong></span> <span class='ocrx_word' id='word_1_194' title='bbox 474 1756 613 1808; x_wconf 88' lang='lat' dir='ltr'><strong>abire,</strong></span> <span class='ocrx_word' id='word_1_195' title='bbox 654 1757 821 1815; x_wconf 82' lang='lat' dir='ltr'><strong>fugere;</strong></span> <span class='ocrx_word' id='word_1_196' title='bbox 864 1756 1044 1815; x_wconf 90' lang='lat' dir='ltr'><strong>pavidos</strong></span> <span class='ocrx_word' id='word_1_197' title='bbox 1074 1757 1288 1809; x_wconf 87' lang='lat' dir='ltr'><strong>adversis,</strong></span> <span class='ocrx_word' id='word_1_198' title='bbox 1321 1757 1431 1802; x_wconf 91' lang='lat' dir='ltr'><strong>inter</strong></span> <span class='ocrx_word' id='word_1_199' title='bbox 1460 1759 1652 1803; x_wconf 91' lang='lat' dir='ltr'><strong>secunda</strong></span> <span class='ocrx_word' id='word_1_200' title='bbox 1680 1774 1766 1803; x_wconf 91' lang='lat' dir='ltr'><strong>non</strong></span> <span class='ocrx_word' id='word_1_201' title='bbox 1795 1759 1938 1811; x_wconf 91' lang='lat' dir='ltr'><strong>divini,</strong></span> 
     </span>
    </p>
   </div>
   <div class='ocr_carea' id='block_1_10' title="bbox 154 1899 1941 2003">
    <p class='ocr_par' dir='ltr' id='par_1_11' title="bbox 154 1899 1941 2003">
     <span class='ocr_line' id='line_1_24' title="bbox 198 1899 1941 1947; baseline 0.002 -12"><span class='ocrx_word' id='word_1_202' title='bbox 198 1899 231 1935; x_wconf 92' lang='lat'><strong>4.</strong></span> <span class='ocrx_word' id='word_1_203' title='bbox 251 1902 431 1944; x_wconf 73' lang='lat' dir='ltr'><strong>peccunias</strong></span> <span class='ocrx_word' id='word_1_204' title='bbox 451 1902 484 1935; x_wconf 85' lang='grc' dir='ltr'>Μ</span> <span class='ocrx_word' id='word_1_205' title='bbox 510 1918 546 1925; x_wconf 96' lang='grc'>-</span> <span class='ocrx_word' id='word_1_206' title='bbox 572 1902 604 1934; x_wconf 75' lang='lat'><strong>5.</strong></span> <span class='ocrx_word' id='word_1_207' title='bbox 630 1902 777 1934; x_wconf 73' lang='lat' dir='ltr'><strong>contactu</strong></span> <span class='ocrx_word' id='word_1_208' title='bbox 798 1901 831 1934; x_wconf 85' lang='lat' dir='ltr'>M</span> <span class='ocrx_word' id='word_1_209' title='bbox 863 1901 1027 1944; x_wconf 75' lang='lat' dir='ltr'><strong>(coniectu</strong></span> <span class='ocrx_word' id='word_1_210' title='bbox 1049 1902 1187 1945; x_wconf 84' lang='lat' dir='ltr'><strong>margo)</strong></span> <span class='ocrx_word' id='word_1_211' title='bbox 1214 1920 1249 1926; x_wconf 91' lang='lat'>—</span> <span class='ocrx_word' id='word_1_212' title='bbox 1276 1904 1308 1936; x_wconf 88' lang='lat'><strong>7.</strong></span> <span class='ocrx_word' id='word_1_213' title='bbox 1334 1905 1423 1936; x_wconf 75' lang='lat' dir='ltr'><strong>sacri</strong></span> <span class='ocrx_word' id='word_1_214' title='bbox 1447 1905 1503 1937; x_wconf 86' lang='lat' dir='ltr'><strong>M:</strong></span> <span class='ocrx_word' id='word_1_215' title='bbox 1539 1913 1636 1937; x_wconf 82' lang='lat' dir='ltr'><strong>sacro</strong></span> <span class='ocrx_word' id='word_1_216' title='bbox 1663 1913 1797 1947; x_wconf 84' lang='lat' dir='ltr'><strong>margo.</strong></span> <span class='ocrx_word' id='word_1_217' title='bbox 1827 1923 1862 1929; x_wconf 94' lang='lat'>—</span> <span class='ocrx_word' id='word_1_218' title='bbox 1888 1914 1941 1938; x_wconf 86' lang='lat' dir='ltr'><strong>res</strong></span> 
     </span>
     <span class='ocr_line' id='line_1_25' title="bbox 154 1957 1742 2003; baseline 0.003 -12"><span class='ocrx_word' id='word_1_219' title='bbox 154 1961 244 1991; x_wconf 86' lang='lat' dir='ltr'><strong>tersa</strong></span> <span class='ocrx_word' id='word_1_220' title='bbox 266 1957 410 2001; x_wconf 87' lang='lat' dir='ltr'><strong>(divise)</strong></span> <span class='ocrx_word' id='word_1_221' title='bbox 434 1958 468 1992; x_wconf 81' lang='lat' dir='ltr'>M</span> <span class='ocrx_word' id='word_1_222' title='bbox 490 1958 657 2001; x_wconf 85' lang='lat' dir='ltr'><strong>(respersa</strong></span> <span class='ocrx_word' id='word_1_223' title='bbox 678 1958 816 2001; x_wconf 84' lang='lat' dir='ltr'><strong>margo)</strong></span> <span class='ocrx_word' id='word_1_224' title='bbox 842 1976 878 1983; x_wconf 96' lang='lat'>—</span> <span class='ocrx_word' id='word_1_225' title='bbox 906 1959 938 1992; x_wconf 88' lang='lat'><strong>9.</strong></span> <span class='ocrx_word' id='word_1_226' title='bbox 959 1959 1099 2001; x_wconf 81' lang='lat' dir='ltr'><strong>provisa</strong></span> <span class='ocrx_word' id='word_1_227' title='bbox 1121 1961 1170 1993; x_wconf 94' lang='lat'><strong>10.</strong></span> <span class='ocrx_word' id='word_1_228' title='bbox 1195 1961 1251 1994; x_wconf 88' lang='lat' dir='ltr'><strong>Fr.</strong></span> <span class='ocrx_word' id='word_1_229' title='bbox 1277 1961 1491 1994; x_wconf 87' lang='lat' dir='ltr'><strong>Gronovius:</strong></span> <span class='ocrx_word' id='word_1_230' title='bbox 1514 1962 1675 2003; x_wconf 68' lang='lat' dir='ltr'><strong>praemisa</strong></span> <span class='ocrx_word' id='word_1_231' title='bbox 1697 1962 1742 1996; x_wconf 86' lang='lat' dir='ltr'><strong>M.</strong></span> 
     </span>
    </p>
   </div>
   <div class='ocr_carea' id='block_1_11' title="bbox 153 2078 1936 2130">
    <p class='ocr_par' dir='ltr' id='par_1_12' title="bbox 153 2078 1936 2130">
     <span class='ocr_line' id='line_1_26' title="bbox 153 2078 1936 2130; baseline 0.002 -15"><span class='ocrx_word' id='word_1_232' title='bbox 153 2079 228 2129; x_wconf 77' lang='grc' dir='ltr'><strong>γὰρ</strong></span> <span class='ocrx_word' id='word_1_233' title='bbox 249 2081 318 2125; x_wconf 77' lang='grc' dir='ltr'><strong>τῆς</strong></span> <span class='ocrx_word' id='word_1_234' title='bbox 340 2078 556 2129; x_wconf 74' lang='grc' dir='ltr'><em>εὐεργεσίας</em></span> <span class='ocrx_word' id='word_1_235' title='bbox 577 2081 692 2130; x_wconf 75' lang='grc' dir='ltr'><em>χάριν</em></span> <span class='ocrx_word' id='word_1_236' title='bbox 715 2079 960 2126; x_wconf 81' lang='grc' dir='ltr'><strong><em>ἀποδιδόντες</em></strong></span> <span class='ocrx_word' id='word_1_237' title='bbox 978 2083 1020 2118; x_wconf 77' lang='grc' dir='ltr'><strong>ἐν</strong></span> <span class='ocrx_word' id='word_1_238' title='bbox 1072 2086 1126 2118; x_wconf 75' lang='lat'><strong>7.»</strong></span> <span class='ocrx_word' id='word_1_239' title='bbox 1145 2086 1252 2118; x_wconf 75' lang='lat' dir='ltr'><strong>Doen.</strong></span> <span class='ocrx_word' id='word_1_240' title='bbox 1271 2103 1307 2109; x_wconf 91' lang='lat'><strong>—-</strong></span> <span class='ocrx_word' id='word_1_241' title='bbox 1321 2086 1514 2128; x_wconf 61' lang='lat' dir='ltr'><strong>praetenuia]</strong></span> <span class='ocrx_word' id='word_1_242' title='bbox 1533 2085 1671 2125; x_wconf 89' lang='lat' dir='ltr'><strong>Quintil.</strong></span> <span class='ocrx_word' id='word_1_243' title='bbox 1690 2086 1846 2119; x_wconf 90' lang='lat' dir='ltr'><strong>Declam.</strong></span> <span class='ocrx_word' id='word_1_244' title='bbox 1861 2085 1936 2119; x_wconf 74' lang='lat'><strong>340:</strong></span> 
     </span>
    </p>
   </div>
   <div class='ocr_carea' id='block_1_12' title="bbox 153 2130 1027 3473">
    <p class='ocr_par' dir='ltr' id='par_1_13' title="bbox 153 2130 1026 2876">
     <span class='ocr_line' id='line_1_27' title="bbox 154 2130 1020 2192; baseline 0.001 -26"><span class='ocrx_word' id='word_1_245' title='bbox 154 2137 239 2174; x_wconf 82' lang='grc' dir='ltr'><strong><em>ταῖς</em></strong></span> <span class='ocrx_word' id='word_1_246' title='bbox 260 2130 358 2176; x_wconf 76' lang='grc' dir='ltr'><em>μετὰ</em></span> <span class='ocrx_word' id='word_1_247' title='bbox 378 2131 519 2167; x_wconf 82' lang='grc' dir='ltr'><strong><em>τούτου</em></strong></span> <span class='ocrx_word' id='word_1_248' title='bbox 548 2132 696 2177; x_wconf 80' lang='grc' dir='ltr'><strong><em>μάχαις</em></strong></span> <span class='ocrx_word' id='word_1_249' title='bbox 724 2132 1020 2192; x_wconf 58' lang='grc' dir='ltr'><em>φιλοτιμότερον</em></span> 
     </span>
     <span class='ocr_line' id='line_1_28' title="bbox 154 2179 1022 2228; baseline 0.002 -13"><span class='ocrx_word' id='word_1_250' title='bbox 154 2179 384 2227; x_wconf 78' lang='grc' dir='ltr'>ἠγωνίζοντο</span> <span class='ocrx_word' id='word_1_251' title='bbox 409 2181 665 2226; x_wconf 73' lang='grc' dir='ltr'><strong><em>συναύξοντες</em></strong></span> <span class='ocrx_word' id='word_1_252' title='bbox 693 2180 814 2218; x_wconf 82' lang='grc' dir='ltr'><em>αὐτοῦ</em></span> <span class='ocrx_word' id='word_1_253' title='bbox 843 2182 915 2228; x_wconf 78' lang='grc' dir='ltr'><strong>τὴν</strong></span> <span class='ocrx_word' id='word_1_254' title='bbox 937 2194 1022 2228; x_wconf 83' lang='grc' dir='ltr'><em>ηγε-</em></span> 
     </span>
     <span class='ocr_line' id='line_1_29' title="bbox 153 2234 1021 2276; baseline 0.002 -10"><span class='ocrx_word' id='word_1_255' title='bbox 153 2235 305 2276; x_wconf 76' lang='grc' dir='ltr'><strong>μονίαν.</strong></span> <span class='ocrx_word' id='word_1_256' title='bbox 340 2251 376 2258; x_wconf 91' lang='grc'><strong>-</strong></span> <span class='ocrx_word' id='word_1_257' title='bbox 407 2239 562 2275; x_wconf 85' lang='lat' dir='ltr'><strong>ruptores</strong></span> <span class='ocrx_word' id='word_1_258' title='bbox 591 2234 696 2276; x_wconf 74' lang='lat' dir='ltr'><strong>pacis]</strong></span> <span class='ocrx_word' id='word_1_259' title='bbox 731 2236 787 2268; x_wconf 92' lang='lat' dir='ltr'><strong>Sic</strong></span> <span class='ocrx_word' id='word_1_260' title='bbox 820 2236 1021 2268; x_wconf 86' lang='lat' dir='ltr'><strong>Cheruscos</strong></span> 
     </span>
     <span class='ocr_line' id='line_1_30' title="bbox 155 2284 1022 2328; baseline 0.001 -11"><span class='ocrx_word' id='word_1_261' title='bbox 155 2284 323 2327; x_wconf 79' lang='lat' dir='ltr'><strong>appellat,</strong></span> <span class='ocrx_word' id='word_1_262' title='bbox 349 2286 430 2326; x_wconf 88' lang='lat' dir='ltr'><strong>quia</strong></span> <span class='ocrx_word' id='word_1_263' title='bbox 453 2285 535 2318; x_wconf 85' lang='lat' dir='ltr'><strong>Vari</strong></span> <span class='ocrx_word' id='word_1_264' title='bbox 557 2284 733 2326; x_wconf 84' lang='lat' dir='ltr'><strong>legiones,</strong></span> <span class='ocrx_word' id='word_1_265' title='bbox 759 2285 850 2318; x_wconf 86' lang='lat' dir='ltr'><strong>duce</strong></span> <span class='ocrx_word' id='word_1_266' title='bbox 873 2286 1022 2328; x_wconf 85' lang='lat' dir='ltr'><strong>perfidia</strong></span> 
     </span>
     <span class='ocr_line' id='line_1_31' title="bbox 155 2334 1024 2376; baseline 0.001 -9"><span class='ocrx_word' id='word_1_267' title='bbox 155 2334 318 2376; x_wconf 83' lang='lat' dir='ltr'><strong>decepto,</strong></span> <span class='ocrx_word' id='word_1_268' title='bbox 338 2336 442 2376; x_wconf 81' lang='lat' dir='ltr'><strong>rupta</strong></span> <span class='ocrx_word' id='word_1_269' title='bbox 457 2343 546 2376; x_wconf 88' lang='lat' dir='ltr'><strong>pace</strong></span> <span class='ocrx_word' id='word_1_270' title='bbox 562 2334 834 2368; x_wconf 83' lang='lat' dir='ltr'><strong>trucidaverant.</strong></span> <span class='ocrx_word' id='word_1_271' title='bbox 856 2353 893 2358; x_wconf 96' lang='lat'><strong>—</strong></span> <span class='ocrx_word' id='word_1_272' title='bbox 910 2339 1024 2368; x_wconf 81' lang='lat' dir='ltr'><strong>sester-</strong></span> 
     </span>
     <span class='ocr_line' id='line_1_32' title="bbox 155 2384 1020 2426; baseline 0.002 -10"><span class='ocrx_word' id='word_1_273' title='bbox 155 2385 218 2417; x_wconf 78' lang='lat' dir='ltr'><strong>tios</strong></span> <span class='ocrx_word' id='word_1_274' title='bbox 237 2384 397 2426; x_wconf 77' lang='lat' dir='ltr'><strong>centenos]</strong></span> <span class='ocrx_word' id='word_1_275' title='bbox 422 2386 508 2418; x_wconf 81' lang='lat' dir='ltr'><strong>flist.</strong></span> <span class='ocrx_word' id='word_1_276' title='bbox 534 2386 566 2425; x_wconf 83' lang='grc'><strong>4,</strong></span> <span class='ocrx_word' id='word_1_277' title='bbox 591 2385 650 2418; x_wconf 79' lang='lat'><strong>24:</strong></span> <span class='ocrx_word' id='word_1_278' title='bbox 686 2388 836 2418; x_wconf 79' lang='lat' dir='ltr'><strong>centenos</strong></span> <span class='ocrx_word' id='word_1_279' title='bbox 857 2394 1020 2426; x_wconf 71' lang='lat' dir='ltr'><strong>uununos,</strong></span> 
     </span>
     <span class='ocr_line' id='line_1_33' title="bbox 154 2435 1020 2475; baseline 0.002 -9"><span class='ocrx_word' id='word_1_280' title='bbox 154 2435 178 2467; x_wconf 91' lang='lat' dir='ltr'><strong>i.</strong></span> <span class='ocrx_word' id='word_1_281' title='bbox 196 2443 228 2467; x_wconf 85' lang='lat' dir='ltr'><strong>e.</strong></span> <span class='ocrx_word' id='word_1_282' title='bbox 245 2443 395 2467; x_wconf 83' lang='lat' dir='ltr'><strong>aureum</strong></span> <span class='ocrx_word' id='word_1_283' title='bbox 407 2435 606 2468; x_wconf 87' lang='lat' dir='ltr'><strong>Romanum</strong></span> <span class='ocrx_word' id='word_1_284' title='bbox 622 2435 696 2468; x_wconf 88' lang='lat' dir='ltr'><strong>sive</strong></span> <span class='ocrx_word' id='word_1_285' title='bbox 711 2436 754 2468; x_wconf 73' lang='lat'><strong>25</strong></span> <span class='ocrx_word' id='word_1_286' title='bbox 767 2435 950 2475; x_wconf 88' lang='lat' dir='ltr'><strong>denari0s;</strong></span> <span class='ocrx_word' id='word_1_287' title='bbox 976 2436 1020 2468; x_wconf 83' lang='lat' dir='ltr'><strong>cf.</strong></span> 
     </span>
     <span class='ocr_line' id='line_1_34' title="bbox 156 2483 1023 2519; baseline 0.002 -3"><span class='ocrx_word' id='word_1_288' title='bbox 156 2485 301 2517; x_wconf 85' lang='lat' dir='ltr'><strong>sueton.</strong></span> <span class='ocrx_word' id='word_1_289' title='bbox 319 2483 397 2517; x_wconf 78' lang='lat' dir='ltr'><strong>oth.</strong></span> <span class='ocrx_word' id='word_1_290' title='bbox 415 2483 448 2517; x_wconf 88' lang='lat'><strong>4.</strong></span> <span class='ocrx_word' id='word_1_291' title='bbox 472 2484 527 2517; x_wconf 86' lang='lat' dir='ltr'><strong>Ad</strong></span> <span class='ocrx_word' id='word_1_292' title='bbox 542 2487 707 2518; x_wconf 82' lang='lat' dir='ltr'><strong>monetae</strong></span> <span class='ocrx_word' id='word_1_293' title='bbox 723 2486 901 2519; x_wconf 82' lang='lat' dir='ltr'><strong>Romanae</strong></span> <span class='ocrx_word' id='word_1_294' title='bbox 917 2494 1023 2519; x_wconf 90' lang='lat' dir='ltr'><strong>usum</strong></span> 
     </span>
     <span class='ocr_line' id='line_1_35' title="bbox 156 2533 1026 2577; baseline 0.002 -11"><span class='ocrx_word' id='word_1_295' title='bbox 156 2533 252 2577; x_wconf 86' lang='lat' dir='ltr'><strong>apud</strong></span> <span class='ocrx_word' id='word_1_296' title='bbox 274 2535 469 2567; x_wconf 83' lang='lat' dir='ltr'><strong>Germanos</strong></span> <span class='ocrx_word' id='word_1_297' title='bbox 491 2534 536 2567; x_wconf 81' lang='lat' dir='ltr'><strong>cf.</strong></span> <span class='ocrx_word' id='word_1_298' title='bbox 558 2536 675 2567; x_wconf 84' lang='lat' dir='ltr'><strong>Germ.</strong></span> <span class='ocrx_word' id='word_1_299' title='bbox 694 2536 733 2568; x_wconf 77' lang='lat'><strong>5:</strong></span> <span class='ocrx_word' id='word_1_300' title='bbox 757 2536 934 2568; x_wconf 62' lang='lat' dir='ltr'><strong>hermiam</strong></span> <span class='ocrx_word' id='word_1_301' title='bbox 946 2544 1026 2576; x_wconf 85' lang='lat' dir='ltr'><strong>pro-</strong></span> 
     </span>
     <span class='ocr_line' id='line_1_36' title="bbox 155 2584 1025 2627; baseline 0.001 -10"><span class='ocrx_word' id='word_1_302' title='bbox 155 2584 236 2617; x_wconf 77' lang='lat' dir='ltr'><strong>bant</strong></span> <span class='ocrx_word' id='word_1_303' title='bbox 253 2587 395 2617; x_wconf 78' lang='lat' dir='ltr'><strong>veterem</strong></span> <span class='ocrx_word' id='word_1_304' title='bbox 417 2587 448 2617; x_wconf 87' lang='lat' dir='ltr'><strong>et</strong></span> <span class='ocrx_word' id='word_1_305' title='bbox 469 2585 527 2617; x_wconf 75' lang='lat' dir='ltr'><strong>diu</strong></span> <span class='ocrx_word' id='word_1_306' title='bbox 547 2588 679 2625; x_wconf 79' lang='lat' dir='ltr'><strong>uotam,</strong></span> <span class='ocrx_word' id='word_1_307' title='bbox 711 2588 857 2618; x_wconf 78' lang='lat' dir='ltr'><strong>serratos</strong></span> <span class='ocrx_word' id='word_1_308' title='bbox 877 2586 1025 2627; x_wconf 63' lang='lat' dir='ltr'><strong>bigatos-</strong></span> 
     </span>
     <span class='ocr_line' id='line_1_37' title="bbox 155 2634 1021 2676; baseline 0 -9"><span class='ocrx_word' id='word_1_309' title='bbox 155 2643 231 2675; x_wconf 78' lang='lat' dir='ltr'><strong>que.</strong></span> <span class='ocrx_word' id='word_1_310' title='bbox 251 2651 288 2659; x_wconf 88' lang='lat'><strong>-—</strong></span> <span class='ocrx_word' id='word_1_311' title='bbox 311 2634 540 2676; x_wconf 78' lang='lat' dir='ltr'><strong>matrimonia]</strong></span> <span class='ocrx_word' id='word_1_312' title='bbox 564 2634 728 2668; x_wconf 86' lang='lat' dir='ltr'><strong>Similiter</strong></span> <span class='ocrx_word' id='word_1_313' title='bbox 751 2636 892 2668; x_wconf 86' lang='lat' dir='ltr'><strong>sueton.</strong></span> <span class='ocrx_word' id='word_1_314' title='bbox 919 2636 1021 2669; x_wconf 85' lang='lat' dir='ltr'><strong>Caes.</strong></span> 
     </span>
     <span class='ocr_line' id='line_1_38' title="bbox 154 2684 1025 2727; baseline 0.001 -10"><span class='ocrx_word' id='word_1_315' title='bbox 154 2685 216 2717; x_wconf 75' lang='lat'><strong>5⁴:</strong></span> <span class='ocrx_word' id='word_1_316' title='bbox 250 2684 428 2717; x_wconf 81' lang='lat' dir='ltr'><strong>Caesarem</strong></span> <span class='ocrx_word' id='word_1_317' title='bbox 447 2693 488 2717; x_wconf 77' lang='lat' dir='ltr'><strong>ne</strong></span> <span class='ocrx_word' id='word_1_318' title='bbox 511 2684 773 2725; x_wconf 74' lang='lat' dir='ltr'><strong>provincialibus</strong></span> <span class='ocrx_word' id='word_1_319' title='bbox 795 2686 928 2727; x_wconf 76' lang='lat' dir='ltr'><strong>quidem</strong></span> <span class='ocrx_word' id='word_1_320' title='bbox 948 2694 1025 2717; x_wconf 87' lang='lat' dir='ltr'><strong>ma-</strong></span> 
     </span>
     <span class='ocr_line' id='line_1_39' title="bbox 155 2732 1022 2776; baseline 0 -10"><span class='ocrx_word' id='word_1_321' title='bbox 155 2734 320 2766; x_wconf 68' lang='lat' dir='ltr'><strong>trivnoniis</strong></span> <span class='ocrx_word' id='word_1_322' title='bbox 346 2732 540 2766; x_wconf 72' lang='lat' dir='ltr'><strong>abstinuisse</strong></span> <span class='ocrx_word' id='word_1_323' title='bbox 569 2735 638 2766; x_wconf 85' lang='lat' dir='ltr'><strong>cet.</strong></span> <span class='ocrx_word' id='word_1_324' title='bbox 666 2751 702 2757; x_wconf 97' lang='lat'><strong>—</strong></span> <span class='ocrx_word' id='word_1_325' title='bbox 727 2735 826 2766; x_wconf 80' lang='lat' dir='ltr'><strong>tertia</strong></span> <span class='ocrx_word' id='word_1_326' title='bbox 846 2735 872 2776; x_wconf 76' lang='lat' dir='ltr'><strong>f.</strong></span> <span class='ocrx_word' id='word_1_327' title='bbox 895 2734 1022 2776; x_wconf 70' lang='lat' dir='ltr'><strong>viyilia]</strong></span> 
     </span>
     <span class='ocr_line' id='line_1_40' title="bbox 154 2783 1024 2825; baseline 0.001 -10"><span class='ocrx_word' id='word_1_328' title='bbox 154 2783 277 2824; x_wconf 83' lang='lat' dir='ltr'><strong>Veget.</strong></span> <span class='ocrx_word' id='word_1_329' title='bbox 303 2783 335 2823; x_wconf 85' lang='lat'><strong>3,</strong></span> <span class='ocrx_word' id='word_1_330' title='bbox 361 2783 396 2816; x_wconf 89' lang='lat'><strong>8:</strong></span> <span class='ocrx_word' id='word_1_331' title='bbox 435 2783 475 2815; x_wconf 77' lang='lat' dir='ltr'><strong>In</strong></span> <span class='ocrx_word' id='word_1_332' title='bbox 504 2786 666 2824; x_wconf 84' lang='lat' dir='ltr'><strong>quattuor</strong></span> <span class='ocrx_word' id='word_1_333' title='bbox 690 2787 804 2824; x_wconf 83' lang='lat' dir='ltr'><strong>partes</strong></span> <span class='ocrx_word' id='word_1_334' title='bbox 832 2784 1024 2825; x_wconf 84' lang='lat' dir='ltr'><strong>(ternarum</strong></span> 
     </span>
     <span class='ocr_line' id='line_1_41' title="bbox 155 2832 1022 2876; baseline 0.001 -11"><span class='ocrx_word' id='word_1_335' title='bbox 155 2832 334 2873; x_wconf 79' lang='lat' dir='ltr'><strong>horarum)</strong></span> <span class='ocrx_word' id='word_1_336' title='bbox 357 2834 403 2865; x_wconf 79' lang='lat' dir='ltr'><strong>ad</strong></span> <span class='ocrx_word' id='word_1_337' title='bbox 423 2833 631 2874; x_wconf 73' lang='lat' dir='ltr'><strong>clepsydram</strong></span> <span class='ocrx_word' id='word_1_338' title='bbox 644 2837 720 2866; x_wconf 79' lang='lat' dir='ltr'><strong>suut</strong></span> <span class='ocrx_word' id='word_1_339' title='bbox 735 2833 862 2866; x_wconf 77' lang='lat' dir='ltr'><strong>divisae</strong></span> <span class='ocrx_word' id='word_1_340' title='bbox 875 2834 1022 2876; x_wconf 65' lang='lat' dir='ltr'><strong>vigiliae.</strong></span> 
     </span>
    </p>

    <p class='ocr_par' dir='ltr' id='par_1_14' title="bbox 156 2880 1027 3473">
     <span class='ocr_line' id='line_1_42' title="bbox 200 2880 1023 2924; baseline 0.002 -10"><span class='ocrx_word' id='word_1_341' title='bbox 200 2880 253 2915; x_wconf 73' lang='lat'><strong>⁴4.</strong></span> <span class='ocrx_word' id='word_1_342' title='bbox 284 2882 470 2924; x_wconf 80' lang='lat' dir='ltr'><strong>operatum]</strong></span> <span class='ocrx_word' id='word_1_343' title='bbox 504 2884 577 2916; x_wconf 84' lang='lat' dir='ltr'><strong>Hac</strong></span> <span class='ocrx_word' id='word_1_344' title='bbox 599 2883 853 2924; x_wconf 81' lang='lat' dir='ltr'><strong>significatione</strong></span> <span class='ocrx_word' id='word_1_345' title='bbox 881 2882 1023 2917; x_wconf 85' lang='lat' dir='ltr'><strong>solitum</strong></span> 
     </span>
     <span class='ocr_line' id='line_1_43' title="bbox 157 2932 1022 2975; baseline 0.001 -11"><span class='ocrx_word' id='word_1_346' title='bbox 157 2932 227 2964; x_wconf 89' lang='lat' dir='ltr'><strong>hoc</strong></span> <span class='ocrx_word' id='word_1_347' title='bbox 248 2932 423 2974; x_wconf 83' lang='lat' dir='ltr'><strong>participii</strong></span> <span class='ocrx_word' id='word_1_348' title='bbox 444 2934 598 2975; x_wconf 80' lang='lat' dir='ltr'><strong>tempus.</strong></span> <span class='ocrx_word' id='word_1_349' title='bbox 635 2934 754 2966; x_wconf 81' lang='lat' dir='ltr'><strong>Horat.</strong></span> <span class='ocrx_word' id='word_1_350' title='bbox 781 2934 820 2967; x_wconf 93' lang='lat' dir='ltr'><strong>C.</strong></span> <span class='ocrx_word' id='word_1_351' title='bbox 845 2933 878 2974; x_wconf 88' lang='grc'><strong>3,</strong></span> <span class='ocrx_word' id='word_1_352' title='bbox 904 2933 958 2973; x_wconf 77' lang='grc'><strong>44,</strong></span> <span class='ocrx_word' id='word_1_353' title='bbox 983 2934 1022 2966; x_wconf 84' lang='lat'><strong>6:</strong></span> 
     </span>
     <span class='ocr_line' id='line_1_44' title="bbox 156 2981 1025 3024; baseline 0.001 -10"><span class='ocrx_word' id='word_1_354' title='bbox 156 2982 299 3014; x_wconf 60' lang='lat' dir='ltr'><strong>Prowat</strong></span> <span class='ocrx_word' id='word_1_355' title='bbox 318 2981 413 3014; x_wconf 66' lang='lat' dir='ltr'><strong>iustis</strong></span> <span class='ocrx_word' id='word_1_356' title='bbox 434 2985 575 3023; x_wconf 79' lang='lat' dir='ltr'><strong>operata</strong></span> <span class='ocrx_word' id='word_1_357' title='bbox 596 2983 719 3023; x_wconf 72' lang='lat' dir='ltr'><strong>sacris,</strong></span> <span class='ocrx_word' id='word_1_358' title='bbox 742 2982 780 3015; x_wconf 89' lang='lat' dir='ltr'><strong>id</strong></span> <span class='ocrx_word' id='word_1_359' title='bbox 802 2984 876 3022; x_wconf 83' lang='lat' dir='ltr'><strong>est,</strong></span> <span class='ocrx_word' id='word_1_360' title='bbox 902 2991 1025 3024; x_wconf 85' lang='lat' dir='ltr'><strong>opera-</strong></span> 
     </span>
     <span class='ocr_line' id='line_1_45' title="bbox 156 3030 1024 3073; baseline 0.001 -10"><span class='ocrx_word' id='word_1_361' title='bbox 156 3031 255 3070; x_wconf 75' lang='lat' dir='ltr'><strong>tura:</strong></span> <span class='ocrx_word' id='word_1_362' title='bbox 280 3039 351 3072; x_wconf 91' lang='lat' dir='ltr'><strong>quo</strong></span> <span class='ocrx_word' id='word_1_363' title='bbox 373 3032 534 3073; x_wconf 81' lang='lat' dir='ltr'><strong>tempore</strong></span> <span class='ocrx_word' id='word_1_364' title='bbox 555 3040 642 3065; x_wconf 86' lang='lat' dir='ltr'><strong>usus</strong></span> <span class='ocrx_word' id='word_1_365' title='bbox 664 3033 719 3065; x_wconf 81' lang='lat' dir='ltr'><strong>est</strong></span> <span class='ocrx_word' id='word_1_366' title='bbox 735 3030 796 3064; x_wconf 89' lang='lat' dir='ltr'><strong>lul.</strong></span> <span class='ocrx_word' id='word_1_367' title='bbox 814 3031 1024 3073; x_wconf 86' lang='lat' dir='ltr'><strong>Obsequens</strong></span> 
     </span>
     <span class='ocr_line' id='line_1_46' title="bbox 157 3080 1025 3122; baseline 0.001 -9"><span class='ocrx_word' id='word_1_368' title='bbox 157 3081 212 3114; x_wconf 72' lang='lat'><strong>72.</strong></span> <span class='ocrx_word' id='word_1_369' title='bbox 236 3081 310 3113; x_wconf 87' lang='lat' dir='ltr'><strong>Liv.</strong></span> <span class='ocrx_word' id='word_1_370' title='bbox 334 3080 389 3121; x_wconf 90' lang='grc'><strong>40,</strong></span> <span class='ocrx_word' id='word_1_371' title='bbox 414 3081 474 3114; x_wconf 79' lang='lat'><strong>39:</strong></span> <span class='ocrx_word' id='word_1_372' title='bbox 511 3082 592 3114; x_wconf 79' lang='lat' dir='ltr'><strong>dum</strong></span> <span class='ocrx_word' id='word_1_373' title='bbox 620 3082 723 3115; x_wconf 80' lang='lat' dir='ltr'><strong>hostes</strong></span> <span class='ocrx_word' id='word_1_374' title='bbox 751 3082 879 3122; x_wconf 67' lang='lat' dir='ltr'><strong>operato·</strong></span> <span class='ocrx_word' id='word_1_375' title='bbox 906 3090 1025 3122; x_wconf 83' lang='lat' dir='ltr'><strong>super-</strong></span> 
     </span>
     <span class='ocr_line' id='line_1_47' title="bbox 157 3130 1021 3173; baseline 0 -10"><span class='ocrx_word' id='word_1_376' title='bbox 157 3130 341 3163; x_wconf 68' lang='lat' dir='ltr'><strong>sationibus</strong></span> <span class='ocrx_word' id='word_1_377' title='bbox 354 3131 492 3165; x_wconf 71' lang='lat' dir='ltr'><strong>cous-ilia</strong></span> <span class='ocrx_word' id='word_1_378' title='bbox 504 3134 630 3164; x_wconf 82' lang='lat' dir='ltr'><strong>secreta</strong></span> <span class='ocrx_word' id='word_1_379' title='bbox 645 3134 763 3173; x_wconf 71' lang='lat' dir='ltr'><strong>ayunt.</strong></span> <span class='ocrx_word' id='word_1_380' title='bbox 790 3131 886 3164; x_wconf 85' lang='lat' dir='ltr'><strong>Curt.</strong></span> <span class='ocrx_word' id='word_1_381' title='bbox 904 3131 937 3171; x_wconf 88' lang='lat'><strong>8,</strong></span> <span class='ocrx_word' id='word_1_382' title='bbox 958 3131 1021 3163; x_wconf 86' lang='lat'><strong>36:</strong></span> 
     </span>
     <span class='ocr_line' id='line_1_48' title="bbox 157 3179 1026 3221; baseline -0.003 -8"><span class='ocrx_word' id='word_1_383' title='bbox 157 3187 223 3212; x_wconf 73' lang='lat' dir='ltr'><strong>rex</strong></span> <span class='ocrx_word' id='word_1_384' title='bbox 241 3189 303 3221; x_wconf 80' lang='lat' dir='ltr'><strong>per</strong></span> <span class='ocrx_word' id='word_1_385' title='bbox 323 3180 432 3213; x_wconf 80' lang='lat' dir='ltr'><strong>decem</strong></span> <span class='ocrx_word' id='word_1_386' title='bbox 453 3181 520 3213; x_wconf 77' lang='lat' dir='ltr'><strong>dies</strong></span> <span class='ocrx_word' id='word_1_387' title='bbox 534 3180 651 3213; x_wconf 75' lang='lat' dir='ltr'><strong>Libero</strong></span> <span class='ocrx_word' id='word_1_388' title='bbox 664 3181 759 3213; x_wconf 74' lang='lat' dir='ltr'><strong>Patri</strong></span> <span class='ocrx_word' id='word_1_389' title='bbox 773 3182 948 3220; x_wconf 87' lang='lat' dir='ltr'><strong>operatum</strong></span> <span class='ocrx_word' id='word_1_390' title='bbox 962 3179 1026 3211; x_wconf 80' lang='lat' dir='ltr'><strong>ha-</strong></span> 
     </span>
     <span class='ocr_line' id='line_1_49' title="bbox 159 3227 1026 3270; baseline -0.002 -8"><span class='ocrx_word' id='word_1_391' title='bbox 159 3227 232 3261; x_wconf 71' lang='lat' dir='ltr'><strong>buit</strong></span> <span class='ocrx_word' id='word_1_392' title='bbox 246 3231 441 3263; x_wconf 65' lang='lat' dir='ltr'><strong>exercitium</strong></span> <span class='ocrx_word' id='word_1_393' title='bbox 459 3231 510 3264; x_wconf 91' lang='lat' dir='ltr'><strong>Cf.</strong></span> <span class='ocrx_word' id='word_1_394' title='bbox 525 3231 558 3270; x_wconf 88' lang='lat'><strong>3,</strong></span> <span class='ocrx_word' id='word_1_395' title='bbox 573 3230 627 3264; x_wconf 88' lang='lat'><strong>43.</strong></span> <span class='ocrx_word' id='word_1_396' title='bbox 647 3231 864 3264; x_wconf 86' lang='lat' dir='ltr'><strong>Brissonium</strong></span> <span class='ocrx_word' id='word_1_397' title='bbox 877 3229 922 3262; x_wconf 89' lang='lat' dir='ltr'><strong>de</strong></span> <span class='ocrx_word' id='word_1_398' title='bbox 940 3229 1026 3262; x_wconf 85' lang='lat' dir='ltr'><strong>For-</strong></span> 
     </span>
     <span class='ocr_line' id='line_1_50' title="bbox 162 3277 1024 3323; baseline 0 -12"><span class='ocrx_word' id='word_1_399' title='bbox 162 3277 265 3313; x_wconf 72' lang='lat' dir='ltr'><strong>mulia</strong></span> <span class='ocrx_word' id='word_1_400' title='bbox 288 3279 344 3314; x_wconf 87' lang='lat' dir='ltr'><strong>ed.</strong></span> <span class='ocrx_word' id='word_1_401' title='bbox 370 3281 463 3323; x_wconf 82' lang='lat' dir='ltr'><strong>Lips.</strong></span> <span class='ocrx_word' id='word_1_402' title='bbox 481 3280 578 3314; x_wconf 72' lang='lat'><strong>⁴754.</strong></span> <span class='ocrx_word' id='word_1_403' title='bbox 598 3289 633 3323; x_wconf 89' lang='lat' dir='ltr'><strong>p.</strong></span> <span class='ocrx_word' id='word_1_404' title='bbox 652 3281 705 3313; x_wconf 88' lang='grc'><strong>47.</strong></span> <span class='ocrx_word' id='word_1_405' title='bbox 725 3297 762 3303; x_wconf 92' lang='grc'>-</span> <span class='ocrx_word' id='word_1_406' title='bbox 787 3279 886 3321; x_wconf 77' lang='lat' dir='ltr'><strong>sacri]</strong></span> <span class='ocrx_word' id='word_1_407' title='bbox 913 3279 1024 3312; x_wconf 78' lang='lat' dir='ltr'><strong>«bene</strong></span> 
     </span>
     <span class='ocr_line' id='line_1_51' title="bbox 164 3328 1026 3373; baseline 0.001 -13"><span class='ocrx_word' id='word_1_408' title='bbox 164 3328 200 3360; x_wconf 82' lang='lat' dir='ltr'><strong>et</strong></span> <span class='ocrx_word' id='word_1_409' title='bbox 225 3330 368 3372; x_wconf 75' lang='lat' dir='ltr'><strong>antiquo</strong></span> <span class='ocrx_word' id='word_1_410' title='bbox 396 3338 465 3364; x_wconf 79' lang='lat' dir='ltr'><strong>usu</strong></span> <span class='ocrx_word' id='word_1_411' title='bbox 493 3339 558 3373; x_wconf 86' lang='lat' dir='ltr'><strong>pro</strong></span> <span class='ocrx_word' id='word_1_412' title='bbox 586 3331 727 3370; x_wconf 75' lang='lat' dir='ltr'><strong>hostiae,</strong></span> <span class='ocrx_word' id='word_1_413' title='bbox 763 3328 929 3371; x_wconf 78' lang='lat' dir='ltr'><strong>singulari</strong></span> <span class='ocrx_word' id='word_1_414' title='bbox 958 3337 1026 3361; x_wconf 90' lang='lat' dir='ltr'><strong>nu—</strong></span> 
     </span>
     <span class='ocr_line' id='line_1_52' title="bbox 162 3379 1027 3420; baseline 0.001 -11"><span class='ocrx_word' id='word_1_415' title='bbox 162 3383 262 3410; x_wconf 80' lang='lat' dir='ltr'><strong>mero</strong></span> <span class='ocrx_word' id='word_1_416' title='bbox 273 3403 281 3419; x_wconf 97' lang='lat'><strong>,</strong></span> <span class='ocrx_word' id='word_1_417' title='bbox 304 3380 344 3412; x_wconf 81' lang='lat' dir='ltr'><strong>ut</strong></span> <span class='ocrx_word' id='word_1_418' title='bbox 365 3380 402 3413; x_wconf 88' lang='lat' dir='ltr'><strong>in</strong></span> <span class='ocrx_word' id='word_1_419' title='bbox 423 3379 572 3414; x_wconf 80' lang='lat' dir='ltr'><strong>formula</strong></span> <span class='ocrx_word' id='word_1_420' title='bbox 590 3381 678 3413; x_wconf 75' lang='lat' dir='ltr'><strong>inter</strong></span> <span class='ocrx_word' id='word_1_421' title='bbox 691 3387 826 3412; x_wconf 86' lang='lat' dir='ltr'><strong>sacrum</strong></span> <span class='ocrx_word' id='word_1_422' title='bbox 838 3387 1027 3420; x_wconf 65' lang='lat' dir='ltr'><strong>semenque</strong></span> 
     </span>
     <span class='ocr_line' id='line_1_53' title="bbox 161 3426 1024 3473; baseline 0.006 -16"><span class='ocrx_word' id='word_1_423' title='bbox 161 3427 212 3458; x_wconf 79' lang='lat' dir='ltr'><strong>sto</strong></span> <span class='ocrx_word' id='word_1_424' title='bbox 239 3434 297 3469; x_wconf 79' lang='lat' dir='ltr'><strong>ap.</strong></span> <span class='ocrx_word' id='word_1_425' title='bbox 320 3427 431 3463; x_wconf 67' lang='lat' dir='ltr'><strong>plaut.</strong></span> <span class='ocrx_word' id='word_1_426' title='bbox 456 3430 557 3473; x_wconf 76' lang='lat' dir='ltr'><strong>capt.</strong></span> <span class='ocrx_word' id='word_1_427' title='bbox 582 3430 620 3473; x_wconf 88' lang='lat'><strong>3,</strong></span> <span class='ocrx_word' id='word_1_428' title='bbox 650 3429 689 3472; x_wconf 83' lang='lat'><strong>4,</strong></span> <span class='ocrx_word' id='word_1_429' title='bbox 722 3429 776 3464; x_wconf 73' lang='lat'><strong>84.</strong></span> <span class='ocrx_word' id='word_1_430' title='bbox 816 3429 897 3463; x_wconf 77' lang='lat' dir='ltr'><strong>Cas.</strong></span> <span class='ocrx_word' id='word_1_431' title='bbox 920 3429 960 3470; x_wconf 74' lang='lat'><strong>6,</strong></span> <span class='ocrx_word' id='word_1_432' title='bbox 990 3426 1024 3471; x_wconf 80' lang='lat'><strong>4,</strong></span> 
     </span>
    </p>
   </div>
   <div class='ocr_carea' id='block_1_13' title="bbox 233 3487 420 3525">
    <p class='ocr_par' dir='ltr' id='par_1_15' title="bbox 233 3487 420 3525">
     <span class='ocr_line' id='line_1_54' title="bbox 233 3487 420 3525; baseline 0.016 -4"><span class='ocrx_word' id='word_1_433' title='bbox 233 3487 373 3525; x_wconf 73' lang='grc' dir='ltr'><em>ΤΑωσι</em></span> <span class='ocrx_word' id='word_1_434' title='bbox 394 3491 420 3524; x_wconf 90' lang='lat'><strong>1.</strong></span> 
     </span>
    </p>
   </div>
   <div class='ocr_carea' id='block_1_14' title="bbox 1067 2135 1948 3471">
    <p class='ocr_par' dir='ltr' id='par_1_16' title="bbox 1067 2135 1948 3471">
     <span class='ocr_line' id='line_1_55' title="bbox 1071 2135 1942 2177; baseline 0.002 -10"><span class='ocrx_word' id='word_1_435' title='bbox 1071 2145 1130 2177; x_wconf 70' lang='lat' dir='ltr'><strong>eqo</strong></span> <span class='ocrx_word' id='word_1_436' title='bbox 1163 2135 1254 2167; x_wconf 73' lang='lat' dir='ltr'><strong>vobis</strong></span> <span class='ocrx_word' id='word_1_437' title='bbox 1287 2135 1394 2177; x_wconf 75' lang='lat' dir='ltr'><strong>alleyo</strong></span> <span class='ocrx_word' id='word_1_438' title='bbox 1427 2138 1528 2169; x_wconf 79' lang='lat' dir='ltr'><strong>eliam</strong></span> <span class='ocrx_word' id='word_1_439' title='bbox 1559 2137 1642 2168; x_wconf 72' lang='lat' dir='ltr'><strong>illud</strong></span> <span class='ocrx_word' id='word_1_440' title='bbox 1670 2137 1779 2177; x_wconf 75' lang='lat' dir='ltr'><strong>ipsum</strong></span> <span class='ocrx_word' id='word_1_441' title='bbox 1806 2146 1942 2169; x_wconf 87' lang='lat' dir='ltr'><strong>sacrum</strong></span> 
     </span>
     <span class='ocr_line' id='line_1_56' title="bbox 1067 2187 1941 2227; baseline 0.001 -10"><span class='ocrx_word' id='word_1_442' title='bbox 1067 2188 1344 2226; x_wconf 62' lang='lat' dir='ltr'><strong>mammarum,</strong></span> <span class='ocrx_word' id='word_1_443' title='bbox 1376 2194 1441 2226; x_wconf 81' lang='lat' dir='ltr'><strong>quo</strong></span> <span class='ocrx_word' id='word_1_444' title='bbox 1463 2187 1649 2218; x_wconf 77' lang='lat' dir='ltr'><strong>sacerdotes</strong></span> <span class='ocrx_word' id='word_1_445' title='bbox 1674 2187 1846 2227; x_wconf 81' lang='lat' dir='ltr'><strong>velantur,</strong></span> <span class='ocrx_word' id='word_1_446' title='bbox 1877 2195 1941 2227; x_wconf 80' lang='lat' dir='ltr'><strong>quo</strong></span> 
     </span>
     <span class='ocr_line' id='line_1_57' title="bbox 1071 2236 1943 2278; baseline 0.001 -11"><span class='ocrx_word' id='word_1_447' title='bbox 1071 2236 1309 2278; x_wconf 42' lang='lat' dir='ltr'><strong>magistratum·</strong></span> <span class='ocrx_word' id='word_1_448' title='bbox 1344 2244 1410 2276; x_wconf 83' lang='lat' dir='ltr'><strong>quo</strong></span> <span class='ocrx_word' id='word_1_449' title='bbox 1438 2236 1666 2277; x_wconf 73' lang='lat' dir='ltr'><strong>infirmitatem</strong></span> <span class='ocrx_word' id='word_1_450' title='bbox 1691 2237 1857 2276; x_wconf 76' lang='lat' dir='ltr'><strong>pueritiae</strong></span> <span class='ocrx_word' id='word_1_451' title='bbox 1883 2245 1943 2268; x_wconf 89' lang='lat' dir='ltr'><strong>sa-</strong></span> 
     </span>
     <span class='ocr_line' id='line_1_58' title="bbox 1071 2284 1941 2326; baseline 0 -9"><span class='ocrx_word' id='word_1_452' title='bbox 1071 2294 1167 2317; x_wconf 83' lang='lat' dir='ltr'><strong>cram</strong></span> <span class='ocrx_word' id='word_1_453' title='bbox 1207 2286 1350 2326; x_wconf 70' lang='lat' dir='ltr'><strong>facimus</strong></span> <span class='ocrx_word' id='word_1_454' title='bbox 1378 2294 1426 2317; x_wconf 87' lang='lat' dir='ltr'><strong>-ac</strong></span> <span class='ocrx_word' id='word_1_455' title='bbox 1463 2285 1693 2318; x_wconf 74' lang='lat' dir='ltr'><strong>venerabilem.</strong></span> <span class='ocrx_word' id='word_1_456' title='bbox 1737 2303 1773 2309; x_wconf 91' lang='lat'><em>—</em></span> <span class='ocrx_word' id='word_1_457' title='bbox 1814 2284 1941 2326; x_wconf 79' lang='lat' dir='ltr'><strong>auctus]</strong></span> 
     </span>
     <span class='ocr_line' id='line_1_59' title="bbox 1073 2335 1944 2377; baseline -0.001 -10"><span class='ocrx_word' id='word_1_458' title='bbox 1073 2336 1191 2367; x_wconf 87' lang='lat' dir='ltr'><strong>animo</strong></span> <span class='ocrx_word' id='word_1_459' title='bbox 1230 2335 1468 2368; x_wconf 78' lang='lat' dir='ltr'><strong>confirmatus.</strong></span> <span class='ocrx_word' id='word_1_460' title='bbox 1503 2353 1540 2360; x_wconf 98' lang='lat'><strong>—</strong></span> <span class='ocrx_word' id='word_1_461' title='bbox 1577 2345 1664 2376; x_wconf 81' lang='lat' dir='ltr'><strong>quae</strong></span> <span class='ocrx_word' id='word_1_462' title='bbox 1699 2345 1773 2376; x_wconf 86' lang='lat' dir='ltr'><strong>sap.</strong></span> <span class='ocrx_word' id='word_1_463' title='bbox 1802 2337 1944 2377; x_wconf 76' lang='lat' dir='ltr'><strong>provisa</strong></span> 
     </span>
     <span class='ocr_line' id='line_1_60' title="bbox 1074 2385 1944 2428; baseline 0 -10"><span class='ocrx_word' id='word_1_464' title='bbox 1074 2385 1155 2427; x_wconf 88' lang='lat' dir='ltr'><strong>cet.]</strong></span> <span class='ocrx_word' id='word_1_465' title='bbox 1187 2394 1299 2427; x_wconf 73' lang='lat' dir='ltr'><strong>«quae</strong></span> <span class='ocrx_word' id='word_1_466' title='bbox 1329 2386 1518 2418; x_wconf 85' lang='lat' dir='ltr'><strong>commoda</strong></span> <span class='ocrx_word' id='word_1_467' title='bbox 1547 2394 1707 2427; x_wconf 88' lang='lat' dir='ltr'><strong>quasque</strong></span> <span class='ocrx_word' id='word_1_468' title='bbox 1736 2386 1944 2428; x_wconf 86' lang='lat' dir='ltr'><strong>opportuni-</strong></span> 
     </span>
     <span class='ocr_line' id='line_1_61' title="bbox 1073 2435 1942 2477; baseline 0 -10"><span class='ocrx_word' id='word_1_469' title='bbox 1073 2436 1164 2468; x_wconf 85' lang='lat' dir='ltr'><strong>tates</strong></span> <span class='ocrx_word' id='word_1_470' title='bbox 1193 2435 1239 2467; x_wconf 86' lang='lat' dir='ltr'><strong>ad</strong></span> <span class='ocrx_word' id='word_1_471' title='bbox 1270 2435 1422 2468; x_wconf 86' lang='lat' dir='ltr'><strong>futuram</strong></span> <span class='ocrx_word' id='word_1_472' title='bbox 1454 2444 1607 2477; x_wconf 82' lang='lat' dir='ltr'><strong>pugnam</strong></span> <span class='ocrx_word' id='word_1_473' title='bbox 1635 2435 1854 2477; x_wconf 86' lang='lat' dir='ltr'><strong>providentia</strong></span> <span class='ocrx_word' id='word_1_474' title='bbox 1879 2444 1942 2468; x_wconf 87' lang='lat' dir='ltr'><strong>sua</strong></span> 
     </span>
     <span class='ocr_line' id='line_1_62' title="bbox 1075 2487 1943 2528; baseline 0.001 -9"><span class='ocrx_word' id='word_1_475' title='bbox 1075 2488 1352 2528; x_wconf 81' lang='lat' dir='ltr'><strong>comparasset.»</strong></span> <span class='ocrx_word' id='word_1_476' title='bbox 1399 2487 1449 2520; x_wconf 93' lang='lat' dir='ltr'><strong>Cf.</strong></span> <span class='ocrx_word' id='word_1_477' title='bbox 1480 2487 1520 2527; x_wconf 77' lang='lat'><strong>4,</strong></span> <span class='ocrx_word' id='word_1_478' title='bbox 1556 2488 1621 2520; x_wconf 73' lang='lat'><strong>25:</strong></span> <span class='ocrx_word' id='word_1_479' title='bbox 1661 2492 1783 2520; x_wconf 83' lang='lat' dir='ltr'><strong>cuncta</strong></span> <span class='ocrx_word' id='word_1_480' title='bbox 1815 2488 1943 2528; x_wconf 74' lang='lat' dir='ltr'><strong>proelio</strong></span> 
     </span>
     <span class='ocr_line' id='line_1_63' title="bbox 1068 2536 1945 2578; baseline 0.002 -10"><span class='ocrx_word' id='word_1_481' title='bbox 1068 2537 1218 2577; x_wconf 80' lang='lat' dir='ltr'><strong>provisa.</strong></span> <span class='ocrx_word' id='word_1_482' title='bbox 1258 2536 1344 2569; x_wconf 87' lang='lat' dir='ltr'><strong>Hist.</strong></span> <span class='ocrx_word' id='word_1_483' title='bbox 1376 2537 1417 2576; x_wconf 83' lang='lat'><strong>5,</strong></span> <span class='ocrx_word' id='word_1_484' title='bbox 1451 2537 1510 2569; x_wconf 79' lang='lat'><strong>⁴7:</strong></span> <span class='ocrx_word' id='word_1_485' title='bbox 1549 2545 1636 2577; x_wconf 87' lang='lat' dir='ltr'><strong>quae</strong></span> <span class='ocrx_word' id='word_1_486' title='bbox 1662 2538 1836 2578; x_wconf 71' lang='lat' dir='ltr'><strong>provideri</strong></span> <span class='ocrx_word' id='word_1_487' title='bbox 1868 2541 1945 2570; x_wconf 83' lang='lat' dir='ltr'><strong>astu</strong></span> 
     </span>
     <span class='ocr_line' id='line_1_64' title="bbox 1075 2586 1940 2628; baseline 0 -10"><span class='ocrx_word' id='word_1_488' title='bbox 1075 2587 1167 2618; x_wconf 77' lang='lat' dir='ltr'><strong>ducis</strong></span> <span class='ocrx_word' id='word_1_489' title='bbox 1200 2586 1401 2626; x_wconf 74' lang='lat' dir='ltr'><strong>oportuerit,</strong></span> <span class='ocrx_word' id='word_1_490' title='bbox 1434 2586 1587 2626; x_wconf 80' lang='lat' dir='ltr'><strong>provisa.</strong></span> <span class='ocrx_word' id='word_1_491' title='bbox 1621 2603 1657 2610; x_wconf 88' lang='lat'>—</span> <span class='ocrx_word' id='word_1_492' title='bbox 1694 2586 1818 2628; x_wconf 74' lang='lat' dir='ltr'><strong>haberi]</strong></span> <span class='ocrx_word' id='word_1_493' title='bbox 1855 2586 1940 2627; x_wconf 85' lang='lat' dir='ltr'><strong>geri,</strong></span> 
     </span>
     <span class='ocr_line' id='line_1_65' title="bbox 1075 2635 1940 2677; baseline 0.001 -10"><span class='ocrx_word' id='word_1_494' title='bbox 1075 2636 1232 2675; x_wconf 86' lang='lat' dir='ltr'><strong>tractari,</strong></span> <span class='ocrx_word' id='word_1_495' title='bbox 1268 2636 1308 2667; x_wconf 85' lang='lat' dir='ltr'><strong>ut</strong></span> <span class='ocrx_word' id='word_1_496' title='bbox 1339 2635 1462 2667; x_wconf 77' lang='lat' dir='ltr'><strong>habiles</strong></span> <span class='ocrx_word' id='word_1_497' title='bbox 1493 2636 1599 2677; x_wconf 63' lang='lat' dir='ltr'><strong>⁴qladit&#39;</strong></span> <span class='ocrx_word' id='word_1_498' title='bbox 1634 2636 1716 2677; x_wconf 71' lang='lat' dir='ltr'><strong>(mv.</strong></span> <span class='ocrx_word' id='word_1_499' title='bbox 1743 2636 1774 2675; x_wconf 85' lang='lat'><strong>7,</strong></span> <span class='ocrx_word' id='word_1_500' title='bbox 1801 2636 1854 2668; x_wconf 91' lang='grc'><strong>40.</strong></span> <span class='ocrx_word' id='word_1_501' title='bbox 1886 2636 1940 2676; x_wconf 78' lang='lat'><strong>22,</strong></span> 
     </span>
     <span class='ocr_line' id='line_1_66' title="bbox 1075 2681 1942 2727; baseline 0 -10"><span class='ocrx_word' id='word_1_502' title='bbox 1075 2684 1134 2726; x_wconf 81' lang='lat'><strong>46)</strong></span> <span class='ocrx_word' id='word_1_503' title='bbox 1158 2685 1218 2726; x_wconf 90' lang='lat' dir='ltr'><strong>qui</strong></span> <span class='ocrx_word' id='word_1_504' title='bbox 1240 2683 1339 2717; x_wconf 85' lang='lat' dir='ltr'><strong>facile</strong></span> <span class='ocrx_word' id='word_1_505' title='bbox 1363 2686 1506 2717; x_wconf 83' lang='lat' dir='ltr'><strong>tractari</strong></span> <span class='ocrx_word' id='word_1_506' title='bbox 1529 2687 1694 2726; x_wconf 88' lang='lat' dir='ltr'><strong>possunt,</strong></span> <span class='ocrx_word' id='word_1_507' title='bbox 1721 2681 1942 2727; x_wconf 74' lang='grc' dir='ltr'><em>εὐμεταχει-</em></span> 
     </span>
     <span class='ocr_line' id='line_1_67' title="bbox 1074 2734 1939 2781; baseline -0.001 -14"><span class='ocrx_word' id='word_1_508' title='bbox 1074 2744 1210 2781; x_wconf 76' lang='grc' dir='ltr'><strong>ριστοι.</strong></span> <span class='ocrx_word' id='word_1_509' title='bbox 1238 2751 1274 2757; x_wconf 93' lang='lat'><strong>—-</strong></span> <span class='ocrx_word' id='word_1_510' title='bbox 1299 2734 1471 2766; x_wconf 75' lang='lat' dir='ltr'><strong>haerentia</strong></span> <span class='ocrx_word' id='word_1_511' title='bbox 1492 2736 1627 2774; x_wconf 75' lang='lat' dir='ltr'><strong>corpori</strong></span> <span class='ocrx_word' id='word_1_512' title='bbox 1649 2734 1806 2776; x_wconf 64' lang='lat' dir='ltr'><strong>tegmina]</strong></span> <span class='ocrx_word' id='word_1_513' title='bbox 1831 2735 1881 2767; x_wconf 88' lang='lat' dir='ltr'><strong>Cf.</strong></span> <span class='ocrx_word' id='word_1_514' title='bbox 1908 2743 1939 2766; x_wconf 88' lang='lat' dir='ltr'><strong>c.</strong></span> 
     </span>
     <span class='ocr_line' id='line_1_68' title="bbox 1074 2785 1943 2826; baseline -0.002 -8"><span class='ocrx_word' id='word_1_515' title='bbox 1074 2787 1111 2818; x_wconf 75' lang='grc'><strong>24</strong></span> <span class='ocrx_word' id='word_1_516' title='bbox 1127 2794 1134 2817; x_wconf 89' lang='grc'>;</span> <span class='ocrx_word' id='word_1_517' title='bbox 1159 2787 1288 2817; x_wconf 85' lang='lat' dir='ltr'><strong>scutum</strong></span> <span class='ocrx_word' id='word_1_518' title='bbox 1299 2786 1426 2825; x_wconf 78' lang='lat' dir='ltr'><strong>pectori</strong></span> <span class='ocrx_word' id='word_1_519' title='bbox 1440 2785 1645 2825; x_wconf 79' lang='lat' dir='ltr'><strong>adpressum.</strong></span> <span class='ocrx_word' id='word_1_520' title='bbox 1663 2802 1700 2807; x_wconf 93' lang='lat'>—</span> <span class='ocrx_word' id='word_1_521' title='bbox 1717 2794 1784 2817; x_wconf 79' lang='lat' dir='ltr'><strong>non</strong></span> <span class='ocrx_word' id='word_1_522' title='bbox 1798 2785 1943 2826; x_wconf 75' lang='lat' dir='ltr'><strong>yoleam]</strong></span> 
     </span>
     <span class='ocr_line' id='line_1_69' title="bbox 1076 2832 1940 2875; baseline -0.001 -9"><span class='ocrx_word' id='word_1_523' title='bbox 1076 2834 1126 2867; x_wconf 89' lang='lat' dir='ltr'><strong>Cf.</strong></span> <span class='ocrx_word' id='word_1_524' title='bbox 1153 2836 1270 2866; x_wconf 89' lang='lat' dir='ltr'><strong>Germ.</strong></span> <span class='ocrx_word' id='word_1_525' title='bbox 1297 2834 1329 2866; x_wconf 88' lang='lat'><strong>6.</strong></span> <span class='ocrx_word' id='word_1_526' title='bbox 1358 2851 1394 2856; x_wconf 96' lang='lat'>—</span> <span class='ocrx_word' id='word_1_527' title='bbox 1422 2833 1536 2875; x_wconf 72' lang='lat' dir='ltr'><strong>nemo]</strong></span> <span class='ocrx_word' id='word_1_528' title='bbox 1570 2833 1685 2873; x_wconf 86' lang='lat' dir='ltr'><strong>corio,</strong></span> <span class='ocrx_word' id='word_1_529' title='bbox 1721 2836 1761 2866; x_wconf 88' lang='lat' dir='ltr'><strong>ut</strong></span> <span class='ocrx_word' id='word_1_530' title='bbox 1783 2833 1841 2866; x_wconf 91' lang='lat' dir='ltr'><strong>Sil.</strong></span> <span class='ocrx_word' id='word_1_531' title='bbox 1866 2832 1940 2865; x_wconf 85' lang='lat' dir='ltr'><strong>Ital.</strong></span> 
     </span>
     <span class='ocr_line' id='line_1_70' title="bbox 1074 2882 1940 2925; baseline -0.003 -8"><span class='ocrx_word' id='word_1_532' title='bbox 1074 2883 1107 2924; x_wconf 87' lang='lat'><strong>4,</strong></span> <span class='ocrx_word' id='word_1_533' title='bbox 1125 2884 1205 2916; x_wconf 79' lang='lat'><strong>293:</strong></span> <span class='ocrx_word' id='word_1_534' title='bbox 1231 2882 1452 2923; x_wconf 75' lang='lat' dir='ltr'><strong>subtextaque</strong></span> <span class='ocrx_word' id='word_1_535' title='bbox 1463 2884 1610 2925; x_wconf 72' lang='lat' dir='ltr'><strong>teymina</strong></span> <span class='ocrx_word' id='word_1_536' title='bbox 1620 2883 1741 2916; x_wconf 75' lang='lat' dir='ltr'><strong>nervis.</strong></span> <span class='ocrx_word' id='word_1_537' title='bbox 1766 2884 1808 2916; x_wconf 87' lang='lat' dir='ltr'><strong>Ut</strong></span> <span class='ocrx_word' id='word_1_538' title='bbox 1822 2891 1940 2924; x_wconf 90' lang='lat' dir='ltr'><strong>saepe,</strong></span> 
     </span>
     <span class='ocr_line' id='line_1_71' title="bbox 1076 2931 1945 2966; baseline -0.003 0"><span class='ocrx_word' id='word_1_539' title='bbox 1076 2942 1120 2966; x_wconf 87' lang='lat' dir='ltr'><strong>ex</strong></span> <span class='ocrx_word' id='word_1_540' title='bbox 1142 2933 1317 2965; x_wconf 86' lang='lat' dir='ltr'><strong>rhetorica</strong></span> <span class='ocrx_word' id='word_1_541' title='bbox 1342 2931 1432 2966; x_wconf 89' lang='lat' dir='ltr'><strong>illius</strong></span> <span class='ocrx_word' id='word_1_542' title='bbox 1454 2933 1579 2966; x_wconf 83' lang='lat' dir='ltr'><strong>aetatis</strong></span> <span class='ocrx_word' id='word_1_543' title='bbox 1603 2931 1719 2965; x_wconf 84' lang='lat' dir='ltr'><strong>indole</strong></span> <span class='ocrx_word' id='word_1_544' title='bbox 1744 2933 1863 2965; x_wconf 86' lang='lat' dir='ltr'><strong>vitavit</strong></span> <span class='ocrx_word' id='word_1_545' title='bbox 1884 2940 1945 2963; x_wconf 91' lang='lat' dir='ltr'><strong>vo-</strong></span> 
     </span>
     <span class='ocr_line' id='line_1_72' title="bbox 1075 2982 1945 3016; baseline -0.003 0"><span class='ocrx_word' id='word_1_546' title='bbox 1075 2982 1242 3016; x_wconf 83' lang='lat' dir='ltr'><strong>cabulum</strong></span> <span class='ocrx_word' id='word_1_547' title='bbox 1269 2982 1402 3015; x_wconf 84' lang='lat' dir='ltr'><strong>humile</strong></span> <span class='ocrx_word' id='word_1_548' title='bbox 1433 2984 1469 3015; x_wconf 88' lang='lat' dir='ltr'><strong>et</strong></span> <span class='ocrx_word' id='word_1_549' title='bbox 1497 2982 1690 3016; x_wconf 87' lang='lat' dir='ltr'><strong>abiectum.</strong></span> <span class='ocrx_word' id='word_1_550' title='bbox 1718 2999 1754 3005; x_wconf 94' lang='lat'><strong>—</strong></span> <span class='ocrx_word' id='word_1_551' title='bbox 1783 2982 1945 3014; x_wconf 77' lang='lat' dir='ltr'><strong>viminum</strong></span> 
     </span>
     <span class='ocr_line' id='line_1_73' title="bbox 1075 3031 1946 3074; baseline -0.002 -9"><span class='ocrx_word' id='word_1_552' title='bbox 1075 3032 1194 3074; x_wconf 77' lang='lat' dir='ltr'><strong>textus]</strong></span> <span class='ocrx_word' id='word_1_553' title='bbox 1219 3032 1275 3064; x_wconf 88' lang='lat' dir='ltr'><strong>Sic</strong></span> <span class='ocrx_word' id='word_1_554' title='bbox 1290 3031 1450 3065; x_wconf 82' lang='lat' dir='ltr'><strong>Aduatici</strong></span> <span class='ocrx_word' id='word_1_555' title='bbox 1473 3031 1666 3065; x_wconf 85' lang='lat' dir='ltr'><strong>utebantur</strong></span> <span class='ocrx_word' id='word_1_556' title='bbox 1685 3033 1786 3065; x_wconf 75' lang='lat' dir='ltr'><strong>scutis</strong></span> <span class='ocrx_word' id='word_1_557' title='bbox 1807 3039 1851 3064; x_wconf 74' lang='lat' dir='ltr'><strong>ex</strong></span> <span class='ocrx_word' id='word_1_558' title='bbox 1873 3040 1946 3064; x_wconf 85' lang='lat' dir='ltr'><strong>cor-</strong></span> 
     </span>
     <span class='ocr_line' id='line_1_74' title="bbox 1076 3081 1942 3122; baseline -0.001 -8"><span class='ocrx_word' id='word_1_559' title='bbox 1076 3083 1138 3114; x_wconf 71' lang='lat' dir='ltr'><strong>tice</strong></span> <span class='ocrx_word' id='word_1_560' title='bbox 1159 3082 1257 3122; x_wconf 79' lang='lat' dir='ltr'><strong>factis</strong></span> <span class='ocrx_word' id='word_1_561' title='bbox 1279 3085 1341 3114; x_wconf 89' lang='lat' dir='ltr'><strong>aut</strong></span> <span class='ocrx_word' id='word_1_562' title='bbox 1359 3081 1537 3114; x_wconf 78' lang='lat' dir='ltr'><strong>viminibus</strong></span> <span class='ocrx_word' id='word_1_563' title='bbox 1562 3082 1710 3114; x_wconf 64' lang='lat' dir='ltr'><strong>incoatis.</strong></span> <span class='ocrx_word' id='word_1_564' title='bbox 1752 3082 1882 3113; x_wconf 85' lang='lat' dir='ltr'><strong>Caesar</strong></span> <span class='ocrx_word' id='word_1_565' title='bbox 1903 3082 1942 3113; x_wconf 90' lang='lat' dir='ltr'><strong>B.</strong></span> 
     </span>
     <span class='ocr_line' id='line_1_75' title="bbox 1077 3130 1942 3173; baseline 0 -10"><span class='ocrx_word' id='word_1_566' title='bbox 1077 3133 1115 3164; x_wconf 91' lang='lat' dir='ltr'><strong>G.</strong></span> <span class='ocrx_word' id='word_1_567' title='bbox 1141 3132 1178 3170; x_wconf 72' lang='grc'><strong>2,</strong></span> <span class='ocrx_word' id='word_1_568' title='bbox 1211 3130 1264 3164; x_wconf 88' lang='grc'><strong>33.</strong></span> <span class='ocrx_word' id='word_1_569' title='bbox 1293 3149 1330 3154; x_wconf 96' lang='grc'><strong>-</strong></span> <span class='ocrx_word' id='word_1_570' title='bbox 1361 3132 1495 3173; x_wconf 78' lang='lat' dir='ltr'><strong>fucatas</strong></span> <span class='ocrx_word' id='word_1_571' title='bbox 1524 3131 1644 3173; x_wconf 83' lang='lat' dir='ltr'><strong>colore]</strong></span> <span class='ocrx_word' id='word_1_572' title='bbox 1678 3130 1773 3163; x_wconf 91' lang='lat' dir='ltr'><strong>unde</strong></span> <span class='ocrx_word' id='word_1_573' title='bbox 1806 3133 1942 3171; x_wconf 86' lang='lat' dir='ltr'><strong>postea,</strong></span> 
     </span>
     <span class='ocr_line' id='line_1_76' title="bbox 1076 3180 1945 3222; baseline 0 -10"><span class='ocrx_word' id='word_1_574' title='bbox 1076 3180 1194 3212; x_wconf 86' lang='lat' dir='ltr'><strong>media</strong></span> <span class='ocrx_word' id='word_1_575' title='bbox 1239 3189 1348 3222; x_wconf 92' lang='lat' dir='ltr'><strong>quam</strong></span> <span class='ocrx_word' id='word_1_576' title='bbox 1392 3181 1514 3214; x_wconf 81' lang='lat' dir='ltr'><strong>dicunt</strong></span> <span class='ocrx_word' id='word_1_577' title='bbox 1558 3182 1696 3220; x_wconf 82' lang='lat' dir='ltr'><strong>aetate,</strong></span> <span class='ocrx_word' id='word_1_578' title='bbox 1744 3180 1945 3221; x_wconf 83' lang='lat' dir='ltr'><strong>principum</strong></span> 
     </span>
     <span class='ocr_line' id='line_1_77' title="bbox 1078 3229 1946 3272; baseline 0 -10"><span class='ocrx_word' id='word_1_579' title='bbox 1078 3230 1308 3272; x_wconf 85' lang='lat' dir='ltr'><strong>equitumque</strong></span> <span class='ocrx_word' id='word_1_580' title='bbox 1346 3231 1494 3272; x_wconf 84' lang='lat' dir='ltr'><strong>insignia</strong></span> <span class='ocrx_word' id='word_1_581' title='bbox 1535 3229 1709 3271; x_wconf 75' lang='lat' dir='ltr'><strong>(Wappen)</strong></span> <span class='ocrx_word' id='word_1_582' title='bbox 1748 3231 1834 3261; x_wconf 85' lang='lat' dir='ltr'><strong>orta.</strong></span> <span class='ocrx_word' id='word_1_583' title='bbox 1889 3231 1946 3262; x_wconf 86' lang='lat' dir='ltr'><strong>Sic</strong></span> 
     </span>
     <span class='ocr_line' id='line_1_78' title="bbox 1077 3278 1946 3321; baseline 0 -9"><span class='ocrx_word' id='word_1_584' title='bbox 1077 3279 1175 3312; x_wconf 85' lang='lat' dir='ltr'><strong>Frisii</strong></span> <span class='ocrx_word' id='word_1_585' title='bbox 1204 3281 1305 3312; x_wconf 86' lang='lat' dir='ltr'><strong>scuta</strong></span> <span class='ocrx_word' id='word_1_586' title='bbox 1328 3279 1509 3313; x_wconf 84' lang='lat' dir='ltr'><strong>habebant</strong></span> <span class='ocrx_word' id='word_1_587' title='bbox 1531 3280 1630 3312; x_wconf 87' lang='lat' dir='ltr'><strong>fusca</strong></span> <span class='ocrx_word' id='word_1_588' title='bbox 1654 3278 1803 3321; x_wconf 78' lang='lat' dir='ltr'><strong>(braun),</strong></span> <span class='ocrx_word' id='word_1_589' title='bbox 1835 3279 1946 3312; x_wconf 84' lang='lat' dir='ltr'><strong>Saxo—</strong></span> 
     </span>
     <span class='ocr_line' id='line_1_79' title="bbox 1078 3327 1945 3372; baseline 0.001 -10"><span class='ocrx_word' id='word_1_590' title='bbox 1078 3337 1142 3367; x_wconf 75' lang='lat' dir='ltr'><strong>nes</strong></span> <span class='ocrx_word' id='word_1_591' title='bbox 1163 3329 1283 3362; x_wconf 87' lang='lat' dir='ltr'><strong>rubra.</strong></span> <span class='ocrx_word' id='word_1_592' title='bbox 1312 3330 1503 3372; x_wconf 73' lang='lat' dir='ltr'><strong>Aseqabueh</strong></span> <span class='ocrx_word' id='word_1_593' title='bbox 1525 3330 1557 3368; x_wconf 87' lang='lat'><strong>7,</strong></span> <span class='ocrx_word' id='word_1_594' title='bbox 1582 3329 1623 3361; x_wconf 89' lang='grc'><strong>40</strong></span> <span class='ocrx_word' id='word_1_595' title='bbox 1647 3328 1742 3370; x_wconf 86' lang='lat' dir='ltr'><strong>apud</strong></span> <span class='ocrx_word' id='word_1_596' title='bbox 1764 3327 1945 3363; x_wconf 84' lang='lat' dir='ltr'><strong>Pabstium</strong></span> 
     </span>
     <span class='ocr_line' id='line_1_80' title="bbox 1077 3377 1947 3420; baseline -0.001 -8"><span class='ocrx_word' id='word_1_597' title='bbox 1077 3386 1113 3420; x_wconf 88' lang='lat' dir='ltr'><strong>p.</strong></span> <span class='ocrx_word' id='word_1_598' title='bbox 1137 3378 1191 3412; x_wconf 74' lang='lat'><strong>53.</strong></span> <span class='ocrx_word' id='word_1_599' title='bbox 1218 3396 1255 3402; x_wconf 98' lang='lat'><strong>—</strong></span> <span class='ocrx_word' id='word_1_600' title='bbox 1274 3379 1451 3420; x_wconf 81' lang='lat' dir='ltr'><strong>praeusta]</strong></span> <span class='ocrx_word' id='word_1_601' title='bbox 1480 3379 1558 3419; x_wconf 87' lang='lat' dir='ltr'><strong>igne</strong></span> <span class='ocrx_word' id='word_1_602' title='bbox 1582 3377 1718 3410; x_wconf 83' lang='lat' dir='ltr'><strong>durata.</strong></span> <span class='ocrx_word' id='word_1_603' title='bbox 1747 3393 1783 3401; x_wconf 92' lang='lat'>-</span> <span class='ocrx_word' id='word_1_604' title='bbox 1809 3379 1854 3411; x_wconf 81' lang='lat' dir='ltr'><strong>ad</strong></span> <span class='ocrx_word' id='word_1_605' title='bbox 1875 3378 1947 3412; x_wconf 86' lang='lat' dir='ltr'><strong>bre-</strong></span> 
     </span>
     <span class='ocr_line' id='line_1_81' title="bbox 1075 3426 1948 3471; baseline 0.001 -11"><span class='ocrx_word' id='word_1_606' title='bbox 1075 3435 1150 3463; x_wconf 82' lang='lat' dir='ltr'><strong>vem</strong></span> <span class='ocrx_word' id='word_1_607' title='bbox 1170 3428 1329 3471; x_wconf 60' lang='lat' dir='ltr'><strong>mpetum</strong></span> <span class='ocrx_word' id='word_1_608' title='bbox 1349 3428 1476 3470; x_wconf 73' lang='lat' dir='ltr'><strong>valida]</strong></span> <span class='ocrx_word' id='word_1_609' title='bbox 1509 3428 1628 3460; x_wconf 83' lang='lat' dir='ltr'><strong>Germ.</strong></span> <span class='ocrx_word' id='word_1_610' title='bbox 1652 3426 1691 3460; x_wconf 73' lang='lat'><strong>4:</strong></span> <span class='ocrx_word' id='word_1_611' title='bbox 1726 3435 1853 3470; x_wconf 65' lang='lat' dir='ltr'><strong>maana</strong></span> <span class='ocrx_word' id='word_1_612' title='bbox 1874 3437 1948 3462; x_wconf 83' lang='lat' dir='ltr'><strong>cor-</strong></span> 
     </span>
    </p>
   </div>
   <div class='ocr_carea' id='block_1_15' title="bbox 1603 3488 1631 3530">
    <p class='ocr_par' dir='ltr' id='par_1_17' title="bbox 1603 3488 1631 3530">
     <span class='ocr_line' id='line_1_82' title="bbox 1603 3488 1631 3530; baseline 0 0"><span class='ocrx_word' id='word_1_613' title='bbox 1603 3488 1631 3530; x_wconf 83' lang='lat'><strong>6</strong></span> 
     </span>
    </p>
   </div>
  </div>
 </body>
</html>
