2254 3770
406 338 451 382 P.
482 336 731 382 CORNELII
761 334 930 380 TACITI
958 333 1226 379 ANNALIUM
1254 333 1352 378 LIB.
1381 333 1450 377 111.
1482 333 1582 392 Cap.
1614 332 1652 377 4.
1682 333 1722 378 2.

1877 332 1958 377 445

293 518 346 575 (4)
375 517 485 562 Nihil
522 518 762 562 intermissa
796 517 1063 575 navigatione
1100 516 1264 561 hiberni
1303 517 1432 561 maris
1460 516 1689 575 Agrippina
1727 515 1959 575 Corcyram

180 593 362 638 insulam
389 593 630 643 advehitur,
662 593 785 638 litora
806 592 1025 638 Calabriae
1056 599 1201 638 contra
1221 594 1355 637 sitam.
1387 592 1473 637 illic
1500 605 1664 650 paucos
1685 591 1779 636 dies
1799 605 1961 651 conpo-

180 668 320 714 nendo
351 669 491 713 animo
520 669 710 719 insumit,
741 668 926 713 violenta
954 668 1068 714 luctu
1099 675 1142 713 et
1163 669 1306 714 nescia
1326 668 1548 713 tolerandi.
1587 667 1755 713 interim
1774 668 1961 713 adventu

181 745 272 789 eius
302 744 446 789 audito
476 745 647 789 intimus
677 745 860 803 quisque
891 744 1124 789 amicorum
1154 751 1197 789 et
1230 744 1426 803 plerique
1461 743 1681 796 militares,
1721 750 1768 788 ut
1796 744 1960 803 quique

179 820 259 864 sub
290 820 541 865 Germanico
580 820 792 878 stipendia
826 820 1030 871 fecerant,
1078 819 1285 879 multique
1315 820 1442 865 etiam
1471 820 1602 878 ignoti
1629 819 1781 864 vicinis
1811 834 1835 864 e
1865 832 1991 864 mu-5

177 896 361 954 nicipiis,
409 910 508 954 pars
545 896 730 941 officium
767 896 808 939 in
846 896 1082 955 principem
1112 896 1212 948 rati,
1257 896 1402 955 plures
1433 896 1526 940 illos
1556 896 1708 948 secuti,
1747 910 1875 941 ruere
1905 895 1961 940 ad

178 971 382 1030 oppidum
411 971 697 1023 Brundisium,
731 971 847 1031 quod
878 972 1090 1030 naviganti
1120 971 1391 1017 celerrimum
1413 971 1755 1031 fidissimumque
1776 972 1961 1031 adpulsu

178 1053 280 1091 erat.
338 1054 466 1106 atque
502 1047 575 1092 ubi
622 1048 805 1106 primum
844 1061 898 1092 ex
936 1047 1020 1091 alto
1054 1048 1146 1092 visa
1187 1047 1355 1097 classis.
1401 1040 1667 1106 complentur
1707 1062 1794 1092 non
1830 1048 1961 1093 modo

178 1129 327 1180 portus
358 1129 400 1167 et
428 1123 621 1181 proxima
648 1124 794 1174 maris,
836 1122 915 1167 sed
943 1123 1112 1167 moenia
1141 1137 1193 1168 ac
1219 1130 1350 1174 tecta,
1383 1137 1556 1182 quaque
1583 1123 1832 1181 longissime
1860 1138 1962 1182 pro-

179 1199 363 1256 spectari
394 1205 573 1257 poterat,
605 1199 886 1243 maerentium
916 1199 1041 1242 turba
1071 1205 1114 1243 et
1140 1199 1412 1257 rogitantium
1440 1199 1550 1243 inter
1579 1213 1627 1243 se
1657 1198 1879 1244 silentione
1907 1211 2012 1243 anio

178 1287 286 1318 voce
315 1273 458 1333 aliqua
487 1273 777 1333 egredientem
807 1274 1064 1332 exciperent.
1108 1288 1252 1333 neque
1272 1275 1373 1319 satis
1394 1274 1615 1319 constabat
1633 1275 1736 1333 quid
1755 1289 1834 1334 pro
1853 1281 1963 1320 tem-

179 1363 286 1407 pore
314 1349 441 1402 foret,
473 1363 570 1394 cum
600 1349 748 1395 classis
777 1349 979 1408 paulatim
1009 1350 1232 1402 successit,
1266 1364 1350 1395 non
1376 1349 1522 1402 alacri,
1553 1356 1600 1394 ut
1619 1350 1801 1402 adsolet,
1833 1351 1963 1396 remi-
2025 1384 2028 1388 ,

180 1425 269 1483 gio,
300 1425 379 1469 sed
408 1426 571 1470 cunctis
601 1425 654 1469 ad
685 1425 893 1469 tristitiam
923 1426 1181 1484 compositis.
1225 1433 1455 1484 postquam
1483 1425 1653 1470 duobus
1680 1440 1779 1471 cum
1801 1426 1960 1478 liberis,

179 1499 354 1544 feralem
374 1515 523 1546 urnam
543 1508 711 1551 tenens,
744 1515 919 1560 egressa
938 1502 1035 1545 navi
1055 1501 1201 1546 defixit
1219 1501 1384 1552 oculos,
1416 1501 1531 1546 idem
1551 1502 1740 1546 omnium
1759 1502 1962 1560 gemitus;

179 1589 320 1634 neque
351 1576 618 1621 discerneres
640 1578 857 1636 proximos
877 1577 1056 1629 alienos,
1086 1578 1278 1621 virorum
1298 1577 1606 1622 feminarumve
1635 1577 1847 1636 planctus,
1879 1578 2013 1622 nisius

179 1650 295 1710 quod
333 1652 576 1696 comitatum
615 1652 872 1711 Agrippinae
906 1652 1033 1710 longo
1063 1667 1258 1698 maerore
1287 1653 1447 1697 fessum
1477 1653 1591 1697 obvii
1623 1660 1665 1697 et
1693 1660 1890 1698 recentes
1918 1654 1963 1697 in

180 1726 330 1771 dolore
359 1728 585 1772 anteibant.
632 1728 685 1785 (2)
715 1729 891 1772 miserat
919 1728 1027 1772 duas
1056 1729 1292 1787 praetorias
1313 1729 1511 1773 cohortes
1532 1729 1710 1779 Caesar,
1743 1728 1888 1773 addito
1916 1735 1964 1773 ut

180 1802 449 1861 magistratus
479 1803 698 1848 Calabriae
727 1803 938 1862 Apulique
967 1811 1009 1848 et
1034 1800 1237 1863 Campani
1269 1817 1469 1863 suprema
1498 1818 1600 1863 erga
1618 1804 1870 1849 memoriam
1888 1805 1963 1848 filii

225 1918 256 1974 4.
280 1940 327 1974 Ab
348 1949 485 1975 excessu
504 1943 575 1976 diui
597 1944 741 1987 augusti.
766 1944 858 1977 Nihil
878 1945 913 1978 M
942 1962 979 1969 —
1008 1943 1041 1978 4.
1067 1945 1189 1987 quique
1210 1943 1422 1978 Beroaldus:
1456 1944 1574 1984 cuique
1595 1945 1630 1978 M
1653 1944 1703 1987 (ut
1724 1945 1842 1986 cuique
1856 1962 1906 1971 —-
1919 1949 1959 1979 st.

178 1997 313 2039 fuerant
325 1998 531 2041 Wurmius.)
550 2018 587 2023 —
607 2000 638 2033 7.
657 1994 797 2041 adpulsu
816 2001 850 2034 M
866 2000 1020 2041 (adpulsu
1041 2000 1174 2042 margo)
1201 2019 1236 2025 -
1262 2000 1295 2034 8.
1312 2000 1430 2033 classes
1451 2009 1505 2043 pr.
1523 2001 1558 2034 M
1573 2017 1612 2025 —
1638 2000 1671 2036 9.
1686 2001 1777 2034 mari
1791 2002 1959 2035 Muretus.

182 2069 219 2076 —
246 2053 299 2088 47.
322 2054 438 2088 addita
458 2056 492 2089 M
514 2056 545 2098 (ο
566 2055 698 2098 margo)
724 2074 760 2081 -—
786 2056 838 2090 48.
862 2065 1019 2103 suprema
1039 2057 1084 2091 M.

226 2173 258 2205 4.
282 2172 468 2215 advehitur]
490 2174 661 2216 principio
685 2175 765 2208 anni
783 2174 859 2207 773.
886 2174 937 2208 Cf.
960 2184 990 2208 e.
1009 2176 1043 2208 2.

184 2241 220 2248 -—-
253 2223 438 2268 Calabriae]
474 2233 544 2266 quo
572 2226 714 2258 nomine
745 2225 881 2259 incolae
910 2226 1045 2268 antiqui

181 2272 507 2316 complectebantur
528 2276 699 2314 tractum,
727 2276 787 2317 qui
811 2277 952 2309 Graecis
970 2272 1044 2308 ’Ia-

181 2324 297 2367 πυγία
326 2324 362 2356 et
390 2323 607 2358 Μεσσαπὶα.
643 2324 768 2357 Strabo
791 2325 811 2358 6
842 2334 876 2368 p.
902 2326 978 2359 277.
1006 2345 1042 2351 —

179 2373 307 2415 contra]
332 2383 375 2407 ex
397 2374 566 2416 adverso,
591 2384 611 2408 e
627 2376 784 2417 regione.
815 2377 1046 2419 Praepositio-

181 2426 236 2458 nis
268 2425 395 2467 positio
426 2425 553 2458 eadem
583 2427 637 2459 est
663 2434 754 2468 quae
778 2427 810 2467 4,
835 2426 896 2460 6οε
933 2436 1046 2460 amnes

180 2475 278 2508 inter.
293 2492 330 2498 —
347 2477 555 2516 conponenda
571 2476 692 2518 animo]
710 2476 849 2516 Quintil.
868 2478 921 2518 42,
936 2478 968 2518 9,
982 2479 1042 2511 20;

181 2526 257 2559 licet
271 2526 506 2568 praecoyitare
525 2527 633 2559 multa
654 2530 686 2560 et
706 2527 856 2560 animum
878 2530 923 2561 ad
937 2538 1047 2562 omnes

181 2585 281 2608 casus
302 2584 504 2617 componere.
532 2594 568 2601 —
593 2576 749 2619 violenta]
772 2579 812 2610 ut
835 2579 938 2611 etiam
963 2580 1044 2612 ante

182 2628 348 2660 maritum
379 2627 548 2660 amissum
572 2627 687 2660 fuerat
713 2629 818 2669 paulo
839 2629 1043 2662 commotior.

184 2677 235 2711 Cf.
261 2678 293 2717 4,
317 2677 371 2710 33.
392 2695 426 2701 -
459 2678 631 2720 militares]
663 2678 714 2712 Cf.
740 2678 797 2719 ⁴4,
825 2679 886 2713 33:
919 2680 1047 2712 omissis

182 2727 325 2760 castellis
346 2727 590 2768 praesidiisque
617 2728 825 2761 militarium.
854 2747 891 2752 —
921 2730 1046 2771 fidissi-

180 2785 337 2817 mumque
356 2777 508 2818 adpulsu]
533 2777 667 2811 dictum
690 2787 772 2811 cum
795 2777 911 2812 colore
927 2780 1047 2821 Vergi-

181 2826 292 2867 liano,
315 2827 355 2859 ut
376 2825 539 2860 subinde.
575 2829 663 2860 Aen.
688 2828 730 2868 2,
755 2828 815 2861 23:
839 2830 939 2862 statio
959 2830 1047 2862 male

179 2877 250 2918 fida
271 2876 406 2908 carinis.
441 2875 527 2909 lbid.
552 2875 635 2910 400:
660 2878 765 2910 litora
786 2887 888 2911 cursu
906 2880 987 2922 fida.
1005 2896 1041 2901 —

178 2925 339 2966 proxima
365 2925 478 2967 maris]
509 2926 545 2959 id
575 2928 645 2968 est,
677 2929 819 2970 praeter
840 2931 963 2971 portus
985 2938 1044 2962 re-

180 2974 316 3017 liquum
349 2974 447 3015 litus,
486 2976 580 3009 unde
613 2977 834 3020 longinquior
865 2980 936 3012 iam
969 2980 1045 3012 erat

182 3023 389 3067 appellentis
424 3028 646 3068 conspectus.
690 3028 877 3061 Genetivus
910 3029 1044 3070 positus

183 3075 291 3107 estut
307 3074 393 3106 Hist.
410 3074 443 3114 ὅ,
463 3075 524 3108 ⁴6:
546 3077 706 3117 propiora
723 3077 880 3119 fluminis.
905 3076 1042 3111 Sallust.

182 3124 255 3165 lug.
270 3123 331 3157 48:
348 3125 495 3166 fluminis
507 3127 698 3167 propinqua
707 3128 792 3159 loca.
818 3128 931 3160 Minus
946 3128 1043 3160 recte

182 3171 238 3205 alii
262 3171 451 3215 explicant,
481 3176 677 3217 proximam
700 3177 809 3218 ipsius
831 3177 938 3209 maris
962 3185 1045 3218 par-

183 3223 258 3255 tem
280 3223 418 3265 cymbis
446 3227 530 3257 tunc
557 3233 635 3258 esse
659 3227 887 3268 occupatam,
919 3226 969 3258 uti
992 3228 1046 3265 est

185 3280 270 3305 sane
290 3274 376 3307 Hist.
393 3274 426 3315 3,
444 3274 506 3308 42:
531 3276 640 3309 missis
654 3285 719 3317 per
737 3271 898 3317 proxima
911 3276 1047 3309 litorum

185 3320 381 3356 Liburnicis.
408 3340 444 3348 —
477 3324 566 3366 quid]
593 3325 679 3358 Vide
703 3325 749 3358 ad
772 3326 804 3367 4,
828 3325 882 3358 47.
909 3343 944 3348 -
970 3334 1046 3358 suc-

186 3371 290 3414 cessit]
313 3375 455 3414 portum
477 3375 635 3417 ingressa
651 3377 715 3409 est.
741 3375 797 3408 Sic
811 3375 939 3418 Vergil.
955 3377 1044 3409 Aen.

188 3420 222 3460 5,
237 3421 295 3453 28⁴
311 3431 319 3454 :
341 3424 440 3457 navis
452 3441 473 3449 -
484 3442 503 3450 -
517 3426 599 3459 velis
619 3425 706 3458 subit
719 3426 806 3459 ostia
813 3426 933 3467 plenis.
957 3425 1043 3459 Plin.

188 3468 275 3512 Epp.
299 3470 332 3510 9,
355 3472 417 3505 26:
439 3473 604 3516 inglorius
623 3474 711 3508 subit
724 3478 875 3518 portum.
898 3475 980 3508 Eun.
1006 3491 1041 3499 -

256 3531 396 3567 'nen-us
416 3534 444 3567 1.

1093 2174 1243 2218 remigio]
1266 2175 1289 2208 i.
1315 2184 1348 2209 e.
1372 2174 1577 2217 remigibus.
1613 2174 1663 2208 Cf.
1691 2175 1751 2215 44,
1776 2175 1835 2209 39:
1859 2184 1963 2210 naves

1094 2226 1130 2258 in
1151 2227 1247 2259 litore
1266 2226 1508 2268 remigiumque
1528 2225 1621 2258 iniis
1635 2227 1806 2259 amiserat.
1830 2226 1961 2269 Vergil.

1095 2277 1183 2310 Aen.
1208 2276 1240 2316 3,
1258 2275 1315 2310 47⁴
1333 2285 1340 2307 :
1365 2276 1548 2318 Remigium
1570 2276 1716 2317 supplet,
1741 2277 1847 2311 socios
1864 2277 1964 2310 simul

1094 2327 1232 2359 instruit
1260 2326 1374 2359 armis.
1402 2343 1437 2349 —
1474 2326 1601 2358 duobus
1630 2334 1706 2359 cum
1727 2325 1850 2368 liberis]
1880 2335 1964 2360 cum

1095 2376 1178 2410 Iulia
1205 2378 1241 2410 in
1269 2376 1384 2410 Lesbo
1412 2375 1526 2410 insula
1555 2385 1648 2410 anno
1675 2379 1858 2420 superiore
1882 2379 1964 2410 nata

1096 2429 1146 2469 (2,
1163 2427 1217 2469 54)
1239 2428 1275 2460 et
1290 2425 1463 2468 Caligula,
1489 2427 1550 2469 qui
1564 2428 1654 2461 teste
1671 2428 1838 2461 Suetonio
1855 2427 1962 2469 Calig.

1096 2478 1137 2511 40
1161 2477 1337 2511 comitatus
1365 2480 1412 2509 est
1438 2480 1574 2518 patrem
1601 2480 1632 2510 et
1661 2477 1805 2518 Syriaca
1825 2478 1966 2519 expedi-

1095 2529 1192 2562 tione.
1221 2545 1256 2552 —
1287 2528 1426 2568 feralem
1449 2527 1582 2570 urnam]
1616 2527 1666 2561 Cf.
1692 2529 1731 2569 2,
1757 2529 1810 2562 75.
1839 2546 1876 2553 --
1907 2529 1966 2562 de-

1093 2580 1173 2621 fixit
1204 2577 1325 2620 oculos]
1359 2578 1395 2610 in
1425 2579 1557 2611 terram
1592 2577 1637 2611 de
1668 2586 1767 2611 more
1798 2579 1962 2612 tristium.

1095 2629 1199 2670 Verg.
1229 2630 1316 2661 Aen.
1343 2628 1382 2667 6,
1416 2626 1499 2661 469:
1535 2628 1600 2661 Illa
1631 2628 1701 2660 solo
1732 2629 1822 2670 fixos
1854 2629 1966 2662 oculos

1095 2688 1216 2713 aversa
1237 2678 1376 2710 tenebat.
1411 2678 1492 2711 Eme.
1520 2677 1571 2711 Cf.
1597 2678 1629 2718 6,
1655 2678 1714 2711 68:
1742 2678 1846 2711 milite
1868 2680 1966 2721 quasi

1096 2729 1136 2762 ob
1149 2731 1272 2762 metum
1286 2728 1407 2769 defixo.
1426 2727 1479 2768 43,
1499 2727 1538 2759 5:
1563 2727 1679 2760 ceteris
1687 2736 1818 2768 pavore
1832 2729 1962 2770 defixi-9.

1097 2780 1237 2812 Frustra
1252 2778 1409 2811 Muretus
1426 2778 1462 2809 et
1476 2775 1550 2808 alii:
1577 2777 1646 2809 «ita
1664 2777 1824 2810 omnium
1841 2777 1962 2810 oculos

1096 2829 1132 2861 in
1162 2837 1200 2862 se
1233 2827 1423 2866 convertit,
1455 2828 1494 2859 ut
1515 2835 1621 2859 nemo
1643 2835 1796 2868 usquam
1819 2826 1885 2859 alio
1907 2828 1963 2860 in—

1095 2879 1287 2911 tueretur.»
1310 2878 1354 2910 At
1375 2885 1460 2909 vero
1483 2876 1552 2909 hoc
1576 2877 1612 2909 et
1628 2884 1693 2918 per
1708 2885 1747 2910 se
1762 2876 1963 2919 intelligitur

1096 2930 1131 2961 et
1153 2928 1244 2960 inest
1261 2927 1298 2959 in
1317 2925 1543 2968 praecedenti
1563 2927 1833 2968 exspectationis
1849 2936 1891 2959 ac
1907 2935 1963 2959 re·-

1094 2978 1273 3010 verentiae
1296 2976 1567 3018 significatione;
1594 2978 1700 3018 atque
1718 2977 1827 3018 ipsius
1843 2977 1962 3019 Agrip-

1095 3028 1196 3070 pinae
1221 3034 1359 3060 summa
1381 3026 1554 3059 maestitia
1571 3028 1648 3059 erat
1663 3025 1903 3068 exprimenda.
1920 3044 1958 3052 —

1092 3079 1237 3110 recentes
1257 3076 1292 3108 in
1310 3074 1431 3117 dolore]
1455 3077 1603 3118 propter
1617 3083 1743 3108 urnam
1760 3075 1874 3116 ipsam
1889 3075 1960 3109 iam

1094 3128 1247 3169 primum
1271 3127 1500 3167 conspectam
1526 3127 1562 3159 in
1583 3125 1852 3158 lamentationes
1875 3134 1962 3168 pro-

1093 3175 1319 3218 rumpebant.
1354 3176 1565 3217 Bongarsius
1593 3175 1734 3208 volebat
1760 3184 1874 3208 recens
1898 3176 1961 3208 do-

1095 3227 1174 3259 lore.
1209 3225 1279 3259 Sed
1308 3227 1460 3268 scriptor
1486 3225 1532 3258 ad
1562 3226 1715 3259 Herenn.
1745 3225 1784 3265 2,
1809 3225 1829 3257 7
1853 3227 1958 3260 item:

1094 3277 1257 3309 recentior
1280 3277 1317 3309 in
1339 3276 1461 3309 dolore.
1487 3277 1606 3309 Osann.
1648 3273 1765 3307 Verba
1792 3275 1828 3307 in
1849 3276 1962 3311 dolore

1096 3325 1270 3367 iungenda
1301 3327 1383 3358 sunt
1410 3326 1515 3358 etiam
1540 3333 1620 3357 cum
1643 3322 1754 3356 verbo
1778 3325 1959 3361 anteibant.

1099 3394 1136 3399 —
1161 3375 1338 3417 anteibant]
1362 3375 1551 3417 gemitibus
1575 3374 1611 3406 et
1632 3372 1843 3415 planctibus.

1149 3426 1182 3459 2.
1220 3426 1439 3468 magistratus
1475 3422 1668 3464 Calabriae]
1714 3424 1958 3469 municipales,

1097 3473 1272 3509 duumviri
1309 3475 1377 3507 iuri
1413 3472 1585 3514 dicundo,
1620 3471 1771 3514 aediles,
1812 3474 1958 3510 similes.

1622 3530 1677 3576 40
