2254 3770
256 273 338 320 ⁴34
738 279 782 322 P.
816 277 1068 322 CORNELII
1097 277 1268 322 TACITI
1297 275 1566 322 ANNALIUM

255 397 433 436 vocans,
476 384 732 429 seditionem
763 383 1009 442 coeptabat,
1047 384 1245 442 adeoque
1277 389 1567 428 commoverat
1595 391 1641 428 ut
1670 384 1844 442 signifer
1875 383 2053 441 legionis

256 465 402 504 sextae
432 461 601 518 signum
630 460 684 504 ad
716 474 816 504 eum
846 459 1118 504 transtulerit.
1156 466 1245 503 tum
1275 459 1446 504 Sentius
1477 472 1688 504 occanere
1718 474 1879 505 cornua
1908 459 2055 503 tubas-

257 548 343 593 que
384 541 426 579 et
464 536 551 594 peti
586 549 809 593 aggerem,
856 536 962 594 erigi
998 535 1136 580 scalas
1172 535 1312 587 iussit,
1356 549 1407 579 ac
1441 535 1806 593 promptissimum
1836 548 2055 593 quemque

257 611 511 663 succedere,
554 611 660 654 alios
697 611 918 655 tormentis
948 611 1093 655 hastas
1133 625 1237 654 saxa
1266 617 1308 655 et
1337 610 1452 655 faces
1483 611 1693 668 ingerere.
1743 611 1913 655 tandem
1945 611 2055 655 victa
2103 607 2107 611 ’

226 696 245 726 ὅ
256 686 489 744 pertinacia
518 687 615 730 Piso
647 686 783 730 oravit
812 687 871 730 uti
901 686 1067 730 traditis
1097 687 1226 731 armis
1258 693 1450 731 maneret
1470 687 1512 730 in
1533 687 1725 739 castello,
1758 686 1861 730 dum
1882 687 2052 737 Caesar,

258 762 326 806 cui
357 762 526 822 Syriam
557 762 840 820 permitteret,
874 762 1121 817 consulitur.
1170 776 1255 806 non
1286 768 1486 820 receptae
1517 763 1802 814 conditiones,
1841 775 1923 806 nec
1953 761 2058 805 aliut

257 852 388 896 quam
417 851 549 882 naves
580 843 622 882 et
651 843 786 881 tutum
817 838 859 881 in
891 838 1043 882 urbem
1072 838 1153 882 iter
1182 852 1439 882 concessum
1469 844 1544 882 est.

342 914 424 970 (82)
456 914 507 957 At
543 915 724 965 Romae,
770 900 1000 972 postq'uam
1032 914 1273 958 Germanici
1304 913 1492 958 valitudo
1529 913 1776 972 percrebuit
1814 919 2055 972 cunctaque

256 995 303 1032 ut
332 1003 386 1033 ex
415 988 659 1051 longinquo>
678 995 803 1033 aucta
833 989 874 1032 in
905 989 1095 1033 deterius
1126 989 1445 1042 adferebantur,
1479 989 1621 1040 dolor,
1654 990 1729 1033 ira.
1780 995 1823 1033 et
1852 1003 2056 1047 erumpe-

207 1073 243 1102 40
258 1064 358 1109 bant
392 1070 583 1122 questus.
631 1064 728 1108 ideo
760 1065 959 1108 nimirum
992 1065 1032 1107 in
1064 1071 1275 1108 extremas
1295 1071 1442 1109 -terras
1474 1064 1727 1122 relegatum,
1771 1064 1870 1108 ideo
1911 1064 2054 1108 Pisoni

256 1139 513 1198 permissam
542 1140 825 1198 provinciam;
857 1139 939 1185 hoc
969 1141 1109 1198 egisse
1141 1146 1333 1185 secretos
1364 1142 1579 1198 Augustae
1611 1154 1708 1184 cum
1733 1140 1934 1191 Plancina
1965 1155 2056 1185 ser-

256 1229 419 1261 mones.
461 1229 565 1259 vera
595 1229 773 1274 prorsus
804 1216 858 1259 de
890 1217 1030 1260 Druso
1061 1216 1255 1260 seniores
1285 1215 1472 1260 locutos:
1514 1215 1744 1274 displicere
1780 1217 2056 1274 regnantibus

257 1291 395 1337 civilia
425 1290 611 1335 filiorum
642 1291 828 1350 ingenia,
868 1305 1011 1350 neque
1042 1292 1098 1335 ob
1128 1291 1231 1335 aliut
1261 1292 1521 1350 interceptos
1551 1305 1680 1350 quam
1711 1292 1813 1350 quia
1849 1293 2058 1351 populum

301 1421 333 1453 4.
358 1419 496 1462 legionis
523 1427 649 1452 uocans
677 1422 793 1451 sea-tae
820 1419 865 1453 M.
909 1420 1103 1453 Monstrum
1132 1418 1293 1453 lectionis
1317 1429 1337 1452 a
1360 1419 1455 1453 nullo
1480 1421 1562 1453 ante
1587 1429 1651 1454 nos
1675 1421 1916 1455 memoratum
1939 1422 2071 1455 ortum-

257 1477 313 1510 est
336 1485 378 1509 ex
402 1475 590 1508 temeraria
614 1475 825 1517 repetitione
849 1476 1099 1517 praecedentis
1121 1485 1256 1509 vocans.
1275 1494 1319 1500 —
1342 1476 1374 1510 4.
1401 1480 1432 1510 et
1449 1475 1545 1509 delet
1558 1477 1783 1520 Wesenberg
1798 1477 1843 1510 ad
1860 1478 1932 1511 Cic.
1951 1478 2056 1511 Tusc.

256 1534 312 1565 111.
338 1541 373 1574 p.
401 1531 440 1564 49
464 1541 499 1564 n.
526 1530 604 1565 coll.
630 1531 668 1571 4,
693 1531 754 1565 49:
790 1541 880 1564 sama
907 1532 1022 1565 hastae
1049 1533 1151 1575 iqnes.
1180 1551 1217 1556 —
1253 1533 1284 1565 5.
1308 1533 1497 1574 pertinatia
1518 1534 1552 1567 M
1581 1551 1617 1556 —
1654 1534 1704 1566 uti
1727 1534 1861 1567 traditis
1883 1543 1976 1567 corr.
2002 1535 2055 1568 M:

255 1589 428 1621 utiraditis
449 1597 503 1630 pr.
528 1588 580 1627 M3
605 1591 643 1620 ut
664 1588 799 1620 traditis
819 1589 1037 1631 Nipperdey.
1063 1607 1099 1613 -—
1124 1589 1157 1622 8.
1179 1589 1369 1630 percrebuit
1390 1590 1423 1623 M
1446 1590 1481 1622 h.
1507 1589 1530 1622 l.
1557 1590 1594 1623 et
1617 1591 1674 1630 ⁴2,
1702 1590 1733 1622 6.
1759 1591 1820 1631 ⁴5,
1846 1590 1899 1623 49.
1919 1599 2060 1632 percre-

257 1645 332 1678 brui
356 1645 388 1684 6,
413 1644 456 1676 20
473 1645 508 1676 et
530 1644 617 1677 Hist.
644 1644 680 1683 2,
707 1644 762 1676 26.
788 1644 992 1677 crebrescere
1014 1646 1053 1686 Ξ,
1079 1645 1132 1678 39.
1159 1645 1197 1686 3,
1223 1646 1277 1679 60.
1303 1646 1390 1680 Hist.
1416 1647 1455 1687 2,
1480 1646 1533 1679 67.
1558 1646 1598 1687 4,
1626 1647 1679 1680 42.
1709 1665 1743 1670 -
1769 1646 1946 1690 cunctique
1967 1647 2001 1681 M
2019 1664 2055 1671 —

257 1702 290 1735 9.
315 1700 559 1743 adferabantur
581 1709 634 1743 pr.
660 1701 712 1734 M:
738 1700 932 1742 adferebant
955 1709 1047 1735 corr.
1075 1702 1108 1736 Μ
1132 1719 1167 1725 -
1195 1703 1248 1736 40.
1276 1706 1432 1744 quaestus
1454 1712 1507 1746 pr.
1533 1704 1578 1736 M.

258 1815 293 1849 id
325 1815 420 1857 quod
449 1823 518 1847 nec
547 1815 621 1847 tuto
654 1824 771 1857 neque
796 1815 985 1848 commode
1009 1815 1054 1848 ad
1079 1816 1133 1848 in-

258 1865 389 1899 vidiam
420 1864 619 1897 faciendam
648 1864 724 1897 fieri
754 1865 892 1907 poterat
924 1874 943 1897 a
969 1867 1130 1899 Pisone.»

258 1917 400 1949 Wsnn.
438 1915 498 1947 Est
522 1915 581 1947 «in
606 1923 789 1947 murorum
813 1915 1017 1956 margine»,
1047 1925 1133 1948 vorn

258 1966 324 2006 aus
347 1965 409 1998 den
435 1965 591 1997 Mauern.
629 1964 680 1997 Cf.
707 1965 765 2005 42,
790 1964 832 1997 29
858 1966 893 1997 et
917 1966 969 2005 45,
995 1965 1034 1998 3:
1068 1975 1133 2006 pro

256 2016 347 2056 ripa.
385 2014 442 2056 ⁴4,
474 2014 534 2047 30:
562 2023 628 2056 pro
650 2015 758 2048 litore.
795 2015 882 2048 nist.
909 2016 941 2053 4,
967 2016 1008 2048 36
1040 2017 1076 2048 et
1098 2017 1131 2057 2,

1182 1825 1247 1849 suo
1286 1815 1468 1849 contendit
1495 1816 1637 1862 ‘requiri
1672 1816 1910 1849 consuleretur.
1949 1817 2057 1850 Recte

1183 1859 1343 1894 Walther
1367 1860 1519 1893 conferri
1552 1859 1652 1892 iubet
1674 1860 1727 1901 43,
1756 1861 1812 1893 45ε
1848 1861 1953 1902 quod,
1979 1862 2059 1894 dum

1182 1920 1352 1943 rumorem
1373 1910 1573 1951 respiciunt,
1599 1912 1679 1943 dum
1695 1914 1826 1952 parant
1842 1911 2057 1952 defensiones,

1182 1961 1391 1993 securitatem
1410 1964 1637 1994 morarentur.
1666 1960 1716 1993 Cf.
1736 1960 1903 1994 Heinrich
1919 1961 1965 1994 ad
1981 1962 2056 1996 Cio.

1184 2020 1248 2053 pro
1272 2009 1381 2042 Tullio
1406 2011 1458 2043 ⁴5.

258 2065 301 2098 26
319 2067 354 2098 et
369 2066 450 2107 Agr.
468 2065 528 2098 35:
549 2074 615 2106 pro
630 2066 732 2097 vallo.
748 2083 783 2088 -
801 2068 900 2098 semet
915 2065 1129 2108 adflictando]

258 2116 384 2158 pectus
413 2114 583 2157 plangens
616 2116 809 2157 ceteroque
840 2117 942 2156 gestu
970 2124 1133 2148 commo—

259 2175 345 2199 vere
369 2166 607 2207 spectantium
631 2166 769 2199 animos
793 2167 945 2199 tentans.
973 2166 1025 2203 Cf,
1050 2165 1131 2199 Sall.

261 2214 359 2249 Catil.
379 2215 414 2248 34
431 2223 439 2246 :
464 2216 620 2248 mulieres
634 2216 809 2257 adflictare
824 2224 901 2256 sese,
919 2224 1039 2248 manus
1053 2225 1130 2256 sua}-

254 2266 360 2307 plices
382 2265 427 2297 ad
449 2265 579 2297 caelum
601 2265 744 2297 tendere.
766 2283 801 2288 -
823 2265 985 2306 praemiis
999 2265 1132 2307 vocans]

261 2315 306 2348 ad
329 2314 566 2357 proditionem
595 2313 753 2349 illiciens.
781 2334 817 2339 —
848 2316 1018 2356 occanere]
1046 2315 1135 2348 Soli-

262 2367 337 2398 tum
362 2366 429 2398 hoc
452 2365 486 2397 in
514 2364 655 2398 talibus.
692 2364 829 2399 Sallust.
858 2366 942 2398 Hist.
969 2367 982 2398 4
1011 2365 1052 2398 sr.
1078 2366 1132 2399 38.

262 2415 372 2449 Gerl.:
411 2416 504 2448 iussu
537 2416 660 2448 Metelli
694 2417 878 2449 cornicines
911 2420 1138 2449 occanuerunt

262 2465 355 2507 (sic).
385 2466 436 2498 De
462 2465 574 2498 forma
598 2474 758 2499 occanere
774 2466 817 2499 cf.
836 2466 1059 2499 Ruddimann
1076 2468 1133 2499 Gr.

262 2518 300 2550 L.
319 2517 353 2556 1,
378 2525 413 2558 p.
433 2515 509 2549 246.
529 2532 565 2539 ·—
587 2517 656 2556 peti
673 2516 838 2558 aggerem]
863 2518 969 2550 Recte
995 2518 1136 2550 Freins-

263 2567 402 2600 hemius
434 2568 469 2599 et
498 2566 712 2599 Doederlein
744 2567 872 2599 eodem
903 2568 1009 2600 modo
1040 2568 1135 2600 acci-

263 2617 380 2660 plunt,
416 2624 487 2657 quo
519 2616 556 2656 4,
588 2616 646 2656 65,
683 2618 722 2648 ut
752 2617 796 2649 sit
831 2618 942 2658 terra,
986 2626 1135 2659 caespes

263 2666 433 2701 struendo
449 2667 565 2708 aggeri
582 2666 627 2699 ad
643 2667 922 2709 oppugnandum
939 2667 1134 2708 castellum,

264 2716 343 2751 coll.
367 2718 470 2750 Caes.
496 2717 533 2749 B.
553 2717 591 2749 G.
610 2718 643 2757 2,
658 2717 711 2749 20.
745 2718 782 2750 B.
801 2718 874 2750 Civ.
896 2718 927 2757 4,
946 2717 1000 2751 42.
1027 2718 1136 2751 Huius

263 2767 360 2801 modi
383 2768 503 2800 autem
519 2775 626 2809 agger
643 2776 724 2800 cum
742 2776 844 2800 muro
859 2770 956 2801 arcte
973 2769 1136 2809 coniungi

264 2816 439 2857 debebat,
488 2825 558 2859 quo
601 2819 863 2860 oppugnatores
902 2818 997 2851 hunc
1035 2818 1135 2851 facile

264 2866 519 2905 ascenderam
552 2867 657 2908 atque
682 2867 770 2899 intra
794 2867 971 2910 perbreve
995 2869 1137 2910 tempus

264 2917 356 2951 muri
380 2916 470 2959 parti
500 2915 545 2948 ad
570 2916 844 2958 expugnandum
868 2917 1039 2960 oppidum
1062 2917 1138 2950 suf—

264 2967 395 3000 ficienti
410 2964 488 2999 talis
505 2973 612 3008 agger
629 2967 818 3008 exaequari
835 2969 973 3010 poterat
985 2976 1005 3000 a
1019 2966 1137 3001 multis

265 3016 368 3050 simul
392 3016 586 3058 caespitem
610 3015 824 3058 petentibus.
854 3017 978 3058 Veget.
1005 3018 1043 3050 R.
1061 3016 1135 3050 mil.

264 3068 303 3109 4,
331 3068 389 3099 ⁴5:
424 3066 535 3109 quer
565 3074 611 3099 ex
644 3069 737 3098 terra
769 3067 934 3108 liynisque
963 3069 1139 3101 eoetollitur

264 3122 384 3151 contra
410 3125 563 3158 murum,
594 3117 634 3150 de
662 3125 727 3157 quo
756 3118 822 3150 tela
853 3119 1037 3151 iactantur.
1073 3118 1137 3152 Alii

267 3176 349 3200 cum
364 3167 524 3200 Ernestio
542 3166 613 3208 peti
631 3175 787 3209 aqqerem
802 3166 979 3209 explicant
994 3169 1137 3210 aggredi

267 3226 408 3251 murum
432 3216 576 3257 castelli,
601 3219 836 3259 provocantes
860 3218 905 3250 ad
928 3219 1030 3260 Verg.
1049 3221 1135 3253 Aen.

268 3268 321 3306 40,
340 3267 399 3300 23:
428 3268 514 3309 Quin
536 3269 630 3301 intra
646 3270 766 3308 portas
789 3270 888 3308 atque
910 3267 989 3308 ipsis
1006 3269 1139 3308 proelia

267 3317 403 3350 miscent
430 3317 615 3360 Aqyeribus
645 3325 838 3358 murorum,
873 3317 935 3350 ubi
969 3319 1133 3352 Servius:

269 3367 404 3401 abusive
425 3377 539 3401 muros
560 3372 592 3402 et
611 3369 816 3402 munimenta
835 3370 950 3402 omnia
970 3377 1137 3410 aggerem

268 3418 416 3452 dicimus.
429 3436 464 3443 -
479 3420 558 3452 dum
569 3436 615 3444 —-
625 3418 822 3462 consulitur]
838 3419 1020 3453 Ernestius
1037 3427 1136 3452 more

1227 2061 1281 2094 82.
1308 2062 1422 2102 dolor,
1451 2061 1518 2103 ira]
1550 2061 1686 2094 Eadem
1713 2060 1888 2095 brevitate
1913 2062 1998 2095 Hist.
2023 2065 2056 2105 2,

1183 2111 1242 2144 29:
1272 2112 1311 2143 Ut
1332 2120 1409 2144 vero
1433 2112 1589 2153 deformis
1611 2115 1643 2144 et
1663 2113 1746 2153 flens
1767 2115 1799 2144 et
1815 2115 1954 2153 praeter
1971 2123 2060 2155 spem

1183 2161 1358 2194 incolumis
1385 2162 1503 2194 Valens
1519 2162 1698 2202 processit,
1723 2163 1898 2203 gaudium,
1922 2163 2061 2198 misera-

1184 2212 1247 2252 tio,
1271 2213 1383 2253 favor.
1411 2229 1447 2236 -
1479 2215 1649 2245 extremas
1676 2212 1796 2254 terras]
1828 2213 1966 2256 imperii
1989 2215 2060 2248 Ro-

1186 2263 1288 2295 mani.
1315 2263 1386 2295 Cic.
1408 2262 1453 2295 ad
1473 2263 1512 2302 Q.
1535 2264 1588 2295 Fr.
1612 2264 1644 2303 4,
1664 2264 1701 2296 4;
1727 2264 1802 2296 Non
1824 2265 1955 2307 ignoro,
1979 2267 2060 2307 quid

1184 2314 1281 2345 sociis
1303 2313 1435 2345 accidat
1457 2313 1493 2345 in
1515 2313 1642 2347 ultimis
1671 2314 1787 2355 terris,
1820 2323 1896 2348 cum
1919 2317 2060 2350 audive-

1183 2364 1251 2396 rim
1272 2365 1309 2397 in
1331 2364 1433 2396 Italia
1456 2364 1609 2403 querelas
1631 2364 1765 2397 civium.
1793 2383 1830 2388 —
1856 2368 2060 2399 secretos--

1184 2413 1359 2454 sermones]
1385 2412 1435 2446 Cf.
1463 2421 1493 2446 c.
1512 2412 1566 2446 43.
1589 2431 1625 2436 ——
1652 2413 1691 2446 de
1711 2413 1836 2456 Druso]
1861 2415 2059 2450 Germanici

1186 2465 1298 2506 patre.
1324 2464 1512 2496 Suetonius
1537 2462 1660 2496 Claud.
1696 2464 1709 2496 4
1732 2473 1738 2495 :
1776 2465 1890 2498 Fuisse
1913 2466 2062 2499 creditur

1187 2513 1344 2555 (Drusus)
1368 2522 1435 2545 non
1456 2514 1567 2546 minus
1589 2514 1726 2555 940νίοεὶ
1743 2523 1844 2555 quam
1857 2515 1966 2548 civilis
1980 2517 2060 2549 ani-

1184 2565 1242 2598 mi.
1261 2583 1280 2589 -
1292 2582 1311 2588 -
1326 2572 1385 2596 nec
1407 2565 1630 2597 dissimulasse
1652 2574 1814 2605 umquam
1830 2566 2012 2606 pristinum
2026 2576 2062 2601 se

1184 2615 1235 2648 rei
1252 2615 1407 2656 publicae
1429 2617 1569 2655 statum,
1595 2617 1795 2656 quandoque
1811 2620 1939 2658 posset,
1963 2619 2061 2652 resti-

1185 2669 1358 2699 tuturum:
1392 2667 1479 2699 unde
1517 2666 1673 2699 existimo
1711 2667 1890 2700 nonnullos
1927 2669 2062 2702 tradere

1186 2725 1285 2749 ausos
1310 2719 1498 2757 suspectum
1526 2725 1600 2748 eum
1630 2716 1778 2758 Augusto
1804 2721 2062 2760 revocatamque

1186 2775 1230 2799 ex
1240 2766 1420 2807 provincia
1437 2769 1479 2805 et,
1498 2767 1579 2806 quia
1597 2769 1825 2807 cunctaretur,
1844 2767 2061 2809 interceptum

1185 2825 1320 2849 veneno.
1348 2817 1443 2857 Quod
1464 2817 1614 2857 equidem
1634 2817 1762 2858 magiis,
1789 2826 1830 2851 ne
1847 2819 2062 2858 praetermit-

1186 2870 1299 2907 terem,
1324 2866 1450 2906 rettuli,
1475 2875 1579 2907 quam
1596 2868 1678 2907 quia
1699 2875 1815 2899 verum
1838 2870 1901 2899 aut
1921 2869 1994 2900 veri
2016 2869 2060 2901 si-

1185 2918 1263 2950 mile
1279 2920 1405 2958 putem.
1434 2934 1470 2939 —
1503 2919 1631 2957 sumpto
1654 2916 1791 2958 iustitio]
1815 2916 1917 2949 Aliud
1941 2926 2062 2951 exem-

1186 2966 1283 3010 plum
1307 2966 1383 3000 talis
1406 2967 1525 3000 iustitii
1549 2968 1630 3008 post
1645 2975 1771 3009 pacem
1788 2967 1982 3001 Caudinam
1998 2977 2060 3002 sua

1185 3020 1297 3060 sponte
1314 3017 1417 3058 coepti
1439 3016 1500 3050 dat
1515 3017 1630 3050 Livius
1647 3017 1679 3057 9,
1698 3017 1729 3049 7.
1755 3016 1924 3059 idemque
1940 3018 2058 3056 audita
2113 3055 2123 3062 ‚

1186 3070 1319 3102 Romae
1350 3068 1454 3101 Drusi
1481 3069 1596 3100 morte
1620 3067 1752 3100 sactum
1774 3065 1973 3102 luculenter
1995 3078 2059 3102 ex-

1186 3118 1303 3162 posuit
1317 3118 1473 3160 Scriptor
1487 3116 1620 3159 elegiae
1637 3117 1682 3150 de
1700 3118 1777 3150 eius
1793 3119 1908 3150 morte
1924 3127 1957 3151 v.
1973 3119 2055 3153 ⁴83:

1186 3169 1307 3202 Incerti
1341 3169 1566 3209 claudumque
1598 3168 1711 3200 domos
1731 3168 1971 3210 strepitantque
1996 3178 2059 3210 per

1185 3219 1310 3252 urbem.
1328 3236 1377 3243 -—
1394 3219 1477 3251 Iura
1509 3218 1607 3250 silent
1637 3220 1816 3258 mutaeque
1847 3220 1957 3251 tacent
1988 3219 2058 3253 sine

1186 3269 1317 3302 vindice
1346 3269 1450 3310 leyes:
1481 3268 1673 3307 Adspicitur
1694 3270 1761 3300 toto
1782 3276 1942 3309 purpura
1962 3269 2058 3302 nulla

1187 3320 1285 3352 Foro.
1313 3337 1349 3343 —-
1382 3328 1487 3360 neque
1508 3318 1690 3360 insiynibus
1711 3318 1893 3360 luqentium
1915 3319 2056 3353 abstine-

1185 3369 1270 3411 rent]
1300 3369 1433 3402 Indicto
1463 3370 1557 3402 enim
1584 3368 1713 3401 iustitio
1741 3367 1924 3402 mutabant
1947 3370 2055 3404 etiam

1186 3421 1335 3453 vestem.
1362 3420 1490 3452 Lucan.
1516 3419 1549 3460 2,
1575 3418 1634 3451 ⁴8:
1658 3417 1763 3461 ferale
1779 3426 1844 3461 per
1861 3419 1975 3453 urbem
1994 3420 2056 3453 Iu—
