2254 3770
0 1751 6 1828 ÷
87 1778 91 1782 ,

0 1832 25 2056 l

770 346 922 392 Limia
948 345 1053 391 xvi.
1089 346 1191 404 cap.
1219 346 1259 390 4.
1289 347 1329 390 5.
1864 347 1947 391 547

165 472 278 518 genu
308 464 352 502 et
380 462 547 502 coetum
579 454 696 498 illum
724 467 852 498 manu
882 459 1126 505 veneratus,
1165 454 1395 499 sententias
1425 453 1611 499 iudicum
1642 453 1945 512 opperiebatur

166 534 266 579 ficto
294 545 467 591 pavore.
512 538 555 574 et
583 530 707 587 plebs
736 528 911 587 quidem
939 528 1075 580 urbis,
1117 528 1369 573 histrionum
1404 543 1578 588 quoque
1617 535 1761 587 gestus
1796 530 1943 573 iuvare

167 608 309 659 solita,
342 606 599 665 personabat
628 605 755 649 certis
773 604 913 648 modis
933 603 1172 662 plausuque
1194 605 1443 663 composito.
1474 604 1677 649 crederes
1696 604 1864 656 laetari;
1896 619 1946 648 ac

167 684 344 727 fortasse
387 681 653 725 laetabantur
686 694 765 738 per
795 679 1001 723 incuriam
1029 677 1185 736 publici
1216 678 1375 735 flagitii.
1421 681 1474 736 (5)
1506 680 1583 725 sed
1613 680 1687 738 qui
1717 680 1891 724 remotis
1921 694 1945 724 e

166 757 407 815 municipiis
437 769 719 813 severamque
750 754 889 798 adhuc
919 761 961 797 et
990 754 1151 811 antiqui
1179 755 1308 797 moris
1327 755 1559 799 retinentes
1580 754 1752 807 ltaliam,
1783 755 1976 813 quiques

166 847 247 892 per
275 832 528 890 longinquas
556 830 799 889 provincias
829 829 1002 873 lascivia
1030 829 1237 886 inexperti
1257 829 1397 873 officio
1417 829 1674 887 legationum
1694 837 1766 874 aut
1784 831 1946 888 privata

165 907 344 952 utilitate
384 907 663 955 advenerant,
705 918 847 962 neque
882 910 1102 961 aspectum
1131 903 1247 947 illum
1277 904 1460 948 tolerare
1489 912 1642 963 neque·
1661 905 1796 950 labori
1826 907 1948 950 inho-

167 989 289 1028 nesto
308 982 518 1029 sufficere.
539 995 637 1025 cum
659 979 852 1024 manibus
872 979 1031 1023 nesciis
1052 978 1309 1029 fatiscerent,
1331 979 1553 1024 turbarent
1570 994 1725 1038 gnaros
1745 995 1796 1025 ac
1815 995 1946 1039 saepe

167 1073 192 1102 a
221 1058 424 1101 militibus
443 1057 789 1106 verberarentur,
820 1055 894 1113 qui
924 1067 1002 1112 per
1022 1067 1184 1097 cuneos
1204 1054 1389 1106 stabant,
1421 1068 1475 1098 ne
1495 1055 1611 1113 quod
1632 1056 1837 1113 temporis
1856 1070 1948 1100 mo-

168 1140 357 1178 mentum
385 1132 523 1190 inpari
553 1131 739 1176 clamore
770 1137 842 1173 aut
870 1128 1038 1173 silentio
1061 1129 1181 1187 segni
1210 1130 1473 1187 praeteriret.
1506 1130 1690 1174 constitit
1717 1131 1948 1190 plerosque
1961 1145 1997 1174 io

169 1209 377 1267 equitum,
422 1207 525 1251 dum
555 1220 634 1264 per
662 1205 879 1263 angustias
908 1205 1050 1250 aditus
1077 1212 1120 1250 et
1148 1205 1414 1262 ingruentem
1445 1205 1755 1250 multitudinem
1783 1208 1949 1250 enitun-

170 1291 248 1335 tur,
278 1282 478 1334 0btritos‚
509 1289 552 1326 et
579 1281 704 1331 alios,
736 1281 840 1324 dum
869 1281 983 1324 diem
1006 1287 1263 1338 noctemque
1283 1280 1490 1324 sedilibus
1512 1282 1767 1333 continuant,
1798 1282 1949 1326 morbo

170 1357 370 1403 exitiabili
401 1363 633 1415 correptos.
665 1356 826 1414 quippe
845 1356 1015 1414 gravior
1039 1357 1175 1399 inerat
1193 1362 1349 1407 metue,
1382 1355 1418 1399 si
1439 1355 1684 1414 spectaculo
1705 1356 1949 1409 defuissent,

170 1434 313 1477 multis
341 1432 483 1490 palam
512 1439 554 1476 et
583 1431 776 1490 pluribus
805 1430 999 1483 occultis,
1031 1438 1077 1474 ut
1095 1431 1267 1474 nomina
1286 1444 1338 1475 ac
1357 1430 1514 1482 voltus,
1547 1431 1804 1476 alacritatem
1824 1433 1952 1476 tristi-

170 1510 357 1567 tiamque
386 1507 629 1552 coeuntium
661 1512 962 1550 scrutarentur.
991 1506 1106 1549 unde
1134 1505 1401 1550 tenuioribus
1420 1507 1559 1550 statim
1580 1507 1769 1565 inrogata
1790 1508 2001 1566 suppli-is

171 1585 249 1636 cia,
279 1583 511 1627 adversum
535 1581 720 1625 illustres
744 1580 1054 1624 dissimulatum
1074 1581 1130 1625 ad
1150 1595 1356 1639 praesens
1377 1588 1420 1626 et
1438 1596 1538 1626 mox
1557 1582 1771 1626 redditum
1790 1583 1950 1627 odium.

237 1681 268 1713 4.
293 1683 401 1726 cetum
422 1679 455 1711 M
480 1695 516 1701 -
542 1677 574 1711 4.
599 1678 767 1710 incuriam
790 1675 982 1710 Acidalius:
1007 1677 1171 1710 iniuriam
1186 1677 1219 1710 M
1236 1694 1271 1700 —
1292 1677 1323 1710 6.
1342 1678 1542 1720 longinquas
1555 1679 1712 1713 Muretus
1728 1681 1763 1712 et
1778 1681 1949 1714 Pichena:

171 1736 311 1777 lonquas
331 1735 365 1769 M
388 1735 434 1776 (in
450 1742 533 1776 quo,
558 1734 597 1766 ut
611 1742 736 1776 saepe,
762 1733 891 1765 excidit
907 1732 1071 1775 syllaba);
1097 1734 1213 1775 longas
1231 1733 1299 1766 alii.
1318 1751 1355 1756 —
1380 1734 1520 1768 lascivia
1540 1735 1707 1777 inexperti
1730 1737 1767 1769 G.
1786 1737 1863 1770 Otto
1880 1738 1953 1778 (Di-

170 1793 293 1825 vinatt.
317 1791 448 1824 Livian.
466 1799 501 1832 p.
519 1790 591 1832 44);
616 1786 758 1822 lascivia
775 1790 905 1830 experti
927 1790 979 1827 M;
1004 1789 1162 1822 lasciviae
1182 1790 1349 1831 inexperti
1370 1789 1593 1825 Puteolanus.
1612 1809 1649 1815 —
1674 1792 1705 1825 7.
1731 1792 1838 1825 labori
1861 1794 1954 1827 Rhe·

171 1857 303 1882 nanus:
329 1847 442 1880 labore
462 1847 496 1880 M
521 1864 555 1869 —
584 1845 638 1878 40.
662 1845 810 1878 consistit
830 1845 864 1878 M
889 1862 925 1867 —
952 1843 1005 1878 ⁴4.
1031 1845 1148 1878 ocultis
1168 1846 1214 1880 M.

167 1927 380 1972 personabat]
403 1927 455 1961 Cf.
479 1926 534 1968 ⁴4,
558 1927 612 1960 45.
640 1944 677 1950 -
700 1927 800 1959 certis
818 1925 935 1968 modis]
965 1926 1042 1959 Mo·

173 1978 332 2012 dulatnm
355 1978 451 2010 hunc
473 1976 666 2010 clamorem
683 1978 874 2009 concentum
889 1974 1042 2018 appellat

174 2029 304 2063 Plinius
319 2030 447 2070 Paneg.
461 2028 501 2060 2:
526 2028 570 2060 Et
579 2027 724 2069 populus
734 2027 865 2067 quidem
877 2027 1042 2060 Romanus

174 2080 329 2114 dilectum
349 2080 544 2120 principum
572 2081 701 2118 servat,
730 2081 918 2118 quantoque
940 2077 1042 2119 paulo

172 2135 252 2165 unte
270 2133 432 2164 concentu
451 2130 632 2171 sommum
647 2129 752 2161 alium
767 2128 1040 2170 (Domitianum),

172 2181 261 2214 liuiw
286 2181 502 2223 fortissimum
518 2183 688 2221 personat.
725 2180 789 2213 Dio
811 2179 866 2219 73,
889 2179 930 2212 2:
964 2172 1042 2211 ὅσα

172 2240 214 2263 τε
243 2228 427 2264 εἰώθασιν
455 2229 497 2264 ἐν
517 2232 600 2271 τοῖς
621 2226 798 2276 θεάτροις
819 2228 882 2262 ἐπὶ
902 2226 949 2276 τῇ
971 2226 1041 2262 τοῦ

173 2280 386 2325 Κομμόδου
409 2281 594 2328 θεραπείᾳ
615 2277 864 2328 εὐρύθμως
878 2288 958 2321 πως
972 2279 992 2313 ἑ
999 2290 1042 2312 κ-

172 2330 310 2376 βοᾷν,
337 2329 458 2364 ταῦτα
478 2328 566 2364 τότε
585 2331 981 2374 μετασχηματίζοντες
1003 2329 1043 2372 ἐς

173 2379 220 2414 τὸ
242 2379 488 2426 γελοιότατον
511 2378 658 2427 ἐξῇδον.
683 2382 770 2413 Lirs.

217 2433 252 2465 5.
276 2433 409 2473 antiqui
430 2432 563 2464 moris—
578 2430 720 2472 [taliani]
746 2439 838 2472 quae
853 2431 1044 2474 opponitur

174 2482 267 2525 parti
296 2481 458 2515 eiusdem
489 2482 632 2514 iamiam
658 2480 756 2514 urbis
779 2481 939 2522 contagio
963 2489 1043 2513 cor-

174 2533 312 2575 ruptae.
333 2549 370 2555 -
393 2531 592 2573 lonqiuquas
607 2529 813 2571 provincias]
837 2529 889 2563 Cf.
907 2530 961 2570 42,
978 2530 1040 2564 43:

177 2582 256 2615 otim
277 2581 380 2614 Italia
401 2580 581 2623 legionibus
595 2581 793 2622 lonqinquas
805 2580 842 2612 in
853 2580 1046 2621 provincias

174 2634 376 2665 emeatus
396 2630 567 2672 portabat.
611 2630 665 2670 46,
688 2630 749 2662 27:
782 2630 862 2670 quid
882 2630 1006 2662 mirum
1026 2639 1044 2663 e

175 2682 366 2724 lonqinquis
384 2681 567 2722 provinciis
587 2689 655 2713 non
675 2679 812 2713 voeiiri?
836 2697 872 2704 —
903 2680 1044 2714 lascivia

174 2731 363 2773 inexperti]
397 2730 449 2763 Cf.
482 2730 568 2763 Hist.
594 2731 626 2770 4,
650 2730 689 2763 8:
722 2729 811 2762 bellis
836 2730 1041 2771 inexpertus.

175 2782 210 2820 2,
223 2782 285 2814 75:
311 2781 454 2823 legiones
467 2781 558 2814 civili
572 2779 654 2813 bello
667 2780 870 2821 inexpertas.
895 2781 969 2814 Liv.
986 2781 1041 2822 23,

176 2831 239 2864 ⁴8:
264 2831 513 2864 exercitim--
529 2830 620 2863 bonis
641 2830 852 2871 ine-vpertum
873 2833 974 2873 atque
994 2831 1045 2863 in-

175 2885 317 2915 suetum.
345 2897 382 2905 -
413 2890 519 2923 neque
544 2881 651 2914 labori
684 2881 851 2914 inhonesto
883 2881 1043 2923 sufficere]

177 2940 316 2974 «neque
338 2930 450 2964 labori
471 2933 570 2965 tanto
586 2939 628 2964 ac
651 2932 836 2973 praeterea
858 2931 1044 2965 inhonesto

176 2989 284 3025 pares
306 2989 421 3014 esse».
443 2998 480 3004 —
504 2989 582 3014 cum
601 2981 755 3014 manibus
774 2981 891 3014 nesciis
909 2981 1046 3023 fatisce-

175 3031 262 3074 rent]
297 3039 404 3064 «cum
436 3038 563 3064 manus
585 3030 631 3063 sd
654 3031 859 3064 continuum
882 3030 1045 3072 plausum

178 3090 251 3115 non
281 3082 444 3115 assuetae
475 3079 639 3113 celeriter
667 3080 977 3122 defatigarentur».
1005 3098 1042 3105 -

178 3130 314 3174 μιαν-οε]
340 3130 400 3172 qui
423 3130 521 3162 certis
540 3130 646 3162 modis
661 3130 850 3171 plausuque
871 3130 1047 3171 eoniposito

177 3179 418 3223 personabant
442 3179 485 3220 (c.
503 3178 547 3220 4).
572 3196 609 3202 —
640 3179 802 3221 sedilibus]
818 3177 1045 3212 «assidendo

178 3230 216 3262 in
234 3228 442 3267 sedilibus-3
468 3228 564 3270 quod
578 3236 644 3270 per
658 3227 917 3262 substantivum
931 3226 1047 3260 solum

180 3279 266 3313 satis
288 3277 499 3320 intelligitur.
535 3279 587 3311 De
610 3286 649 3311 re
674 3278 860 3310 Suetonius
883 3279 963 3310 Ner.
979 3277 1039 3310 23:

180 3329 344 3362 &tante
370 3338 408 3362 eo
437 3337 479 3361 ne
499 3328 688 3361 necessaria
709 3328 839 3369 quidem
860 3336 964 3360 causa
984 3335 1047 3360 οω-

181 3379 295 3412 cedere
322 3379 449 3412 ὤσαιτο
475 3378 603 3411 licitum
628 3381 687 3411 est.
729 3378 846 3419 Itaque
873 3379 906 3410 et
926 3378 1049 3411 enixae

183 3429 350 3471 quaedam
368 3430 407 3463 in
426 3429 622 3470 spectaculis
635 3428 803 3468 diwnmr,
827 3430 858 3461 et
871 3427 967 3460 multi
981 3430 1049 3461 tae-

184 3478 240 3511 dio
261 3478 418 3512 audiendi
438 3478 681 3520 laudandique,
710 3478 834 3511 clausis
852 3476 1049 3519 oppidorum

1085 1926 1205 1969 portis,
1226 1930 1286 1960 aut
1298 1928 1417 1970 furtim
1432 1928 1600 1962 desiluisse
1613 1930 1653 1963 de
1665 1939 1763 1963 muro
1778 1934 1838 1964 aut
1850 1934 1957 1965 morte

1088 1977 1249 2010 simulata
1268 1978 1385 2020 sionem
1406 1979 1495 2012 elati.
1520 1979 1633 2013 Etiam
1655 1981 1719 2013 Dio
1743 1981 1796 2021 63,
1815 1982 1856 2014 45
1872 1981 1956 2014 dicit

1090 2026 1263 2069 quosdam
1298 2029 1595 2075 προσποιεῖσθαι
1632 2028 1858 2074 ἑκθνήσκειν
1890 2032 1956 2065 καὶ

1089 2074 1233 2124 νεκρῶν
1254 2075 1364 2121 δίκην
1378 2077 1422 2112 ἐκ
1434 2077 1510 2112 τῶν
1523 2078 1696 2127 θεάτρων
1711 2080 1954 2128 ἐκφέρεσθαι.

1093 2145 1130 2151 -
1156 2129 1275 2169 quippe
1301 2130 1443 2171 gravier
1462 2131 1576 2164 inerat
1594 2132 1711 2172 metus]
1742 2132 1768 2164 Ο
1791 2131 1910 2174 ludos,
1936 2141 1957 2165 ο

1090 2177 1239 2220 ineptias
1250 2203 1258 2219 ,
1282 2178 1347 2212 sed
1367 2182 1533 2214 cruentas
1549 2182 1586 2213 et
1599 2181 1736 2214 tristes!
1762 2190 1845 2215 nam
1860 2191 1957 2216 mors

1091 2236 1213 2261 comes
1236 2229 1296 2260 aut
1318 2228 1498 2272 exsilium,
1525 2231 1555 2263 si
1578 2231 1657 2273 quis
1679 2232 1835 2273 segniter
1856 2231 1959 2265 audi-

1090 2278 1201 2311 visset
1222 2277 1356 2311 scilicet
1382 2279 1477 2313 hunc
1498 2280 1695 2314 Phoebum.
1729 2280 1958 2316 Philostratus

1091 2329 1178 2361 scite
1201 2330 1320 2361 narrat
1341 2328 1387 2371 (4,
1412 2330 1486 2371 39);
1518 2331 1726 2372 Apollonium
1747 2333 1872 2366 venisse
1892 2334 1958 2366 Ro-

1091 2387 1183 2411 mam
1204 2382 1237 2411 et
1256 2379 1293 2411 in
1314 2379 1490 2421 hospitium
1507 2381 1673 2422 quoddam
1691 2390 1754 2423 per
1774 2383 1855 2415 haec
1877 2386 1959 2416 tem-

1088 2438 1177 2470 pora
1197 2430 1380 2464 divertisse.
1410 2431 1456 2464 ibi
1478 2435 1589 2465 autem
1611 2432 1773 2466 hominem
1795 2434 1959 2473 quendam

1091 2480 1218 2512 scenico
1239 2480 1372 2521 habitu,
1401 2482 1567 2514 citharam
1589 2485 1747 2515 tenentem
1770 2487 1801 2515 et
1819 2484 1958 2524 pulsan-

1092 2533 1168 2571 tem,
1189 2533 1381 2564 cantantem
1394 2533 1508 2572 etiam,
1524 2533 1580 2565 sed
1593 2534 1671 2565 rudi
1686 2537 1716 2566 et
1729 2533 1853 2566 absona
1867 2543 1958 2574 voce,

1092 2582 1332 2623 supervenisse,
1358 2583 1415 2623 qui
1436 2583 1552 2616 solitus
1574 2587 1655 2616 esset
1675 2584 1790 2617 urbem
1811 2586 1860 2617 ita
1879 2594 1959 2626 per-

1092 2631 1266 2664 ambulare
1286 2634 1318 2664 et
1338 2633 1480 2666 Neronis
1495 2634 1650 2666 carmina
1663 2635 1850 2667 cantillare.
1876 2644 1961 2676 quae

1092 2681 1120 2714 si
1142 2682 1218 2722 quis
1237 2684 1299 2714 aut
1318 2683 1536 2725 negligentias
1550 2684 1694 2717 audisset
1707 2687 1769 2717 aut
1780 2686 1960 2718 mercedem

1091 2732 1292 2773 cendiqnam
1311 2740 1378 2765 non
1401 2733 1548 2774 dedisset,
1576 2733 1619 2766 ab
1640 2742 1678 2766 eo
1701 2738 1874 2775 tamquam
1893 2736 1959 2768 im-

1088 2780 1224 2821 pietatis
1243 2790 1321 2814 reus
1341 2783 1496 2815 conviciis
1513 2782 1687 2824 petebatur
1699 2785 1779 2816 etin
1794 2793 1960 2816 carcerem

1093 2830 1284 2864 ducebatur.
1320 2832 1478 2865 chordam
1502 2836 1683 2875 praeterea
1710 2842 1775 2866 usu
1803 2834 1959 2866 detritam

1093 2883 1125 2913 et
1151 2881 1314 2922 fractam,
1347 2890 1433 2922 quae
1460 2882 1496 2915 in
1517 2883 1590 2923 ipsa
1610 2883 1806 2916 Neroniana
1828 2884 1959 2917 cithara

1091 2930 1216 2971 ficisset,
1232 2934 1270 2964 ut
1283 2932 1465 2965 ceimclium
1478 2932 1616 2974 aliquod
1629 2933 1666 2966 in
1680 2935 1801 2966 arcula
1813 2934 1939 2975 ferebat
1946 2943 1959 2973 ;

1093 2984 1195 3022 atque
1214 2990 1291 3014 eam
1312 2985 1457 3023 emptam
1477 2982 1539 3015 sibi
1561 2983 1691 3016 duabus
1703 2985 1803 3017 minis
1821 2983 1958 3025 ferebat,

1093 3040 1153 3064 nec
1174 3032 1330 3073 cuiquam
1351 3041 1455 3073 porro
1468 3033 1691 3074 venditurum,
1714 3034 1778 3066 nisi
1793 3035 1850 3074 qui
1860 3042 1960 3074 prae-

1093 3081 1312 3113 stantissimus
1331 3081 1368 3114 in
1390 3090 1430 3115 ea
1451 3085 1525 3115 arte
1546 3086 1626 3115 esset
1646 3086 1677 3115 et
1698 3083 1880 3125 aliquando
1894 3083 1960 3123 Py-

1094 3129 1169 3162 thiis
1187 3130 1326 3163 vicisset.
1350 3131 1464 3173 Atque
1487 3131 1585 3164 addit
1599 3131 1819 3174 Apollonium
1842 3132 1958 3174 ipsum

1095 3180 1131 3212 et
1153 3180 1300 3213 comites
1323 3181 1411 3222 eius,
1436 3189 1518 3214 cum
1536 3181 1640 3213 adfici
1655 3190 1726 3214 non
1740 3181 1957 3221 viderentur,

1095 3230 1278 3263 accusatos
1310 3229 1356 3262 ab
1387 3239 1430 3263 eo
1459 3232 1498 3262 ut
1526 3228 1733 3271 πολεμίους
1759 3229 1829 3273 τῆς
1851 3230 1960 3272 θείας

1095 3276 1245 3322 φωνῆς,
1277 3279 1342 3318 sed
1370 3279 1573 3312 mercedula
1597 3281 1716 3312 tamen
1739 3279 1821 3312 data
1843 3280 1960 3313 homi-

1096 3335 1181 3361 nem
1198 3324 1370 3371 placasfld.
1395 3330 1481 3362 Lirs.
1500 3345 1536 3352 —
1559 3328 1686 3370 palam]
1710 3328 1844 3362 scilicet
1859 3338 1960 3371 prae-

1094 3377 1245 3411 sentibus.
1282 3378 1322 3411 Id
1345 3379 1440 3412 enim
1462 3377 1546 3410 latet
1573 3379 1609 3410 in
1640 3386 1717 3420 seq.
1741 3379 1893 3419 occultis,
1924 3380 1959 3413 id

1097 3428 1152 3460 est
1179 3428 1304 3460 occulte
1327 3427 1565 3469 praesentibus.
1591 3428 1699 3461 Dossn.
1726 3445 1763 3452 -
1795 3429 1961 3462 redditum

1095 3477 1218 3520 edim]
1240 3478 1412 3513 Dicuntur
1431 3477 1541 3518 reddi,
1567 3485 1658 3520 quae
1681 3476 1820 3512 ultionis
1842 3479 1959 3512 studio
