2254 3770
703 263 860 309 mmm
886 263 989 323 xiv.
1033 262 1134 321 Cap.
1164 264 1230 307 50.
1260 263 1328 308 5⁴.
1357 263 1427 309 52.
1899 258 1980 306 475

198 377 283 422 tur,
322 369 485 415 inlitum
525 370 709 428 palatum
744 370 839 414 eius
876 369 1003 414 noxio
1037 368 1319 414 medicamine
1347 368 1679 420 adseverabant,
1720 373 1765 412 et
1790 367 1971 411 Burrum

199 444 411 490 intellecto
431 444 614 496 scelere,
637 459 735 489 cum
754 444 809 488 ad
830 443 1053 489 visendum
1074 457 1171 488 eum
1195 444 1394 502 princeps
1416 444 1621 495 venisset,
1643 448 1864 501 aspectum
1884 442 1978 486 eius

199 526 439 565 aversatum
468 520 699 565 sciscitanti
729 519 934 564 hactenus
964 518 1261 577 respondisse:
1297 533 1409 577 «ego
1437 533 1507 563 me
1535 518 1647 564 bene
1666 517 1846 562 habeo.»
1879 516 1982 561 civi-

198 596 270 639 tati
299 594 461 652 grande
490 594 752 639 desiderium
773 595 867 638 eius
887 594 1041 638 mansit
1066 607 1145 652 per
1164 594 1413 638 memoriam
1432 594 1600 639 virtutis
1618 599 1661 639 et
1681 605 1981 639 successorum

197 669 373 715 alterius
392 683 569 727 segnem
588 670 884 721 innocentiam,
913 669 1088 714 alterius
1106 669 1432 727 flagrantissima
1451 669 1621 727 flagitia.
1642 669 1803 728 quippe
1825 668 2014 712 Caesaris

198 745 308 790 duos
336 745 564 802 praetoriis
594 744 840 789 cohortibus
870 745 1154 802 imposuerat,
1186 745 1389 789 Faenium
1417 744 1570 789 Rufum
1599 758 1654 789 ex
1679 743 1794 802 vulgi
1824 743 1979 794 favore,

198 822 300 879 quia
330 834 422 864 rem
449 819 766 864 frumentariam
795 820 887 864 sine
917 826 1100 878 quaestu
1129 819 1351 871 tractabat,
1383 819 1602 864 Sofonium
1629 819 1876 878 Tigillinum,
1907 831 1983 863 ve·-

196 902 332 940 terem
362 894 654 953 inpudicitiam
683 901 812 954 atque
842 894 1056 938 infamiam
1085 894 1127 937 in
1157 908 1210 938 eo
1240 901 1427 939 secutus.
1471 901 1600 953 atque
1627 894 1683 938 illi
1703 908 1783 953 pro
1803 893 1982 952 cognitis

197 970 390 1015 moribus
418 969 559 1021 suere,
593 969 771 1014 validior
791 970 1007 1028 Tigillinus
1036 970 1079 1012 in
1109 970 1250 1014 animo
1274 969 1478 1027 principis
1498 977 1540 1013 et
1559 970 1716 1014 intimis
1735 969 1982 1014 libidinibus

198 1045 467 1103 adsumptus,
500 1058 709 1103 prospera
736 1044 883 1103 populi
913 1051 957 1089 et
984 1044 1161 1088 militum
1182 1044 1292 1089 fama
1315 1044 1466 1098 Rufus3
1496 1046 1612 1103 quod
1634 1045 1750 1103 apud
1769 1046 1981 1090 Neronem
1995 1054 2031 1084 ⁴0

197 1120 425 1166 adversum
455 1119 767 1177 experiebatur.

311 1195 393 1252 (52)
424 1195 536 1239 Mors
564 1195 687 1238 Burri
718 1194 886 1252 infregit
914 1194 1107 1240 Senecae
1136 1196 1389 1253 potentiam,
1424 1195 1527 1254 quia
1555 1209 1638 1240 nec
1664 1195 1790 1239 bonis
1820 1195 1982 1239 artibus

198 1271 312 1315 idem
340 1270 495 1314 virium
523 1276 615 1314 erat
643 1269 778 1314 altero
807 1269 923 1314 velut
947 1269 1059 1314 duce
1088 1277 1248 1322 am0t0,
1288 1277 1333 1315 et
1369 1272 1482 1315 Nero
1511 1270 1567 1315 ad
1596 1270 1834 1316 deteriores
1863 1270 1983 1315 incli-

197 1345 338 1391 nabat.
383 1345 425 1389 hi
454 1344 583 1389 variis
614 1344 979 1389 criminationibus
1006 1345 1215 1390 Senecam
1244 1345 1512 1397 adoriuntur,
1543 1352 1760 1404 tamquam
1788 1346 1982 1404 ingentes

198 1427 241 1464 et
268 1420 482 1478 privatum
509 1419 686 1463 modum
715 1426 887 1464 evectas
918 1433 1026 1477 opes
1051 1420 1191 1464 adhuc
1211 1427 1408 1478 augeret,
1440 1420 1645 1479 quodque
1665 1420 1806 1464 studia
1826 1420 2032 1464 civium⁴5

197 1497 240 1539 in
279 1509 328 1540 se
364 1501 568 1546 verteret,
612 1494 829 1538 hortorum
869 1508 1045 1553 quoque
1083 1496 1340 1540 amoenitate
1379 1502 1422 1540 et
1451 1495 1645 1540 villarum
1672 1495 1983 1553 magnificentia

198 1571 320 1629 quasi
355 1570 594 1629 principem
636 1569 1030 1628 supergrederetur.
1077 1570 1320 1614 obiciebant
1357 1571 1484 1615 etiam
1514 1570 1782 1629 eloquentiae
1811 1570 1982 1615 laudem
2034 1565 2040 1582 '

198 1646 272 1690 uni
302 1645 383 1690 sibi
413 1645 628 1690 asciscere
659 1651 702 1688 et
731 1644 919 1689 carmina
948 1645 1141 1690 crebrius
1171 1645 1377 1699 factitare,
1415 1652 1642 1705 postquam
1676 1646 1834 1690 Neroni
1863 1659 1983 1690 amor

223 1817 230 1818 .
265 1780 297 1813 3.
322 1782 516 1814 aversatum
537 1777 767 1812 Puteolanus:
793 1779 1010 1812 aduersatum
1031 1779 1064 1813 M
1082 1798 1117 1803 -
1142 1780 1175 1812 5.
1198 1779 1334 1822 flagitia
1356 1778 1521 1813 Orellius:
1545 1780 1690 1822 flagitia.
1715 1780 1884 1813 adulteria
1906 1780 1981 1822 (sic,

198 1837 332 1880 puncto
355 1836 573 1879 interposito)
597 1835 649 1873 M3
672 1835 806 1878 flagitia
829 1838 860 1868 et
880 1835 1048 1868 adulteria
1070 1834 1137 1868 alii.
1165 1853 1201 1859 —
1227 1836 1258 1867 6.
1282 1836 1431 1876 faenium
1453 1837 1501 1869 M:
1529 1836 1666 1868 Fenium
1686 1835 1802 1878 vulgo.
1827 1836 1916 1869 Vide
1937 1836 1983 1869 ad

196 1902 232 1936 p.
250 1892 326 1933 407,
343 1893 376 1926 5.
399 1911 435 1918 -
459 1892 492 1925 7.
509 1892 682 1934 Sofonium
697 1892 849 1934 Lipsius:
875 1891 1023 1933 osonium
1044 1892 1079 1925 M
1104 1909 1140 1915 -
1165 1892 1346 1934 ugulinum
1364 1893 1416 1925 M:
1443 1892 1637 1934 Tigellinum
1650 1891 1766 1934 vulgo.
1794 1893 1982 1934 Tiyillinum

198 1940 381 1982 h‘omiuem
402 1949 533 1982 vocant
554 1948 662 1981 etiam
685 1948 871 1981 Suetonius
894 1946 1006 1989 (Galb.
1033 1947 1103 1989 45),
1133 1947 1311 1987 Martialis,
1335 1946 1451 1980 Schol.
1476 1948 1595 1981 Iuven.
1621 1949 1653 1988 4,
1678 1949 1760 1987 455ς
1789 1948 1982 1991 Tigellinum

195 2004 382 2045 Iuvenalis,
406 2005 484 2045 Dio,
509 2004 728 2038 Plutarchus.
754 2003 805 2037 Cf.
822 2013 858 2037 v.
875 2004 908 2037 9.
931 2013 963 2037 c.
980 2003 1034 2037 ⁴8.
1051 2004 1106 2037 57.
1125 2004 1179 2037 60.
1205 2005 1260 2046 45,
1275 2005 1329 2037 37.
1346 2003 1401 2037 40.
1420 2005 1474 2038 50.
1492 2005 1546 2038 58.
1564 2005 1618 2038 59.
1637 2005 1691 2037 72.
1711 2005 1764 2045 46,
1782 2005 1836 2037 47.
1854 2004 1907 2037 48.
1927 2005 1980 2037 49.

197 2062 284 2095 Hist.
307 2063 341 2103 4,
365 2062 419 2094 72.
448 2079 482 2086 -
516 2061 548 2094 8.
573 2061 713 2103 comitis
741 2061 939 2094 uei-cerus:
971 2060 1121 2102 comatis
1142 2061 1177 2094 M
1208 2078 1240 2084 -
1273 2060 1305 2093 9.
1330 2060 1491 2102 εἰρὸῑίἰηω
1512 2061 1563 2094 M:
1599 2061 1775 2103 Tigellinus
1796 2059 1913 2102 vulgo.
1940 2077 1977 2084 —

198 2118 251 2151 43.
275 2119 375 2152 uelud
396 2119 431 2152 M
455 2135 491 2141 —-
523 2117 576 2151 ⁴4.
601 2120 764 2158 tanquam
785 2118 820 2151 M
846 2135 881 2142 —
907 2118 960 2150 45.
984 2118 1119 2150 modum
1140 2117 1193 2151 M:
1224 2126 1330 2159 supra
1350 2118 1486 2150 modum
1507 2116 1575 2151 alii.
1604 2135 1639 2140 —
1666 2117 1720 2150 46.
1745 2117 1926 2150 amenitate
1947 2117 1981 2150 M

199 2191 234 2198 —
262 2174 314 2207 48.
338 2174 399 2207 uni
420 2174 456 2207 in
478 2174 512 2207 M
536 2174 590 2207 est
613 2182 656 2207 ex
679 2173 911 2206 correctione.

197 2293 298 2326 Turs.
322 2293 386 2331 111,
410 2300 447 2334 p.
473 2291 527 2324 43.
546 2295 590 2315 “-
623 2300 683 2334 eqo
705 2300 757 2324 me
778 2291 855 2324 bene
876 2292 996 2334 habeo]
1025 2293 1064 2325 In

199 2350 242 2375 eo
264 2350 437 2383 responso
461 2350 554 2383 quae
575 2341 629 2374 vis
651 2342 716 2381 sit,
741 2341 836 2374 dicet
851 2342 985 2374 Seneca
1000 2342 1061 2384 Ep.

1112 2293 1266 2334 spectari
1297 2292 1435 2333 poterat
1464 2301 1508 2325 ex
1539 2291 1698 2326 moribus
1721 2292 1903 2334 utriusque
1927 2293 1982 2325 sat

1113 2342 1214 2374 notis.
1234 2341 1385 2383 (Codicis
1401 2341 1590 2375 lectionem
1604 2343 1754 2384 cognatis
1764 2341 1976 2375 Doederlein

198 2391 259 2432 24,
284 2392 324 2423 9:
348 2392 434 2425 sieut
454 2392 550 2424 illum
573 2392 631 2425 Cn.
655 2393 799 2433 Pompeii
820 2401 969 2425 socerum
991 2393 1066 2426 Sci-

194 2444 346 2484 pionm,
370 2442 428 2482 qui
451 2442 622 2474 contrario
643 2442 679 2474 in
694 2442 844 2483 Africam
857 2446 954 2475 vento
973 2444 1066 2475 rela-

198 2496 271 2532 tus,
295 2500 371 2524 cum
392 2492 496 2524 teneri
516 2500 638 2524 navem
651 2500 749 2524 suam
762 2492 894 2524 vidisset
907 2491 950 2524 ab
964 2492 1066 2524 hosti-

198 2542 276 2580 bus,
299 2541 391 2583 ferro
411 2549 446 2574 se
467 2541 748 2573 transverberavit
770 2545 800 2574 et
821 2541 1063 2582 quaerentibus,

197 2592 255 2625 ubi
270 2593 454 2633 imperator
465 2594 564 2631 esset,
580 2592 778 2632 Imperator,
795 2592 918 2632 inquit,
941 2600 975 2625 se
989 2591 1066 2625 bene

198 2642 303 2675 habet.
328 2643 354 2675 1.
372 2642 407 2674 F.
426 2643 576 2674 Gnouov.
603 2659 638 2664 —
664 2642 825 2674 Faenium
848 2641 986 2684 Rufum]
1010 2641 1062 2675 Cf.

200 2692 261 2727 43.
282 2692 337 2725 22.
366 2708 402 2714 -
422 2691 596 2732 Sofonium
617 2690 804 2732 Tiqillinum
826 2691 907 2732 cet]
929 2692 993 2724 Dio
1009 2691 1063 2730 62,

199 2741 260 2774 ⁴3:
293 2739 508 2784 Τιγελλῖνον
529 2739 571 2774 δέ
592 2750 679 2773 τινα
699 2738 923 2781 Σωφόνιον,
951 2736 1066 2778 ἀσελ-

198 2791 283 2835 γείᾳ
309 2801 351 2824 τε
380 2791 446 2823 καὶ
467 2791 675 2835 μιαιφονία
697 2787 842 2831 πάντας
864 2787 956 2832 τοὺς
976 2791 1064 2824 καθ’

198 2838 337 2875 ἑαυτὸν
363 2836 592 2898 ἀνθρώπους
622 2835 882 2900 ὑπεράραντα,
912 2839 973 2874 ἐπὶ
995 2838 1066 2884 τὴν

199 2889 274 2923 τῶν
295 2888 441 2937 δορυφί
445 2901 520 2938 ρων
543 2887 669 2936 ἀρχὴν
694 2891 938 2934 κατέστησεν.
964 2890 1062 2924 Conf.

199 2941 285 2974 Hist.
305 2941 337 2980 4,
355 2941 408 2974 72.
428 2957 464 2963 —
481 2943 622 2974 veterem
636 2940 877 2982 inpudicitiam]
902 2939 1065 2973 Martialis

200 2990 233 3029 3,
257 2990 312 3030 20,
331 2990 389 3022 ⁴5:
421 2989 523 3022 Titine
545 2990 697 3029 thermis,
723 2999 768 3021 an
791 2989 928 3021 lavatur
947 2989 1067 3031 Agrip-

196 3048 282 3081 pae,
306 3039 356 3071 Aa
379 3039 538 3080 impudici
551 3038 665 3072 balneo
683 3039 828 3081 Tigillini
838 3038 856 3071 ?
879 3039 1002 3078 «Quod
1018 3040 1067 3072 ait

201 3090 246 3124 de
276 3091 397 3122 vetere
428 3089 644 3131 impudicitia
678 3090 784 3131 atque
817 3089 975 3129 infamia,
1011 3090 1067 3122 in-

201 3138 332 3181 telligit,
358 3138 480 3178 credo,
496 3140 658 3180 stuprum
675 3140 751 3172 eius
767 3147 849 3171 cum
863 3139 1063 3180 Agrippina,

201 3191 315 3223 matre
338 3188 505 3226 Neronis;
537 3196 606 3229 qua
639 3196 747 3220 causa
769 3197 789 3219 a
813 3188 896 3220 Gaio
920 3188 955 3220 in
978 3188 1068 3220 exsi-

202 3239 288 3273 lium
308 3239 441 3282 pulsus.
466 3239 530 3271 Dio
546 3238 600 3275 59.
618 3237 678 3270 23:
704 3237 745 3270 ἐν
760 3235 909 3278 τούτοις
924 3236 964 3270 δὲ
979 3234 1066 3271 τότε

202 3286 392 3333 φεύγουσι
419 3289 483 3321 καὶ
517 3284 540 3320 ὅ
570 3286 783 3331 Τιγελλῖνος
805 3283 828 3320 ὁ
850 3285 1063 3329 Σωφόνιος,

204 3335 257 3380 ὥς
282 3339 346 3373 καὶ
376 3335 615 3386 Ἀγριππίνην
636 3335 913 3380 μεμοιχευκώς,
938 3334 1065 3380 ἐξέπε-

205 3398 305 3422 σεν..
328 3390 415 3423 Lm.
436 3406 470 3413 —
490 3397 556 3431 pro
571 3387 711 3431 comitis
723 3387 880 3431 moribus]
896 3388 987 3421 sicut
1002 3397 1065 3421 ex-

1113 2391 1264 2434 explicat
1298 2391 1497 2425 «similibus
1526 2391 1583 2425 vel
1615 2392 1763 2434 principi
1785 2391 1840 2425 vel
1870 2391 1978 2434 plebi.

1112 2443 1201 2474 Nam
1217 2440 1403 2483 Tigellmus
1420 2442 1528 2475 homo
1544 2442 1748 2484 flagitiosus,
1771 2450 1837 2484 per
1851 2442 1979 2483 flagitia

1114 2491 1242 2524 Neroni
1274 2490 1395 2524 similis
1425 2495 1461 2524 et
1483 2492 1583 2533 quasi
1605 2493 1794 2533 cognatus,
1828 2491 1979 2534 ideoque

1113 2540 1207 2583 apud
1235 2541 1389 2574 eundem
1418 2540 1554 2575 validus
1584 2543 1678 2580 erat;
1713 2542 1820 2574 Rufus
1844 2543 1977 2581 contra,

1113 2591 1242 2624 civium
1266 2591 1302 2623 et
1323 2589 1441 2624 militis
1463 2590 1667 2624 utilitatibus
1685 2592 1722 2624 et
1742 2599 1902 2624 annonae
1924 2592 1979 2623 in-

1112 2642 1247 2680 tentus,
1283 2639 1513 2683 popularibus
1553 2640 1719 2683 plebique
1753 2642 1910 2683 cognatis
1944 2642 1980 2674 et

1114 2689 1404 2724 convenientibus
1426 2690 1586 2724 moribus
1608 2690 1702 2734 apud
1718 2690 1887 2733 populum
1902 2699 1980 2732 gra-

1113 2741 1223 2773 tiosus
1246 2748 1288 2772 ac
1310 2739 1446 2773 validus
1469 2741 1593 2781 erat»)

1156 2790 1210 2823 52.
1234 2790 1368 2822 modum
1390 2791 1530 2831 evectas]
1553 2790 1604 2824 Cf.
1630 2791 1690 2831 42,
1711 2790 1771 2823 36:
1795 2791 1889 2831 fama
1909 2793 1980 2824 eius

1113 2843 1224 2873 evecta
1250 2840 1389 2872 insulas.
1416 2857 1452 2862 —
1488 2839 1580 2882 opes]
1611 2840 1663 2873 Cf.
1690 2840 1742 2880 43,
1767 2840 1821 2874 42.
1850 2859 1886 2865 -
1910 2841 1979 2873 elo-

1114 2890 1264 2930 quentiae
1279 2889 1411 2922 laudem
1426 2889 1511 2932 cet.]
1529 2890 1760 2929 Quintilianus
1776 2891 1829 2930 40,
1846 2891 1879 2931 4,
1894 2891 1974 2924 ⁴28:

1115 2939 1282 2971 Tractavit
1298 2939 1454 2981 (Seneca)
1471 2948 1600 2974 ornnem
1614 2940 1684 2982 fere
1703 2941 1888 2973 studiorum
1901 2950 1978 2973 ma-

1113 2989 1244 3021 teriam.
1273 2989 1362 3020 Nam
1383 2992 1414 3021 et
1435 2990 1600 3022 orationes
1622 2991 1692 3022 eius
1712 2993 1743 3023 et
1763 2991 1926 3030 poemata
1946 2992 1979 3023 et

1114 3038 1239 3080 dialoqi
1267 3038 1432 3079 feruntur.
1460 3057 1495 3062 —
1527 3040 1681 3072 carmina
1708 3040 1856 3072 crebrius
1875 3040 1978 3081 faeti-

1114 3087 1197 3129 tare]
1222 3088 1309 3121 Sunt
1322 3089 1381 3130 qui
1399 3089 1487 3122 haee
1504 3088 1703 3130 intellegant
1717 3089 1762 3122 de
1774 3089 1974 3131 tragoediis,

1114 3147 1204 3180 quae
1235 3139 1390 3172 Senecae
1415 3140 1556 3172 nomine
1581 3139 1885 3172 circumferuntur.
1913 3141 1977 3174 At-

1114 3197 1183 3229 que
1206 3197 1246 3221 re
1268 3197 1353 3221 vera
1377 3189 1604 3228 Quintilianus
1629 3189 1672 3229 (9,
1696 3190 1729 3228 2,
1754 3189 1785 3230 8)
1813 3189 1975 3223 Medeam

1114 3238 1268 3271 Senecae
1285 3238 1416 3272 tribuit.
1438 3257 1473 3262 —
1492 3248 1588 3271 aanor
1604 3247 1718 3270 eorum
1732 3238 1881 3281 venisset]
1905 3241 1976 3274 Co—

1114 3288 1201 3322 dicis
1217 3287 1405 3322 lectionem
1420 3290 1573 3321 evenisset
1586 3290 1637 3322 sic
1653 3288 1809 3322 defendit
1820 3289 1973 3323 Walthe-

1113 3341 1229 3380 rus,ut
1236 3339 1385 3372 verbum
1395 3341 1522 3372 evenire
1531 3338 1624 3371 dicat
1634 3339 1830 3380 significare
1839 3342 1972 3373 sortem

1112 3387 1267 3423 divinam
1289 3392 1325 3423 et
1344 3388 1440 3431 quod
1461 3388 1500 3422 fit
1523 3397 1567 3422 ex
1581 3390 1683 3429 voto,
1708 3390 1814 3432 atque
1832 3390 1971 3432 egregie
