2254 3770
371 341 424 386 84

852 340 896 383 P.
928 337 1177 383 CORNELII
1206 337 1375 382 TACITI
1404 337 1672 383 ANNALIUM

372 447 729 499 detrudebantur3
760 447 868 490 inter
897 458 1006 503 quos
1036 445 1211 503 insignis
1242 444 1452 488 Arminius
1484 458 1613 488 manu
1642 458 1748 490 voce
1778 444 1954 491 vulnere
1983 453 2152 492 susten-

372 523 487 568 tabat
523 537 720 582 pugnam.
780 520 1117 579 incubueratque
1162 520 1408 577 sagittariis,
1451 519 1523 563 illa
1567 526 1790 578 rupturus,
1836 521 1878 565 ni
1924 523 2151 567 Raetorum

371 598 770 656 Vindelicorumque
802 602 843 640 et
864 595 1049 639 Gallicae
1081 595 1278 639 cohortes
1309 595 1427 652 signa
1457 595 1729 640 obiecissent.
1769 596 1866 641 nisu
1894 604 2035 642 tamen
2056 612 2154 643 corr

371 675 488 732 poris
519 681 562 718 et
591 675 750 731 impetu
781 672 879 730 equi
909 672 1115 729 pervasit,
1150 671 1305 715 oblitus
1335 671 1488 715 faciem
1508 685 1587 715 suo
1607 685 1779 723 cruore,
1813 686 1867 717 ne
1887 680 2151 718 nosceretur.

340 749 547 808 squidam
586 748 801 807 adgnitum
839 760 865 790 a
895 746 1076 791 Chaucis
1118 747 1225 790 inter
1263 746 1416 790 auxilia
1446 748 1635 791 Romana
1673 747 1897 805 agentibus
1927 749 2155 793 emissum-

371 839 456 884 que
494 824 768 868 tradiderunt.
818 823 950 866 virtus
988 836 1066 866 seu
1110 822 1224 865 fraus
1269 821 1424 865 eadem
1466 822 1736 880 Inguiomero
1780 822 1983 882 effugium
2022 824 2153 869 dedit.

371 901 501 946 ceteri
541 900 701 958 passim
739 897 949 942 trucidati.
996 904 1038 941 et
1065 896 1296 955 plerosque
1327 904 1496 941 tranare
1525 898 1737 956 Visurgim
1765 905 1969 944 conantes
1997 899 2153 944 iniecta

368 976 453 1021 tela
495 982 567 1019 aut
609 976 674 1018 vis
717 973 922 1024 fluminis,
969 978 1187 1030 postremo
1227 972 1363 1017 moles
1407 973 1623 1017 ruentium
1667 980 1709 1018 et
1752 974 1988 1019 incidentes
2031 975 2152 1034 ripae

368 1065 593 1110 operuere.
643 1049 816 1108 quidam
858 1048 970 1106 turpi
1018 1048 1116 1106 suga
1160 1049 1201 1091 in
1251 1062 1417 1092 summa
1459 1048 1663 1093 arborum
1704 1050 1787 1094 nisi
1841 1051 2058 1109 ramisque
2101 1063 2150 1095 se

318 1140 354 1170 ιο
368 1127 628 1172 occultantes
667 1125 847 1169 admotis
885 1124 1110 1182 sagittariis
1139 1137 1219 1181 per
1248 1123 1478 1167 ludibrium
1508 1124 1772 1183 figebantur;
1811 1125 1919 1170 alios
1947 1133 2149 1184 prorutae

366 1203 543 1246 arbores
582 1200 798 1246 adflixere.

859 1199 940 1257 (⁴8)
975 1212 1129 1256 magna
1173 1213 1224 1242 ea
1262 1199 1440 1243 victoria
1482 1214 1627 1259 neque
1672 1207 1849 1246 cruenta
1891 1201 2016 1246 nobis
2059 1202 2148 1246 fuit.

365 1278 511 1336 quinta
541 1277 595 1321 ab
625 1277 730 1320 hora
759 1275 843 1319 diei
875 1276 927 1319 ad
958 1281 1128 1319 noctem
1158 1275 1272 1318 caesi
1303 1274 1450 1319 hostes
1480 1275 1634 1320 decem
1661 1277 1777 1322 milia
1795 1291 2002 1336 passuum
2021 1276 2151 1322 cada-

363 1353 537 1397 veribus
566 1359 693 1411 atque
724 1351 851 1395 armis
883 1350 1134 1408 opplevere,
1167 1351 1350 1408 repertis
1370 1351 1479 1396 inter
1499 1352 1637 1410 spolia
1657 1366 1806 1397 eorum
1829 1353 2009 1404 catenis,
2040 1366 2150 1412 quas

363 1428 406 1472 in
435 1430 646 1472 Romanos
685 1434 730 1470 ut
759 1440 843 1470 non
874 1426 1005 1470 dubio
1036 1432 1191 1470 eventu
1219 1421 1504 1484 portaverant.
1549 1428 1672 1473 miles
1703 1429 1746 1472 in
1774 1428 1871 1474 loco
1900 1427 2052 1487 proelii
2082 1428 2151 1472 Ti-

313 1518 349 1548 ⁴5
362 1503 529 1548 berium
570 1504 871 1561 imperatorem
912 1501 1109 1545 salutavit
1157 1502 1396 1560 struxitque
1437 1517 1640 1562 aggerem
1687 1510 1730 1548 et
1767 1504 1810 1547 in
1849 1503 2026 1548 modum
2062 1510 2151 1548 tro-

360 1593 568 1638 paeorum
587 1592 704 1623 arma
725 1577 976 1635 subscriptis
992 1577 1198 1621 victarum
1213 1578 1402 1636 gentium
1422 1579 1664 1624 nominibus
1681 1580 1895 1638 imposuit.
1927 1580 1959 1637 (i
1969 1580 2009 1637 9)
2031 1578 2144 1623 haud

424 1732 456 1765 3.
481 1731 619 1765 callicae
640 1740 693 1774 pr.
719 1731 752 1765 M
779 1749 814 1754 —
839 1730 893 1764 ⁴2.
918 1739 981 1763 ora
1002 1739 1056 1773 pr.
1082 1731 1115 1764 M
1141 1749 1178 1755 —
1204 1731 1258 1764 ⁴5.
1283 1735 1497 1772 tropaeorum
1518 1732 1545 1765 1.
1570 1732 1607 1765 F.
1625 1731 1840 1765 Gronovius:
1865 1732 2078 1773 tropheorum
2097 1731 2143 1766 M.

358 1838 510 1881 primam
534 1836 627 1870 illam
651 1838 686 1869 et
709 1836 904 1870 secundam
923 1837 1054 1876 aciem,
1081 1836 1222 1870 diverso

358 1889 496 1930 agmine
543 1888 726 1929 fugientes.
786 1888 869 1920 Mire
907 1896 985 1920 rem
1022 1886 1224 1920 obscuravit

358 1940 480 1972 Luden
502 1940 545 1972 D.
566 1939 748 1972 Geschichte
769 1939 795 1970 Ι.
821 1947 854 1980 p.
875 1938 949 1971 679.
974 1938 1060 1971 inter
1080 1939 1138 1971 hos
1160 1947 1222 1971 ex-

356 1989 489 2032 plicans
509 1990 619 2023 «inter
633 1991 869 2022 Romanorum
888 1988 1091 2031 pedestrem
1107 1990 1221 2022 aciem

358 2040 394 2072 et
416 2040 606 2082 equitem.»
646 2040 735 2071 Sane
755 2038 1036 2071 detrudebantur
1053 2039 1222 2073 Cherusci

357 2088 403 2122 ab
428 2090 585 2132 equitatu
607 2090 783 2129 Romano,
816 2089 854 2121 ut
877 2089 938 2128 ait,
968 2089 1161 2130 praemisso.
1182 2106 1218 2112 -

356 2139 472 2182 manu]
497 2141 602 2179 nutu,
628 2148 698 2181 quo
715 2139 810 2180 signa
828 2138 935 2171 dabat
950 2139 1003 2180 iis,
1029 2140 1088 2181 qui
1104 2139 1220 2181 ipsum

358 2190 524 2223 exaudire
559 2199 627 2222 non
662 2190 834 2231 poterant.
863 2207 897 2212 —
924 2189 1011 2231 voce]
1048 2190 1221 2222 hortando

358 2249 437 2280 eos,
464 2241 522 2282 qui
538 2240 681 2282 propius
698 2239 884 2271 adstabant.
908 2257 942 2262 —
960 2240 1105 2280 vulnere]
1126 2239 1221 2282 quod

357 2291 563 2333 acceperat,
608 2298 677 2332 quo
713 2289 884 2332 adspecto
919 2289 1067 2322 militum
1101 2290 1152 2322 ira
1185 2290 1221 2322 in

355 2342 531 2374 Romanos
556 2341 591 2373 et
619 2340 795 2382 pugnandi
819 2339 926 2372 ardor
947 2339 1219 2373 accendebatur.

355 2391 485 2424 Veram
508 2391 600 2423 hanc
623 2399 701 2423 esse
725 2391 1051 2432 interpretationem
1076 2390 1222 2423 demon-

357 2442 469 2474 strant
491 2440 599 2473 verba
623 2440 738 2472 oblitus
766 2440 887 2481 faciem
909 2449 968 2473 suo
990 2449 1119 2473 cruore.
1157 2440 1220 2474 Alii

357 2490 532 2532 explicant
562 2489 726 2522 «vulnere
749 2490 959 2532 infligendo,
995 2490 1219 2533 pugnando.»

356 2540 483 2581 Nimis,
521 2541 558 2572 ut
592 2540 733 2582 opinor,
769 2540 955 2573 artificiose
989 2539 1219 2573 Doederlein:

358 2599 498 2630 «manu,
534 2589 719 2622 retinendo
752 2590 830 2631 (hoc
860 2591 1002 2632 quidem
1027 2591 1220 2624 defendere

356 2641 495 2682 poterat
528 2640 668 2672 Liviano
702 2638 759 2672 illo
795 2639 856 2681 34,
893 2640 951 2674 ⁴4:
993 2644 1030 2674 ut
1062 2642 1221 2683 quosdam

356 2690 470 2723 consul
505 2698 610 2722 manu
643 2689 712 2730 ipse
752 2690 1027 2732 reprehenderit);
1074 2693 1219 2732 vulnere,

357 2739 471 2782 gladio
501 2741 536 2772 et
566 2747 649 2771 suos
680 2738 798 2780 fugam
827 2741 1001 2774 tentantes
1029 2740 1119 2775 ultro
1141 2741 1220 2774 vul-

356 2789 529 2829 nerand0,
550 2788 784 2822 occidendon:
811 2788 993 2832 deceptus,
1019 2793 1116 2833 puto,
1141 2791 1219 2824 loco

356 2840 443 2873 Hist.
469 2839 506 2879 3,
539 2839 597 2871 47:
634 2839 784 2879 consilio,
820 2848 942 2880 manu,
978 2850 1055 2874 voce
1084 2842 1222 2883 insignis

355 2889 457 2930 hosti,
481 2888 675 2929 conspicuus
695 2889 774 2921 suis.
813 2890 924 2923 Minus
947 2891 1044 2923 recte
1061 2891 1220 2924 Walther

356 2939 466 2973 verba
484 2947 606 2979 manu,
630 2947 718 2979 voce,
742 2939 876 2972 vulnere
891 2940 1001 2973 iunxit
1016 2949 1096 2974 cum
1113 2950 1147 2974 v.
1165 2942 1219 2974 in-

355 2990 476 3032 signis,
507 2996 589 3022 cum
618 2989 816 3030 pertineant
847 2989 892 3021 ad
915 2989 1064 3023 verbum
1092 2994 1220 3024 susten-

355 3040 461 3073 tabat.
482 3056 517 3062 —
542 3037 612 3080 illa]
635 3036 691 3070 illa
713 3041 812 3080 parte
835 3039 911 3072 viae
935 3049 1000 3082 per
1022 3041 1219 3082 sagittarios

356 3090 490 3133 aperta.
529 3089 611 3130 Agr.
635 3087 696 3120 28:
727 3096 808 3121 σηοω
829 3089 891 3121 hac
913 3094 1012 3132 atque
1033 3091 1093 3123 illa
1114 3092 1217 3133 rapti.

355 3158 400 3164 —
421 3137 594 3181 rupturus]
630 3146 693 3180 pro
720 3137 847 3179 volgari
875 3143 1110 3182 perrupturus,
1148 3150 1218 3184 quo

354 3189 466 3223 verbo
488 3188 598 3221 utitur
620 3187 706 3220 Hist.
726 3187 758 3226 3,
776 3188 829 3220 29.
855 3187 887 3229 4,
906 3189 960 3221 74.
981 3207 1017 3214 -
1040 3191 1219 3232 ruentium]

355 3239 519 3272 Heinsius
549 3236 594 3270 ad
624 3235 681 3269 Sil.
714 3235 772 3277 ⁴4,
804 3236 867 3270 554
896 3237 1051 3271 malebat
1084 3241 1218 3274 irruen-

355 3290 456 3327 tium;
488 3288 632 3327 frustra,
658 3286 862 3328 fugientium
886 3289 939 3320 est
960 3297 1074 3329 mere,
1099 3290 1218 3323 multi-

355 3339 440 3371 tudo
479 3337 607 3371 eodem
644 3337 822 3369 ruentium
860 3338 1035 3379 oppressit
1068 3340 1213 3380 priores.

355 3389 436 3421 Em«.
463 3404 498 3410 —
529 3385 702 3428 prorutae]
736 3386 913 3426 succisae,
953 3387 1137 3421 securibus
1171 3390 1216 3422 ad

355 3438 450 3471 hunc
476 3444 582 3469 usum
609 3434 707 3468 militi
729 3436 879 3478 paratis,
909 3437 948 3468 ut
970 3436 1008 3476 3,
1033 3435 1092 3469 46:
1127 3439 1218 3472 miles

354 3486 513 3528 coimus
541 3484 707 3519 securibus
734 3489 765 3519 et
792 3484 948 3519 dolabris.
997 3486 1060 3519 Dio
1090 3486 1142 3528 37,
1174 3488 1212 3521 2:

1273 1829 1382 1871 οὗτοι
1405 1835 1705 1882 ὑποτμηθέντων
1727 1837 1804 1871 τῶν
1825 1836 1987 1885 δένδρων
2018 1834 2145 1879 ἐφθά-

1272 1898 1407 1934 ρησαν.
1455 1888 1556 1922 Silius
1590 1890 1629 1929 5,
1669 1889 1751 1921 507:
1795 1888 1972 1921 Procubuit
2008 1889 2143 1921 tandem

1270 1939 1377 1971 multa
1392 1939 1521 1971 devicta
1542 1939 1649 1971 securi
1663 1938 1854 1981 suffugium
1875 1938 1993 1980 infelix
2013 1938 2143 1972 mser&

1270 1992 1301 2021 et
1321 1988 1487 2030 inhospita
1508 1997 1648 2029 quercus
1668 1989 1831 2032 Elisitque
1857 1989 1970 2022 virum
1991 1989 2141 2031 spatiosa

1270 2039 1419 2073 membra
1439 2040 1554 2072 ruina.

1315 2140 1368 2174 48.
1404 2140 1638 2181 imperatorem
1674 2138 1842 2182 salutavit]
1889 2138 2140 2181 significatione

1271 2191 1480 2232 antiquiore.
1512 2190 1723 2233 Oportuerat
1738 2189 1986 2223 Germanicum
2009 2190 2138 2232 ipsum,

1271 2242 1331 2283 qui
1361 2241 1433 2273 dux
1463 2242 1499 2273 et
1528 2242 1651 2273 auctor
1673 2240 1771 2280 facti;
1808 2239 1871 2273 sed
1895 2240 2073 2281 Augustus
2102 2241 2143 2272 ut

1270 2291 1425 2334 auspicia
1449 2291 1603 2324 servavit
1626 2290 1713 2331 sibi,
1739 2291 1790 2324 sic
1804 2290 1978 2323 honorem
1993 2297 2139 2323 omnem

1270 2342 1322 2374 rei
1351 2350 1371 2374 a
1395 2341 1547 2374 ducibus
1577 2342 1650 2374 suis
1679 2340 1847 2383 legatisve
1879 2341 2011 2382 gestae.
2051 2341 2140 2373 Nam

1270 2392 1330 2434 qui
1353 2391 1462 2425 ductu
1477 2391 1623 2433 quidem
1639 2399 1705 2424 suo
1720 2416 1727 2431 ,
1752 2389 1875 2423 alienis
1890 2391 2010 2423 tamen
2025 2389 2142 2432 auspi-

1270 2442 1330 2475 ciis
1346 2442 1490 2483 vicerat,
1515 2451 1560 2474 ne
1577 2441 1771 2483 antiquitus
1787 2439 1933 2483 quidem
1947 2440 2142 2483 imperator

1269 2491 1488 2525 salutabatur
1510 2493 1572 2525 aut
1594 2490 1847 2533 triumphabat.
1894 2490 1969 2524 Hoc
1991 2487 2140 2523 adulans

1269 2550 1333 2575 suo
1363 2542 1514 2584 principi
1543 2541 1707 2574 Horatius
1728 2539 1837 2574 voluit
1865 2540 1903 2574 C.
1931 2538 1972 2581 4,
1997 2538 2056 2580 ⁴4,
2081 2539 2139 2573 33.

1269 2592 1311 2625 Et
1333 2591 1378 2625 ab
1402 2592 1469 2625 hac
1492 2600 1531 2625 re
1555 2591 1671 2624 statim
1700 2591 1735 2624 in
1758 2588 1901 2633 tropaei‘
1911 2589 2139 2632 inscriptione

1271 2643 1312 2684 (c.
1337 2642 1390 2684 22)
1424 2641 1510 2684 legis
1545 2642 1728 2687 exercitum
1760 2640 1879 2674 Tiberii
1913 2639 2068 2673 Caesaris
2098 2647 2141 2673 ea

1268 2693 1471 2726 monimenta
1485 2692 1682 2732 sacmvisso,
1699 2699 1770 2724 uon
1788 2689 1986 2724 Germanici
2000 2689 2060 2732 qui
2075 2688 2141 2722 du-

1270 2742 1384 2776 cebat.
1410 2743 1498 2776 Lips.
1524 2742 1575 2775 Cf.
1594 2741 1692 2775 Ovid.
1711 2741 1814 2774 Trist.
1831 2741 1864 2780 2,
1892 2738 1966 2773 ⁴74.
1990 2739 2136 2772 sueton.

1269 2793 1388 2825 octav.
1423 2793 1485 2825 2⁴:
1524 2792 1662 2825 Domm't
1690 2791 1820 2833 partim
1853 2790 1972 2830 ductu,
2008 2789 2141 2831 partim

1268 2842 1425 2883 auspiciis
1459 2842 1528 2875 suis
1546 2859 1561 2866 ·
1584 2859 1604 2865 -
1624 2841 1776 2874 Raetiam
1812 2842 1844 2873 et
1882 2839 2062 2873 Vindelicos
2097 2847 2140 2872 ac

1267 2892 1429 2925 Salassos.
1475 2892 1551 2925 Hoc
1580 2889 1783 2933 exemplum
1813 2897 1896 2923 cum
1926 2890 2139 2931 sequeretur

1267 2941 1444 2982 Tiberius,
1471 2941 1702 2977 Germanicus
1723 2940 1801 2982 ipse
1823 2938 1920 2972 illum
1943 2939 2139 2982 imperato-
2189 2934 2194 2939 '

1266 3001 1344 3025 rem
1369 2991 1593 3025 salutandum
1609 2999 1630 3023 a
1647 2989 1815 3023 militibus
1835 2988 1981 3022 curavit.
2016 2987 2138 3022 Fiehat

1266 3043 1384 3075 autem
1408 3041 1476 3075 hoc
1498 3039 1594 3084 apud
1615 3039 1804 3082 imaginem
1827 3038 2005 3082 principis.
2045 3036 2133 3072 Plin.

1266 3094 1395 3133 Paneg.
1427 3091 1489 3131 56,
1525 3090 1558 3124 8.
1597 3107 1633 3114 -
1669 3089 1706 3122 in
1739 3089 1875 3122 meam
1906 3086 2136 3131 tropaeorum]

1266 3142 1388 3174 Rarior
1411 3149 1454 3174 ac
1475 3140 1652 3184 posterior
1666 3139 1724 3173 hic
1740 3137 1835 3182 apud
1850 3139 2027 3172 Romanos
2040 3145 2133 3171 mos.

1265 3192 1422 3225 Primum
1450 3190 1567 3224 inveni
1590 3188 1685 3233 apud
1707 3188 1845 3223 Sallust.
1870 3188 1958 3222 nist.
1982 3187 2038 3221 Fr.
2061 3187 2132 3221 inc.

1267 3241 1318 3274 68.
1346 3250 1389 3274 ex
1412 3241 1534 3275 Servio
1557 3240 1601 3274 ad
1625 3241 1711 3274 Aen.
1737 3239 1790 3280 44,
1815 3239 1853 3272 6:
1889 3237 2060 3279 pompatus
2079 3237 2134 3272 do-
2195 3262 2198 3264 -

1263 3291 1358 3324 victis
1392 3291 1550 3333 Hispanis
1586 3293 1728 3332 tropaea
1761 3289 1799 3322 in
1833 3287 2012 3329 Pyrenaeis
2045 3287 2135 3330 δασὺ

1264 3340 1441 3374 constituit.
1479 3341 1570 3374 Ann.
1596 3341 1649 3381 ⁴5,
1676 3339 1738 3373 ⁴8:
1773 3339 1897 3372 Romae
1924 3340 2064 3379 tropaea
2093 3337 2134 3370 de

1264 3390 1394 3423 Parthis
1422 3390 1631 3423 sistebantur.
1659 3407 1695 3414 -
1720 3387 1973 3430 subscriptis„
1987 3386 2150 3420 nonunt--

1265 3439 1334 3482 bus]
1363 3448 1509 3482 prorsus
1538 3441 1578 3473 ut
1599 3439 1635 3472 in
1657 3440 1803 3481 tropaeo
1824 3436 1964 3480 Alpium
1986 3436 2134 3479 Augusti

1265 3488 1359 3532 apud
1386 3488 1535 3523 Plinium
1564 3490 1604 3523 N.
1629 3489 1671 3523 Η.
1697 3487 1735 3530 3,
1771 3487 1792 3530 5
1816 3486 1879 3521 436
1913 3494 1968 3530 sq.
2008 3484 2134 3521 collato
