2254 3770
694 281 849 336 [mnu
878 291 944 336 v1.
975 281 1034 349 (v.
1080 287 1182 351 cap.
1211 284 1252 336 e.
1281 283 1322 337 ⁶⁷.
1352 293 1393 338 s.
1421 293 1477 351 9.)
1889 279 1974 334 πῆ

303 398 361 455 (V,
381 396 422 454 8)
451 396 645 442 Relatum
665 391 765 442 inde
786 397 841 442 de
861 397 905 442 P.
927 394 1091 443 Vitellio
1112 403 1155 442 et
1173 398 1409 457 Pomponio¹
1429 398 1643 444 Secundo.
1672 398 1791 442 illum
1810 397 1974 442 indices

189 471 424 531 arguebant
459 472 643 516 claustra
681 473 852 523 aerarii,
893 473 960 517 cui
997 473 1238 531 praefectus
1269 481 1376 524 erat,
1419 478 1462 518 et
1496 473 1722 518 militarem
1749 473 1976 532 pecuniam

190 547 318 592 rebus
356 547 478 591 novis
517 546 744 600 obtulisse3
784 547 884 592 huic
920 561 945 592 a
983 548 1204 599 Considio,
1244 555 1446 606 praetura
1481 549 1642 602 functo,
1683 546 1976 593 obiectabatur

187 621 291 668 Aelii
323 621 428 667 Galli
459 622 661 674 amicitia,
692 623 767 682 qui
795 623 944 681 punito
976 624 1132 667 Seiano
1162 623 1204 666 in
1235 623 1381 668 hortos
1410 625 1633 684 Pomponii
1664 624 1788 684 quasi
1818 617 1975 666 fidissi-

185 712 301 742 mum
332 697 386 741 ad
417 697 656 742 subsidium
686 698 954 757 perfugisset.
990 713 1131 757 neque
1161 698 1276 742 aliud
1306 699 1643 757 periclitantibus
1671 697 1814 744 auxilii
1844 709 2005 757 quams

186 775 228 817 in
256 773 431 817 fratrum
453 773 687 817 constantia
717 773 804 823 fuit,
835 773 909 832 qui
939 774 1072 818 vades
1103 774 1316 818 exstitere.
1347 788 1446 818 mox
1472 775 1637 820 crebris
1666 773 1974 833 prolationibus

185 862 306 907 spem
346 862 398 893 ac
432 855 594 892 metum
635 849 750 892 iuxta
786 855 984 906 gravatus
1019 848 1207 893 Vitellius
1245 850 1378 908 petito
1408 863 1486 908 per
1515 851 1707 908 speciem
1735 849 1974 894 studiorum

185 922 354 982 scalpro
391 923 531 967 levem
566 924 696 968 ictum
730 924 850 968 venis
880 923 1018 968 intulit
1045 925 1262 983 vitamque
1291 925 1557 982 aegritudine
1586 925 1714 969 animi
1743 925 1888 968 finivit.
1933 930 1976 967 at

184 998 463 1057 Pomponius,
502 999 633 1043 multa
669 1013 836 1043 morum
866 998 1075 1058 elegantia
1113 1007 1156 1044 et
1194 1000 1366 1058 ingenio
1402 1000 1583 1052 inlustri,
1616 1000 1718 1044 dum
1748 1000 1973 1044 adversam

185 1074 396 1119 fortunam
425 1087 591 1132 aequus
620 1073 784 1128 tolerat,
813 1074 983 1119 Tiberio
1013 1081 1235 1133 superstes
1264 1075 1352 1118 suit.

298 1151 355 1206 (V,
387 1150 427 1205 9)
456 1148 662 1194 Placitum
691 1149 870 1208 posthac
899 1157 945 1193 ut
980 1150 1022 1193 in
1059 1150 1250 1209 reliquos
1288 1150 1431 1194 Seiani
1470 1149 1630 1194 liberos
1666 1149 1973 1199 adverteretur,

187 1231 441 1269 vanescente
461 1239 722 1283 quamquam
753 1224 892 1283 plebis
921 1225 984 1269 ira
1014 1239 1064 1269 ac
1084 1225 1303 1284 plerisque
1323 1239 1404 1283 per
1422 1226 1567 1284 priora
1590 1225 1799 1284 supplicia
1821 1225 1975 1270 lenitis.

186 1301 312 1358 igitur
339 1307 562 1358 portantur
591 1300 632 1343 in
654 1314 885 1351 carcerem,
918 1300 1029 1344 filius
1060 1301 1367 1344 imminentium
1399 1301 1661 1358 intellegens,
1693 1300 1835 1359 puella
1864 1300 1974 1345 adeo

185 1375 331 1419 nescia
359 1381 407 1418 ut
425 1375 579 1419 crebro
609 1376 901 1434 interrogaret,
934 1376 1051 1435 quod
1073 1376 1128 1420 ob
1150 1376 1351 1421 delictum
1370 1383 1414 1421 et
1433 1390 1521 1435 quo
1544 1376 1801 1428 traheretur;
1831 1389 1974 1434 neque

186 1450 390 1495 facturam
421 1449 541 1502 ultra,
573 1457 616 1495 et
643 1465 774 1509 posse
803 1465 852 1496 se
881 1451 1034 1510 puerili
1054 1452 1236 1496 verbere
1256 1452 1435 1496 moneri.
1465 1452 1638 1496 tradunt
1656 1451 1860 1510 temporis
1881 1451 2024 1495 eius⁴5

185 1532 395 1575 auctores,
427 1526 530 1582 quia
558 1526 804 1570 triumvirali
835 1527 1045 1585 supplicio
1067 1527 1192 1572 adfici
1220 1527 1427 1585 virginem
1457 1527 1693 1571 inauditum
1722 1525 1972 1577 habebatur,

185 1615 210 1645 a
239 1600 439 1645 carnifice
467 1599 670 1660 laqueum
706 1603 819 1645 iuxta
851 1616 1150 1661 conpressam;
1189 1603 1302 1647 exim
1331 1602 1478 1647 oblisis
1517 1602 1711 1647 faucibus
1745 1602 1788 1645 id
1825 1601 1973 1646 aetatis

185 1683 368 1728 corpora
397 1670 440 1713 in
471 1671 698 1715 Gemonias
728 1672 906 1715 abiecta.

1987 1083 2025 1114 40

239 1759 282 1793 3.
307 1768 330 1792 a
353 1760 388 1793 C.
414 1760 567 1793 Considio
588 1761 781 1795 Wurmius.
808 1779 843 1785 —
871 1761 902 1795 4.
927 1761 1010 1795 Aelii
1032 1762 1187 1805 Lipsius:
1211 1761 1293 1795 uelii
1307 1762 1341 1795 M
1360 1779 1397 1785 —
1422 1762 1455 1795 5.
1474 1761 1747 1804 perfuyuissetM
1765 1778 1799 1784 —
1821 1761 1873 1793 45.
1889 1769 1974 1802 pue—

182 1808 467 1848 rilimolluerbere
490 1809 635 1852 (syllaba
650 1820 705 1844 mo
720 1813 858 1853 punctis
881 1812 1010 1854 notata)
1034 1814 1078 1847 M.

184 1886 265 1911 rore
290 1878 448 1919 Quintum
468 1880 576 1912 vocat
603 1889 668 1922 pro
691 1880 813 1913 Publio.
842 1899 878 1904 —
911 1882 1052 1922 aerarii,

183 1927 238 1960 cui
265 1928 452 1969 praefectus
480 1932 574 1969 erat,
604 1933 635 1961 et
656 1930 838 1963 militarem
862 1931 1051 1973 pecuniam]

148 1986 153 1990 ·
183 1978 235 2011 De
258 1977 398 2010 militari
428 1980 565 2011 aerario
590 1980 737 2021 eiusque
761 1981 948 2022 praefectis
972 1982 1053 2014 vide

183 2028 227 2061 ad
252 2029 284 2066 4,
309 2028 363 2061 78.
392 2047 428 2052 —
451 2029 534 2061 Aelii
557 2030 656 2071 Galli]
683 2031 782 2063 Hunc
804 2031 919 2064 Seiani
944 2030 1053 2063 filium

184 2080 268 2112 natu
292 2079 487 2111 maximum
510 2079 618 2112 fuisse
639 2079 828 2113 arbitratur
843 2081 1054 2122 Borghesius

183 2128 299 2171 (sopra
329 2137 400 2160 una
442 2129 615 2162 iscrizione
648 2130 699 2162 del
730 2131 843 2163 Museo
878 2131 1055 2171 Campana

183 2187 219 2221 p.
239 2178 303 2219 40).
329 2178 475 2211 Seianus
499 2180 594 2212 enim
610 2178 798 2221 adoptatus
819 2189 898 2213 esse
915 2180 1055 2213 videtur

184 2227 230 2260 ab
254 2226 350 2260 Aelio
375 2227 487 2265 Gallo,
520 2230 638 2270 equite
663 2231 837 2269 Romano,
875 2230 1053 2272 praefecto

184 2278 332 2320 Aegypti
356 2286 388 2310 a.
414 2287 448 2310 u.
470 2278 533 2311 730
558 2279 632 2318 (Dio
655 2280 709 2319 53,
734 2280 800 2319 29).
827 2279 877 2313 Cf.
904 2280 935 2320 4,
963 2282 993 2312 4.
1019 2281 1051 2320 6,

185 2328 238 2360 30.
261 2346 297 2351 —
322 2327 512 2370 subsidium]
536 2329 625 2361 Vide
646 2329 691 2362 ad
708 2329 740 2369 4,
759 2330 811 2362 67.
834 2348 868 2352 —
893 2330 1052 2372 fratrum]

185 2380 222 2411 P.
248 2376 383 2411 Vitellio
406 2378 532 2412 fratres
555 2382 657 2412 erant
678 2379 805 2418 Aulus,
833 2379 956 2413 consul
980 2381 1053 2414 suf-

186 2427 299 2460 fectus
329 2436 371 2460 ex
403 2427 476 2460 Kal.
502 2428 596 2462 Iuliis
626 2438 657 2461 a.
683 2439 718 2462 u.
744 2430 819 2469 785,
853 2432 890 2462 et
911 2431 1051 2470 Lucius,

186 2476 308 2510 consul
339 2486 371 2509 a.
396 2486 432 2511 u.
457 2478 520 2511 787
553 2479 602 2520 (6,
628 2479 693 2520 28).
731 2480 897 2519 Quintum
927 2483 1053 2514 senatu

187 2529 347 2560 moverat
369 2527 529 2561 Tiberius
551 2529 621 2561 iam
643 2538 675 2561 a.
700 2539 738 2562 u.
762 2530 826 2562 779
850 2529 895 2571 (ἓ,
914 2530 980 2570 48).
1013 2533 1050 2564 P.

185 2578 368 2620 Pomponii
392 2578 500 2611 frater
522 2580 598 2611 erat
621 2580 661 2618 Q.
681 2581 894 2621 Pomponius
918 2581 1054 2614 Secun-

185 2627 271 2666 dus,
297 2627 418 2661 consul
441 2628 612 2661 suffectus
634 2637 666 2661 a.
692 2638 728 2661 u.
754 2629 828 2662 794.
861 2629 912 2662 Cf.
938 2630 970 2668 6,
997 2630 1049 2663 48.

187 2695 224 2701 -
242 2686 331 2718 spem
353 2687 395 2710 ac
415 2682 538 2710 metum
558 2679 660 2711 iuoeta
677 2683 841 2720 qravatus
857 2680 939 2720 cet]
964 2680 1053 2712 Sue-

184 2728 301 2761 tonius
317 2726 428 2760 Vitell.
447 2729 484 2760 2:
509 2728 640 2760 Publius
662 2728 840 2770 (Vitellius)
859 2733 935 2770 post
951 2739 1054 2770 prae-

184 2781 282 2810 turae
310 2778 468 2810 honorem
488 2779 575 2810 inter
596 2779 711 2811 Seiani
732 2780 877 2811 conscios
898 2783 1054 2820 arreptus

184 2831 215 2860 et
244 2828 280 2859 in
308 2828 491 2860 custodiam
515 2828 618 2869 fratri
641 2829 738 2861 datus
760 2829 890 2870 scalpro
913 2829 1053 2862 librario

183 2886 285 2909 venas
313 2877 373 2909 sibi
402 2878 517 2910 incidit
539 2887 598 2910 uec
619 2882 689 2910 tam
710 2879 827 2910 mortis
845 2880 1053 2919 paenitentia

185 2935 289 2969 quam
316 2936 453 2959 sitorum
475 2927 686 2960 obtestatione
707 2928 850 2970 obligari
871 2930 1053 2972 curarique

184 2985 218 3009 se
236 2985 357 3017 passus
377 2978 413 3008 in
434 2978 548 3010 eadem
570 2978 719 3010 custodia
740 2978 855 3010 morbo
875 2979 986 3018 periit.
1013 2996 1049 3001 —

182 3035 245 3067 per
266 3027 404 3067 &eciem
425 3027 624 3067 studiorum]
654 3028 787 3059 Doctus
810 3028 906 3060 enim
933 3027 995 3060 fuit
1017 3030 1054 3060 et

186 3076 316 3118 scripta
347 3075 498 3117 reliquit.
534 3075 675 3108 Tertull.
708 3076 753 3108 de
783 3078 900 3108 anima
933 3086 964 3109 c.
990 3077 1051 3110 46:

185 3127 222 3159 in
239 3126 356 3158 Vitellii
378 3126 622 3158 commentariis
643 3126 810 3158 conditum
824 3130 882 3158 est.
909 3127 994 3158 Lirs.
1013 3144 1050 3150 -

185 3185 316 3208 morum
349 3175 533 3218 elegantia]
568 3175 785 3207 humanitate
819 3176 936 3208 iuncta
971 3185 1052 3209 cum

187 3225 402 3266 integritate,
439 3226 478 3256 ut
502 3224 555 3263 ⁴4,
582 3224 622 3256 49
652 3224 818 3266 eleqantia
838 3225 927 3257 vitae
949 3225 983 3257 in
1006 3225 1051 3258 M.

187 3274 331 3307 Servilio
365 3275 601 3317 praedicatur.
637 3274 693 3306 Sic
723 3274 847 3306 Cicero
883 3275 917 3306 in
948 3275 1052 3307 Bruto

188 3323 209 3364 8
223 3324 288 3357 295
311 3324 425 3357 Laelio
449 3323 570 3356 tribuit
582 3323 688 3355 vitam
703 3323 991 3364 elegantissimam.
1013 3341 1049 3347 —-

187 3372 316 3414 inuenio
331 3374 474 3415 inlustri]
496 3374 647 3415 scriptor
664 3373 940 3414 tragoediarum,
966 3372 1050 3406 Plin.

189 3421 275 3464 Epp.
299 3423 332 3464 7,
357 3424 410 3458 47.
445 3422 574 3457 Plinius
601 3423 720 3456 senior
750 3422 826 3464 (qui
855 3424 891 3456 et
913 3422 958 3456 de
981 3424 1050 3456 vita

1104 1813 1193 1846 Fort.
1213 1813 1339 1854 puerili
1359 1813 1457 1845 modo
1477 1812 1623 1845 verbere.
1651 1829 1687 1835 —
1711 1811 1853 1844 nicaei-it
1875 1812 1920 1844 Μ.

1102 1882 1284 1924 Pomponii
1301 1880 1455 1914 Secundi
1470 1881 1611 1923 scripsit
1625 1879 1734 1913 libros
1749 1880 1856 1920 duos,
1881 1881 1972 1913 teste

1103 1930 1210 1964 Plinio
1234 1931 1321 1973 Epp.
1339 1931 1372 1972 3,
1390 1930 1435 1972 5.)
1460 1932 1499 1964 N.
1522 1931 1563 1963 H.
1583 1930 1624 1963 43
1647 1930 1668 1972 5
1684 1930 1726 1963 83
1751 1930 1806 1972 (cf.
1826 1929 1866 1962 44
1882 1930 1902 1971 S
1918 1930 1971 1970 56)

1103 1989 1186 2014 eum
1209 1982 1315 2014 vocat
1334 1984 1447 2013 vatem
1467 1981 1637 2021 civemque
1657 1980 1891 2012 clarissimum.
1919 1979 1970 2012 Cf.

1104 2031 1157 2072 44,
1183 2031 1238 2063 43.
1263 2031 1317 2071 42,
1342 2031 1396 2064 28.
1429 2029 1516 2063 Dial.
1543 2030 1587 2063 de
1612 2030 1669 2063 Or.
1696 2030 1748 2062 43.
1780 2029 1920 2070 Quintil.
1938 2029 1970 2069 8,

1102 2081 1135 2120 3,
1160 2081 1214 2114 34.
1240 2082 1294 2120 40,
1321 2082 1352 2121 4,
1378 2082 1432 2114 98.

1147 2131 1178 2163 9.
1202 2131 1349 2173 reliquos
1370 2131 1406 2163 S.
1431 2130 1559 2173 liberos]
1587 2132 1731 2173 praeter
1753 2132 1837 2164 natu
1860 2131 1973 2163 maxi-

1103 2190 1214 2214 mum.
1239 2181 1325 2214 Tres
1341 2181 1437 2214 enim
1453 2181 1600 2214 Seianus
1616 2189 1660 2213 ex
1675 2181 1819 2223 Apicata
1842 2179 1972 2214 liberos

1103 2232 1274 2272 genuerat
1298 2230 1341 2271 (4,
1367 2231 1411 2272 3).
1438 2248 1474 2254 —
1506 2230 1637 2272 puella]
1668 2229 1723 2263 illa
1747 2231 1841 2272 ipsa,
1880 2240 1971 2273 quae

1102 2289 1234 2322 sponsa
1251 2279 1385 2313 Claudii
1409 2279 1499 2317 filio;
1525 2282 1564 2312 ut
1578 2280 1636 2313 hic
1652 2281 1750 2313 notat
1765 2280 1828 2313 Dio
1843 2280 1896 2319 58,
1917 2281 1970 2313 44.

1102 2331 1188 2363 st.
1216 2330 1266 2363 Cf.
1293 2331 1325 2370 3,
1350 2331 1404 2363 29.
1430 2330 1463 2368 4,
1489 2331 1520 2363 7.
1541 2347 1576 2353 -
1602 2330 1735 2362 verbere
1755 2331 1892 2371 moneri]
1918 2330 1969 2364 Cf.

1103 2381 1246 2413 Sueton.
1266 2381 1344 2413 Oth.
1362 2381 1401 2412 2:
1427 2380 1602 2422 obiurgari
1618 2381 1747 2423 slaqris.
1774 2379 1845 2422 Ulp.
1867 2381 1918 2413 Fr.
1936 2381 1970 2414 7.

1103 2429 1147 2462 de
1171 2439 1275 2472 poen.
1301 2430 1355 2469 48,
1381 2430 1439 2462 ⁴9:
1472 2430 1610 2471 fustium
1632 2430 1830 2470 admonitio,
1853 2429 1972 2472 βαρει-

1101 2479 1210 2512 lorum
1242 2481 1437 2522 castiqatio‚
1471 2480 1679 2512 vinculorum
1705 2480 1901 2513 verberatio.
1933 2497 1968 2503 —-

1102 2530 1309 2562 triumvirali
1344 2530 1524 2570 supplicio]
1557 2530 1772 2572 Pomponius
1800 2530 1845 2562 de
1876 2530 1968 2571 Orig.

1102 2579 1186 2611 iuris
1210 2579 1229 2620 ἓ
1253 2580 1314 2612 30:
1353 2581 1523 2612 triumviri
1545 2580 1721 2620 capitales,
1748 2580 1806 2620 qui
1827 2580 1973 2611 carceris

1101 2630 1286 2662 custodiam
1318 2630 1499 2670 habebant,
1541 2634 1597 2670 ut,
1640 2639 1715 2662 cum
1748 2631 1972 2662 animadverti

1101 2682 1284 2720 oporteret,
1307 2680 1495 2712 interventu
1515 2688 1630 2712 eorum
1649 2681 1753 2722 fieret.
1782 2681 1840 2712 Ius
1864 2681 1969 2712 etiam

1102 2728 1284 2762 habebant
1307 2738 1479 2771 nequam,
1506 2729 1701 2769 mendicos,
1723 2728 1809 2763 alios
1827 2729 1967 2762 infimae

1101 2780 1206 2812 sortis
1229 2779 1391 2812 homines
1415 2787 1457 2812 ac
1480 2788 1604 2812 servos
1621 2779 1806 2822 puniendi,
1832 2780 1891 2821 qui
1909 2787 1970 2820 pu-

1102 2827 1192 2861 blica
1209 2827 1381 2860 maleficia
1398 2829 1661 2862 commiserant.
1689 2829 1740 2862 Cf.
1760 2829 1842 2861 Hor.
1857 2828 1967 2870 Epod.

1101 2878 1134 2917 4,
1161 2879 1196 2910 44
1214 2887 1221 2908 :
1246 2878 1360 2910 Sectus
1379 2879 1520 2920 flagellis
1541 2878 1594 2911 hic
1615 2878 1888 2911 triumviralibus.
1915 2877 1967 2910 Cf.

1102 2930 1139 2960 P.
1155 2926 1256 2960 Fabri
1271 2928 1502 2960 Semestrium
1525 2929 1560 2961 L.
1577 2929 1625 2969 11,
1650 2937 1683 2971 p.
1703 2929 1760 2961 42⁴
1783 2928 1838 2960 ed.
1858 2928 1967 2961 Paris.

1103 2977 1198 3009 ⁴575.
1225 2994 1261 2999 —
1294 2986 1318 3008 a
1339 2978 1793 3019 camiflce--conpressamJ
1825 2978 1966 3010 Sueton.

1102 3026 1176 3058 Tib.
1198 3026 1257 3058 6⁴:
1283 3027 1488 3059 Immaturae
1506 3028 1653 3068 puellae,
1679 3029 1759 3068 quia
1780 3035 1871 3059 more
1893 3030 1969 3058 tra-

1103 3077 1171 3108 dito
1192 3076 1286 3117 nefas
1306 3080 1386 3109 esset
1406 3077 1552 3119 virgines
1575 3077 1799 3119 strangulari,
1831 3077 1970 3110 vitiatae

1098 3126 1195 3166 prius
1216 3135 1240 3157 a
1260 3127 1434 3168 carnifice,
1460 3128 1534 3159 dein
1557 3127 1800 3168 strangulatae.
1825 3126 1889 3158 Dio
1911 3126 1966 3167 58,

1104 3175 1138 3206 44
1157 3184 1164 3205 ;
1190 3171 1237 3206 τὰ
1260 3174 1393 3208 παιδία
1415 3171 1536 3209 αὐτοῦ
1561 3176 1697 3218 (Seiani)
1722 3172 1819 3207 κατὰ
1841 3172 1968 3219 δόγμα

1102 3220 1284 3266 ἀπέθανε,
1309 3224 1379 3267 τῆς
1393 3223 1532 3272 κόρης,
1559 3223 1607 3268 ἢν
1621 3223 1673 3267 τῷ
1689 3222 1758 3258 τοῦ
1775 3223 1966 3259 Κλαυδίου

1103 3273 1178 3306 υἱεῖ
1191 3273 1422 3319 ἐγγεγυήκει,
1438 3273 1791 3321 προδιαφθαρείσης
1807 3270 1883 3307 ὑπὸ
1897 3274 1966 3308 τοῦ

1101 3321 1241 3366 δημίου
1253 3349 1262 3365 ,
1287 3322 1339 3366 ὥς
1355 3321 1428 3364 οὐχ
1445 3322 1556 3357 ὅσιον
1573 3320 1618 3356 ὂν
1634 3324 1967 3370 παρθενευομένην

1101 3371 1186 3407 τινὰ
1208 3374 1249 3407 ἐν
1271 3374 1323 3419 τῷ
1339 3374 1584 3420 δεσμωτηρίῳ
1599 3371 1824 3408 ἀπολέσθω.
1849 3375 1963 3408 Schol.

1099 3424 1254 3458 luvenal.
1280 3426 1333 3466 40,
1358 3426 1416 3458 63:
1446 3432 1510 3466 per
1537 3424 1683 3458 consules
1712 3425 1891 3459 damnatus
1919 3429 1967 3460 est
