2254 3770
718 252 872 296 LIBER
901 252 965 296 lV.
1023 251 1125 308 Cap.
1155 251 1221 294 37.
1252 251 1320 294 38.
1350 251 1418 295 39.
1888 249 1970 308 233

188 366 367 404 stantem
395 359 438 402 in
469 358 683 416 periculis,
715 357 998 402 offensionum
1027 371 1106 415 pro
1135 357 1312 401 utilitate
1342 357 1512 416 publica
1541 371 1626 401 non
1657 357 1858 415 pavidum
1878 370 1972 400 cre-

187 435 299 486 dant.
343 434 450 478 haec
487 433 588 476 mihi
627 434 670 476 in
705 433 856 476 animis
887 432 1038 476 vestris
1069 431 1245 490 templa,
1286 432 1365 476 hae
1397 432 1708 490 pulcherrimae
1738 431 1900 488 effigies
1931 439 1973 475 et

186 522 423 554 mansurae.
465 522 561 552 nam
592 521 702 565 quae
734 521 836 551 saxo
867 514 1105 566 struuntur,
1149 507 1185 550 si
1224 507 1427 551 iudicium
1457 514 1724 566 posterorum
1754 507 1797 549 in
1826 506 1971 550 odium

185 585 320 632 vertit.
352 598 430 642 pro
460 582 698 641 sepulchris
719 589 988 640 spernuntur.
1033 582 1212 640 proinde
1233 582 1375 626 socios
1397 583 1513 626 cives
1535 589 1577 626 et
1596 582 1703 626 deos
1732 582 1850 639 ipsos
1874 596 1972 639 pre-

186 674 271 711 cor,
303 659 381 702 hos
410 665 456 702 ut
484 657 586 701 mibi
615 657 670 700 ad
698 658 829 701 finem
858 671 997 715 usque
1026 658 1137 701 vitae
1167 657 1356 715 quietam
1385 664 1427 700 et
1458 657 1770 715 intellegentem
1802 656 2009 705 humanis

186 723 402 792 divinique
425 733 530 776 iuris
554 739 738 776 mentem
758 732 888 781 duint,
921 732 1015 775 illos
1045 739 1102 783 ut,
1134 732 1395 790 quandoque
1416 746 1688 783 concessero,
1719 746 1817 776 cum
1845 731 1971 774 laude

187 816 229 854 et
258 809 380 853 bonis
409 807 775 852 recordationibus
807 807 914 851 sacta
943 814 1071 865 atque
1102 807 1253 850 famam
1291 807 1472 850 nominis
1505 807 1586 850 mei
1617 812 1968 865 prosequantur.»

188 885 456 943 perstititque
486 881 664 941 posthac
685 883 862 926 secretis
883 883 1011 926 etiam
1037 881 1307 926 sermonibus
1326 883 1544 940 aspernari
1568 882 1696 926 talem
1712 882 1778 925 sui
1800 881 1972 925 cultum.

127 967 130 970 '
187 959 303 1019 quod
337 959 406 1002 alii
435 958 707 1007 modestiam,
749 957 885 1007 multi,
919 957 1020 1015 quia
1049 956 1275 1007 diffideret,
1309 957 1481 1015 quidam
1513 964 1558 1000 ut
1588 957 1817 1014 degeneris
1846 957 1973 999 animi

190 1034 582 1092 interpretabantur.
630 1040 828 1090 optumos
849 1033 1008 1091 quippe
1037 1032 1278 1076 mortalium
1297 1032 1502 1076 altissima
1521 1046 1698 1090 cupere:
1731 1032 1793 1076 sic
1813 1033 1975 1076 Hercu-
1989 1045 2025 1074 io

187 1110 272 1153 lem
296 1117 338 1154 et
366 1109 568 1152 Liberum
596 1107 711 1166 apud
733 1108 931 1158 Graecos,
963 1108 1185 1160 Quirinum
1210 1107 1322 1165 apud
1344 1122 1423 1151 nos
1444 1107 1572 1151 deum
1595 1121 1772 1150 numero
1794 1107 1973 1150 additos.

186 1184 338 1228 melius
367 1185 612 1241 Augustum.
638 1183 712 1241 qui
743 1183 990 1241 speraverit.
1029 1190 1172 1227 cetera
1192 1182 1455 1240 principibus
1476 1183 1616 1226 statim
1636 1182 1812 1226 adesse:
1845 1197 1974 1225 unum

186 1258 478 1303 insatiabiliter
506 1257 764 1316 parandum:
796 1272 1047 1316 prosperam
1069 1258 1135 1301 sui
1155 1258 1418 1302 memoriam.
1452 1272 1549 1302 nam
1569 1264 1815 1316 contemptu
1839 1257 1974 1300 famae

190 1334 400 1379 contemni
430 1334 618 1377 virtutes.

301 1410 382 1466 (39)
414 1410 463 1452 At
493 1409 672 1452 Seianus
712 1409 840 1451 nimia
879 1408 1044 1452 fortuna
1073 1421 1222 1451 socors
1252 1414 1295 1451 et
1332 1407 1529 1451 muliebri
1568 1409 1746 1466 insuper
1775 1407 1974 1465 cupidine
1990 1420 2026 1449 ⁴5

187 1485 399 1533 incensuS‚
431 1485 688 1542 promissum
709 1483 1023 1527 matrimonium
1043 1482 1255 1540 flagitante
1275 1483 1404 1531 Livia',
1434 1484 1650 1541 componit
1670 1483 1723 1526 ad
1746 1483 1976 1527 Caesarem

188 1555 429 1604 codicillos:
471 1559 602 1602 moris
632 1559 791 1617 quippe
823 1565 910 1601 tum
941 1566 1031 1601 erat
1060 1571 1319 1616 quamquam
1349 1565 1620 1616 praesentem
1651 1558 1809 1616 scripto
1840 1557 1974 1601 adire.

189 1635 282 1678 eius
312 1633 407 1677 talis
438 1634 571 1677 forma
600 1634 695 1677 fuit:
728 1632 1013 1676 benivolentia
1042 1634 1173 1690 patris
1203 1634 1376 1690 Augusti
1407 1641 1449 1676 et
1477 1647 1578 1676 mox
1607 1633 1796 1691 plurimis
1822 1632 1974 1676 Tiberii

191 1710 360 1753 iudiciis
390 1709 446 1752 ita
476 1709 726 1758 insuevisse,
765 1716 809 1752 ut
838 1722 938 1766 spes
970 1714 1151 1766 votaque
1182 1722 1260 1751 sua
1289 1722 1372 1751 non
1403 1708 1520 1766 prius
1550 1709 1603 1751 ad
1635 1708 1740 1752 deos
1761 1721 1891 1766 quam
1920 1707 1973 1750 ad

190 1785 428 1843 principum
450 1798 577 1827 aures
598 1784 820 1828 conferret.
856 1797 997 1841 neque
1026 1783 1231 1840 fulgorem
1263 1783 1470 1826 bonorum
1502 1797 1705 1841 umquam
1735 1789 2025 1840 precatum120

191 1860 394 1903 excubias
423 1873 474 1903 ac
504 1859 688 1911 labores,
730 1866 775 1901 ut
805 1873 936 1903 unum
964 1872 988 1901 e
1019 1857 1240 1909 militibus,
1281 1872 1358 1916 pro
1390 1858 1675 1901 incolumitate
1706 1858 1974 1916 imperatoris

191 1934 326 1978 malle.
372 1948 423 1977 ac
452 1941 593 1977 tamen
622 1933 737 1991 quod
769 1933 1102 1991 pulcherrimum
1131 1932 1344 1990 adeptum,
1378 1940 1423 1976 ut
1452 1933 1748 1976 coniunctione
1780 1933 1974 1977 Caesaris

189 2010 342 2067 dignus
363 2010 622 2053 crederetur.
666 2008 764 2051 hinc
794 2009 956 2051 initium
986 2008 1092 2066 spei.
1137 2014 1179 2051 et
1208 2009 1411 2066 quoniam
1440 2008 1649 2051 audiverit
1669 2011 1901 2065 Augustum
1934 2008 1973 2050 in

190 2084 453 2128 conlocanda
483 2084 567 2127 filia
597 2084 784 2127 nonnihil
816 2084 942 2127 etiam
973 2083 1028 2126 de
1059 2083 1276 2141 equitibus
1306 2083 1507 2127 Romanis
1537 2082 1864 2133 consultavisse,
1906 2074 1972 2132 ita,

254 2230 286 2263 3.
309 2230 529 2270 posteriorum
553 2230 584 2262 M
610 2247 652 2252 —
683 2229 714 2262 14.
741 2233 771 2261 et
801 2230 875 2261 deos
902 2230 990 2270 ipsos
1018 2229 1188 2262 Pichena:
1223 2232 1254 2261 et
1282 2229 1356 2261 deos
1381 2232 1412 2260 et
1434 2229 1508 2260 deos
1529 2229 1615 2269 ipsos
1638 2238 1690 2271 pr.
1715 2230 1766 2266 M;
1796 2231 1827 2261 et
1849 2230 1924 2261 deos
1946 2232 1977 2260 et

189 2288 267 2319 deas
288 2287 377 2327 ipsas
399 2295 491 2319 corr.
517 2287 550 2319 M
574 2303 608 2308 —
637 2286 688 2318 40.
714 2286 1045 2326 interpraetabantur
1068 2287 1100 2318 M
1130 2305 1162 2309 —
1194 2286 1246 2318 Η.
1271 2294 1385 2327 grecos
1407 2286 1439 2318 M
1465 2303 1501 2308 -
1529 2287 1582 2318 ⁴2.
1607 2285 1730 2327 statim]
1755 2286 1886 2326 affatim
1908 2294 1973 2317 vo-

190 2342 287 2375 lebat
309 2343 474 2375 Muretus.
508 2342 638 2373 Verum
663 2343 760 2374 recte
784 2341 961 2375 Walther:
996 2341 1129 2374 «Simul
1162 2350 1243 2374 cum
1275 2341 1488 2383 principatu,
1523 2342 1561 2372 ut
1591 2350 1659 2373 non
1683 2341 1837 2373 debeant
1860 2342 1975 2383 parari

191 2400 227 2431 et
249 2399 479 2440 exspectarim
508 2416 543 2421 —
575 2399 629 2430 20.
652 2397 804 2439 principe
830 2399 861 2430 M
886 2399 938 2439 (in
963 2399 1120 2439 margine
1142 2396 1183 2438 ὖ)
1211 2414 1246 2420 -
1274 2396 1410 2437 siculum
1432 2398 1464 2429 M
1492 2415 1525 2419 -—
1551 2397 1605 2428 24.
1630 2398 1842 2430 incolimilate
1864 2406 1916 2438 pr.
1942 2397 1975 2429 M

194 2473 230 2478 -
255 2455 310 2486 22.
334 2458 485 2486 actamen
509 2455 561 2486 M:
587 2458 734 2487 attamen
756 2454 872 2496 vulgo.
898 2473 942 2478 —
965 2465 1029 2495 quo
1052 2456 1096 2487 M.

191 2583 328 2617 Anthol.
356 2583 460 2617 Palat.
487 2586 527 2623 5,
552 2585 607 2624 24,
633 2585 671 2616 6:
704 2581 757 2625 ὥς
779 2583 819 2618 δὲ
842 2582 967 2625 τάφον
990 2584 1057 2618 νῦν

1109 2586 1169 2617 ⁴7:
1205 2584 1364 2629 Λέγεται
1400 2583 1440 2617 δὲ
1474 2585 1538 2617 καὶ
1574 2582 1619 2617 τὸ
1649 2581 1710 2617 διὰ
1740 2582 1974 2630 γραιιιιάτων

191 2644 235 2666 σε
263 2632 547 2680 παρερχόμεθα.
584 2653 621 2657 -
657 2635 769 2676 duint]
801 2645 866 2677 pro
897 2637 990 2675 dent,
1022 2636 1057 2667 in

1108 2639 1189 2675 τοῖς
1211 2634 1340 2676 φίλοις
1364 2632 1511 2677 ὁμιλεῖν
1527 2635 1705 2681 Καίσαρα
1728 2633 1875 2692 πρῶτον
1897 2645 1974 2676 μη-

191 2693 337 2725 precum
354 2683 511 2716 formulis
523 2710 530 2723 ,
555 2687 594 2717 ut
611 2685 644 2717 in
662 2685 970 2727 imprecationibus
981 2695 1059 2726 per—

190 2734 296 2766 duint.
325 2751 360 2756 —
389 2735 594 2775 concessero]
622 2735 707 2774 vita,
742 2736 782 2767 ut
805 2737 858 2767 est
883 2737 912 2774 ⁴,
938 2735 969 2767 3.
997 2736 1055 2773 ⁴2,

192 2783 245 2815 39.
267 2799 301 2806 -
322 2783 418 2815 deum
440 2792 577 2816 numero
601 2784 746 2825 additos]
773 2784 899 2825 Vergil.
918 2787 1004 2817 Aen.
1023 2784 1055 2824 8,

190 2832 272 2864 304;
311 2832 426 2872 Salve,
457 2841 539 2865 vera
559 2834 647 2865 Iovis
663 2834 793 2874 proles,
829 2835 926 2866 decus
948 2835 1059 2866 addite

191 2882 286 2913 divis.
314 2898 348 2903 —
376 2883 432 2921 qui
455 2883 655 2924 speraverit]
689 2884 767 2924 lpse
799 2884 832 2916 in
861 2883 984 2916 litteris
1012 2883 1056 2915 ad

191 2930 368 2962 Tiberium
392 2933 550 2973 scripsit:
582 2933 776 2973 Benignitas
805 2934 891 2965 enim
913 2942 986 2965 mea
1007 2942 1058 2965 me

191 2980 235 3012 ad
264 2980 432 3012 caelestem
463 2981 610 3022 gloriam
643 2983 751 3023 efferet
784 2983 942 3023 (Sueton.
969 2984 1054 3023 Aug.

191 3031 257 3070 Ἡ).
280 3048 312 3052 -
338 3029 460 3071 statim]
485 3030 567 3062 inde
591 3031 635 3063 ab
659 3033 735 3073 ipso
761 3032 974 3073 principatus
992 3032 1057 3064 ini—-

193 3080 257 3116 tio,
283 3079 328 3110 ita
353 3081 390 3111 ut
412 3081 525 3120 parari
550 3090 620 3113 non
643 3082 712 3112 iam
737 3081 902 3114 debeant.

235 3128 288 3160 39.
313 3130 420 3160 nimia
439 3129 463 3168 f.
486 3130 606 3171 socors]
632 3132 776 3172 propter
798 3132 939 3163 nimiam
966 3130 1058 3162 fidu-

194 3177 301 3216 ciam,
327 3187 431 3219 quam
458 3179 490 3210 in
510 3179 644 3211 fortuna
663 3189 723 3212 sua
743 3182 926 3221 posuerat,
952 3189 1057 3222 pror-

194 3234 254 3258 sus
287 3227 464 3266 incautus,
501 3229 618 3260 animo
654 3232 872 3261 occaecatus.
913 3230 1054 3261 Sueton.

195 3274 315 3309 Claud.
341 3277 379 3308 3:
404 3277 569 3318 Antonia,
594 3279 621 3310 si
637 3287 732 3318 quem
746 3279 915 3310 socordiae
931 3287 1057 3319 arque-

194 3327 263 3364 ret,
296 3327 480 3359 stultiorem
512 3328 621 3360 aiebat
649 3329 719 3369 filio
747 3337 805 3359 suo
839 3328 987 3360 Claudio.
1014 3346 1056 3351 —

195 3374 296 3406 moris
316 3377 433 3417 quippe
449 3379 520 3409 tum
535 3382 607 3410 erac
623 3378 704 3419 cet.]
730 3376 934 3410 Plutarchus
954 3378 1053 3410 Caes.

1107 2684 1380 2727 χαιήσασθαι,
1404 2682 1484 2728 τὴν
1498 2682 1596 2717 κατὰ
1619 2683 1827 2731 πρόσωπον
1849 2695 1888 2717 ει
1891 2694 1974 2716 τευ-

1107 2733 1165 2776 ξιν
1190 2732 1284 2781 ὑπὲρ
1306 2734 1381 2768 τῶν
1404 2735 1467 2768 ἐπε
1452 2733 1631 2779 ειγόντων
1662 2735 1729 2769 τοῦ
1754 2734 1888 2781 καιροῦ
1911 2732 1974 2767 διά

1108 2795 1147 2817 τε
1177 2784 1325 2828 πλῆθος
1351 2783 1547 2824 ἀσχολιῶν
1574 2787 1639 2818 καὶ
1671 2785 1739 2829 τῆς
1762 2783 1906 2826 πόλεως
1928 2782 1972 2817 τὸ

1106 2835 1268 2878 μέγεθος
1297 2833 1352 2878 μὴ
1385 2837 1666 2881 περιμένοντος.
1708 2838 1851 2869 Sueton.
1885 2839 1969 2875 Aug.

1107 2886 1167 2918 84:
1200 2895 1363 2918 sermones
1392 2895 1468 2918 cum
1496 2887 1636 2927 sinyulis
1657 2890 1757 2927 atque
1778 2887 1878 2918 etiam
1899 2894 1975 2916 cum

1107 2936 1204 2967 Livia
1226 2944 1289 2966 sua
1303 2937 1478 2976 9raviores
1491 2937 1623 2968 nonnisi
1638 2937 1778 2977 scriptos
1793 2939 1854 2967 ete
1868 2935 1974 2966 libello

1107 2984 1263 3024 habebat,
1288 2994 1329 3016 ne
1345 2985 1423 3024 plus
1444 2986 1593 3017 minusve
1615 2986 1804 3026 loqueretur
1826 2994 1869 3016 ea:
1891 2988 1973 3015 tem-

1106 3043 1197 3074 pore.
1227 3051 1260 3056 -—
1286 3035 1432 3075 iudiciis]
1456 3034 1665 3068 honorificis.
1696 3034 1779 3067 Plin.
1806 3035 1891 3075 Epp.
1918 3034 1978 3071 ⁴0,

1108 3083 1140 3121 3,
1159 3083 1198 3114 6:
1223 3091 1306 3124 royo
1329 3092 1423 3124 erqo,
1450 3084 1595 3124 domine,
1619 3088 1656 3115 ut
1666 3087 1832 3125 praestes,
1856 3086 1973 3114 utnon

1107 3133 1142 3164 in
1175 3141 1226 3163 me
1259 3135 1409 3172 tantum,
1446 3142 1560 3165 verum
1593 3137 1624 3166 et
1646 3134 1681 3164 in
1703 3133 1809 3165 amico
1830 3132 1973 3173 =qloriari

1106 3182 1239 3214 iudiciis
1261 3183 1328 3214 tuis
1343 3183 1478 3222 possim.
1502 3201 1537 3205 —
1565 3184 1789 3214 coniunctione
1809 3181 1972 3221 Caesaris]

1109 3229 1176 3262 tilia
1205 3231 1280 3263 eius
1305 3230 1436 3263 Claudii
1465 3231 1534 3264 tilio
1557 3232 1745 3272 desponsa.
1783 3230 1832 3263 Cf.
1858 3231 1890 3269 3,
1915 3231 1968 3264 29.

1108 3280 1146 3318 4,
1165 3280 1196 3312 7.
1218 3298 1254 3303 —
1280 3282 1318 3312 de
1339 3281 1501 3321 equitibus
1524 3280 1687 3321 Romanis]
1716 3281 1857 3313 sueton.
1882 3282 1968 3322 Aug.

1108 3328 1167 3360 63:
1203 3330 1350 3371 Agrippa
1383 3331 1553 3371 defuncto,
1588 3329 1701 3361 multis
1730 3338 1772 3361 ac
1794 3330 1852 3361 diu
1873 3331 1971 3362 etiam

1107 3387 1150 3410 ex
1168 3381 1310 3419 equestri
1326 3380 1440 3412 ordine
1455 3380 1698 3419 circumspectis
1712 3379 1969 3419 condicionibus,
