2254 3770
438 220 484 264 P.
506 217 756 263 CORNELII
783 215 955 260 TACITI
983 213 1251 263 ANNALIUM
1281 214 1435 263 LIBER
1464 213 1765 271 11.Cap.t.2.

1934 207 1981 252 74

247 329 309 358 iter
332 326 465 357 Romam
490 323 692 354 conceditur.
731 321 778 352 82.
798 321 845 351 Ibi
871 327 988 357 magna
1006 321 1048 350 oh
1068 326 1187 350 necem
1207 319 1389 350 Germanici
1408 320 1456 354 ira
1475 321 1507 349 et
1526 320 1645 348 luctus.
1684 318 1732 348 83.
1754 318 1900 347 Honores
1919 316 1989 345 viro

247 370 380 401 decreti.
419 367 466 398 84.
493 367 579 397 Livia
606 366 713 395 Druso
738 365 897 402 gemellos
919 365 1011 402 parit.
1051 364 1097 393 85.
1120 363 1205 393 Scita
1231 363 1264 392 in
1290 364 1459 393 libidinem
1479 364 1664 393 mulierum.
1697 362 1794 391 Pulsa
1813 367 1905 389 sacra
1924 359 1990 388 Ae—

246 414 354 453 gyptia
372 415 405 442 et
422 412 563 441 Iudaica.
592 409 640 439 86.
662 409 759 446 Capta
777 409 927 438 Vestalis.
955 407 1004 438 87.
1024 408 1198 438 Frumento
1217 408 1359 444 pretium
1379 408 1598 437 constitutum.
1619 406 1725 436 Novos
1739 407 1882 435 honores
1895 410 1990 433 aver-

246 461 335 488 satur
354 456 512 486 Tiberius.
552 454 599 484 88.
621 453 752 483 Arminii
774 453 895 482 caedes
917 454 950 482 et
967 451 1191 488 praeconium.

262 501 373 531 .Haec
392 501 486 536 gesta
503 498 597 528 annis
617 499 784 534 quattuor,
805 503 891 526 coss.
913 495 948 525 T.
967 495 1090 525 Statilio
1110 495 1246 525 Sisenna
1266 495 1370 524 Tauro
1391 497 1423 524 et
1441 495 1475 524 L.
1489 495 1657 524 Scribonio
1676 492 1813 525 Libone.
1836 491 1868 521 C.
1884 491 1990 520 Caelio

245 546 326 576 Rufo
353 547 386 574 et
412 543 445 573 1..
471 542 647 578 Pomponio
674 541 806 579 Flacco,
839 540 886 569 Ti.
914 540 1052 570 caesare
1079 538 1224 574 Augusto
1250 538 1299 568 ΠΙ.
1325 541 1357 568 et
1386 539 1579 569 Germanico
1601 538 1739 568 Caesare
1761 536 1805 571 ll,
1835 534 1990 565 M.1unio

245 588 352 619 Silano
372 589 406 618 et
424 587 455 617 c.
477 586 629 616 Norbano
647 586 775 616 Flacco.

321 729 374 786 (l)
421 729 601 772 Sisenna
637 726 799 770 Statilio
843 725 1026 784 [Tauro]
1070 727 1116 769 L.
1152 726 1313 769 Libone
1353 725 1438 769 ciis.
1480 730 1596 768 mota
1634 722 1822 767 Orientis
1861 734 1993 779 regna

209 804 543 863 provinciaeque
580 804 814 852 Romanae,
856 801 974 844 initio
1013 801 1128 859 apud
1165 800 1344 844 Parthos
1386 806 1499 850 orto,
1542 799 1614 856 qui
1652 798 1832 856 petitum
1860 798 1994 841 Roma

210 885 520 937 acceptumque
550 891 715 934 regem,
748 877 943 935 quamvis
973 876 1111 934 gentis
1131 875 1448 923 Arsacidarum.
1481 880 1527 917 ut
1547 880 1770 917 externum
1789 886 1993 930 asperna-

211 956 375 999 bantur.
411 954 448 997 is
477 953 552 996 fuit
579 953 794 1003 Vonones,
826 951 956 995 obses
986 952 1176 1008 Augusto
1206 951 1330 994 datus
1359 964 1385 994 a
1413 950 1605 993 Phraate.
1647 963 1747 992 nam
1775 947 1990 999 Phraates.

210 1043 471 1090 quamquam
499 1027 736 1086 depulisset
763 1026 976 1070 exercitus
1006 1026 1227 1084 ducesque
1257 1028 1492 1074 Romanos,
1524 1030 1676 1069 cuncta
1699 1023 2024 1068 venerantiumf»

210 1106 348 1150 officia
383 1104 438 1148 ad
466 1105 701 1160 Augustum
729 1108 916 1145 verterat
960 1107 1213 1159 partemque
1251 1100 1385 1158 prolis
1413 1099 1647 1143 firmandae
1677 1099 1886 1143 amicitiae
1915 1098 1994 1141 mi-

210 1187 338 1232 serat,
371 1178 483 1223 haud
514 1177 693 1236 perinde
725 1177 858 1220 nostri
888 1182 1005 1220 metu
1033 1190 1161 1234 quam
1189 1176 1291 1219 fidei
1317 1175 1588 1233 popularium
1607 1174 1783 1217 diffisus.
1822 1174 1875 1230 (2)
1898 1179 1994 1230 post

208 1257 335 1300 finem
355 1254 546 1299 Phraatis
575 1259 618 1297 et
647 1252 918 1310 sequentium
946 1266 1097 1309 regum
1126 1251 1183 1294 ob
1212 1251 1399 1294 internas
1419 1249 1576 1294 caedes
1596 1263 1754 1294 venere
1780 1249 1823 1292 in
1842 1248 1994 1292 urbem

252 1383 284 1415 4.
307 1381 356 1415 Ab
376 1389 512 1414 excessu
532 1380 603 1413 diui
616 1379 767 1422 Auqusti.
790 1379 931 1412 Sisenna
952 1380 986 1412 M
1004 1397 1040 1402 —
1068 1379 1177 1411 Tauro
1200 1377 1331 1411 delevit
1351 1378 1474 1411 Ritter.
1499 1394 1536 1401 —
1562 1377 1594 1411 4.
1614 1378 1646 1410 d.
1672 1377 1836 1418 aprahate
1860 1358 1914 1417 pr.
1939 1375 1992 1414 M;

209 1440 240 1471 d.
265 1438 449 1479 aphrahate
470 1445 562 1469 corr.
586 1437 619 1469 Μ
642 1453 679 1459 --
698 1436 860 1477 prahates
882 1444 936 1478 pr.
954 1436 1006 1474 M3
1025 1435 1207 1476 phrahates
1229 1443 1322 1467 corr.
1339 1435 1374 1467 M
1390 1451 1427 1457 —-
1453 1434 1484 1467 8.
1507 1434 1662 1475 prahatis
1675 1442 1730 1476 pr.
1749 1433 1800 1471 M;
1820 1431 1997 1473 phrahatis

210 1504 301 1528 corr.
325 1495 371 1528 M.

255 1595 286 1627 4.
317 1593 458 1626 Sisenna
479 1592 614 1625 Statilio
638 1592 762 1632 Tauro]
793 1591 999 1633 cognomen
1026 1591 1078 1629 Si-
1129 1590 1241 1625 moria
1264 1591 1430 1633 superest
1451 1590 1486 1623 in
1510 1592 1641 1623 Inscrr.
1668 1590 1742 1623 Lat.
1768 1599 1804 1622 n.
1830 1587 1906 1629 628)
1929 1587 1995 1620 καὶ

208 1653 329 1683 senna,
354 1651 418 1685 pro
441 1651 540 1675 more
564 1641 659 1683 apud
674 1642 833 1674 Tacitum
855 1651 962 1684 saepe
978 1650 1080 1674 usur-

210 1696 293 1737 pato
322 1701 438 1734 neque
462 1691 557 1734 apud
579 1691 666 1725 alios
689 1693 880 1734 scriptores
906 1692 1075 1732 inaudito,

210 1744 325 1786 gentis
341 1742 474 1775 nomini
489 1742 728 1784 praepositum
743 1740 892 1782 legimus
902 1768 909 1782 ,
938 1742 1079 1775 Sisenna

209 1794 357 1827 Statilio.
385 1791 454 1825 Sed
470 1792 538 1824 hoc
554 1792 716 1834 quotiens
733 1792 938 1833 admittitur,
960 1801 1077 1834 neque

210 1851 429 1886 praenomen
453 1850 570 1883 neque
594 1841 686 1874 aliud
710 1850 908 1882 cognomen
924 1842 1075 1875 additur.

210 1893 317 1933 Magis
332 1900 418 1924 vero
442 1890 637 1924 barbarum
661 1892 734 1931 est,
759 1890 820 1923 ubi
844 1891 889 1923 ad
905 1892 1079 1924 Sisennam

209 1943 398 1981 Statilium,
422 1941 458 1973 h.
477 1949 508 1974 e.
533 1942 615 1983 post
637 1949 833 1982 cognomen
857 1942 975 1983 priore
998 1941 1077 1974 loco

210 1995 246 2025 et
283 2000 414 2024 nomen
451 1989 561 2023 altero
598 1991 769 2032 positum,
809 1991 911 2024 tertio
946 2000 1076 2024 novum

210 2050 407 2084 cognomen
423 2040 581 2083 (Taurus)
597 2040 743 2073 accedit.
780 2041 821 2075 Ut
835 2041 940 2082 igitur
953 2042 1077 2074 vitium

210 2093 283 2125 tam
295 2091 520 2124 manifestum
536 2091 783 2123 removeretur
794 2116 801 2130 ,
828 2091 980 2132 expunxi
995 2091 1079 2123 Tau-

209 2151 288 2174 rum
311 2149 465 2182 eumque
489 2140 694 2172 adiunctum
717 2148 797 2172 esse
820 2142 906 2182 puto
929 2142 965 2173 in
987 2140 1077 2173 libro

210 2191 404 2232 archetypo
428 2199 448 2222 a
469 2190 546 2222 viro
568 2189 739 2229 litterato,
765 2190 824 2231 qui
850 2191 998 2223 Taurum
1021 2200 1078 2223 co-

211 2242 441 2284 gnomentum
464 2248 485 2271 a
500 2239 639 2272 Statiiiis
662 2249 732 2272 non
757 2239 912 2273 alienum
935 2250 1014 2274 esse
1035 2250 1078 2273 ex

211 2292 244 2332 6,
270 2291 323 2323 44.
356 2290 409 2329 42,
435 2289 488 2322 59.
522 2288 575 2328 44,
600 2289 641 2322 46
672 2290 890 2322 meminisset
912 2290 1019 2332 idque
1042 2291 1078 2323 in

212 2341 369 2382 margine
402 2339 459 2371 vel
493 2348 600 2381 supra
632 2348 778 2372 versum
815 2342 975 2382 poneret.
1024 2341 1075 2374 Ci'.

212 2391 333 2424 adnot.
358 2389 403 2422 ad
426 2389 479 2429 43,
504 2388 557 2421 30.
583 2390 716 2421 Rirrun.
756 2391 795 2422 In
818 2389 914 2422 fastis
938 2391 973 2422 hi
997 2400 1081 2423 con-

212 2440 307 2475 sules
329 2439 502 2472 vocantur
525 2439 558 2470 T.
575 2439 730 2472 Statilius
747 2440 780 2471 T.
796 2440 821 2481 f.
839 2440 980 2472 Sisenna
997 2441 1081 2473 Tau-

210 2499 270 2522 rus
298 2490 335 2522 et
360 2489 398 2521 L.
423 2488 616 2521 Scribonius
643 2490 680 2521 L.
705 2489 730 2530 f.
755 2489 845 2521 Libo.
874 2507 910 2512 —
936 2491 1081 2530 petitum

211 2539 477 2581 Roma-reqem]
501 2539 642 2570 Sueton.
661 2538 779 2571 Octav.
797 2539 833 2571 24
864 2539 908 2571 de
925 2540 1077 2573 Parthis:

206 2589 362 2633 pluribus
395 2589 562 2629 quondam
595 2589 634 2620 de
666 2597 769 2630 reqno
803 2590 1079 2630 concertantibus,

211 2641 342 2673 nonnisi
372 2639 415 2671 ab
443 2639 514 2679 ipso
543 2639 680 2670 electum
702 2639 1012 2679 comprobaverunt.
1041 2657 1077 2663 -

211 2691 318 2733 qentis
331 2688 584 2730 Arsacidarum]
608 2689 658 2721 De
682 2690 754 2721 tota
778 2690 845 2722 hac
868 2691 977 2732 stirpe
995 2699 1081 2722 con-

212 2739 288 2774 sule
311 2738 459 2771 Vaiilant
481 2738 727 2771 Arsacidarum
750 2739 958 2780 imperium,
983 2741 1081 2772 Pari-

213 2790 273 2822 siis
289 2788 385 2821 4728.
411 2788 654 2820 Sainte-Croix
677 2787 722 2821 de
745 2789 894 2830 imperio
910 2789 1026 2821 Parth.
1045 2790 1081 2822 in

214 2837 368 2872 Oberiini
391 2838 508 2870 Tacito
532 2838 572 2870 11.
590 2847 626 2879 p.
645 2838 720 2870 867.
746 2839 888 2871 Richter
909 2839 982 2871 hist.
999 2840 1078 2871 krit.

219 2888 360 2921 Versuch
391 2887 472 2919 iiber
505 2888 557 2920 die
585 2888 776 2921 Arsaciden.
816 2890 952 2931 Leipziq
982 2889 1077 2922 4804.

215 2937 370 2970 visconti
407 2938 644 2979 Iconoqraphie
678 2947 820 2980 qrecque
863 2939 926 2978 111,
966 2947 1001 2980 p.
1038 2938 1080 2971 43

217 2996 334 3029 seqq.,
374 2995 482 3028 quem
516 2987 551 3019 in
590 2987 644 3019 his
681 2988 901 3029 potissimum
937 2989 1081 3020 secutus

217 3045 309 3071 sum.
345 3053 381 3059 —
423 3036 575 3077 Vonones]
610 3037 683 3068 sive
715 3038 864 3069 Arsaces
896 3037 1013 3069 XVIII.
1042 3055 1077 3059 —

218 3086 307 3118 obses
331 3085 479 3126 Auqusto
509 3086 617 3127 datus]
653 3085 777 3118 Strabo
802 3086 860 3124 46,
893 3086 928 3125 4,
958 3086 1018 3118 28ε
1057 3083 1079 3117 ὁ

219 3132 397 3181 Φραάτης
417 3133 584 3175 καλέσας
599 3135 652 3175 εἰς
667 3132 856 3177 σύλλογον
872 3135 999 3166 Τίτιον
1014 3132 1081 3167 τὸν

219 3182 494 3218 ἐπιστατοῦντα
528 3182 614 3216 τότε
642 3181 712 3226 τῆς
742 3185 880 3241 Συρίας
902 3185 1082 3240 τέτταρας

220 3233 357 3275 παῖδας
379 3235 562 3278 γνησίους
576 3234 802 3279 ἑνεχειρισεν
819 3229 949 3278 ὅμηρα
965 3229 1080 3277 αὐτῷ,

221 3283 518 3332 Σερασπαδάνην
540 3285 605 3317 καὶ
623 3281 842 3327 Ρωδάσπην
869 3284 934 3316 καὶ
957 3281 1083 3330 Φραά-

221 3345 290 3379 την
318 3336 383 3370 καὶ
412 3333 594 3379 Βονωνην
621 3335 787 3378 (duorum
817 3335 975 3377 priorum
1004 3343 1083 3368 me-

1126 1644 1311 1685 γυναΐκας
1337 1638 1481 1673 τούτων
1504 1638 1575 1673 δύο
1597 1640 1663 1673 καὶ
1686 1640 1779 1680 υἱεῖς
1801 1639 1993 1684 τέτταρας,

1127 1688 1258 1732 δεδιώς
1281 1688 1350 1732 τὰς
1373 1688 1528 1732 στάσεις
1550 1691 1615 1723 καὶ
1637 1688 1729 1731 τοὺς
1745 1690 1995 1732 ἐπιθεμένους

1127 1738 1244 1785 αὗτῷ.
1278 1742 1328 1774 Cf.
1353 1740 1475 1774 Vellei.
1501 1743 1534 1781 2,
1561 1741 1614 1775 94.
1650 1741 1768 1774 lustin.
1794 1739 1848 1779 42,
1873 1741 1906 1780 5,
1933 1740 1993 1772 ⁴2:

1124 1793 1187 1834 filii
1209 1794 1403 1832 nepotesque
1423 1792 1578 1824 Phraatis
1599 1791 1722 1823 obsides
1739 1790 1888 1832 Auqusto
1910 1790 1994 1822 dati.

1127 1843 1282 1875 Monum.
1317 1842 1448 1882 Ancyr.
1481 1841 1566 1873 Tab.
1592 1842 1654 1880 VI,
1687 1841 1726 1873 3:
1766 1841 1816 1873 Ad
1848 1849 1900 1872 me
1932 1849 1996 1871 rea:

1126 1892 1325 1924 Parthorum
1346 1892 1504 1924 Phraates
1528 1891 1593 1932 (IV)
1619 1891 1736 1922 Orodis
1754 1889 1788 1930 (I)
1806 1890 1897 1931 filius
1909 1890 1996 1931 filios

1126 1951 1202 1974 suos
1222 1944 1416 1982 nepotesque
1444 1942 1550 1973 omnis
1578 1942 1671 1973 misit
1698 1942 1735 1973 in
1762 1940 1900 1972 Italiam
1928 1948 1997 1971 non

1126 1992 1208 2024 bello
1236 1995 1429 2032 superatus,
1464 1992 1519 2023 sed
1548 1992 1734 2024 amicitiam
1761 1993 1911 2022 nostram
1932 1998 1997 2030 per

1125 2042 1305 2074 liberorum
1321 2043 1470 2083 piqnora
1486 2044 1610 2082 petens.
1633 2059 1669 2063 —
1694 2040 1881 2081 depulisset]
1902 2040 1943 2071 A.
1957 2048 1993 2072 u.

1127 2092 1191 2124 ’748
1229 2090 1410 2123 deleverat
1451 2091 1646 2124 exercitum
1689 2091 1789 2132 Oppii
1833 2090 1993 2129 Statiani,

1127 2142 1267 2175 Antonii
1290 2140 1406 2182 legati.
1432 2140 1519 2173 Plut.
1538 2142 1617 2173 Ant.
1636 2141 1689 2173 38.
1715 2141 1780 2173 Dio
1803 2139 1858 2179 49,
1882 2140 1936 2172 25.
1958 2158 1993 2162 -

1126 2194 1358 2225 venerantium
1381 2191 1504 2234 officia]
1535 2192 1680 2224 Locutio
1711 2192 1764 2224 est
1786 2191 1868 2222 huic
1891 2190 1997 2222 aetati

1128 2243 1280 2285 propria.
1321 2241 1408 2274 Dial.
1435 2242 1480 2274 de
1504 2242 1561 2273 Or.
1587 2242 1647 2274 29:
1685 2241 1822 2273 ambitio
1846 2241 1998 2272 salutan-

1127 2295 1222 2326 tium.
1258 2293 1339 2333 Agr.
1365 2291 1404 2325 4:
1441 2291 1612 2324 illecebrae
1628 2293 1851 2332 peccantium.
1877 2291 1995 2323 Wonr.

1129 2343 1248 2384 Officia
1270 2343 1388 2374 autem
1412 2341 1467 2373 iila
1491 2343 1592 2374 erant
1620 2341 1794 2374 restitutio
1817 2342 1998 2381 signorum

1129 2395 1235 2433 atque
1274 2392 1493 2434 captivorum
1530 2400 1574 2424 ex
1610 2390 1724 2424 tribus
1761 2392 1997 2423 Romanorum

1131 2442 1290 2476 cladibus
1324 2442 1427 2483 pacta
1462 2450 1495 2474 a.
1530 2451 1566 2473 u.
1602 2440 1684 2480 734,
1725 2440 1820 2473 unde
1853 2441 1999 2481 Augusti

1130 2493 1265 2525 nummi
1282 2500 1363 2524 cum
1380 2492 1604 2532 inscriptione
1627 2491 1770 2523 SIGNIS
1784 2491 1996 2523 RECEPTIS.

1130 2543 1284 2575 Monum.
1310 2542 1440 2582 Ancyr.
1466 2541 1550 2574 Tab.
1575 2541 1617 2582 V,
1642 2541 1704 2574 40:
1736 2541 1875 2573 Parthos
1895 2542 1999 2573 trium

1130 2593 1340 2624 exercituum
1362 2592 1587 2623 Romanorum
1615 2591 1721 2631 spolia
1748 2594 1780 2623 et
1801 2592 1899 2632 signa
1925 2590 1998 2622 red—

1131 2643 1207 2673 dere
1234 2642 1315 2673 mihi
1344 2642 1568 2682 supplicesque
1598 2642 1783 2674 mnicitiam
1800 2642 1915 2682 populi
1937 2641 1999 2672 Ro-

1129 2692 1223 2723 mani
1239 2694 1351 2731 petere
1372 2693 1484 2732 coeqi:
1514 2701 1554 2723 ea
1584 2693 1696 2723 autem
1723 2692 1822 2732 siqna
1848 2692 1885 2723 in
1901 2699 1999 2730 pene—

1131 2741 1230 2780 trali,
1268 2741 1356 2781 quod
1392 2743 1440 2773 est
1474 2742 1510 2773 in
1547 2741 1666 2781 templo
1700 2741 1825 2773 Martis
1866 2741 1995 2778 Ultoris,

1129 2792 1272 2832 reposui.
1322 2790 1372 2822 Cf.
1399 2789 1522 2823 Vellei.
1547 2792 1585 2827 2,
1611 2791 1665 2824 94.
1708 2791 1851 2823 Sueton.
1877 2790 1994 2822 Octav.

1130 2842 1184 2874 24.
1222 2841 1286 2873 1)ἰο
1308 2840 1363 2880 53,
1390 2840 1443 2872 33.
1475 2840 1531 2881 54,
1557 2841 1588 2873 8.

1174 2940 1206 2971 2.
1229 2941 1329 2980 finem
1349 2939 1512 2979 Phraatis]
1537 2947 1569 2971 a.
1587 2947 1621 2971 u.
1640 2939 1715 2971 753.
1736 2958 1771 2962 -
1797 2940 1999 2979 sequentium

1129 2989 1258 3029 reqwm]
1295 2989 1496 3021 Phraatacis
1527 2990 1562 3021 et
1592 2989 1716 3022 Orodis
1739 2990 1778 3021 ΙΙ.
1811 2998 1830 3020 a
1861 2989 1998 3021 Parthis

1131 3039 1342 3071 occisorum.
1382 3039 1553 3080 Iosephus
1576 3040 1655 3071 Ant.
1682 3039 1741 3078 48,
1771 3039 1810 3076 2,
1841 3037 1874 3070 4.
1902 3056 1938 3061 -
1962 3040 1998 3071 in

1131 3087 1255 3129 urbem]
1288 3088 1332 3119 ad
1362 3088 1569 3129 Augustum.
1608 3088 1769 3121 Refertur
1798 3088 1868 3119 huc
1897 3086 1997 3121 locus

1133 3137 1286 3169 Suetonii
1320 3137 1394 3169 Tib.
1431 3138 1491 3169 ⁴6:
1536 3138 1631 3169 Data
1664 3136 1814 3178 (Tiberio
1843 3146 1875 3169 a.
1907 3138 1996 3179 757.)

1131 3195 1250 3218 rursus
1271 3190 1418 3227 potestas
1446 3187 1626 3219 tribunicia
1654 3188 1689 3218 in
1718 3188 1995 3227 quinquennium,·

1132 3237 1300 3278 deleqatus
1322 3238 1500 3277 pacandae
1529 3238 1728 3269 Germaniae
1757 3239 1882 3276 status,·
1897 3245 1902 3248 ·
1915 3240 1996 3271 Par-

1133 3286 1263 3318 thorum
1284 3287 1404 3328 leqati,
1427 3287 1595 3319 mandatis
1616 3285 1763 3327 Anqusto
1780 3287 1902 3320 Romae
1923 3290 1995 3321 red-

1133 3336 1227 3377 ditis,
1253 3345 1327 3369 eum
1349 3345 1477 3377 quoque
1499 3336 1593 3367 adire
1607 3336 1643 3367 in
1651 3337 1832 3376 provincia
1845 3339 1938 3372 iussi.
1955 3357 1991 3362 —
