2254 3770
1972 283 2022 312 xl

359 371 467 420 Cum
496 387 584 418 non
612 375 755 418 cuivis
783 374 917 418 liceat
945 374 1165 429 inspicere
1194 372 1396 416 Bandinii
1427 371 1688 431 Catalogum
1712 371 1851 419 codd.
1880 376 2024 419 Latin.

248 451 360 495 Bibl.
380 450 524 502 Laur.,
555 461 718 505 operae
747 450 932 505 pretium
963 461 1065 492 esse
1093 448 1340 504 videbatur,
1370 452 1419 491 ut
1449 450 1640 509 diligens
1667 451 1762 493 eius
1783 450 2022 506 descriptio

246 525 444 570 codicum
476 525 827 568 Florentinorum
850 525 1183 580 praecipuorum
1203 523 1423 567 adiunctis
1445 527 1575 567 etiam
1596 525 1737 568 tribus
1756 526 1842 568 iilis
1861 538 2024 569 recen-

245 601 452 655 tioribus»,
489 613 670 656 quorum
707 599 819 643 duos
854 599 1061 642 Baiterus
1091 600 1277 642 contulit
1307 601 1352 641 in
1382 599 1543 654 duplici
1574 599 1753 643 defectu
1782 601 1949 644 codicis
1976 602 2024 644 11

244 671 378 730 [Hist
406 677 450 732 I,
480 672 576 718 69:
607 675 743 718 bilem
771 677 1099 732 imperatorem
1128 686 1268 730 usque
1297 674 1354 717 ad
1374 687 1412 718 c.
1433 673 1464 716 7
1471 675 1528 717 5:
1556 675 1638 718 sub
1663 672 1842 718 Othone
1869 679 2025 719 incer-

178 759 180 762 ·
243 754 363 809 tum,
403 755 448 794 et
476 751 593 793 Hist.
625 750 669 808 1,
699 746 791 792 86:
830 752 990 806 inopia
1030 751 1247 806 quaestus
1284 762 1424 806 usque
1453 749 1510 792 ad
1539 751 1586 792 11
1596 782 1609 804 ,
1639 748 1698 792 2:
1736 749 1951 794 Rhodum
1979 753 2027 794 et

247 820 505 885 Cyprum),
534 825 606 869 hic
636 826 908 868 insereretur
937 837 994 867 ex
1023 820 1166 868 Catal.
1195 823 1295 866 Vol.
1320 825 1389 880 11,
1418 837 1459 880 p.
1483 823 1582 868 831
1608 838 1731 882 seqq.

972 977 1184 1024 CODEX
1215 981 1249 1023 1.
1262 976 1300 1031 ³)

936 1062 1146 1106 Pmrnns
1174 1075 1329 1106 vaui.

823 1144 1149 1187 Connnmus
1186 1143 1452 1188 Tacta-ns.

357 1239 513 1285 Codex
555 1242 623 1283 est
661 1238 1018 1297 anepigraphus,
1058 1238 1136 1281 sed
1179 1241 1376 1283 continet
1419 1239 1612 1283 Cornelii
1642 1239 1785 1284 Taciti
1822 1241 1960 1284 libros
1991 1241 2029 1284 V

245 1311 342 1371 [vl
372 1315 475 1358 inde
501 1309 752 1373 aLipsio),
784 1314 961 1357 eosdem
989 1315 1207 1369 nimirum,
1238 1328 1348 1370 quos
1377 1315 1422 1356 in
1453 1315 1688 1358 Germania
1719 1317 1948 1372 inventos,
1984 1319 2029 1359 et

246 1392 384 1435 Leoni
412 1391 471 1434 X.
503 1391 633 1434 Pont.
671 1390 797 1433 Max.
835 1390 1009 1432 oblatos
1026 1385 1056 1440 ¹)
1097 1391 1193 1445 ipse
1233 1389 1324 1432 Leo
1365 1391 1408 1431 in
1446 1390 1648 1445 Epistola
1677 1390 1734 1433 ad
1764 1390 2028 1434 Beroaldum

244 1469 458 1522 impressa
499 1467 543 1508 in
582 1465 776 1508 editione
817 1464 1017 1507 Romana
1034 1460 1088 1521 ²),
1126 1465 1294 1507 fatetur
1333 1477 1494 1524 magno
1525 1478 1574 1508 se
1604 1467 1747 1521 pretio
1778 1466 2030 1522 redemisse,

246 1546 292 1585 et
321 1541 379 1585 ad
409 1553 676 1586 communem
706 1539 1001 1582 studiosorum
1032 1541 1263 1583 utilitatem
1285 1540 1594 1596 imprimendos
1615 1554 1809 1585 curasse.
1844 1542 1977 1586 Liber
1995 1543 2031 1586 Ι.

246 1619 331 1661 inc.
360 1615 432 1660 Ab
463 1628 656 1659 excessu
690 1614 796 1658 Divi
825 1613 1026 1672 Auyusti
1055 1614 1212 1657 urbem
1243 1614 1438 1658 Romam
1468 1630 1497 1658 a
1526 1619 1752 1672 principio
1782 1630 1911 1674 reyes
1939 1617 2031 1661 ha-

247 1693 397 1736 buere.
454 1692 588 1735 Liber
616 1691 659 1734 V
689 1690 776 1733 def.
814 1693 1057 1749 postquam
1098 1693 1271 1733 remoto
1299 1691 1473 1747 pudore
1505 1694 1551 1734 et
1579 1696 1704 1734 metu
1733 1705 1814 1736 suo
1846 1696 2030 1736 tantum

247 1770 430 1825 inqenio
472 1766 703 1811 utebatur.
769 1765 949 1808 Adsunt
993 1766 1037 1806 in
1083 1766 1279 1824 margine
1322 1766 1463 1821 ipsius
1507 1766 1717 1810 Beroaldi
1762 1771 1807 1811 et
1847 1769 2030 1811 aliorum

248 1842 516 1886 eruditorum
546 1843 741 1884 virorum
771 1842 1093 1900 castigationes
1123 1843 1167 1883 et
1198 1843 1511 1884 correctiones.

358 1918 538 1960 Interim
570 1917 654 1960 hoc
685 1918 783 1961 loco
813 1916 1075 1972 notandum,
1106 1917 1188 1959 iam
1224 1915 1388 1972 pridem
1416 1917 1640 1960 Niccolum
1663 1930 1867 1973 curasse,
1895 1922 1943 1961 ut
1964 1932 2030 1974 ea,

247 2005 360 2050 quae
399 1992 788 2045 desiderabantur,
826 1991 970 2035 Tacit-i
1012 2004 1149 2047 opera
1188 1994 1232 2034 in
1263 1991 1499 2036 Germania
1535 1994 1847 2047 reperirentur·
1895 1991 2029 2038 Sicco

246 2068 523 2112 Polentonus
554 2067 609 2110 de
640 2065 945 2122 Scriptoribus
976 2067 1219 2110 illustribus
1248 2067 1434 2110 Latinae
1464 2068 1644 2126 linguae
1674 2067 1731 2111 ad
1762 2069 2030 2127 Polydorum

247 2144 375 2186 filium
405 2144 503 2187 Lib.
528 2143 594 2186 VI
623 2155 681 2186 ex
705 2142 823 2185 Mss·
844 2142 1141 2186 Riccardiano
1172 2144 1234 2186 ita
1255 2143 1311 2186 ad
1334 2143 1447 2187 hanc
1467 2157 1557 2186 rem
1580 2144 1757 2187 scribit:
1786 2144 2031 2189 Librorum

246 2222 344 2263 eius
387 2213 562 2272 (Taciti
606 2211 793 2274 nempe]
838 2230 1078 2261 numerum
1123 2217 1365 2275 affirmare
1408 2222 1527 2262 satis
1572 2222 1697 2262 certe
1738 2232 1829 2262 non
1870 2221 2031 2263 audeo.

247 2293 535 2349 Fraymenta
567 2294 748 2353 quidem
777 2292 908 2336 Libri
937 2293 1188 2348 undecimi,
1223 2297 1270 2336 et
1298 2294 1496 2350 reliquos
1527 2294 1742 2351 deinceps
1771 2295 1834 2337 ad
1862 2299 2031 2352 etqesi-

248 2381 371 2411 mum
384 2371 584 2425 primum
603 2369 711 2426 eidi,
733 2371 782 2410 in
799 2370 898 2426 quis
913 2370 1012 2410 vica
1034 2364 1234 2426 Claudii,
1252 2372 1299 2411 et
1317 2371 1392 2427 qui
1408 2367 1604 2424 fuerunt
1622 2373 1784 2425 postea
1803 2367 2031 2415 Caesares

247 2443 311 2485 ad
337 2442 671 2500 Vespasianum
691 2455 845 2501 usque,
876 2446 1054 2501 ornate,
1084 2446 1138 2485 ut
1159 2443 1276 2500 dixi,
1308 2457 1365 2486 ac
1385 2447 1565 2500 copiose
1586 2447 1783 2487 ornarit.
1815 2444 2030 2505 Reliquos

247 2530 354 2560 vero
384 2529 482 2560 esse
512 2530 656 2576 neque
684 2521 735 2560 in
765 2521 895 2560 terra
927 2515 1069 2560 Italia
1099 2528 1242 2576 neque
1271 2521 1320 2561 z'n
1353 2515 1470 2561 Orbe
1500 2532 1693 2578 usquam
1723 2520 1882 2579 audio,
1914 2522 2031 2580 quod

247 2592 629 2652 quemadmodum
648 2592 866 2651 pleraque
887 2592 985 2635 alia
1007 2596 1189 2650 eyreyta.
1212 2596 1256 2636 el
1279 2593 1410 2636 clara
1427 2593 1674 2653 volumina,
1696 2598 1845 2652 operis
1861 2608 2031 2651 mayna

246 2681 359 2726 pars
397 2671 482 2710 aut
517 2670 704 2723 penitus
742 2667 895 2710 deleta
934 2670 1019 2724 sit,
1057 2670 1142 2710 aut
1171 2671 1241 2711 ita
1269 2668 1362 2710 ullo
1393 2681 1564 2727 quoque
1594 2671 1643 2711 in
1673 2669 1839 2726 anqulo
1871 2671 2031 2713 abdita

248 2743 423 2801 lateat,
453 2742 573 2801 quod
601 2745 722 2786 istuc
750 2754 849 2786 esse
878 2745 1110 2800 coynttum
1137 2756 1168 2786 a
1198 2746 1378 2786 nemine
1408 2741 1638 2787 habeatur
1668 2746 1754 2787 cet.

342 2911 370 2947 Ἴ
405 2911 508 2944 Hune
534 2916 570 2944 et
594 2911 753 2945 codicem
779 2911 826 2943 11.
852 2913 886 2944 in
912 2912 1161 2945 commentario
1187 2913 1306 2944 critico
1333 2912 1444 2946 littera
1461 2913 1502 2943 M
1516 2914 1784 2956 designavimus,

343 2978 379 3014 1)
417 2976 468 3010 De
501 2977 613 3009 Taciti
652 2981 747 3017 parte
786 2986 804 3009 a
840 2976 970 3018 Poggio
1011 2978 1223 3010 Braeciolino
1257 2979 1292 3010 in
1320 2977 1506 3012 Germania
1532 2980 1688 3020 quaesita
1717 2979 1950 3012 consulendus
1977 2979 2027 3012 ΕΙ.

250 3037 376 3070 Melius
414 3038 451 3068 in
489 3035 602 3069 Praei.
632 3036 675 3067 ad
712 3036 887 3068 Ambrosii
923 3036 1077 3068 Camald.
1106 3036 1194 3076 Epp.
1222 3044 1299 3078 pag.
1327 3037 1469 3072 XLvii.
1515 3038 1567 3071 De
1593 3041 1750 3079 quinque
1782 3038 1892 3070 Taciti
1928 3038 2032 3071 libro-

252 3105 329 3129 rum
365 3096 568 3129 inventione
607 3095 756 3128 videnda
797 3095 950 3134 Epistola
987 3095 1086 3127 Beati
1118 3095 1276 3128 Rhenani
1302 3097 1346 3129 ad
1371 3097 1540 3130 Thomam
1565 3099 1740 3138 Kappium
1767 3097 2027 3136 buriacensem,

254 3155 448 3189 liberalium
474 3155 602 3187 artium
628 3153 859 3194 professorem
887 3157 954 3186 cet.
993 3154 1153 3187 Basileae
1177 3154 1241 3188 111.
1270 3156 1347 3188 Kal.
1375 3156 1485 3197 April.
1513 3157 1660 3190 MDXV.
1686 3166 1762 3198 pag.
1790 3157 1849 3189 iV.
1885 3157 2029 3190 Romam

253 3214 385 3247 delatos
414 3216 614 3253 pervenisse
641 3212 684 3244 ad
709 3213 932 3245 Franciscum
959 3213 1003 3246 de
1022 3212 1201 3247 Soderinis
1220 3214 1256 3247 S.
1275 3215 1319 3248 R.
1340 3215 1379 3248 E.
1416 3216 1518 3249 Card.
1539 3216 1803 3249 Volaterranum
1821 3216 2030 3258 Episcopum

253 3277 388 3306 constat
424 3283 464 3307 ex
496 3273 691 3313 excerptis,
732 3279 822 3313 quae
858 3275 941 3305 sunt
978 3275 1012 3304 in
1049 3271 1135 3305 Cod.
1162 3272 1230 3306 379
1258 3273 1439 3308 chartaceo
1470 3276 1504 3308 in
1530 3275 1589 3308 i'oi.
1619 3275 1786 3309 Biblioth.
1815 3275 2029 3314 Gaddianae,

254 3340 348 3365 nune
372 3332 532 3365 Medieeo
560 3332 609 3365 Pi.
637 3330 711 3364 XC.
738 3339 819 3372 sup.
847 3330 934 3364 Cod.
961 3330 1018 3364 39.
1047 3340 1123 3373 pag.
1150 3332 1209 3365 40.
1235 3332 1270 3365 b.

347 3395 386 3438 2)
413 3397 511 3430 Hauc
535 3396 727 3431 editionem
752 3396 892 3431 exbibet
919 3396 1034 3432 Codex
1059 3397 1125 3430 111.
1150 3398 1297 3432 huiusce
1321 3397 1450 3433 Plutei.
