2254 3770
799 291 954 336 LIBER
981 290 1068 335 ΧΠ.
1113 291 1213 349 Cap.
1243 293 1284 335 3.
1314 292 1353 336 4.
1383 294 1424 336 5.
1919 285 2001 330 3t7

230 398 397 446 Silanus
425 397 673 441 insidiarum
702 397 875 441 nescius
904 411 955 441 ac
983 397 1089 441 forte
1116 411 1172 441 eo
1197 412 1308 442 anno
1328 405 1500 456 praetor
1519 403 1696 456 repente
1716 409 1795 454 per
1815 394 2000 437 edictum

227 473 375 517 Vitellii
405 473 554 517 ordine
583 473 798 517 senatorio
827 480 1039 524 movetur,
1070 487 1332 531 quamquam
1362 473 1470 517 lecto
1491 473 1656 531 pridem
1677 477 1828 515 senatu
1847 469 2002 511 lustro-

225 561 312 606 que
355 547 539 591 condito.
597 547 722 591 simul
764 547 1008 592 affinitatem
1054 548 1256 592 Claudius
1299 548 1487 600 diremit,
1532 548 1796 604 adactusque
1833 543 2001 588 Silanus

224 622 393 667 eiurare
429 623 740 679 magistratum,
786 629 829 666 et
866 622 1057 681 reliquus
1092 631 1317 681 praeturae
1347 624 1441 668 dies
1481 623 1524 667 in
1554 624 1727 682 Eprium
1756 619 2000 665 Marcellum

223 696 401 742 collatus
431 703 507 741 est.
2015 713 2034 742 ὅ

334 773 387 828 (5)
427 772 471 816 C.
514 773 716 830 Pompeio
753 773 803 825 Q.
836 774 1015 817 Veran10
1058 777 1143 818 co‘s.
1184 780 1353 831 pactum
1392 775 1500 818 inter
1529 774 1749 819 Claudium
1780 780 1823 817 et
1851 772 2000 830 Agrip-

221 848 363 905 pinam
401 848 712 891 matrimonium
754 848 837 891 iam
874 848 1003 899 fama,
1042 849 1123 893 iam
1163 863 1308 892 amore
1339 849 1480 894 illicito
1511 850 1778 901 firmabatur;
1814 847 1997 891 necdum

223 921 443 966 celebrare
487 922 708 966 sollemnia
755 924 995 980 nuptiarum
1041 925 1273 975 audebant,
1319 925 1433 968 nullo
1472 924 1667 982 exemplo
1707 924 1917 968 deductae
1958 923 1998 964 in

221 996 397 1041 domum
426 998 563 1054 patrui
594 998 733 1041 fratris
763 998 885 1044 filiae.
928 1001 1029 1057 quin
1061 1006 1103 1043 et
1131 1000 1341 1043 incestum
1370 1014 1439 1052 ac,
1482 1001 1517 1043 si
1547 1006 1840 1058 sperneretur,
1872 1011 1925 1041 ne
1955 998 1997 1040 in

220 1072 376 1115 malum
406 1072 624 1129 publicum
654 1080 898 1131 erumperet
929 1075 1208 1119 metuebatur.
1240 1089 1320 1119 nec
1340 1082 1437 1119 ante
1459 1076 1618 1119 omissa
1637 1075 1848 1119 cunctatio
1868 1088 1997 1131 quam
2011 1090 2048 1119 ιο

219 1147 408 1191 Vitellius
429 1148 520 1191 suis
540 1148 702 1192 artibus
722 1148 762 1191 id
786 1149 1118 1206 perpetrandum
1137 1151 1329 1209 sumpsit.
1359 1158 1746 1209 percunctatusque
1769 1151 1997 1193 Caesarem

219 1236 272 1266 an
302 1223 429 1266 iussis
458 1223 623 1280 populi,
656 1238 709 1267 an
739 1225 975 1268 auctoritati
1006 1232 1178 1269 senatus
1199 1226 1395 1277 cederet,
1426 1226 1500 1269 ubi
1528 1225 1596 1269 ille
1621 1240 1755 1271 unum
1775 1239 1822 1268 se
1842 1224 1998 1268 civium

218 1304 260 1341 et
294 1298 521 1341 consensui
566 1298 771 1356 imparem
821 1300 1054 1357 respondit,
1103 1302 1290 1358 opperiri
1329 1302 1439 1344 intra
1481 1289 1682 1358 palatium
1725 1299 1854 1343 iubet.
1904 1300 1996 1357 ipse

217 1372 377 1416 curiam
419 1372 671 1431 ingreditur,
714 1387 1011 1432 summamque
1055 1389 1144 1419 rem
1183 1390 1223 1433 p.
1264 1377 1329 1433 agi
1361 1377 1577 1419 obtestans
1618 1375 1783 1418 veniam
1825 1374 1995 1418 dicendi

215 1454 312 1491 ante
342 1447 449 1491 alios
476 1448 687 1505 exposcit,
720 1449 971 1506 orditurque
991 1451 1266 1507 gravissimos
1285 1451 1489 1508 principis
1511 1450 1697 1501 labores,
1729 1450 1826 1508 quis
1846 1450 2046 1493 orbemis

213 1530 355 1566 terrae
375 1531 592 1580 capessat,
624 1536 753 1580 egere
775 1524 1053 1575 adminiculis,
1080 1531 1126 1568 ut
1146 1526 1380 1569 domestica
1401 1540 1504 1569 cura
1525 1539 1685 1569 vacuus
1706 1525 1748 1567 in
1769 1538 1995 1569 commune

214 1598 418 1642 consulat.
450 1598 565 1656 quod
596 1612 725 1656 porro
755 1598 975 1642 honestius
1005 1601 1227 1644 censoriae
1247 1601 1399 1644 mentis
1421 1601 1705 1644 levamentum
1722 1614 1852 1658 quam
1873 1613 1995 1643 assu-

213 1687 330 1718 mere
369 1674 614 1730 coniugem‚
660 1675 879 1732 prosperis
916 1674 1144 1733 dubiisque
1183 1677 1362 1727 sociam,
1409 1677 1477 1719 cui
1507 1676 1783 1732 cogitationes
1815 1672 1992 1725 intimas,

275 1807 308 1839 2.
333 1815 527 1847 quanquam
549 1808 582 1839 M
607 1825 643 1831 —
677 1807 709 1840 4.
735 1817 752 1840 e
773 1809 890 1841 iurare
911 1809 1112 1850 magistratu
1134 1810 1165 1841 M
1194 1827 1227 1832 -
1251 1813 1410 1850 praeture
1433 1810 1465 1842 Μ
1489 1826 1523 1832 -
1559 1810 1591 1841 6.
1616 1809 1757 1841 uer-ania
1779 1809 1831 1847 M;
1865 1809 1993 1840 Veran-

211 1863 267 1895 nio
292 1861 408 1904 vulgo.
444 1863 511 1895 Sed
543 1864 634 1896 cons.
660 1865 698 1903 2,
730 1865 784 1897 56.
810 1865 863 1897 74.
890 1865 927 1904 3,
953 1866 1006 1898 40.
1033 1866 1085 1898 43.
1112 1867 1164 1899 ⁴7.
1201 1867 1328 1899 Inscrr.
1355 1867 1440 1898 Latt.
1467 1876 1501 1899 n.
1528 1865 1623 1898 6445.
1652 1885 1688 1890 —
1725 1865 1906 1907 aqrippina
1937 1873 1990 1906 pr.

211 1919 245 1951 Μ
271 1936 302 1942 -
331 1919 363 1951 8.
388 1919 581 1960 sollempnia
609 1921 640 1952 Μ
672 1938 708 1943 -
745 1921 1070 1963 deductae--filiae
1097 1922 1267 1954 Pichena:
1309 1922 1614 1963 deductae--filia
1645 1923 1760 1961 (erasa
1784 1922 1818 1953 in
1819 1920 1912 1975 AEne
1935 1920 1991 1952 lit·

210 1976 299 2016 tera)
324 1977 374 2014 M3
404 1977 543 2009 deducta
559 1978 697 2018 --filia
728 1977 795 2010 alii.
824 1996 860 2001 —
887 1978 939 2011 ⁴4.
964 1988 1191 2019 summamque
1218 1988 1287 2012 rem
1311 1989 1349 2021 p.
1379 1979 1530 2029 bipsius:
1560 1987 1797 2018 summamque.
1824 1979 1859 2009 R.
1884 1978 1911 2009 P
1938 1977 1988 2014 M;

208 2041 434 2072 summamque
454 2034 504 2065 rei
523 2033 650 2076 etalii.
679 2053 716 2058 -
743 2035 795 2068 ⁴6.
820 2040 972 2076 capescat
994 2045 1046 2078 pr.
1065 2037 1098 2069 M
1123 2055 1159 2060 —
1194 2037 1246 2069 47.
1270 2038 1489 2069 levamentum
1512 2046 1613 2077 quam
1634 2038 1667 2069 P.
1690 2035 1864 2068 Victorius
1887 2033 1990 2075 (teste

209 2087 392 2131 Spengelio
414 2089 450 2122 in
471 2090 590 2123 Indice
614 2091 723 2123 Lectt.
749 2091 882 2124 Monac.
908 2101 940 2123 a.
967 2092 1084 2130 ⁴847l8
1108 2102 1142 2134 p.
1160 2093 1194 2132 8)
1217 2094 1253 2125 et
1275 2094 1459 2125 Petersen:
1484 2094 1631 2125 levamen
1652 2100 1801 2134 unquam
1823 2092 1875 2128 M;
1900 2090 1992 2122 leva-

209 2154 282 2177 men
304 2154 405 2185 quam
419 2145 532 2187 vulgo.
561 2146 611 2179 Cf.
630 2142 662 2185 4,
680 2147 732 2179 47.
752 2147 806 2180 30.
831 2147 862 2187 3,
881 2147 934 2180 28.
950 2147 1002 2181 34.
1029 2147 1061 2188 4,
1080 2148 1111 2181 8.
1129 2149 1182 2184 66.
1210 2149 1293 2181 Hist.
1314 2150 1344 2188 ⁴,
1363 2149 1394 2181 8.
1420 2149 1453 2188 2,
1471 2148 1524 2182 44.
1552 2149 1688 2188 (Forma
1703 2148 1850 2180 levamen
1864 2145 1992 2187 legitur

209 2201 294 2234 nist.
319 2202 352 2241 5,
377 2199 423 2241 3.)

210 2318 357 2351 deretur
380 2319 444 2360 (⁴3,
471 2320 524 2352 ⁴⁴.
549 2320 615 2361 32).
644 2339 678 2344 -
704 2322 791 2354 *lecto
810 2323 939 2362 pridem
961 2327 1077 2355 senatu

208 2369 374 2409 lustroque
396 2369 537 2411 condito]
563 2371 614 2402 Cf.
641 2371 694 2409 44,
720 2372 773 2403 25.
802 2389 837 2395 —
868 2373 1073 2415 affinitatem]

210 2419 470 2451 matrimonium
504 2428 586 2452 cum
621 2421 772 2452 Octavia.
802 2440 836 2445 -
874 2423 1077 2464 adactusque

209 2467 346 2500 Silanus
365 2469 499 2501 eiurare
520 2470 767 2512 magistratum]
791 2473 933 2504 Sueton.
953 2472 1071 2505 Claud.

208 2517 270 2550 29:
299 2518 435 2550 Silanus
456 2519 612 2551 abdicare
633 2529 666 2552 se
683 2525 846 2561 praetura
870 2526 946 2554 ante
968 2531 1075 2562 quar·

207 2571 278 2600 tum
299 2568 466 2600 Kalendas
494 2569 677 2602 Ianuarias
706 2560 861 2610 morique
878 2573 971 2604 initio
993 2573 1077 2606 anni

207 2621 356 2657 coactus,
393 2618 447 2650 die
479 2619 550 2658 ipso
573 2619 703 2652 Claudii
735 2624 765 2652 et
786 2622 988 2662 Agrippinae
1008 2632 1074 2654 nu·

205 2667 365 2707 ptiarum.
390 2685 421 2690 —-
442 2668 803 2710 Epriumwarcettum]
824 2671 997 2703 famosum
1013 2671 1074 2704 de-

207 2715 355 2748 latorem
391 2717 495 2758 (Hist.
520 2718 563 2757 2,
588 2719 642 2751 53.
667 2718 707 2758 4,
733 2719 788 2760 6),
821 2722 920 2753 cuius
955 2729 1072 2754 mores

208 2765 459 2798 describuntur
486 2768 522 2799 in
554 2767 639 2800 Dial.
665 2768 710 2800 de
735 2769 791 2801 Or.
816 2770 848 2802 5.
873 2770 904 2802 8.
932 2770 984 2802 43.
1018 2770 1069 2803 Cf.

208 2814 270 2854 43,
294 2814 348 2847 33.
385 2816 446 2855 46,
477 2817 519 2848 22
543 2825 622 2858 sqq.
664 2818 748 2850 Hist.
780 2819 822 2858 2,
853 2819 906 2851 95.
944 2819 982 2858 4,
1015 2819 1069 2852 43.

207 2865 336 2897 Inscrr.
369 2866 457 2898 Latt.
486 2875 521 2898 n.
545 2866 650 2899 5425:
686 2867 719 2899 T.
745 2868 856 2900 Clodio
877 2870 925 2901 Μ.
949 2869 974 2910 f.
1001 2870 1068 2901 Pal.

207 2913 312 2954 Eprio
325 2915 483 2947 Marcello
497 2924 562 2948 cos.
577 2917 618 2948 Il.
638 2918 680 2954 (a.
700 2926 733 2949 u.
751 2917 834 2955 827;
861 2918 905 2950 cf.
925 2927 958 2951 n.
971 2918 1070 2958 54⁴8)

206 2963 353 3004 Auyuri,
386 2964 522 2996 Curioni
545 2967 717 3006 mamimo,
750 2967 863 2999 Sodali
884 2968 1068 3010 Auyustali,

204 3013 401 3053 pr(aetori),
432 3023 562 3053 procos.
596 3015 694 3048 Asiae
726 3016 774 3048 III
807 3016 935 3058 (tribus
969 3019 1069 3051 annis

207 3062 399 3102 continuis,
424 3062 626 3104 824—826),
647 3066 825 3105 provincia
847 3066 982 3106 Cypros.

249 3162 282 3194 5.
308 3161 343 3194 C.
362 3161 523 3203 Pompeio]
547 3165 674 3204 nepote
698 3164 845 3197 fortasse
867 3166 945 3197 Sex.
967 3168 1069 3199 Pom-

207 3212 293 3253 peii,
326 3221 400 3245 cos.
426 3221 458 3244 a.
484 3212 558 3244 767.
594 3215 813 3247 praenomen
836 3216 874 3247 A.
899 3215 1008 3249 habet
1032 3218 1068 3250 in

206 3261 303 3294 fastis
325 3263 507 3295 Antiatinis
531 3263 651 3302 (Inscr.
678 3265 763 3296 Latt.
791 3274 823 3297 n.
843 3265 950 3306 6445).
971 3283 1005 3289 —
1027 3269 1064 3307 Q.

212 3312 369 3352 Veranio]
402 3312 549 3345 Videtur
582 3322 660 3346 esse
694 3314 808 3352 idem,
844 3317 904 3357 qui
935 3325 967 3348 a.
1003 3317 1060 3349 77⁴

207 3361 450 3403 Cappadociae
466 3372 486 3395 a
499 3364 707 3395 Germanico
722 3366 943 3406 praepositus
959 3367 1001 3407 (2,
1012 3367 1065 3406 56)

206 3410 243 3441 ot
270 3410 437 3454 deinceps
464 3413 661 3445 Britanniae
688 3413 885 3455 praefectus
909 3415 981 3456 (⁴4,
1005 3416 1064 3457 29)

1125 2324 1283 2364 intraque
1296 2332 1425 2356 annum
1437 2322 1484 2355 ibi
1498 2323 1689 2356 exstinctus
1702 2325 1792 2363 (Agr.
1804 2322 1869 2363 ⁴4).
1884 2323 1985 2354 chir.

1126 2390 1161 2395 ——
1187 2373 1363 2414 deductae]
1395 2374 1572 2405 Memento
1595 2373 1793 2415 nuptiarum
1818 2372 1873 2404 die
1897 2370 1986 2404 laeta

1124 2431 1252 2464 pompa
1266 2422 1454 2455 deductam
1469 2431 1634 2463 sponsam
1648 2423 1681 2454 in
1695 2422 1813 2463 sponsi
1827 2421 1983 2454 domum.

1126 2491 1162 2496 —
1188 2474 1345 2505 incestum
1367 2490 1386 2497 -—
1402 2491 1419 2497 -
1441 2473 1663 2515 metuebatur]
1700 2474 1720 2505 i.
1751 2482 1780 2505 e.
1811 2473 1984 2505 incestum

1123 2523 1272 2556 subesse
1306 2523 1512 2562 videbatur,
1550 2523 1705 2556 nondum
1740 2523 1886 2555 firmatis
1910 2523 1985 2554 eius

1123 2573 1218 2604 modi
1247 2574 1393 2614 nuptiis,
1426 2575 1462 2605 et
1491 2572 1687 2615 periculum
1716 2574 1792 2605 irae
1824 2571 1984 2604 caelestis

1122 2622 1168 2654 ob
1184 2625 1254 2654 tam
1274 2623 1406 2664 insigne
1422 2623 1603 2663 flagitium.
1623 2623 1672 2655 Cf.
1692 2631 1724 2655 c.
1742 2622 1773 2654 8.
1797 2641 1830 2646 —
1849 2624 1877 2654 si
1892 2631 1985 2662 sper-

1119 2672 1262 2714 neretur]
1287 2673 1316 2705 si
1339 2672 1535 2714 prodigium
1560 2673 1681 2705 incesti
1706 2671 1795 2704 nulla
1813 2681 1984 2714 procura-

1121 2724 1214 2754 tione
1239 2723 1450 2763 expiaretur.
1477 2722 1526 2754 Cf.
1547 2724 1598 2762 ⁴5,
1617 2723 1655 2754 8:
1680 2723 1797 2762 spretis
1811 2722 1980 2754 ominibus.

1122 2789 1156 2794 -
1177 2773 1346 2804 consensui
1368 2773 1540 2814 imparem]
1565 2773 1768 2804 necessario
1791 2781 1830 2804 se
1855 2772 1982 2804 civium

1120 2822 1308 2854 consensui
1345 2830 1469 2863 parere
1503 2821 1648 2854 debere.
1686 2840 1721 2847 -
1756 2831 1984 2862 summamque

1118 2879 1189 2902 rem
1204 2880 1242 2911 p.
1267 2871 1335 2912 aqi]
1359 2871 1544 2903 Suetonius
1568 2870 1688 2904 Claud.
1707 2872 1768 2904 26:
1793 2872 1984 2904 subornavit

1118 2921 1153 2952 in
1174 2922 1332 2961 proximo
1353 2924 1489 2960 senatu,
1515 2922 1571 2961 qui
1592 2926 1736 2954 censeret
1754 2923 1934 2963 coyendum
1949 2930 1983 2954 se

1119 2971 1164 3002 ad
1186 2971 1368 3003 ducendam
1390 2980 1463 3003 eam
1478 2981 1638 3012 umorem,
1664 2974 1758 3013 quasi
1772 2974 1821 3004 rei
1832 2972 1982 3012 publicae

1116 3020 1265 3052 maxime
1287 3021 1470 3060 interesset,
1495 3022 1704 3062 dandamque
1722 3023 1836 3054 ceteris
1849 3022 1982 3054 veniam

1118 3069 1234 3101 talium
1256 3071 1497 3111 coniugiorum,
1518 3080 1604 3113 quae
1619 3073 1663 3104 ad
1685 3073 1719 3103 id
1741 3075 1867 3111 tempus
1888 3073 1979 3104 ince-

1116 3122 1168 3150 sta
1182 3118 1395 3152 habebantur.
1426 3121 1476 3153 Ad
1497 3121 1604 3153 verba
1623 3121 1665 3153 cf.
1685 3122 1738 3159 46,
1755 3121 1816 3153 28:
1842 3122 1981 3154 Marcel·

1115 3169 1167 3200 lus
1187 3177 1350 3202 summam
1366 3179 1438 3202 rem
1456 3171 1624 3211 publicam
1647 3172 1704 3212 aqi
1726 3171 1975 3204 clamitabat.—

1115 3219 1274 3260 capessat]
1301 3220 1557 3261 complectatur
1583 3222 1688 3261 atque
1716 3222 1831 3259 curet;
1861 3221 1904 3253 cf.
1924 3223 1976 3260 ⁴⁴,

1117 3266 1176 3299 34:
1214 3277 1314 3301 sacra
1343 3274 1533 3309 capesseret.
1566 3287 1596 3293 -
1640 3271 1808 3302 censoriae
1843 3272 1976 3313 mentis]

1117 3317 1320 3351 Censoriam
1346 3319 1507 3357 Claudio,
1532 3321 1615 3351 tunc
1640 3320 1795 3358 censori,
1820 3320 1979 3354 adulator

1115 3366 1236 3400 tribuit
1265 3370 1440 3408 mentem,
1473 3370 1505 3401 id
1531 3370 1585 3401 est
1607 3370 1774 3410 gravitate
1804 3371 1975 3413 insignem

1115 3419 1346 3461 maximisque
1369 3428 1514 3461 semper
1535 3419 1630 3452 curis
1645 3422 1865 3462 occupatam.
1890 3421 1974 3456 Plin.
