2254 3770
741 312 897 356 Lmen
923 310 1030 354 x111.
1075 310 1176 368 cap.
1207 309 1276 354 37.
1303 308 1372 354 38.
1402 307 1471 353 39.

1920 300 2004 349 m

216 421 458 472 ficiebatur,
491 419 706 478 colloquio
736 419 929 477 ipsorum
956 424 1126 475 tempus
1156 416 1386 475 locumque
1415 416 1632 461 destinari.
1667 414 1781 459 mille
1811 415 2002 473 equitum

216 495 478 555 praesidium
521 495 728 539 Tiridates
773 493 906 538 affore
942 493 1023 537 sibi
1057 492 1247 536 dicebat:
1292 498 1498 550 quantum
1530 490 1761 536 Corbuloni
1791 490 2003 548 cuiusque

215 571 385 630 generis
414 570 591 614 militum
622 570 859 620 assisteret,
890 582 976 612 non
1006 575 1210 619 statuere,
1243 567 1346 610 dum
1374 567 1524 625 positis
1554 566 1698 611 loricis
1727 572 1771 610 et
1798 565 1932 623 galeis
1961 566 2004 608 in

214 646 366 691 faciem
396 646 516 704 pacis
545 645 774 689 veniretur.
819 645 1079 701 cuicumque
1108 641 1368 694 mortalium,
1400 642 1558 687 nedum
1587 643 1723 687 veteri
1753 648 1796 686 et
1823 640 2004 699 provido

215 721 333 774 duci,
373 720 584 764 barbarae
625 720 806 763 astutiae
845 720 1101 778 patuissent,

1141 717 1242 762 ideo
1271 724 1409 761 artum
1439 718 1539 762 inde
1568 730 1794 761 numerum
1822 716 1934 759 finiri
1964 723 2037 760 ete

215 796 315 841 hinc
352 796 559 840 maiorem
598 794 762 846 offerri,
807 801 853 838 ut
886 793 1013 838 dolus
1048 800 1294 852 pararetur:
1341 807 1439 837 nam
1473 794 1606 852 equiti
1645 793 1895 851 sagittarum
1922 805 2007 836 usu

216 872 405 917 exercito
445 871 479 914 si
510 871 680 914 detecta
709 883 892 927 corpora
921 869 1215 921 obicerentur,
1255 867 1358 911 nihil
1387 869 1652 927 profuturam
1682 868 2006 912 multitudinem.

218 947 483 991 dissimulato
512 953 656 990 tamen
684 945 918 997 intellectu,
959 945 1119 989 rectius
1149 944 1204 988 de
1234 945 1307 996 iis,
1339 958 1452 1002 quae
1482 945 1524 987 in
1558 945 1781 1002 publicum
1810 944 2010 989 consule-

219 1030 377 1074 rentur,
409 1022 507 1066 totis
538 1021 796 1065 exercitibus
826 1034 971 1064 coram
995 1020 1299 1064 dissertaturos
1327 1020 1561 1078 respondit.
1601 1019 1831 1079 locumque
1851 1020 2011 1079 delegit

219 1099 342 1142 cuius
372 1111 471 1155 pars
501 1096 634 1141 altera
664 1096 797 1140 colles
828 1103 948 1140 erant
977 1095 1211 1139 clementer
1229 1095 1512 1153 adsurgentes
1532 1096 1796 1154 accipiendis
1818 1096 2009 1155 peditum
2023 1100 2061 1134 *O

219 1173 459 1224 ordinibus,
490 1186 593 1230 pars
624 1172 665 1214 in
694 1171 915 1230 planitiem
934 1171 1235 1229 porrigebatur
1255 1171 1308 1214 ad
1330 1171 1603 1229 explicandas
1623 1172 1815 1230 equitum
1834 1179 2009 1215 turmas.

220 1249 379 1307 dieque
409 1254 535 1306 pacto
564 1248 681 1305 prior
704 1247 891 1291 Corbulo
922 1247 1063 1291 socias
1094 1246 1294 1291 cohortes
1324 1253 1368 1291 et
1396 1246 1553 1290 auxilia
1582 1260 1733 1305 regum
1761 1261 1840 1305 pro
1871 1248 2012 1291 corni-

219 1324 320 1376 bus,
363 1323 505 1368 medio
546 1330 708 1367 sextam
747 1322 958 1381 legionem
989 1322 1225 1373 constituit,
1266 1323 1335 1366 cui
1365 1322 1500 1367 accita
1528 1336 1610 1380 per
1636 1330 1806 1368 noctem
1836 1323 1928 1368 aliis
1958 1335 2013 1368 ex

220 1400 372 1444 castris
402 1400 481 1443 tria
510 1398 627 1442 milia
655 1399 935 1442 tertianorum
964 1398 1295 1456 permiscuerat,
1334 1412 1421 1442 una
1451 1412 1549 1442 cum
1580 1398 1742 1457 aquila,
1785 1400 1909 1458 quasi
1938 1411 2013 1444 ea-

220 1476 322 1519 dem
350 1475 461 1533 legio
491 1481 770 1533 spectaretur.
816 1474 1024 1517 Tiridates
1054 1480 1258 1531 vergente
1287 1473 1372 1517 iam
1401 1474 1473 1518 die
1502 1473 1653 1532 procul
1683 1475 1858 1527 adstitit,
1898 1475 2064 1520 unde⁴⁸

220 1550 359 1595 videri
389 1550 523 1608 magis
553 1563 682 1608 quam
706 1549 845 1593 audiri
876 1556 1034 1607 posset.
1076 1550 1134 1593 ita
1164 1549 1257 1593 sine
1287 1563 1523 1607 congressu
1554 1549 1642 1593 dux
1670 1551 1884 1595 Romanus
1914 1551 2014 1595 abs-

222 1625 380 1671 cedere
414 1625 610 1675 militem‚
650 1639 729 1668 sua
767 1639 985 1683 quemque
1024 1625 1066 1667 in
1102 1632 1260 1676 castra,
1301 1624 1432 1669 iubet.
1475 1616 1558 1682 (39)
1589 1639 1665 1669 rex
1699 1625 1791 1670 sive
1820 1626 2013 1671 fraudem

222 1708 493 1759 suspectans,
535 1701 636 1759 quia
666 1700 789 1758 plura
818 1699 954 1743 simul
974 1700 1016 1742 in
1046 1699 1141 1744 loca
1170 1700 1321 1752 ibatur,
1357 1701 1450 1745 sive
1478 1707 1525 1744 ut
1553 1709 1818 1746 commeatus
1846 1710 2015 1747 nostros

222 1778 399 1821 Pontico
442 1777 550 1820 mari
595 1783 638 1820 et
675 1777 939 1834 Trapezunte
977 1775 1138 1833 oppido
1168 1775 1447 1820 adventantes
1490 1776 1785 1836 interciperet,
1831 1789 2016 1837 propere

224 1852 418 1897 discedit.
464 1852 541 1896 sed
588 1865 731 1910 neque
776 1851 1084 1896 commeatibus
1114 1851 1199 1894 vim
1240 1851 1381 1895 facere
1410 1852 1567 1910 potuit,
1612 1854 1713 1911 qnia
1742 1868 1821 1912 per
1848 1861 2068 1898 montesio

224 1927 494 1972 ducebantur
533 1927 762 1985 praesidiis
796 1926 954 1970 nostris
992 1926 1206 1979 insessos;
1253 1934 1296 1970 et
1328 1927 1534 1979 Corbulo,
1580 1942 1636 1973 ne
1666 1928 1827 1972 irritum
1859 1929 2017 1974 bellum

224 2003 464 2047 traheretur
492 2009 626 2061 utque
656 2004 880 2046 Armenios
909 2002 964 2046 ad
994 2015 1075 2046 sua
1103 2001 1374 2047 defendenda
1402 2010 1598 2060 cogeret,
1635 2004 1866 2049 excindere
1894 2011 2019 2064 parat

227 2078 420 2131 castella,
452 2078 640 2136 sibique,
672 2077 789 2136 quod
819 2077 1128 2122 'validissimum
1159 2078 1202 2120 in
1232 2091 1284 2122 ea
1311 2078 1597 2136 praefectura,
1628 2087 1911 2139 cognomento
1936 2082 2020 2126 Vo-

224 2153 419 2206 landum,
451 2154 601 2207 sumit;
630 2153 796 2198 minora
816 2152 1015 2198 Cornelio
1034 2152 1188 2197 Flacco
1207 2152 1348 2212 legato
1368 2161 1412 2198 et
1430 2155 1588 2200 Insteio
1610 2156 1825 2214 Capitoni,
1857 2163 2020 2202 castro-

290 2313 324 2347 6.
348 2313 463 2356 offerri
484 2310 565 2346 cod.
589 2311 792 2354 Agricolae:
818 2311 937 2354 afferri
957 2311 993 2346 M
1017 2328 1053 2336 -
1079 2311 1199 2353 equitis
1218 2320 1273 2354 pr.
1297 2311 1333 2346 M
1355 2328 1392 2335 —
1420 2312 1454 2346 7.
1477 2311 1580 2346 nichil
1599 2313 1645 2347 M.

229 2456 326 2499 quod
354 2455 505 2498 legimus
533 2456 569 2489 in
599 2455 760 2489 Mediceo
789 2456 914 2489 insochi
935 2455 1020 2490 nihil
1043 2456 1098 2490 est

230 2507 297 2540 nisi
319 2507 484 2549 corrupta
500 2506 653 2539 nominis
667 2506 790 2539 mosche
806 2507 937 2540 forma:
964 2515 1047 2539 nam
1062 2506 1097 2538 in

230 2566 273 2591 ex
294 2566 329 2590 m
351 2558 433 2589 nato
457 2558 493 2589 et
514 2555 627 2589 littera
653 2566 672 2589 ο
695 2556 740 2589 de
763 2555 842 2590 loeo
866 2565 930 2591 suo
952 2555 1098 2599 paulum

230 2607 374 2640 demota
400 2606 609 2649 prodierunt
630 2606 772 2647 insat-hi,
797 2607 868 2640 iam
891 2616 935 2639 ex
951 2607 1095 2648 antiquo

230 2656 318 2690 orbe
341 2655 534 2698 relegendi.
559 2657 694 2689 Rirrnn.
719 2673 756 2680 —
789 2660 868 2689 ante
889 2656 987 2698 alias]
1011 2664 1098 2698 prae

229 2705 322 2747 aliis,
347 2714 457 2748 super
479 2704 576 2739 alias.
604 2722 642 2730 —
672 2707 872 2748 incar-savit]
894 2706 947 2739 Ad
970 2714 1100 2739 nume—

230 2764 312 2789 rum
341 2754 557 2796 singularem
590 2755 633 2788 cf.
660 2756 762 2789 Caes.
788 2757 825 2788 B.
852 2756 891 2789 C.
916 2757 955 2796 2,
981 2755 1034 2795 ⁴9,
1059 2756 1096 2787 5:

231 2805 486 2846 Carmonenses,
512 2814 599 2846 qaae
621 2809 667 2838 est
688 2806 783 2848 longe
795 2806 988 2848 firmissima
1002 2805 1102 2837 totins

227 2855 424 2896 provinciae
437 2855 575 2896 civitas,
592 2872 612 2878 -
622 2872 641 2879 -
656 2856 802 2888 cohortes
816 2855 911 2888 eiecit
921 2859 1102 2896 portasque

228 2905 421 2947 praeclusit.
446 2904 533 2938 Plin.
550 2906 591 2938 N.
611 2905 652 2938 H.
669 2906 690 2938 2
713 2905 833 2947 5⁴39:
862 2906 1015 2945 Volsinii,
1039 2913 1102 2945 ep-

229 2955 347 2997 pidmn
371 2955 550 2987 Tuscorum
571 2954 869 2995 opulentissimum
898 2958 1003 2988 totum
1025 2963 1102 2987 con-

232 3007 419 3038 crematum
449 3007 496 3036 est
522 3004 670 3045 fiamine.
699 3021 735 3027 —-
767 3004 855 3036 datis
882 3013 990 3045 nuper
1014 3003 1103 3036 obsi-

234 3054 344 3097 aibas]
375 3053 464 3086 Vide
488 3063 520 3087 c.
546 3054 579 3086 9.
612 3069 649 3078 -·
680 3054 834 3096 mallent]
869 3054 1040 3087 Tiridates
1066 3055 1103 3087 et

234 3103 439 3145 Vologeses.
456 3121 500 3127 —
521 3103 616 3136 clade
636 3103 799 3144 Romana]
823 3103 875 3136 Cf.
900 3104 940 3143 2,
966 3105 980 3136 ⁴
1009 3105 1046 3136 et
1066 3104 1099 3136 2.

235 3169 279 3178 —-
299 3152 501 3194 Hyrcaniae]
522 3151 610 3184 Vide
633 3152 679 3184 ad
702 3152 734 3192 6,
760 3152 813 3185 36.

279 3203 334 3237 38.
366 3203 403 3235 in
434 3210 599 3235 simmam
619 3201 729 3243 pacis]
763 3202 799 3234 h.
833 3210 864 3234 e.
896 3202 935 3234 ut
963 3209 1103 3234 summa

236 3253 334 3296 pacis
358 3252 570 3286 efficeretur.
604 3250 656 3284 Cf.
681 3252 754 3283 Liv.
779 3251 812 3291 3,
838 3251 899 3284 6⁴:
927 3260 1106 3292 parvaque

237 3304 423 3336 &rumina
443 3304 480 3335 tn
500 3309 665 3335 semmam
686 3301 786 3333 totius
799 3302 1011 3342 profecerant
1023 3302 1102 3343 spei.

237 3351 338 3386 Idem
359 3352 415 3392 3⁴,
439 3352 496 3385 37:
523 3361 591 3384 non
612 3351 648 3383 in
670 3351 855 3391 praesentis
875 3351 972 3383 modo
994 3354 1105 3384 certa-

238 3402 338 3435 min&
368 3402 531 3444 aleriam,
566 3401 622 3434 sed
652 3401 689 3433 in
719 3408 883 3433 summam
910 3401 1011 3433 etiam
1032 3399 1106 3433 beat

1149 2457 1185 2489 et
1207 2457 1324 2498 imago
1341 2456 1519 2499 quaedam
1534 2458 1650 2499 pacis,
1675 2467 1747 2491 non
1762 2457 1856 2492 belli.
1882 2460 1963 2493 Ean.
1980 2479 2016 2487 -·

1148 2509 1262 2539 artum
1282 2507 1359 2539 inde
1373 2507 1561 2549 nwneram]
1585 2517 1606 2540 a
1621 2508 1784 2542 Tiridate.
1806 2526 1842 2532 —
1859 2510 1935 2543 hinc
1947 2519 2021 2544 σικι-

1147 2556 1262 2599 iorem]
1287 2566 1308 2589 a
1330 2558 1430 2599 parte
1446 2558 1699 2591 Romanorum.
1719 2574 1755 2581 -—
1779 2562 1817 2591 nt
1839 2560 1933 2593 dolus
1950 2570 2018 2602 pa-

1148 2605 1295 2648 raretur]
1320 2614 1363 2638 eo
1387 2605 1549 2646 consilio,
1575 2608 1614 2639 ut
1631 2607 1750 2649 parari
1766 2611 1888 2650 posset
1903 2609 2018 2651 dolus,

1150 2657 1250 2690 cuins
1274 2656 1387 2690 exitus
1411 2657 1518 2690 etiam
1540 2658 1626 2690 tunc
1656 2666 1742 2691 sane
1763 2659 1909 2692 incertas
1931 2662 2016 2694 erat.

1150 2706 1202 2740 Cf.
1221 2715 1253 2739 c.
1270 2706 1335 2740 40:
1361 2707 1468 2739 locum
1488 2708 1604 2748 fraudi
1621 2711 1763 2749 parare.
1784 2726 1820 2732 —
1840 2711 1938 2750 quast·
1958 2720 2020 2744 ea-

1149 2757 1223 2789 dem
1244 2757 1329 2798 legio
1356 2758 1577 2799 spectaretur]
1607 2759 1708 2800 quasi
1739 2758 1866 2793 milites
1894 2766 2020 2795 omnes

1149 2807 1185 2840 in
1207 2807 1327 2840 medio
1343 2808 1539 2847 constituti,
1566 2810 1664 2841 sexta
1680 2807 1770 2851 legio
1786 2811 1920 2852 integra
1937 2818 2019 2845 cum

1149 2856 1263 2889 tribus
1279 2855 1421 2890 milibus
1435 2858 1666 2890 tertianorum
1682 2859 1715 2891 ei
1731 2860 1931 2901 permixtis,
1957 2868 2021 2894 ea-

1151 2905 1235 2939 dem
1257 2905 1314 2938 vel
1336 2914 1405 2938 una
1428 2907 1564 2939 tantum
1579 2905 1670 2949 legio
1686 2910 1827 2948 essent,
1852 2911 2020 2951 quoniam

1151 2955 1297 2997 quidem
1319 2962 1389 2988 una
1413 2955 1597 2990 dumtaxat
1610 2959 1732 2991 sextae
1749 2958 1865 3000 aquila
1879 2960 2021 3003 conspi—

1152 3006 1324 3039 ciebatur.

1196 3055 1250 3088 39.
1282 3055 1484 3098 Volandum]
1514 3056 1620 3089 hodie
1648 3058 1817 3099 ignotum.
1854 3058 2022 3101 Forbiger

1154 3104 1359 3146 Geoyraphte
1381 3105 1430 3145 11,
1455 3113 1491 3148 p.
1516 3106 1599 3139 605:
1631 3108 1817 3141 «Fortasse
1840 3107 2021 3143 Strabonis

1155 3156 1201 3197 (p.
1226 3154 1301 3195 529)
1332 3154 1454 3196 Olane,
1487 3155 1619 3198 aliquot
1654 3157 1792 3190 dierum
1822 3158 1946 3191 itinera
1974 3158 2020 3192 ab

1154 3204 1326 3236 Artaxatis
1355 3206 1529 3238 remota.»
1556 3223 1591 3229 —
1623 3206 1750 3248 legato]
1778 3206 1935 3248 legionis.
1966 3208 2018 3242 Cf.

1155 3253 1188 3291 ⁴,
1212 3251 1266 3286 44.
1291 3253 1330 3293 2,
1355 3253 1410 3286 36.
1437 3271 1472 3277 —
1507 3255 1626 3287 Insteio
1656 3254 1826 3296 Capitoni]
1857 3256 2020 3298 Insteius,

1154 3301 1259 3343 paulo
1282 3304 1364 3335 ante
1387 3303 1546 3336 centurio
1564 3305 1606 3343 (c.
1625 3303 1655 3344 9)
1667 3328 1676 3344 ,
1700 3304 1772 3336 iam
1788 3304 1834 3336 ad
1849 3306 2022 3339 maiorem

1155 3351 1317 3384 ordinem
1339 3353 1523 3394 promotus
1546 3353 1622 3384 erat
1644 3360 1760 3394 eoque
1783 3361 1854 3386 non
1869 3362 1940 3388 uno
1956 3364 2023 3388 no-

1155 3401 1268 3441 mine,
1292 3403 1332 3434 ut
1352 3403 1451 3443 ente,
1479 3401 1545 3435 sed
1568 3401 1709 3435 duobus
1731 3405 1889 3445 vocatur,
1914 3405 2022 3438 etiam

235 3450 422 3493 warocum
432 3451 531 3493 teret.
552 3467 588 3476 -
605 3449 786 3492 etfaciam]
801 3451 842 3483 ut
856 3450 952 3483 esset
966 3449 1106 3492 species
1155 3449 1203 3483 ob
1225 3452 1401 3485 sermonis
1423 3452 1718 3494 concinnitatem,
1749 3460 1833 3486 cum
1860 3455 2020 3497 proxime
