2254 3770
742 262 897 307 LIBER
925 262 1010 307 XV.
1055 261 1157 319 Cap.
1187 261 1254 304 48.
1285 261 1353 305 49.
1383 262 1452 306 50.
1918 257 2001 302 523

216 371 406 416 sociavit.
443 376 487 414 at
515 369 684 414 Flavius
715 363 947 413 Scaevinus
977 373 1020 412 et
1046 367 1241 411 Afranius
1271 367 1543 421 Quintianus,
1581 371 1764 424 uterque
1800 364 2001 409 senatorii

214 446 391 495 ordinis,
433 451 580 490 contra
618 445 772 488 famam
807 444 874 488 sui
912 443 1170 502 principium
1209 444 1309 486 tanti
1349 443 1546 487 facinoris
1575 441 1860 500 capessivere.
1905 453 2003 483 nam

214 521 422 566 Scaevino
452 519 660 564 dissoluta
688 519 789 563 luxu
820 533 941 563 mens
962 525 1005 563 et
1022 517 1204 577 proinde
1225 518 1307 562 vita
1328 532 1478 562 somno
1497 516 1719 576 languida:
1751 515 2003 568 Quintianus

213 595 388 640 mollitia
417 595 610 654 corporis
651 595 815 639 infamis
845 601 888 639 et
916 608 942 638 a
970 596 1139 638 Nerone
1168 593 1380 651 probroso
1411 593 1600 637 carmine
1630 591 1871 636 diffamatus
1902 603 2004 634 con-

213 670 407 715 tumelias
443 670 576 714 ultum
616 670 716 714 ibat.
763 670 845 727 (50)
886 683 989 727 ergo
1019 669 1122 712 dum
1160 668 1325 712 scelera
1353 669 1577 727 principis,
1619 674 1662 711 et
1689 666 1820 710 finem
1849 664 2036 710 adesses

214 746 393 804 imperio
423 745 785 804 deligendumque
815 745 889 804 qui
929 744 1053 788 sessis
1085 732 1536 795 rebus'succurreret,
1576 743 1687 786 inter
1717 756 1765 786 se
1794 747 1868 785 aut
1896 740 2005 784 inter

212 822 374 866 amicos
394 821 571 872 iaciunt,
603 820 894 878 adgregavere
918 818 1142 864 Claudium
1163 819 1467 870 Senecionem,
1496 818 1744 862 Cervarium
1762 815 2003 866 Proculum,

211 896 447 942 Vulcatium
483 897 720 947 Araricum,
758 895 911 939 Iulium
953 895 1237 953 Augurinum,
1279 894 1512 938 Munatium
1543 894 1738 944 Gratum,
1778 891 2005 936 Antonium

209 971 417 1021 Natalem,
450 971 653 1014 Marcium
674 972 864 1021 Festum,
897 970 1066 1028 equites
1086 971 1325 1022 Romanos,
1357 984 1412 1013 ex
1430 969 1588 1027 quibus
1609 968 1803 1019 Senecio,
1835 981 1860 1011 e
1880 980 2006 1025 prae-

211 1047 337 1104 cipua
365 1046 643 1090 familiaritate
670 1046 863 1097 Neronis,
895 1045 1087 1103 speciem
1117 1045 1328 1089 amicitiae
1359 1045 1488 1088 etiam
1515 1051 1604 1087 tum
1626 1044 1815 1087 retinens
1836 1057 1890 1088 eo
1910 1042 2054 1100 plu-⁴0

210 1122 329 1166 ribus
358 1121 562 1180 periculis
593 1120 927 1166 conflictabatur.
958 1120 1113 1164 Natalis
1143 1120 1360 1178 particeps
1388 1120 1441 1163 ad
1462 1133 1588 1163 omne
1618 1124 1834 1163 secretum
1862 1117 2005 1162 Pisoni

211 1204 315 1242 erat.
346 1197 502 1241 ceteris
532 1211 633 1255 spes
663 1210 717 1240 ex
746 1196 869 1240 novis
889 1196 1020 1239 rebus
1049 1195 1289 1253 petebatur.
1321 1195 1510 1239 adscitae
1532 1202 1629 1238 sunt
1653 1208 1784 1252 super
1804 1193 2004 1238 Subrium

211 1279 254 1317 et
292 1271 548 1330 Sulpicium,
588 1271 647 1316 'de
683 1271 840 1330 quibus
881 1270 1044 1322 rettuli,
1086 1271 1291 1315 militares
1329 1285 1501 1321 manus,
1542 1270 1700 1314 Gavius
1736 1269 1933 1313 Silvanus
1963 1274 2007 1312 et

211 1348 368 1392 Statius
398 1348 638 1399 Proximus,
682 1347 838 1390 tribuni
869 1346 1107 1391 cohortium
1136 1346 1469 1404 praetoriarum,
1507 1346 1713 1389 Maximus
1744 1345 1931 1389 Scaurus
1964 1350 2007 1388 et

211 1424 397 1468 Venetus
426 1421 585 1466 Paulus
615 1422 901 1466 centuriones.
933 1422 1010 1466 sed
1030 1436 1245 1465 summum
1266 1421 1398 1465 robur
1417 1422 1460 1464 in
1481 1421 1639 1465 Faenio
1660 1420 1766 1464 Rufo
1786 1419 2054 1477 praefectois

209 1498 452 1548 videbatur,
494 1511 625 1556 quem
664 1497 750 1540 vita
788 1497 986 1555 famaque
1015 1497 1234 1541 laudatum
1263 1511 1343 1555 per
1371 1496 1592 1540 saevitiam
1623 1494 2005 1553 inpudicitiamque

209 1573 426 1631 Tigillinus
471 1573 512 1615 in
556 1572 697 1616 animo
735 1572 939 1630 principis
979 1572 1186 1623 anteibat,
1227 1572 1514 1630 fatigabatque
1558 1570 1925 1615 criminationibus
1955 1583 2006 1614 ac

212 1662 344 1706 saepe
375 1649 416 1691 in
447 1655 608 1691 metum
636 1647 872 1692 adduxerat
901 1648 1025 1706 quasi
1056 1646 1298 1691 adulterum
1317 1647 1575 1704 Agrippinae
1605 1653 1647 1690 et
1672 1645 1889 1690 desiderio
1911 1645 2004 1689 eius

211 1722 360 1777 ultioni
399 1723 617 1767 intentum.
672 1723 798 1780 igitur
839 1723 911 1766 ubi
950 1722 1182 1767 coniuratis
1218 1722 1484 1780 praefectum
1520 1735 1695 1780 quoque
1731 1721 1933 1779 praetorii
1963 1720 2004 1763 in

279 1851 312 1882 5.
337 1849 478 1882 multum
499 1849 533 1882 M
552 1867 587 1872 —
612 1850 643 1882 6.
661 1849 804 1890 imperia
819 1850 853 1882 M
872 1867 906 1871 —
926 1849 1196 1891 deligendumque
1218 1850 1275 1891 qui
1298 1848 1528 1882 Puteolanus:
1555 1849 1761 1891 deligendum
1784 1848 1906 1889 quique
1927 1848 2002 1881 M—

210 1907 242 1939 7.
263 1906 440 1939 Claudium
462 1906 632 1939 Ritterus:
658 1905 788 1938 tullium
810 1906 841 1938 M
866 1924 900 1929 -
928 1906 959 1939 8.
981 1906 1166 1938 Vulcatium
1182 1906 1388 1939 Rhenanus:
1414 1905 1609 1947 uulyacium
1625 1906 1656 1938 M
1677 1924 1710 1928 —
1729 1905 1934 1947 augurinum
1950 1905 2002 1937 M:

212 1962 417 2004 Tuqurinum
439 1961 506 1994 alii.
527 1979 563 1985 —
590 1963 622 1994 9.
646 1962 773 2007 senecio
795 1961 830 1994 h.
849 1960 871 1994 l.
889 1963 921 1994 M
941 1978 975 1985 —
1004 1963 1057 1994 44.
1080 1962 1220 2003 periculi
1243 1963 1276 1995 M
1302 1980 1337 1984 —
1365 1963 1418 1995 45.
1436 1962 1560 1995 Faenio
1583 1962 1634 1995 M:
1659 1962 1759 1994 Fenio
1775 1960 1891 2002 vulgo.
1915 1959 2004 1993 Vide

208 2018 253 2051 ad
275 2027 310 2060 p.
329 2018 405 2058 407,
423 2019 456 2051 5.
477 2037 513 2042 —
541 2019 593 2052 46.
617 2018 772 2051 senilium
795 2018 828 2051 Μ
845 2035 880 2040 -
907 2018 961 2051 47.
979 2018 1141 2061 tiqiltinus
1156 2019 1207 2052 M:
1236 2018 1413 2061 Tigellinus
1435 2017 1550 2059 vulgo.
1575 2017 1664 2050 Vide
1689 2017 1733 2050 ad
1757 2027 1790 2060 p.
1809 2016 1887 2058 475,
1911 2018 1943 2050 7.
1964 2033 2000 2041 -

208 2075 263 2108 48.
285 2077 374 2107 metu
396 2074 442 2108 M.

207 2193 272 2228 sed
295 2203 315 2226 a
338 2194 464 2226 timore
476 2219 483 2233 ,
495 2193 548 2225 'ut
562 2193 610 2225 ait
626 2192 680 2233 44,
698 2193 751 2226 65.
771 2211 808 2217 -
827 2193 986 2226 Subrium
1000 2194 1082 2226 Fla-

206 2243 295 2285 vum]
314 2243 365 2276 Cf.
382 2244 437 2276 50.
454 2243 508 2276 58.
529 2243 582 2276 65.
598 2243 652 2275 67.
670 2260 705 2266 -
723 2243 910 2283 Sulpicium
924 2243 1080 2286 Asprum]

209 2293 260 2326 Cf.
280 2302 311 2325 c.
329 2293 383 2326 50.
403 2293 456 2326 68.
476 2310 512 2315 -
539 2293 693 2325 Lucanus
707 2292 873 2335 Annaeus]
899 2296 1003 2335 poeta
1021 2294 1081 2335 qui

209 2341 422 2375 Pharsaliam
447 2343 592 2381 cecinit,
619 2343 751 2374 Annaei
774 2341 896 2381 Melae,
923 2344 1080 2376 Senecae

208 2393 340 2432 fratris,
367 2392 457 2426 filius
474 2393 539 2434 (46,
561 2394 624 2433 47).
650 2393 700 2425 Cf.
720 2403 750 2425 c.
769 2394 823 2425 56.
842 2394 895 2426 70.
916 2411 951 2417 -
979 2395 1082 2426 Plau-

207 2445 336 2484 tiusque
358 2442 555 2484 Lateranus]
581 2442 632 2476 Cf.
651 2443 705 2481 44,
723 2443 776 2475 30.
795 2443 849 2475 36.
876 2444 928 2480 43,
948 2445 1001 2476 44.
1025 2446 1078 2484 45,

209 2494 264 2527 60.
284 2511 319 2516 —
339 2494 454 2526 consul
473 2492 672 2534 desiynatus]
698 2492 818 2526 Glossa
835 2493 923 2526 haec
942 2503 984 2526 ex
999 2503 1080 2536 pro—

207 2543 311 2576 ximis
326 2543 492 2576 consulem
503 2543 713 2584 designatum
725 2542 814 2575 facta
830 2545 894 2575 est.
914 2542 985 2576 Illic
996 2553 1081 2576 vero

209 2601 383 2635 perquam
407 2592 495 2632 scite
519 2591 637 2624 addita
653 2592 865 2624 Lateranum
881 2591 974 2625 nulla
990 2593 1082 2625 iniu-

208 2644 258 2676 ria
282 2643 329 2675 ad
344 2643 623 2676 coniurationem
640 2641 847 2684 perpulsum
865 2651 944 2675 esse
965 2645 1082 2676 osten-

209 2692 308 2725 dunt.
327 2711 362 2716 —
386 2691 537 2734 intulere]
562 2691 597 2724 id
621 2693 692 2730 est,
718 2700 843 2724 secum
866 2691 1014 2725 attulere
1037 2693 1081 2725 ad

209 2742 499 2775 coniurationem.
524 2742 713 2783 Comparat
726 2741 934 2774 Doederlein
949 2743 1019 2775 Cic.
1036 2743 1081 2776 de

209 2792 304 2824 Orat.
322 2793 354 2831 2,
372 2792 427 2832 53,
444 2791 525 2825 2⁴4:
555 2793 630 2824 Non
653 2793 739 2824 enim
755 2810 773 2815 -
785 2810 804 2815 -
819 2793 1081 2826 misericordiam

208 2844 270 2873 aut
290 2841 452 2873 invidiam
474 2844 535 2873 aut
548 2842 778 2881 iracundiam,
803 2842 902 2874 simul
917 2845 1017 2882 atque
1031 2844 1082 2875 in-

209 2890 341 2931 tuleris,
370 2892 476 2931 possis
499 2900 711 2923 commovere.
740 2909 775 2914 —
803 2892 1082 2933 prohibueratque

209 2941 383 2981 ostentare]
410 2939 606 2973 Pharsaliae
631 2939 758 2979 libros,
784 2943 822 2973 ut
844 2940 971 2982 singuli
987 2951 1084 2974 com-

211 2991 314 3033 positi
344 2992 462 3029 erant,
494 2989 606 3023 aliave
638 2993 801 3032 poemata
827 2991 966 3033 publice
990 2993 1082 3025 reci-

210 3042 299 3073 tare.
325 3040 389 3072 Dio
414 3040 468 3080 62,
494 3040 556 3072 29:
582 3036 604 3071 ὁ
628 3038 669 3072 δὲ
691 3037 738 3083 δὴ
761 3038 963 3082 Λουκανὸς
987 3041 1082 3075 ἐκω-

210 3089 310 3133 λύθη
334 3092 475 3130 ποιεῖν,
499 3087 628 3132 ἐπειδὴ
653 3089 819 3137 ἰσχυρῶς
838 3090 1026 3137 ἐπῃνεῖτο.
1043 3109 1078 3115 -

209 3147 318 3172 vanus
339 3140 606 3180 adsimulatione]
629 3139 719 3172 adeo
742 3149 866 3180 vanus,
891 3142 930 3173 ut
952 3141 1082 3173 Lucani

211 3190 368 3222 carmina
400 3188 635 3229 adsimulare,
672 3190 927 3231 aequiparare,
965 3189 1079 3223 vellet.

210 3238 342 3272 Bellam
359 3238 657 3271 narratiunculam
673 3239 730 3271 bic
743 3239 909 3272 confinxit
926 3240 1074 3281 Lipsius:

213 3287 491 3330 «Quinquennali
517 3287 671 3327 ludicro,
704 3297 785 3321 cum
809 3289 988 3331 Orpheum
1012 3290 1081 3322 Lu-

213 3347 322 3371 canus
339 3339 534 3377 recitasset,
560 3339 747 3371 coronatus
768 3340 886 3371 contra
905 3340 1080 3371 Neronem

213 3389 278 3428 est,
303 3388 399 3431 quod
420 3397 524 3431 aegre
542 3386 618 3420 tulit
632 3387 856 3420 citharoedus
875 3388 1078 3431 princepsa

1132 2202 1240 2236 quam
1271 2193 1398 2227 exinde
1431 2202 1557 2227 omnes
1583 2194 1795 2235 interpretes
1818 2193 1922 2225 nimis
1945 2201 2005 2226 se-

1131 2253 1216 2277 cure
1239 2246 1492 2287 repetiverunt.
1523 2246 1567 2277 At
1590 2253 1676 2277 vero
1692 2253 1733 2276 ea
1755 2244 1827 2276 tota
1844 2244 1918 2276 sine
1936 2242 2005 2276 ulla

1131 2295 1195 2326 viri
1219 2295 1348 2327 summi
1373 2294 1475 2336 culpa
1500 2296 1577 2327 orta
1601 2295 1656 2327 est
1677 2303 1719 2326 ex
1744 2293 1830 2326 falsa
1854 2292 2003 2326 lectione

1131 2344 1167 2376 in
1191 2344 1416 2377 Genethliaco
1441 2345 1569 2377 Lucani
1594 2345 1689 2386 (Stat.
1716 2342 1797 2376 Silv.
1824 2343 1857 2382 2,
1882 2343 1914 2381 7,
1932 2342 2002 2382 58):

1130 2395 1286 2436 Inyratus
1307 2395 1397 2427 Nero
1421 2394 1570 2426 dulcibus
1591 2394 1728 2426 theatris
1752 2394 1793 2425 Et
1815 2396 1925 2425 noster
1947 2392 2006 2424 tibi

1127 2444 1361 2485 praeferetur
1378 2444 1542 2485 Orpheus,
1567 2443 1630 2476 ubi
1654 2452 1747 2476 nunc
1763 2445 1861 2475 recte
1878 2441 2006 2483 legitur

1129 2494 1347 2534 proferetur.
1373 2494 1560 2526 Suetonius
1576 2494 1608 2526 in
1627 2494 1696 2526 vita
1714 2493 1864 2525 Lucani:
1890 2492 2006 2524 Prima

1130 2544 1255 2585 inyenii
1278 2544 1507 2584 experimenta
1528 2544 1565 2576 in
1586 2544 1728 2576 Neronis
1750 2542 1904 2574 laudibus
1919 2542 2007 2574 dedit

1132 2593 1374 2634 quinquennali
1396 2594 1586 2626 certamine.
1609 2611 1643 2616 —
1661 2593 1796 2626 Flavius
1811 2591 2003 2633 Scaevinus]

1133 2642 1183 2675 Cf.
1210 2651 1240 2675 c.
1265 2642 1319 2675 53.
1345 2642 1399 2675 54.
1425 2643 1478 2675 55.
1505 2644 1560 2675 66.
1579 2643 1632 2675 70.
1654 2660 1689 2665 -
1715 2642 1875 2683 Afranius
1899 2642 2005 2682 Quin·

1132 2692 1254 2734 tianus]
1280 2692 1330 2725 Cf.
1358 2702 1389 2725 c.
1414 2693 1469 2725 56.
1488 2693 1542 2725 70.
1563 2710 1598 2715 -
1624 2693 1765 2726 mollitia
1787 2693 1936 2733 corporis
1950 2692 2005 2724 in-

1131 2743 1241 2784 famis]
1265 2743 1353 2775 Vide
1372 2743 1417 2775 ad
1440 2744 1494 2782 44,
1519 2744 1551 2775 2.

1175 2794 1229 2825 50.
1245 2794 1344 2834 finem
1359 2794 1482 2834 adesse]
1501 2803 1608 2835 quem
1621 2795 1778 2826 cometes
1790 2792 2004 2835 portendere

1133 2852 1175 2875 ac
1192 2843 1397 2885 promittere
1415 2843 1646 2882 credebatur;
1667 2843 1710 2876 cf.
1731 2853 1760 2876 c.
1778 2843 1832 2876 47.
1849 2860 1883 2865 —
1904 2843 2006 2876 Clau-

1132 2893 1226 2925 dium
1246 2893 1468 2936 Senecionem]
1501 2893 1552 2926 Cf.
1580 2893 1632 2932 43,
1659 2894 1711 2926 42.
1740 2911 1774 2916 -
1809 2893 2005 2926 Cervarium

1131 2942 1316 2984 Proculum]
1342 2943 1392 2975 Cf.
1420 2952 1450 2977 c.
1474 2943 1531 2975 66.
1553 2943 1606 2976 74.
1636 2960 1669 2966 ·-
1696 2943 1874 2975 Antonium
1895 2943 2005 2975 Nata-

1132 2991 1206 3033 lem]
1233 2991 1283 3024 Cf.
1311 3001 1342 3024 c.
1368 2991 1421 3024 54.
1448 2994 1502 3026 55.
1528 2993 1582 3025 56.
1601 2993 1653 3025 74.
1676 3010 1710 3016 -
1738 2993 1776 3025 de
1799 2992 1916 3032 quibus
1936 2995 2005 3024 ret-

1132 3041 1205 3083 tuli]
1232 3049 1262 3073 c.
1287 3040 1341 3074 49.
1371 3060 1406 3065 —-
1431 3043 1594 3075 militares
1615 3042 1750 3083 manus]
1781 3041 2007 3083 Singulariter

1133 3090 1201 3122 hoc
1224 3090 1358 3123 dictum
1384 3100 1449 3133 pro
1471 3092 1555 3123 viris
1578 3091 1790 3124 militaribus.
1819 3110 1854 3115 —
1879 3091 2007 3124 Gavius

1133 3140 1299 3182 Silvanus]
1325 3140 1376 3174 Cf.
1404 3151 1435 3174 c.
1455 3142 1507 3174 60.
1527 3142 1580 3173 74.
1608 3159 1642 3164 -
1669 3142 1796 3173 Statius
1817 3141 2004 3184 Proaeirnus]

1134 3189 1184 3222 Cf.
1211 3199 1242 3222 c.
1261 3190 1314 3222 74.
1337 3209 1373 3214 —-
1397 3192 1521 3223 Faenio
1544 3191 1638 3232 Rufo]
1665 3190 1715 3223 Cf.
1739 3190 1791 3230 43,
1810 3191 1864 3223 22.
1885 3208 1921 3214 —
1951 3192 2006 3224 Ti-

1132 3239 1268 3280 qillinus
1295 3241 1331 3273 in
1353 3241 1466 3272 animo
1494 3241 1657 3280 principis
1679 3239 1840 3281 anteibat]
1871 3240 1923 3274 Cf.
1948 3241 2002 3281 44,

1132 3289 1193 3321 54;
1218 3289 1365 3322 validior
1389 3290 1558 3331 Tigillinus
1579 3291 1614 3320 in
1637 3290 1749 3321 animo
1770 3290 1944 3331 principis.
1966 3309 2002 3315 —

1133 3338 1299 3380 impetum]
1325 3339 1508 3372 consilium
1535 3347 1604 3371 non
1628 3338 1712 3371 satis
1736 3338 1914 3380 consulto,
1939 3340 2002 3373 sed

1133 3388 1294 3431 cupidius
1326 3391 1488 3431 captum,
1522 3388 1587 3421 etsi
1618 3386 1784 3428 deloco,
1814 3388 1876 3421 ubi
1899 3398 2002 3422 exse-
