2254 3770
304 254 387 300 352
781 257 826 300 Ρ.
859 256 1110 301 CORNELII
1139 257 1310 301 TACITI
1339 257 1608 304 ANNALIUM

303 362 416 405 tione
451 361 732 420 languescere
776 369 849 406 aut
885 364 926 405 in
965 363 1188 421 perfidiam
1220 364 1393 408 mutari:
1433 365 1491 410 ita
1525 373 1730 423 urgueret
1768 373 1933 425 coepta.
1969 368 2094 426 quod

302 445 493 495 spretum
533 438 681 482 fraude
721 438 890 489 Acbari,
933 438 1005 496 qui
1047 439 1245 483 iuvenem
1277 440 1471 498 ignarum
1501 448 1543 485 et
1572 455 1781 486 summam
1811 443 2021 488 fortunam
2051 445 2094 488 in

301 512 400 556 luxu
432 520 568 557 ratum
599 513 754 557 multos
784 528 864 571 per
894 513 989 557 dies
1019 515 1184 558 attinuit
1215 515 1329 572 apud
1358 515 1566 574 oppidum
1587 517 1806 562 Edessam.
1847 525 1890 562 et
1918 526 2097 563 vocante

302 589 466 632 Carene
497 596 805 647 promptasque
835 603 906 632 res
940 596 1199 641 ostentante,
1241 591 1275 634 si
1308 591 1377 634 citi
1409 591 1700 645 advenissent,
1744 608 1829 637 non
1859 595 2097 638 comminus

267 665 649 722 5Mes0potamiam
681 665 757 708 sed
789 664 900 708 flexu
925 665 1164 708 Armeniam
1191 673 1358 723 petunt,
1391 666 1433 710 id
1455 669 1659 725 temporis
1683 669 1962 727 inportunam,
1995 670 2099 728 quia
2159 679 2164 684 ’

299 741 466 798 hiemps
497 740 749 798 occipiebat.
796 740 877 797 (43)
910 741 1020 783 exim
1052 741 1221 784 nivibus
1252 749 1294 785 et
1325 743 1538 786 montibus
1570 743 1689 796 fessi,
1721 751 1950 803 postquam
1979 759 2097 789 cam-

301 831 378 874 pos
408 816 773 874 propinquabant,
807 816 942 874 copiis
975 817 1150 860 Carenis
1182 816 1487 875 adiunguntur,
1520 820 1807 878 tramissoque
1841 834 1965 864 amne
1987 821 2097 879 Tigri

299 898 522 949 permeant
562 891 823 943 Adiabenos,
862 905 1045 950 quorum
1084 906 1159 935 rex
1198 893 1334 936 Izates
1372 894 1622 938 societatem
1658 895 1915 940 Meherdatis
1955 895 2097 954 palam

300 967 517 1019 induerat,
551 967 594 1010 in
621 967 831 1011 Gotarzen
862 981 939 1025 per
969 966 1136 1011 occulta
1168 974 1209 1011 et
1238 969 1374 1027 magis
1403 968 1489 1013 fida
1521 970 1761 1015 inclinabat.
1809 971 1887 1015 sed
1909 978 2034 1030 capta
2053 972 2096 1015 in

249 1043 475 1091 lotransitu
515 1043 620 1087 urbs
658 1044 810 1094 Ninos,
854 1043 1144 1086 vetustissima
1182 1044 1310 1087 sedes
1341 1045 1565 1104 Assyriae,
1605 1053 1643 1090 et
1679 1046 1898 1091 castellum
1931 1048 2095 1106 insigne

299 1121 424 1171 fama,
458 1119 573 1177 quod
605 1126 823 1176 postremo
856 1119 965 1162 inter
995 1120 1168 1163 Darium
1200 1126 1329 1178 atque
1357 1119 1643 1165 Alexandrum
1673 1122 1838 1180 proelio
1868 1124 2096 1167 Persarum

298 1196 382 1239 illic
413 1209 519 1253 opes
550 1194 836 1239 conciderant.
882 1196 1045 1239 interea
1076 1195 1279 1239 Gotarzes
1310 1196 1423 1253 apud
1457 1203 1658 1249 montem,
1703 1198 1771 1241 cui
1803 1212 1957 1242 nomen
1989 1199 2096 1243 San-

299 1270 439 1322 bulos,
472 1277 570 1314 vota
601 1270 667 1313 dis
700 1270 778 1314 loci
811 1270 1094 1328 suscipiebat,
1132 1271 1367 1329 praecipua
1397 1271 1604 1328 religione
1635 1273 1853 1327 Herculis3
1884 1274 1957 1332 qui
1988 1280 2096 1318 tem-

298 1361 404 1405 pore
435 1353 543 1390 stato
574 1361 653 1404 per
674 1346 862 1404 quietem
895 1352 1041 1389 monet
1067 1346 1315 1391 sacerdotes
1338 1353 1383 1390 ut
1403 1347 1609 1405 templum
1630 1348 1744 1392 iuxta
1765 1343 1903 1407 equos
1922 1350 2095 1394 venatui

247 1440 283 1469 ⁴5
298 1423 527 1467 adornatos
558 1422 720 1465 sistant.
761 1421 861 1479 equi
893 1422 966 1465 ubi
998 1421 1220 1479 pharetras
1251 1422 1344 1466 telis
1375 1430 1550 1466 onustas
1582 1438 1810 1482 accepere,
1854 1438 1934 1483 per
1962 1425 2095 1470 saltus

296 1499 392 1557 vagi
422 1504 549 1542 nocte
580 1497 754 1541 demum
783 1497 931 1541 vacuis
961 1496 1174 1555 pharetris
1205 1498 1338 1542 multo
1369 1513 1467 1543 cum
1487 1498 1675 1543 anhelitu
1697 1500 1891 1544 redeunt.
1921 1515 2094 1545 rursum

297 1575 424 1626 deus,
457 1588 543 1632 qua
573 1573 701 1617 silvas
731 1573 1037 1631 pererraverit,
1071 1580 1278 1618 nocturno
1299 1574 1391 1617 visu
1416 1574 1699 1627 demonstrat,
1733 1576 2094 1635 reperiunturque

295 1651 415 1695 fusae
445 1650 607 1708 passim
636 1649 766 1693 ferae.
799 1649 879 1705 (44)
913 1655 1104 1693 ceterum
1135 1650 1356 1703 Gotarzes,
1387 1650 1577 1694 nondum
1607 1650 1709 1694 satis
1736 1658 1860 1696 aucto
1886 1652 2089 1705 exercitu,

360 1794 392 1826 4.
417 1795 512 1833 cepta
533 1792 567 1825 M
591 1808 628 1814 -
654 1790 685 1823 3.
710 1793 790 1822 ratu
812 1789 846 1822 M
873 1806 908 1811 —
933 1789 965 1821 5.
990 1792 1106 1829 petunt
1127 1789 1281 1831 Lipsius:
1301 1789 1422 1830 petiuit
1443 1790 1477 1823 M
1501 1808 1535 1814 ——
1562 1790 1594 1824 6.
1612 1799 1747 1832 campos
1769 1791 1822 1824 M:
1858 1792 1985 1833 campis
2007 1793 2034 1825 G
2051 1808 2088 1815 —

294 1851 326 1884 7.
351 1850 502 1882 carrenis
524 1849 559 1881 h.
577 1847 599 1881 1.
625 1848 659 1882 M
685 1865 721 1871 —
747 1847 965 1886 tramissoque
987 1855 1040 1888 pr.
1058 1846 1109 1880 M:
1135 1847 1394 1888 transmissoque
1417 1855 1507 1879 corr.
1526 1848 1561 1881 M
1587 1863 1622 1871 —
1649 1848 1681 1880 8.
1706 1848 1814 1881 Izates
1828 1848 2090 1881 Freinshemius

295 1906 385 1950 (coll.
410 1906 560 1948 Iosepho
584 1904 700 1945 Antiq.
726 1904 779 1945 20,
804 1904 824 1936 2
849 1904 885 1935 et
907 1902 959 1944 3):
983 1903 1116 1935 iuliates
1138 1903 1184 1936 M.
1210 1902 1261 1936 Cf.
1288 1912 1319 1936 c.
1341 1903 1393 1937 44.
1422 1922 1459 1927 -
1489 1904 1645 1937 societate
1667 1904 1701 1937 M
1727 1922 1763 1928 —
1790 1905 1844 1937 40.
1869 1907 1900 1937 et
1921 1904 2093 1937 castellum

294 1964 448 2006 Lipsius:
485 1962 619 1995 castello
648 1960 775 1994 eadem
802 1968 912 1993 manu
935 1968 1026 1992 corr.
1051 1959 1088 1992 in
1109 1960 1280 1992 castellum
1302 1960 1354 2000 M;
1379 1960 1614 2003 castellumque
1635 1961 1807 2001 Ritterus3
1831 1963 1863 1994 et
1883 1960 2005 1994 Arbela
2026 1969 2089 1993 ca-

291 2021 420 2053 stellum
442 2019 522 2052 cod.
548 2017 749 2060 Agricolae,
775 2021 806 2050 et
826 2017 996 2050 castellum
1019 2016 1227 2059 Gaugamela
1249 2018 1418 2051 Heraeus.
1445 2035 1482 2041 —
1507 2019 1562 2051 44.
1583 2018 1690 2064 prelio
1714 2019 1748 2052 M
1772 2035 1810 2043 —-
1837 2018 1890 2051 42.
1915 2021 2091 2060 gorearzes

294 2078 328 2111 M
353 2094 389 2100 —
413 2075 568 2109 sanbulos
594 2076 646 2109 M:
678 2074 852 2107 Sambulos
878 2073 994 2117 vulgo.
1023 2093 1060 2099 —-
1086 2074 1139 2108 43.
1162 2074 1344 2121 praecipue
1366 2074 1408 2114 M
1426 2091 1462 2098 -
1496 2074 1621 2107 herculi
1646 2075 1680 2108 M
1706 2092 1742 2098 —
1769 2076 1822 2108 45.
1847 2075 1922 2116 equi
1945 2075 2001 2108 M:
2027 2074 2086 2115 qui

294 2134 470 2167 Heinsius.
499 2151 535 2156 —
558 2133 707 2175 faretras
729 2133 763 2166 M
790 2151 824 2156 -
851 2132 904 2165 46.
929 2133 1066 2174 faretris
1087 2133 1122 2166 M
1147 2150 1183 2157 -
1207 2141 1345 2165 rursum
1366 2132 1420 2166 M:
1444 2140 1562 2165 rursus
1583 2131 1697 2174 vulgo.
1725 2149 1762 2156 —
1789 2132 1842 2165 47.
1864 2130 2091 2173 pererraberit

293 2200 348 2234 pr.
366 2191 400 2224 M
419 2208 456 2215 —
480 2189 782 2232 repperiunturque
804 2189 838 2223 M
863 2206 899 2212 —
927 2189 981 2222 48.
1004 2189 1074 2231 fere
1095 2189 1141 2223 M.

1215 2317 1295 2342 vero
1316 2308 1450 2349 Bithyni
1469 2287 1733 2349 propinquantes
1754 2307 1824 2340 iam
1845 2315 1977 2340 amnem
2001 2307 2087 2340 Tar-

294 2313 350 2344 est
365 2311 507 2353 quintus
523 2309 683 2343 decimus
701 2309 904 2342 osrhoenae
921 2318 995 2349 rex,
1021 2310 1166 2342 nomine

1216 2359 1357 2391 tantum.
1375 2358 1465 2391 Alibi
1481 2359 1620 2391 Tacitus
1636 2366 1718 2391 cum
1734 2357 1847 2391 verbo
1858 2358 2090 2399 propinquare

292 2363 423 2395 Maanu
444 2361 507 2393 bar
527 2360 650 2402 Abgar.
681 2377 716 2383 —-
742 2359 803 2401 ita]
826 2368 891 2401 pro
914 2360 1046 2401 itaque,
1070 2361 1110 2392 ut
1132 2358 1163 2399 4,

295 2414 347 2445 45.
368 2413 453 2445 Hist.
472 2413 503 2451 4,
521 2411 576 2445 45.
598 2429 632 2433 -
658 2413 816 2452 uryueret
839 2414 955 2451 coepta
977 2410 1062 2452 cet.]
1085 2418 1166 2452 pro-

292 2464 416 2506 pterea
445 2460 609 2495 celeriter
639 2460 892 2503 aggrederetur
921 2460 1163 2499 adversarios3

293 2512 447 2554 alioquin
471 2512 567 2544 enim
591 2511 824 2549 metuendum
848 2519 946 2551 esse,
977 2520 1021 2543 ne
1054 2511 1165 2552 ipsius

293 2562 451 2596 asseclae
480 2562 588 2595 fidem
619 2564 801 2595 exuerent.
838 2562 908 2594 Sed
938 2561 995 2595 ille
1019 2561 1166 2594 fraudu-

292 2613 395 2647 lentis
425 2612 553 2645 Acbari
582 2611 733 2645 consiliis
763 2611 1013 2654 obtemperare
1043 2611 1166 2645 maluit

294 2665 411 2706 itaque
436 2671 514 2696 rem
538 2672 638 2696 suam
660 2663 824 2705 perdidit.
860 2664 1029 2696 Fraudem
1043 2664 1163 2695 autem

292 2714 431 2748 Acbaro
455 2713 577 2745 tribuit
599 2722 664 2755 per
687 2710 907 2759 πρόληψιν,
939 2713 1105 2754 quoniam
1135 2713 1164 2745 is

293 2773 376 2797 mox
398 2773 418 2796 a
442 2762 646 2797 Meherdate
671 2762 831 2796 descivit.
849 2781 885 2786 -
910 2762 1079 2804 Edessam]
1105 2763 1165 2795 Os-

292 2814 446 2847 rhoenes
470 2812 615 2853 urbem,
643 2814 769 2846 CCCC.
795 2812 907 2846 stadia
931 2822 950 2845 a
973 2813 1163 2854 Zeugmate

292 2864 494 2897 distantem.
513 2862 564 2896 Cf.
580 2862 747 2904 Forbiger
760 2863 966 2905 Geoqraphie
980 2864 1021 2903 11,
1039 2872 1073 2904 p.
1086 2862 1161 2895 628.

295 2933 331 2939 —
356 2916 495 2947 vocante
516 2913 651 2954 Carene]
677 2914 845 2952 Quamvis
868 2913 941 2954 hic,
974 2922 1067 2946 unus
1090 2921 1165 2946 me·

292 2965 466 3006 gistanum
482 2963 704 3003 Parthorum,
722 2963 966 2996 Meherdatem
979 2963 1161 3002 excitaret,

291 3017 330 3047 ut
367 3015 443 3048 sine
474 3022 575 3046 mora
605 3013 638 3045 in
669 3014 816 3046 Parthos
847 3014 1032 3055 pergeret,
1069 3011 1162 3045 malo

291 3067 412 3098 tamen
441 3063 585 3098 consilio
615 3071 701 3096 usus
731 3065 936 3096 Armeniam
958 3063 1093 3106 petivit.
1122 3079 1159 3087 —

291 3114 490 3157 comminus]
526 3114 661 3151 statim,
698 3121 768 3154 quo
804 3113 870 3145 iter
899 3113 1044 3146 brevius
1072 3113 1159 3145 erat.

291 3164 401 3198 Affert
416 3162 624 3198 Doederlein
640 3163 744 3204 Verg.
764 3163 825 3194 Ge.
845 3163 876 3202 4,
893 3163 973 3196 404ε
999 3163 1088 3195 iacto
1103 3162 1162 3204 qui

291 3216 411 3248 semine
440 3214 623 3247 comminus
645 3222 732 3245 arva
752 3213 957 3252 Insequitur,
989 3222 1069 3245 raro
1092 3221 1160 3246 usu

293 3267 339 3306 et,
357 3266 447 3299 teste
459 3265 593 3304 Servio,
613 3261 715 3297 Gallis
727 3261 911 3304 cisalpinis
924 3262 1158 3305 frequentato.

337 3365 389 3397 43.
408 3373 541 3405 campos
558 3360 843 3404 propinquabant]
859 3360 985 3394 eadem
1003 3363 1162 3395 constru-

292 3414 427 3455 ctione,
452 3422 522 3456 qua
544 3412 727 3447 Sallustius
750 3412 886 3454 Fragm.
912 3411 970 3453 IV,
993 3411 1056 3444 2⁴:
1082 3412 1162 3446 Tum

1216 2409 1373 2442 dativum
1399 2409 1528 2447 iunxit,
1555 2407 1599 2441 cf.
1626 2410 1658 2448 4,
1684 2407 1738 2440 63.
1771 2408 1825 2446 45,
1850 2407 1904 2440 39.
1941 2407 2027 2440 Hist.
2052 2408 2086 2446 2,

1215 2460 1269 2492 58.
1295 2459 1330 2500 4,
1356 2459 1409 2492 85.
1435 2477 1468 2483 —
1496 2458 1690 2501 Adiabenos]
1714 2457 1799 2491 Plin.
1825 2459 1866 2491 N.
1885 2458 1927 2490 H.
1944 2458 1964 2490 6
1987 2457 2084 2499 §4⁴2

1214 2510 1378 2543 Adiabene
1399 2509 1611 2549 Assyriorum
1632 2509 1777 2541 initium.
1803 2525 1840 2532 —
1876 2507 1982 2541 Ninos
2003 2507 2088 2549 cet]

1216 2561 1291 2593 Huc
1322 2560 1403 2593 facit
1430 2559 1529 2593 locus
1559 2559 1735 2593 Ammiani
1762 2559 1867 2592 Marc.
1893 2558 1948 2598 23,
1974 2558 2015 2591 6:
2048 2558 2088 2591 ln

1214 2611 1276 2643 hac
1303 2610 1474 2643 Adiabena
1507 2610 1615 2642 Ninus
1647 2612 1694 2642 est
1727 2609 1862 2649 civitas,
1896 2617 1982 2649 quae
2007 2607 2088 2641 olim

1214 2661 1354 2693 Persidis
1373 2669 1480 2702 reyna
1499 2660 1700 2701 possederat,
1717 2667 1837 2691 nomen
1852 2658 1952 2698 Nini,
1972 2661 2088 2699 poton-

1214 2712 1331 2744 tissimi
1361 2711 1530 2752 quondam
1561 2711 1668 2752 reyis,
1703 2709 1931 2742 Semiramidis
1953 2707 2084 2749 mariti,

1214 2762 1406 2801 declarans,
1439 2764 1469 2793 et
1497 2760 1672 2793 Ecbatana
1695 2762 1726 2792 et
1746 2758 1867 2792 Arbela
1889 2762 1920 2791 et
1943 2758 2086 2800 Θαυμα-

1214 2812 1318 2852 mela,
1342 2811 1398 2843 ubi
1421 2812 1567 2844 Darium
1586 2809 1777 2843 Alea-ander
1794 2812 1869 2850 post
1891 2808 2086 2841 discrimina

1212 2863 1314 2895 varia
1332 2861 1537 2902 proeliorum
1557 2861 1695 2893 incitato
1712 2860 1821 2891 Marte
1832 2858 2028 2899 prostravit.
2044 2875 2082 2882 -

1212 2915 1244 2945 et
1265 2911 1434 2944 castellum
1457 2910 1538 2952 cet]
1572 2911 1645 2942 Hoc
1676 2907 1860 2942 castellum
1889 2909 1981 2942 notis
2004 2908 2084 2950 qui-

1213 2961 1365 2995 busdam
1389 2961 1575 3002 designare
1593 2967 1699 3001 quam
1724 2959 1867 2991 nomine
1882 2966 1948 2992 suo
1964 2956 2084 3000 appel-

1211 3011 1284 3045 lare
1308 3011 1459 3053 scriptor
1482 3009 1622 3050 maluit,
1653 3009 1727 3042 sive
1756 3008 1928 3050 ignoravit
1951 3015 2082 3040 nomen

1211 3063 1285 3095 sive
1309 3061 1375 3094 alia
1398 3060 1443 3093 de
1467 3068 1575 3093 causa
1599 3060 1749 3092 reticuit.
1777 3058 1876 3091 Idem
1899 3056 1945 3090 ab
1970 3065 2013 3090 eo
2032 3055 2082 3090 fa-

1212 3114 1308 3145 ctum
1339 3111 1502 3144 videmus
1525 3111 1563 3150 2,
1589 3110 1650 3142 62:
1682 3109 1843 3149 inrumpit
1867 3107 1998 3149 regiam
2023 3114 2082 3139 ca-

1209 3162 1401 3202 stellumque
1432 3161 1533 3193 iuxta
1562 3160 1673 3192 situm.
1711 3157 1891 3202 (Similiter
1925 3157 2011 3190 Hist.
2046 3157 2077 3197 4,

1211 3212 1252 3245 67
1275 3213 1393 3254 Aquas
1417 3210 1614 3244 Helveticas
1642 3210 1785 3243 nomine
1815 3207 1949 3240 omisso
1970 3206 2080 3239 lom

1210 3271 1349 3295 amoeno
1377 3260 1561 3294 salubrium
1590 3267 1758 3302 aquarum
1786 3266 1849 3291 usu
1877 3256 2080 3299 frequentem

1209 3312 1337 3354 vocat.)
1372 3310 1493 3345 Arbela
1514 3312 1634 3344 autem
1662 3308 1768 3352 (quod
1791 3305 1948 3340 nonnulli
1970 3305 2080 3340 adde-

1210 3361 1310 3403 bant)
1341 3370 1412 3394 non
1440 3360 1622 3394 castellum
1653 3360 1717 3393 fuit
1738 3356 1803 3392 sed
1825 3356 1931 3398 urbs,
1963 3363 2078 3398 eaque

1210 3412 1386 3446 sexcentis
1419 3409 1477 3444 vel
1511 3408 1710 3452 quingentis
1743 3406 1866 3442 stadiis
1895 3415 1915 3440 a
1942 3403 2078 3450 proelio
