2254 3770
340 303 424 349 528
820 305 865 348 P.
900 303 1151 348 CORNELII
1181 304 1352 349 TACITI
1382 305 1652 351 ANNALIUM

342 409 459 454 salus
488 411 655 469 patroni
686 417 729 455 et
757 417 960 470 acceptae
991 410 1197 455 libertatis
1227 411 1447 455 memoria.
1479 412 1634 456 etenim
1664 412 1810 456 uxoris
1835 426 2011 472 quoque
2031 426 2134 458 con-

340 485 482 530 silium
501 485 812 544 adsumpserat,
846 485 1054 530 muliebre
1077 501 1128 531 ac
1153 486 1365 530 deterius:
1396 486 1556 545 quippe
1577 486 1688 531 ultro
1709 494 1867 532 metum
1888 488 2131 540 intentabat,

340 560 586 619 multosque
616 562 802 606 astitisse
835 561 1009 606 libertos
1040 575 1092 606 ac
1121 575 1282 612 servos,
1314 562 1388 620 qui
1410 562 1564 606 eadem
1582 562 1788 615 viderint;
1821 563 1921 606 nihil
1943 563 2135 622 profutuf

340 651 436 680 rum
465 638 592 681 unius
623 637 859 690 silentium;
901 643 943 680 at
971 637 1161 694 praemia
1192 651 1326 695 penes
1356 651 1489 680 unum
1519 637 1624 687 fore,
1663 638 1736 696 qui
1768 638 1924 682 indicio
1954 652 2136 697 praeve-

306 713 486 758 5nisset.
534 713 614 770 (55)
657 713 784 770 igitur
822 718 976 770 coepta
1011 712 1107 757 luce
1139 711 1331 756 Milichus
1362 713 1402 755 in
1435 712 1580 757 hortos
1611 713 1871 757 Servilianos
1901 714 2062 773 pergit3
2093 720 2136 758 et

340 802 439 833 cum
478 788 640 832 foribus
681 794 919 838 arceretur,
963 801 1116 846 magna
1147 794 1189 832 et
1218 788 1379 832 atrocia
1410 787 1577 832 adferre
1607 787 1804 833 dictitans
1835 788 2136 848 deductusque

339 863 393 908 ab
423 863 674 908 ianitoribus
703 863 757 907 ad
791 862 990 907 libertum
1018 863 1199 907 Neronis
1229 863 1583 921 Epaphroditum,
1621 878 1720 908 mox
1749 864 1802 908 ab
1833 878 1887 909 eo
1919 864 1971 908 ad
2003 865 2138 908 Nero·

338 953 454 992 nem,
487 953 647 997 urgens
679 938 938 998 periculum,
971 952 1123 996 graves
1154 939 1398 983 coniuratos
1429 946 1471 983 et
1491 946 1652 991 cetera,
1685 953 1798 998 quae
1821 939 2015 984 audierat
2034 953 2132 984 con-

340 1015 588 1066 iectaverat,
630 1015 767 1059 docet.
822 1013 954 1058 telum
992 1028 1168 1073 quoque
1208 1015 1250 1057 in
1280 1028 1433 1059 necem
1463 1016 1556 1059 eius
1586 1022 1778 1072 paratum
1811 1014 1995 1059 ostendit
2023 1015 2136 1059 acci-

289 1102 325 1132 ⁴0
340 1091 463 1149 rique
504 1105 626 1135 reum
669 1090 805 1134 iussit.
851 1090 886 1133 is
917 1096 1064 1147 raptus
1095 1104 1172 1148 per
1202 1089 1356 1134 milites
1387 1096 1429 1134 et
1459 1090 1753 1135 defensionem
1784 1105 1930 1143 orsus,
1962 1089 2133 1142 ferrum,

339 1167 462 1211 cuius
492 1172 764 1224 argueretur,
798 1165 900 1209 olim
929 1165 1135 1223 religione
1166 1166 1301 1224 patria
1333 1165 1490 1210 cultum
1522 1173 1565 1210 et
1590 1166 1631 1209 in
1654 1165 1853 1210 cubiculo
1874 1165 2064 1210 habitum
2084 1178 2136 1210 ac

338 1242 489 1286 fraude
529 1241 668 1285 liberti
708 1240 960 1299 subreptum
999 1240 1233 1299 respondit.
1281 1240 1448 1285 tabulas
1488 1242 1726 1286 testamenti
1757 1241 1931 1300 saepius
1960 1254 1986 1284 a
2015 1254 2063 1285 se
2093 1246 2137 1284 et

339 1317 597 1362 incustodita
626 1316 795 1360 dierum
825 1316 1125 1361 observatione
1157 1317 1357 1374 signatas.
1387 1317 1595 1375 pecunias
1625 1323 1668 1361 et
1697 1317 1917 1361 libertates
1939 1303 2074 1361 servis
2094 1322 2138 1360 et

339 1399 436 1437 ante
475 1392 589 1436 dono
632 1391 771 1444 datas,
815 1391 892 1436 sed
925 1392 1023 1436 ideo
1053 1399 1155 1436 tunc
1184 1392 1360 1451 largius,
1402 1393 1502 1450 quia
1533 1393 1648 1435 tenui
1680 1392 1764 1435 iam
1793 1406 1841 1436 re
1872 1391 2063 1436 familiari
2094 1398 2138 1435 et

288 1480 325 1510 45
339 1468 592 1512 instantibus
623 1467 910 1512 creditoribus
942 1474 1195 1512 testamento
1225 1468 1448 1512 diffideret.
1480 1468 1594 1511 enim
1615 1482 1717 1514 vero
1745 1466 1943 1512 liberales
1963 1480 2138 1525 semper

338 1544 489 1602 epulas
527 1543 751 1595 struxisse,
798 1543 926 1587 vitam
967 1557 1190 1588 amoenam
1232 1550 1274 1588 et
1314 1543 1434 1587 duris
1476 1542 1690 1587 iudicibus
1719 1557 1871 1602 parum
1901 1543 2135 1601 probatam.

337 1619 522 1664 fomenta
542 1619 788 1664 volneribus
813 1618 930 1663 nulla
949 1619 1071 1663 iussu
1091 1633 1183 1671 suo,
1216 1619 1293 1663 sed
1315 1619 1416 1677 quia
1437 1627 1581 1663 cetera
1601 1619 1743 1678 palam
1762 1633 1869 1663 vana
1892 1619 2134 1671 obiecisset,

337 1695 573 1753 adiungere
614 1695 798 1746 crimen,
841 1695 963 1739 cuius
1004 1708 1103 1739 sese
1133 1695 1293 1752 pariter
1323 1694 1509 1738 indicem
1538 1702 1580 1739 et
1609 1701 1762 1739 testem
1792 1695 1964 1740 faceret.
2007 1694 2138 1739 adicit

337 1771 462 1815 dictis
484 1770 785 1823 constantiam3
817 1770 985 1814 incusat
1003 1769 1113 1814 ultro
1133 1770 1418 1814 intestabilem
1438 1777 1481 1814 et
1502 1770 1854 1820 consceleratum,
1884 1776 1998 1814 tanta
2018 1770 2136 1814 vocis

287 1858 325 1890 20
337 1861 389 1892 ac
415 1846 556 1891 vultus
586 1846 826 1898 securitate,
858 1852 904 1889 ut
927 1845 1092 1890 labaret
1116 1845 1343 1897 indicium,
1377 1846 1456 1890 nisi
1482 1845 1696 1890 Milichum
1716 1860 1824 1890 uxor
1843 1845 2138 1890 admonuisset

337 1922 567 1967 Antonium
606 1922 795 1966 Natalem
835 1921 967 1966 multa
1005 1935 1104 1966 cum
1142 1921 1352 1966 Scaevino
1383 1935 1435 1965 ac
1464 1928 1631 1966 secreta
1660 1921 1934 1974 collocutum,
1967 1928 2010 1966 et
2038 1934 2136 1966 esse

402 2071 435 2103 4.
452 2072 584 2111 accepto
604 2069 638 2103 M
662 2086 698 2092 -
724 2069 843 2102 etenim
859 2070 905 2101 G:
930 2069 1054 2102 atenim
1077 2070 1111 2103 M
1136 2087 1171 2093 -
1198 2068 1230 2101 3.
1255 2077 1351 2101 seruo
1374 2068 1408 2102 M
1430 2086 1473 2092 —-
1495 2067 1597 2100 nichil
1618 2068 1651 2102 M
1675 2086 1709 2091 -
1736 2069 1769 2101 5.
1786 2070 1884 2114 cepta
1899 2068 1932 2101 M
1950 2085 1986 2091 —
2012 2068 2045 2101 7.
2062 2071 2136 2101 eta-

330 2126 523 2167 phroditum
545 2126 579 2160 M
603 2143 639 2149 —
666 2126 698 2159 8.
722 2126 915 2158 coniuratos
937 2126 987 2159 M:
1013 2126 1259 2159 coniurationes
1282 2126 1310 2157 G
1330 2143 1363 2148 —
1390 2128 1502 2171 cetera
1519 2125 1551 2158 M
1570 2142 1606 2148 —
1633 2124 1790 2157 audierat
1810 2133 1864 2166 pr.
1884 2125 1936 2158 M:
1962 2125 2140 2157 audiverat

337 2191 429 2217 corr.
455 2184 489 2217 M
522 2201 558 2207 —
594 2183 840 2216 coniectauerat
867 2183 923 2216 M:
950 2183 1257 2223 coniectaveratque
1287 2182 1333 2221 G?
1365 2182 1649 2214 coniectaveratve
1680 2180 1846 2217 Orellius:
1882 2183 1943 2213 aut
1970 2180 2138 2214 coniecta-

335 2243 431 2273 verat
455 2239 650 2274 Wurmius.
685 2257 719 2263 —
758 2240 812 2272 ⁴2.
844 2239 952 2280 sepius
981 2239 1014 2273 M
1041 2257 1075 2261 —
1107 2239 1159 2271 45.
1186 2239 1347 2281 diffideret
1375 2238 1544 2271 enimuero
1573 2237 1723 2270 liberales
1752 2246 1878 2278 semper
1905 2237 2019 2279 epulas
2045 2239 2138 2269 stru-

335 2297 426 2330 oeisse
458 2296 619 2339 diffideret
652 2296 820 2329 enimuero
852 2296 960 2328 uitam
993 2296 1171 2328 hamenam
1198 2295 1253 2334 M;
1291 2295 1463 2337 diffideret.
1504 2294 1669 2327 enimvero
1684 2311 1703 2317 -
1719 2311 1737 2317 -
1752 2294 1935 2334 struxisse,
1970 2296 2003 2326 et
2032 2293 2139 2326 vitam

335 2361 513 2387 amoenam
536 2354 563 2385 G
598 2370 634 2376 —
668 2352 721 2385 ⁴7.
746 2355 856 2400 cetera
877 2353 912 2387 M
943 2370 979 2375 —
1011 2352 1064 2386 ⁴8.
1089 2353 1184 2385 cuius
1204 2360 1271 2385 sese
1292 2349 1487 2384 Acidalius:
1512 2351 1620 2390 Rstsse
1643 2350 1682 2392 (i.
1708 2358 1741 2384 e.
1766 2349 1915 2391 Imstsse)
1939 2350 1989 2389 M3
2012 2352 2051 2383 ut
2070 2357 2138 2384 sose

334 2410 501 2444 Pichena.

335 2548 448 2584 verba
471 2556 543 2581 non
566 2556 648 2581 cum
664 2547 845 2588 tradidere,
870 2546 935 2580 sed
951 2555 1033 2580 cum
1049 2546 1211 2588 suspicio-

334 2601 432 2635 nibus
453 2598 629 2641 iungenda
655 2607 751 2639 esse,
777 2599 913 2640 primus
937 2598 1023 2631 vidit
1046 2599 1081 2631 L.
1101 2599 1212 2640 Spen-

337 2650 460 2694 gelius.
491 2668 522 2675 ——
551 2649 650 2691 ultro]
676 2650 840 2691 insuper,
865 2650 1009 2692 praeter
1031 2649 1210 2691 praemio-

339 2710 421 2735 rum
444 2709 547 2744 spem
571 2701 677 2734 etiam
701 2701 862 2734 interitus
885 2702 1032 2733 metum.

380 2803 435 2835 55.
466 2801 578 2834 hortos
606 2800 828 2840 Servilianos]
862 2799 912 2832 Cf.
939 2799 1026 2832 Hist.
1051 2799 1082 2839 3,
1109 2798 1151 2832 38
1175 2799 1211 2831 et

336 2853 480 2886 Sueton.
497 2852 580 2884 Ner.
599 2849 653 2883 47.
679 2850 836 2883 Suetonii
851 2848 962 2882 verba
978 2848 1133 2882 indicant
1148 2857 1210 2881 eos

335 2911 448 2945 prope
465 2900 601 2934 Tiberis
622 2900 737 2942 ripam
756 2900 842 2933 sitos
858 2899 965 2932 fuisse
981 2899 1016 2932 in
1032 2899 1098 2939 via,
1117 2907 1209 2939 quae

337 2952 470 2985 Ostiam
499 2958 624 2983 versus
655 2949 822 2983 ducebat.
862 2967 897 2972 —
929 2947 1208 2990 Epaphroditum]

337 3002 398 3043 qui
420 3001 551 3035 Neroni
573 3009 594 3033 a
616 2998 742 3033 libellis
766 2999 839 3032 fuit.
876 3000 1021 3031 Sueton.
1045 3000 1127 3031 Ner.
1153 2997 1207 3031 49.

336 3053 465 3085 Domit.
492 3051 545 3085 ⁴4.
571 3051 632 3084 Est
655 3049 710 3083 ille
734 3050 828 3092 ipse,
854 3051 910 3082 cui
933 3048 1059 3082 nobilis
1083 3057 1209 3082 servus

336 3102 516 3145 Epictetus
532 3101 606 3134 fuit.
633 3100 768 3141 (Suidas
785 3101 820 3132 in
830 3095 1054 3142 Ἐπίκτητος
1065 3109 1073 3117 ·
1095 3096 1210 3140 φιλό-

337 3162 485 3194 σοφος,
509 3149 648 3192 δοῦλος
667 3149 709 3183 δὲ
720 3146 1015 3196 Ἐπαφροδίτου,
1040 3148 1116 3183 τῶν
1131 3160 1209 3183 σω-

336 3200 624 3246 ματοφυλάκων
639 3199 708 3235 τοῦ
721 3199 911 3241 βασιλέως
922 3200 1125 3244 Νέρωνος.)
1142 3201 1210 3234 Ho-

337 3253 471 3286 minem
494 3253 579 3286 satis
603 3251 774 3285 describit
796 3250 1055 3283 narratiuncula
1072 3251 1209 3283 Arriani

337 3303 447 3345 Epict.
474 3304 505 3343 ⁴,
522 3303 577 3343 26,
597 3303 654 3335 M:
676 3297 772 3345 Ἐγώ
795 3309 881 3333 τινα
903 3296 989 3332 οἶδα
1012 3298 1206 3341 κλαίοντα,

333 3348 613 3399 Ἐπαφροδίτου
629 3350 704 3385 τῶν
715 3348 887 3396 γονάτων
898 3346 1129 3392 ἁπτόμενον,
1142 3351 1208 3383 καὶ

336 3401 495 3458 λέγοντα
522 3401 787 3449 ταλαιπωρεῖν,
825 3397 1103 3441 ἀπολελεῖφθαι
1135 3398 1209 3448 γὰρ

337 3449 439 3498 αυτῷ
475 3450 608 3496 μηδέν,
642 3452 678 3485 εἰ
707 3449 764 3495 μὴ
798 3446 938 3485 ἑκατὸν
971 3447 1209 3493 πεντήκοντα

1261 2543 1451 2592 μυριάδας
1475 2545 1646 2587 (sexagies
1662 2543 1781 2586 mille).
1819 2544 1864 2578 Τί
1886 2537 1956 2578 οὖν
1979 2539 2002 2577 ὁ
2019 2539 2154 2578 ’Eua-s

1262 2592 1467 2642 φρόδιτος;
1500 2593 1764 2638 κατεγέλασεν,
1800 2590 1855 2636 ὥς
1888 2590 2021 2638 ἧμεῖς,·
2055 2590 2112 2628 Οὸ
2124 2603 2132 2610 ·

1261 2642 1343 2679 ἀλλ’
1367 2644 1640 2689 ἐπιθαυμάσας
1659 2644 1776 2690 λέγει,
1802 2643 1945 2687 Τάλας,
1971 2643 2051 2686 πῶς
2065 2638 2137 2681 οὖν

1262 2695 1451 2738 ἐσιώπας;
1488 2694 1568 2738 πῶς
1603 2695 1837 2743 ἐκαρτέρεις,·
1868 2695 1919 2729 Cf.
1945 2694 2070 2729 Suidas
2099 2695 2136 2729 iu

1258 2742 1552 2794 Ἐπαφρόδιτος.
1578 2752 1615 2771 ’-
1648 2755 1770 2788 ⁸qraves
1796 2746 2004 2787 coniuratos]
2034 2744 2134 2787 tales,

1262 2800 1322 2840 qui
1345 2799 1492 2841 propter
1514 2798 1709 2839 potentiam
1732 2806 1772 2829 re
1787 2805 1871 2830 vera
1896 2796 2012 2829 timeri
2027 2795 2138 2829 debe-

1262 2850 1359 2889 rent,
1392 2856 1573 2881 summum
1603 2847 1795 2881 discrimen
1825 2846 1954 2879 afferre
1975 2846 2134 2889 possent,

1260 2896 1420 2940 δεινούς.
1446 2915 1482 2921 -
1508 2898 1602 2930 cuius
1624 2895 1834 2939 argueretur]
1861 2905 1952 2938 aquo
1975 2895 2073 2929 abuti
2094 2903 2135 2929 se

1260 2949 1413 2982 voluisse
1436 2948 1674 2987 incusaretur,
1700 2946 1796 2989 quod
1820 2945 1887 2979 sibi
1903 2946 2042 2979 crimini
2057 2954 2136 2979 ven-

1260 3002 1430 3033 teretur.»
1458 3016 1492 3022 -
1518 2999 1678 3040 reliytono
1699 2997 1827 3039 patria]
1858 2997 1945 3030 lnde
1970 2995 2134 3038 colligere

1260 3057 1471 3092 possumus,
1505 3049 1715 3081 Scaevinum
1748 3048 1880 3089 origine
1908 3047 2134 3080 Ferentinum

1260 3101 1380 3134 fuisse.
1408 3099 1458 3132 Cf.
1478 3107 1509 3131 c.
1528 3098 1582 3131 53.
1605 3116 1640 3123 —
1666 3098 1868 3131 incustodita
1883 3097 2013 3130 dierum
2026 3095 2134 3129 obsen-

1259 3149 1408 3191 vatione]
1441 3147 1534 3182 nulla
1565 3148 1701 3180 ratione
1725 3147 1865 3180 dierum
1887 3145 2026 3185 habita,
2057 3146 2132 3178 sive

1261 3199 1381 3233 felices
1405 3200 1527 3233 essent
1549 3199 1624 3232 sive
1640 3197 1778 3231 nefasti.
1798 3215 1832 3221 -
1859 3198 2050 3230 testamento
2065 3195 2133 3237 dif-

1257 3249 1383 3293 ftderet]
1408 3250 1574 3282 nimirum
1597 3250 1778 3289 metuens,
1803 3256 1848 3280 ne
1865 3246 2058 3279 creditores
2073 3254 2133 3278 re—

1260 3299 1466 3333 scinderent
1499 3298 1682 3332 libertates
1711 3297 1923 3331 testamento
1951 3294 2133 3328 dumtaxat

1260 3350 1373 3383 datas.
1400 3366 1436 3372 —
1461 3349 1567 3381 vitam
1589 3357 1765 3381 amoenam
1787 3346 1868 3389 cet.]
1899 3345 1947 3379 Ex
1970 3345 2132 3387 proximo

1259 3399 1371 3433 verbo
1394 3399 1556 3432 struoeisse
1573 3407 1640 3440 per
1654 3405 1803 3439 zeugma
1819 3395 2028 3437 cogitatione
2044 3402 2132 3437 sup-

1259 3449 1430 3493 plendum
1454 3450 1509 3483 est
1530 3449 1643 3491 egisse.
1679 3449 1730 3481 De
1754 3455 1792 3481 re
1815 3445 1860 3479 cf.
1886 3453 1917 3479 c.
1936 3444 1997 3479 49:
2028 3444 2133 3479 scao-
