2254 3770
313 300 396 344 582
733 299 1108 345 MONUMENTUM
1136 300 1455 346 ANCYRANUM
1485 301 1684 346 LATINE.

371 420 457 464 que
502 405 630 449 millia
673 405 913 463 municipiis
951 412 992 450 et
1032 406 1194 450 colonis
1232 405 1376 450 Italiae
1414 407 1731 452 conferentibus
1771 408 1824 452 ad
1863 408 2099 467 triumphos

373 494 493 525 meos
523 481 717 539 quintum
747 480 894 525 consul
927 481 1070 525 remisi
1101 488 1143 525 et
1171 488 1321 540 postea
1345 483 1730 541 quotienscumque
1760 484 1996 541 Imperator
2023 497 2099 542 ap-

371 555 554 614 pellatus
590 570 684 599 sum
723 569 876 599 aurum
906 557 1174 600 coronarium
1205 571 1289 600 non
1320 558 1467 615 accepi
1497 557 1827 602 decernentibus
1855 558 2098 616 municipiis

265 639 303 669 3⁰
372 638 415 676 et
444 631 602 675 colonis
631 630 785 675 Italiae
815 632 1007 675 similiter
1035 632 1177 690 adque
1209 639 1333 676 antea
1362 632 1652 678 decreverant.
1711 659 2071 666 ------

369 720 522 750 munus
562 706 859 764 gladiatorium
898 706 999 750 dedi
1035 720 1133 751 meo
1171 708 1342 751 nomine
1383 715 1425 752 et
1463 709 1721 766 quinquiens
1759 707 1944 752 filiorum
1979 721 2097 752 meo-

370 797 465 825 rum
505 788 576 825 aut
613 788 818 839 nepotum
855 782 1042 834 nomine,
1082 783 1239 841 quibus
1277 783 1526 827 muneribus
1566 790 1862 841 pugnaverunt
1888 783 2099 827 homiuum

368 858 526 901 circiter
556 857 708 901 decem
739 856 880 901 millia.
923 858 992 901 Bis
1022 858 1276 902 athletarum
1307 859 1498 917 undique
1529 859 1758 903 accitorum
1786 865 1917 903 certa—

367 934 479 976 mina
505 933 598 976 dedi
623 935 667 975 iu
684 933 917 990 spectaculo
939 935 1108 991 proprio
1126 949 1215 977 meo
1238 934 1407 978 nomine
1428 941 1471 978 et
1490 935 1660 978 tertium
1680 941 1882 992 nepotum
1900 949 2096 978 meorum.

260 1013 299 1043 35
367 1008 504 1052 Ludos
535 1008 614 1052 feci
647 1022 742 1052 meo
772 1009 943 1052 nomine
965 1016 1129 1066 quater,
1161 1009 1340 1053 aliorum
1367 1017 1510 1053 autem
1530 1010 1851 1067 mayistratuum
1870 1010 2099 1054 absentium

366 1090 438 1127 aut
466 1098 548 1127 non
577 1073 865 1140 sufficieutium
895 1092 959 1126 ter
983 1091 1025 1127 et
1045 1084 1217 1128 viciens.
1248 1087 1299 1128 In
1319 1085 1489 1140 collegio
1510 1085 1580 1129 XV
1600 1086 1789 1129 virorum
1809 1086 2006 1143 magister
2024 1085 2099 1129 ad-

366 1160 465 1218 iecto
501 1160 543 1202 in
584 1159 811 1217 collegium
848 1160 898 1201 M.
933 1160 1116 1217 Agrippa
1142 1174 1220 1217 per
1256 1160 1492 1218 quindecim
1527 1161 1637 1204 viros
1679 1161 1724 1205 C.
1760 1161 1917 1204 Furnio
1952 1162 1996 1206 C.
2033 1161 2097 1205 si-

1768 1236 1867 1280 lano
1898 1250 1986 1280 cos,

365 1312 525 1369 quintos
554 1310 679 1354 ludos
706 1310 939 1354 saeculares
965 1311 1044 1367 feci
1085 1335 1104 1343 —
1146 1335 1165 1342 —
1207 1336 1226 1342 -
1267 1335 1287 1343 -
1332 1311 1372 1355 id
1404 1318 1586 1369 tempus.
1632 1312 1798 1355 Deinde
1825 1336 1846 1344 -
1901 1337 1920 1344 -
1976 1337 1996 1343 -
2051 1337 2071 1343 -

402 1411 424 1419 -
536 1416 557 1423 -
668 1411 690 1418 -
802 1411 822 1418 —
935 1412 955 1417 -
1070 1413 1090 1418 -
1204 1412 1222 1418 -
1336 1411 1357 1419 -
1471 1413 1491 1418 -
1604 1414 1622 1419 -
1688 1388 1925 1431 Venationes
1954 1387 2099 1431 bestia-

258 1471 296 1502 40
329 1498 331 1502 Α
365 1477 457 1517 rum
488 1462 777 1505 Africanarum
808 1476 905 1505 meo
938 1462 1108 1505 nomine
1138 1468 1180 1505 et
1210 1461 1394 1506 filiorum
1424 1477 1618 1506 meorum
1648 1471 1690 1506 et
1720 1469 1922 1521 nepotum
1953 1464 1994 1506 in
2016 1463 2098 1507 cir-

364 1551 416 1581 co
451 1543 523 1581 aut
556 1538 598 1579 in
633 1537 724 1580 foro
757 1544 828 1580 aut
864 1537 903 1579 in
948 1536 1268 1594 amphitheatris
1310 1537 1468 1595 populo
1511 1537 1609 1582 dedi
1645 1539 1816 1581 sexiens
1847 1545 1889 1582 et
1922 1539 2095 1591 viciens,

1765 1614 1924 1672 quibus

363 1688 554 1732 confecta
584 1694 682 1731 sunt
711 1687 943 1732 bestiarum
975 1688 1144 1732 circiter
1172 1689 1251 1731 tria
1282 1688 1410 1732 millia
1441 1695 1483 1732 et
1511 1690 1780 1747 quingentae.

306 1801 474 1846 Navalis
503 1802 638 1859 proeli
670 1801 961 1860 spectaculum
991 1801 1149 1869 populo
1152 1801 1669 1866 gadim
1699 1803 1738 1844 in
1770 1815 1858 1860 quo
1889 1779 2009 1846 loco

363 1892 474 1922 nunc
505 1873 656 1922 nemus
687 1884 752 1921 est
782 1878 1030 1929 Caesarum,
1064 1883 1212 1921 cavato
1243 1876 1327 1920 solo
1356 1878 1398 1918 in
1428 1876 1733 1934 longitudinem
1765 1877 1878 1920 mille

255 1969 292 2000 45
362 1961 404 1997 et
449 1954 713 2010 octingentos
752 1953 903 2011 pedes,
949 1953 991 1996 in
1033 1953 1293 1996 latitudinem
1329 1952 1439 1995 mille
1473 1959 1510 1995 et
1543 1952 1764 2003 ducentos,
1815 1954 1855 1995 in
1900 1966 1986 2011 quo
2023 1952 2095 1995 tri-

361 2031 475 2087 ginta
506 2034 712 2073 rostratae
743 2042 893 2079 naves,
926 2030 1121 2072 triremes
1151 2036 1189 2071 et
1218 2028 1520 2085 quadriremes,
1554 2028 1698 2086 plures
1729 2035 1869 2071 autem

361 2106 547 2148 minores
578 2105 688 2148 inter
717 2118 765 2148 se
796 2103 1087 2148 conflixerunt.
1133 2105 1184 2146 In
1211 2105 1260 2146 iis
1290 2103 1498 2147 classibus
1530 2117 1747 2161 pugnave-

360 2187 457 2223 runt
485 2186 656 2238 praeter
686 2181 870 2237 remiges
902 2179 1030 2223 millia
1059 2179 1267 2222 hominum
1296 2180 1376 2222 tria
1408 2179 1586 2223 circiter.

306 2297 359 2338 ln*
382 2294 550 2352 templis
581 2294 770 2337 omnium
801 2294 1032 2337 civitatium
1061 2293 1238 2336 Achaiae
1269 2299 1310 2336 et
1339 2293 1462 2335 Asiae
1492 2292 1627 2335 victor
1657 2306 1779 2335 orna-

255 2384 291 2413 50
362 2376 502 2413 menta
534 2369 723 2426 reposui,
756 2382 868 2427 quae
900 2368 1090 2426 spoliatis
1121 2367 1290 2425 templis
1319 2369 1355 2410 is
1385 2381 1483 2411 cum
1513 2381 1599 2425 quo
1630 2366 1788 2410 bellum
1818 2380 2038 2425 gesseram

360 2445 556 2503 privatim
585 2444 850 2502 possederat.
896 2445 1014 2487 Meae
1045 2451 1208 2487 statuae
1240 2443 1464 2500 pedestres
1494 2450 1536 2486 et
1566 2449 1790 2500 equestres
1825 2449 1867 2485 et
1897 2442 1938 2484 in

360 2520 609 2578 quadrigeis
640 2526 868 2577 argenteae
899 2526 1105 2563 steterunt
1136 2519 1177 2561 in
1209 2518 1316 2562 urbe
1346 2518 1453 2562 XXC
1486 2517 1672 2569 circiter,
1705 2531 1814 2575 quas
1845 2518 1939 2575 ipse

360 2595 680 2653 sustulissexque
711 2608 763 2638 ea
795 2595 977 2652 pecunia
1007 2595 1120 2637 dona
1150 2607 1281 2637 aurea
1312 2594 1354 2636 in
1385 2593 1491 2637 aede
1522 2592 1725 2650 Apollinis
1755 2607 1852 2636 meo
1885 2593 2021 2636 nomi-

359 2685 412 2715 ne
443 2678 486 2715 et
515 2670 699 2722 illorum,
733 2670 806 2728 qui
837 2669 938 2716 mihi
970 2677 1203 2714 statuarum
1234 2670 1438 2713 honorem
1469 2669 1728 2719 habuerunt,
1761 2668 1899 2726 posui.

386 2886 440 2918 27.
465 2885 654 2926 municipiis
676 2888 707 2917 et
728 2885 864 2917 coloniis
886 2884 1202 2927 ltaliae--remisiJ
1228 2886 1290 2918 Dio
1314 2886 1368 2925 54,
1393 2886 1451 2918 2⁴:
1489 2881 1592 2931 παρὰ
1616 2883 1690 2917 urm
1714 2881 1861 2916 πόλεων
1884 2881 1959 2916 τῶν
1980 2881 2021 2916 ἐν
2043 2881 2091 2930 τῇ

298 2938 435 2986 Ἰταλίᾳ
461 2938 507 2974 τὸ
537 2942 698 2986 χρυσίον
726 2938 771 2973 τὸ
801 2943 883 2982 τοῖς
906 2938 1116 2982 στεφάνοις
1140 2938 1337 2987 προσῆκον
1361 2937 1432 2975 οὐκ
1456 2938 1621 2983 ἐδέξατο.
1651 2960 1685 2964 -
1712 2941 1765 2974 28.
1793 2941 1946 2981 quintum
1967 2939 2092 2983 conant]

300 3008 332 3032 a.
350 3007 385 3031 u.
403 2999 478 3031 725.
505 3017 536 3021 —
557 2998 610 3030 30.
636 3001 666 3030 et
688 2999 823 3030 coloniis
843 2999 961 3030 Italiae
982 2998 1134 3031 similiter
1156 2999 1353 3040 Zumptius:
1371 3007 1434 3030 ΕΤ.
1451 3006 1491 3031 co
1504 3022 1513 3031 .
1530 3023 1537 3031 .
1555 3023 1563 3031 .
1577 3008 1622 3032 Ν.
1641 3006 1679 3032 .s
1700 3006 1790 3036 uon*
1812 3004 1955 3029 813me
1977 2997 2021 3036 L;
2046 3003 2090 3029 Er

301 3060 385 3085 σοιν.
403 3077 410 3084 .
427 3077 434 3084 .
452 3059 497 3086 ,Ν
512 3075 794 3084 ............
815 3052 852 3088 Τ;
879 3060 949 3084 om.
968 3052 993 3084 B
1008 3052 1032 3084 C
1054 3069 1088 3075 -
1109 3053 1146 3084 In
1171 3051 1241 3084 fine
1264 3060 1389 3085 versus
1414 3051 1513 3084 deest
1538 3061 1707 3085 numerus
1731 3052 1901 3092 indicans,
1927 3052 2092 3094 quotiens

301 3117 365 3141 suo
389 3109 531 3141 nomine
555 3107 706 3141 ediderit
729 3116 857 3140 munus
880 3107 1142 3149 gladiatorium3
1170 3109 1412 3150 quinquayiens
1435 3109 1635 3150 suspicatur
1650 3109 1843 3150 Zumptius.
1864 3127 1899 3131 —
1919 3108 1973 3142 31.
1991 3108 2092 3149 quin·

300 3165 414 3205 quiens
439 3165 586 3207 filiorum
613 3172 762 3197 meorum
788 3167 847 3196 aut
868 3168 1022 3205 nepotum
1043 3164 1185 3206 nomine]
1219 3164 1269 3197 Cf.
1298 3166 1360 3197 Dio
1385 3164 1439 3205 54,
1465 3165 1518 3197 28.
1544 3165 1597 3204 56,
1623 3165 1677 3197 27.
1704 3164 1788 3197 Plin.
1815 3166 1855 3197 N.
1881 3165 1921 3198 fl.
1946 3165 1967 3197 2
1990 3165 2010 3206 ἓ
2033 3163 2088 3197 96.

300 3221 320 3254 8
344 3220 363 3262 S
386 3220 418 3254 4.
445 3238 479 3244 —
507 3220 561 3253 33.
585 3228 683 3253 ΑσσιΝ
696 3245 805 3253 .....
831 3220 913 3256 LT:
947 3229 1017 3253 om.
1042 3221 1108 3253 BC
1134 3238 1169 3243 —
1201 3220 1254 3254 34.
1284 3244 1518 3253 ..........
1535 3230 1633 3254 nora
1646 3243 1884 3254 ..........
1909 3221 1952 3258 L:
1979 3243 2086 3253 .....

302 3302 410 3311 .....
426 3286 483 3309 νιΑ
499 3286 603 3310 .ι>κο.
622 3303 628 3310 .
645 3302 653 3309 .
670 3302 678 3309 .
698 3302 704 3309 .
723 3300 731 3309 .
749 3303 755 3310 .
774 3302 781 3309 .
800 3302 831 3310 ..
858 3277 903 3313 Τ;
930 3286 1000 3309 om.
1027 3278 1051 3310 B
1066 3278 1090 3310 C
1118 3295 1149 3300 —
1179 3277 1233 3310 35.
1255 3278 1361 3310 Ludos
1381 3279 1443 3319 fect·
1467 3277 1548 3319 cet]
1574 3277 1760 3310 Suetonius
1774 3278 1861 3319 Aug.
1879 3275 1944 3310 43:
1965 3275 2091 3310 Fecisse

299 3342 332 3367 se
354 3335 450 3366 ludos
471 3334 519 3367 ait
536 3333 736 3375 (Augustus)
759 3343 819 3366 suo
840 3335 972 3366 nomine
995 3337 1124 3376 quater,
1147 3344 1211 3374 pro
1235 3335 1311 3367 aliis
1331 3334 1598 3377 maqtstratibus,
1623 3335 1680 3375 qut
1702 3337 1762 3366 aut
1784 3333 1931 3366 abessent
1943 3335 2004 3364 aut
2022 3341 2090 3365 non

300 3390 504 3434 sufficerent,
536 3393 586 3423 ter
607 3393 638 3423 ot
657 3390 768 3423 vicies.
798 3408 832 3413 —
868 3389 995 3431 quater]
1027 3389 1098 3423 scil.
1125 3396 1155 3423 ct
1175 3391 1298 3423 viciens
1321 3392 1365 3432 (v.
1393 3390 1458 3431 36).
1489 3409 1520 3414 -
1556 3390 1609 3423 37.
1631 3389 1703 3432 per]
1729 3398 1768 3422 n>
1790 3389 1815 3422 L
1839 3405 1873 3411 —
1901 3387 1937 3421 G.
1962 3388 2090 3422 Furnio

302 3447 337 3481 C.
363 3446 479 3480 Silano
502 3455 567 3479 cos.
593 3447 723 3487 quintos
743 3446 838 3479 ludos
858 3446 1057 3489 saeculares]
1086 3446 1136 3479 Cf.
1157 3447 1246 3479 Fast.
1272 3445 1417 3489 Capitol.
1443 3455 1474 3478 a.
1493 3446 1568 3478 736.
1595 3445 1808 3479 Censorinus
1832 3443 1877 3477 de
1901 3443 1958 3477 die
1981 3442 2087 3477 natali
