2254 3770
731 261 885 315 LIBER
916 271 999 315 xv.
1044 271 1145 329 Cap.
1175 272 1241 315 sl.
1274 272 1340 316 62.
1371 272 1439 316 63.
1911 271 1992 314 533

207 382 357 426 tariam
383 386 563 424 mortem
592 385 773 438 pararet.
804 385 894 423 tum
922 378 1118 422 tribunus
1148 378 1262 422 nulla
1297 379 1469 437 pavoris
1499 379 1637 437 signa,
1669 378 1770 421 nihil
1800 378 1919 422 triste
1948 379 1992 421 in

204 457 348 502 verbis
385 455 479 500 eius
517 462 591 499 aut
625 454 742 498 vultu
782 454 1044 512 deprensum
1078 453 1352 498 confirmavit.
1398 468 1502 512 ergo
1531 453 1700 511 regredi
1731 460 1774 497 et
1802 453 1992 498 indicere

203 539 383 577 mortem
429 530 612 575 iubetur.
667 529 793 574 tradit
830 529 987 573 Fabius
1021 529 1219 573 Rusticus
1249 543 1333 573 non
1365 543 1436 581 eo,
1484 544 1571 588 quo
1600 534 1797 578 venerat,
1843 528 1993 572 itinere

203 608 407 659 reditum,
440 606 517 651 sed
549 605 722 650 flexisse
752 605 807 649 ad
838 605 1042 648 Faenium
1071 604 1332 662 praefectum
1356 612 1398 649 et
1421 605 1625 663 expositis
1646 603 1842 649 Caesaris
1863 603 1992 647 iussis

204 697 257 727 an
288 683 605 741 obtemperaret
635 680 985 738 interrogavisse,
1019 680 1310 738 monitumque
1339 681 1392 724 ab
1415 694 1467 724 eo
1487 687 1533 723 ut
1553 686 1850 739 exequeretur,
1883 679 2024 723 fatalis

202 759 391 804 omnium
421 757 600 816 ignavia.
641 770 736 800 nam
768 762 810 799 et
840 755 1036 799 Silvanus
1068 756 1176 799 inter
1204 756 1447 799 coniuratos
1478 761 1570 799 erat
1599 756 1869 814 augebatque
1899 769 1995 799 sce-

200 835 292 879 lera
335 834 378 876 in
417 847 600 892 quorum
639 832 842 875 ultionem
879 838 1166 875 consenserat.
1209 831 1304 875 voci
1334 837 1476 875 tamen
1507 837 1549 875 et
1578 831 1768 889 aspectui
1799 831 1994 889 pepercit

202 910 512 967 intromisitque
543 907 595 951 ad
628 908 836 952 Senecam
867 921 999 950 unum
1028 921 1081 950 ex
1113 906 1449 957 centurionibus,
1482 907 1554 964 qui
1576 907 1874 951 necessitatem
1895 906 1993 949 ulti-

200 1000 314 1029 mam
343 984 623 1029 denuntiaret.
671 983 750 1040 (62)
784 982 853 1026 ille
884 983 1100 1026 interritus
1132 983 1269 1041 poscit
1298 983 1536 1026 testamenti
1569 982 1757 1034 tabulas;
1789 996 1840 1027 ac
1860 982 1992 1026 dene-

200 1067 325 1120 gante
369 1059 619 1104 centurione
663 1073 896 1102 conversus
938 1058 990 1101 ad
1028 1059 1209 1109 amicos,
1253 1058 1427 1116 quando
1458 1058 1620 1101 meritis
1650 1072 1799 1101 eorum
1830 1058 1991 1101 referre
2006 1069 2042 1099 ⁴0

199 1137 375 1195 gratiam
415 1134 734 1194 prohiberetur,
781 1134 896 1193 quod
935 1149 1067 1177 unum
1106 1134 1190 1177 iam
1220 1141 1263 1178 et
1291 1141 1430 1177 tamen
1459 1133 1795 1191 pulcherrimum
1823 1133 1990 1183 babeat,

198 1213 425 1270 imaginem
456 1205 568 1254 vitae
600 1224 704 1254 suae
735 1210 977 1268 relinquere
1004 1216 1191 1261 testatur,
1225 1209 1347 1253 cuius
1368 1209 1404 1252 si
1427 1223 1642 1253 memores
1665 1215 1826 1259 essent,
1860 1209 1992 1253 bona-

199 1303 292 1332 rum
335 1287 489 1332 artium
528 1286 701 1337 samam,
747 1292 836 1329 tum
877 1285 1107 1330 constantis
1148 1285 1357 1328 amicitiae
1399 1284 1572 1328 laturos.
1632 1284 1757 1327 simul
1794 1284 1991 1328 lacrimas

198 1378 350 1408 eorum
379 1362 508 1406 modo
538 1375 759 1413 sermone,
801 1361 930 1404 modo
961 1361 1160 1404 intentior
1190 1361 1231 1403 in
1269 1360 1443 1404 modum
1482 1360 1736 1411 coercentis,
1777 1360 1830 1403 ad
1859 1359 1992 1403 firmi-

197 1439 389 1483 tudinem
425 1443 616 1498 revocat,
659 1437 847 1495 rogitans
883 1436 957 1480 ubi
994 1442 1224 1494 praecepta
1264 1422 1516 1494 sapientiae,
1555 1435 1629 1479 ubi
1659 1442 1720 1479 tot
1748 1449 1827 1493 per
1856 1449 1990 1502 annos
2004 1447 2040 1477 15

198 1514 398 1558 meditata
428 1513 534 1557 ratio
565 1512 794 1556 adversum
826 1512 1120 1555 imminentia?
1151 1512 1219 1556 cui
1249 1512 1362 1556 enim
1392 1512 1582 1569 ignaram
1612 1511 1744 1555 fuisse
1770 1511 1991 1555 saevitiam

199 1589 378 1633 Neronis
391 1588 427 1634 ἱ),
446 1601 587 1645 neque
617 1587 720 1631 aliut
749 1601 978 1644 superesse
999 1596 1098 1645 post
1118 1594 1293 1631 matrem
1315 1587 1574 1644 fratremque
1595 1586 1839 1630 interfectos
1860 1600 1989 1645 quam

199 1671 247 1707 ut
277 1663 520 1708 educatoris
549 1661 929 1720 praeceptorisque
960 1676 1109 1706 necem
1140 1663 1341 1706 adiceret.
1391 1662 1470 1719 (63)
1501 1662 1575 1705 ubi
1606 1661 1712 1705 haec
1733 1668 1862 1720 atque
1891 1661 1990 1706 talia

196 1739 312 1784 velut
342 1740 384 1782 in
417 1751 643 1783 commune
674 1737 895 1789 disseruit,
929 1737 1224 1796 complectitur
1245 1752 1442 1789 uxorem,
1476 1743 1518 1781 et
1538 1736 1758 1795 paululum
1780 1737 1988 1781 adversus

261 1860 292 1892 4.
317 1860 419 1892 nichil
440 1860 473 1893 Μ
498 1878 534 1883 —-
567 1859 597 1893 4.
623 1860 768 1892 reditum
790 1859 842 1891 M:
866 1859 987 1891 redisse
1008 1858 1177 1891 tribunum
1199 1857 1367 1891 Halmius.
1397 1876 1431 1882 -
1457 1858 1619 1890 Faenium
1633 1858 1685 1891 M:
1712 1858 1849 1891 Fenium
1870 1857 1986 1900 vulgo.

194 1916 282 1949 Vide
306 1916 351 1948 ad
373 1925 409 1958 p.
434 1915 510 1956 407,
535 1917 566 1949 5.
588 1934 621 1939 -
650 1916 681 1949 6.
708 1915 843 1948 ennium
866 1916 957 1948 M—
980 1915 1033 1948 44.
1057 1917 1129 1948 iam
1150 1918 1181 1948 et
1203 1918 1313 1948 tamen
1337 1915 1389 1947 M:
1414 1916 1485 1947 iam
1509 1917 1540 1947 et
1562 1915 1761 1954 Ernestius3
1784 1915 1854 1947 iam
1876 1918 1987 1947 tamen

193 1976 226 2006 et
248 1973 456 2011 Rhenanus3
489 1973 559 2005 iam
581 1975 730 2005 attamen
753 1972 922 2010 Pichena;
954 1971 1040 2012 iam,
1071 1975 1180 2004 tamen
1204 1972 1367 2012 Ryckius.
1394 1965 1428 1994 “-
1462 1971 1579 2003 habeat
1603 1972 1656 2004 M:
1689 1971 1830 2004 habebat
1851 1970 1918 2003 alii.
1945 1989 1988 1995 —-

195 2027 246 2061 43.
272 2031 343 2060 tum
365 2029 540 2061 Muretus:
573 2032 643 2061 tam
665 2029 698 2062 M
727 2027 836 2070 (cuius
858 2028 887 2060 si
908 2036 1068 2061 memores
1090 2031 1194 2061 essent
1216 2028 1380 2060 bonarum
1402 2028 1539 2068 artium,
1563 2028 1692 2068 famam
1714 2029 1894 2061 constantis
1922 2028 1988 2060 Er-

193 2084 348 2123 nestius;
384 2085 479 2116 cuius
507 2085 536 2116 si
556 2093 716 2118 memores
737 2088 858 2125 essent,
891 2084 1055 2117 bonarum
1077 2085 1203 2117 artium
1224 2085 1353 2124 famam
1373 2084 1522 2124 fructum
1544 2085 1723 2117 constantis
1745 2084 1921 2122 Halmius3
1952 2085 1988 2117 in

193 2140 325 2174 codicis
348 2140 496 2173 lectione
520 2143 591 2173 tam
613 2140 874 2173 substantivum
897 2140 1009 2173 videri
1031 2140 1141 2173 latere
1166 2141 1303 2173 monuit
1326 2139 1582 2174 Weissenborn
1595 2141 1684 2173 Anu.
1705 2139 1824 2182 philol.
1843 2141 1878 2173 et
1901 2149 1988 2182 pae-

192 2196 272 2238 dag.
297 2195 365 2229 vol.
383 2197 424 2230 52
447 2205 483 2238 p.
500 2195 568 2237 44.)
594 2213 631 2220 —
659 2196 712 2229 44.
737 2197 871 2229 intetior
892 2197 926 2229 Μ
951 2214 988 2220 -
1016 2197 1069 2228 46.
1094 2193 1303 2229 imminenti&
1326 2197 1359 2229 Μ
1386 2215 1423 2220 -
1453 2196 1506 2229 47.
1528 2199 1605 2236 post
1626 2197 1672 2229 G:
1698 2194 1768 2238 qua
1791 2197 1824 2229 Μ
1852 2215 1887 2223 -
1912 2197 1989 2237 fra-

192 2248 321 2294 tresque
341 2253 555 2295 Nipperdey.
580 2271 625 2278 —
648 2253 700 2285 49.
726 2254 817 2286 uelut
839 2254 891 2287 M:
916 2262 987 2285 om.
1013 2252 1079 2286 alii.

193 2366 264 2398 Liv.
291 2366 323 2405 4,
348 2365 412 2398 2οτ
444 2365 559 2405 plures
589 2365 717 2397 Romuli
741 2374 844 2406 quam
865 2366 997 2398 Numae
1018 2366 1065 2398 si-
1086 2366 1092 2392 ¹
1115 2366 1226 2398 turus.
1269 2365 1430 2406 Rectius,
1466 2366 1571 2406 puto,
1610 2363 1667 2396 alii
1696 2364 1740 2397 de
1768 2363 1913 2405 tabulis,
1952 2366 1988 2399 in

191 2417 284 2448 miles
313 2424 406 2457 reyes
430 2415 574 2455 putabat
600 2416 671 2455 fore
703 2414 851 2457 (Numa).
880 2433 915 2439 —
942 2415 1065 2448 Fabius
1114 2415 1244 2457 quibus
1269 2416 1352 2448 tunc
1376 2416 1493 2457 ipsum
1518 2414 1634 2447 facere
1659 2415 1781 2456 posset
1796 2416 1989 2448 testamen-

194 2465 353 2506 Rusticus]
379 2464 430 2497 Cf.
449 2465 502 2502 43,
520 2465 574 2497 20.
594 2482 629 2487 —
655 2464 765 2506 fatali]
783 2465 882 2506 quasi
899 2464 957 2497 sati
975 2474 1064 2507 qua—

193 2514 275 2547 dam
306 2515 519 2547 necessitate
549 2514 714 2547 omnibus
745 2514 869 2552 indita,
903 2516 942 2547 ut
963 2516 995 2555 5,
1022 2515 1060 2548 4:

190 2565 289 2606 fatali
313 2566 456 2605 quodam
477 2568 587 2603 motu;
611 2565 676 2597 wie
697 2573 773 2597 vom
795 2565 965 2597 Schicksal
984 2574 1064 2598 ver-

191 2615 294 2655 hange
326 2614 484 2655 (unseliye
520 2615 715 2653 Gutmann,
747 2615 940 2647 irresistible
970 2616 1063 2647 Lou-

192 2662 328 2704 andre).
355 2681 391 2686 —
417 2664 491 2696 voci
506 2664 722 2706 ”popei-cit]
746 2664 882 2706 pudore
907 2665 1062 2706 quodam

192 2715 228 2746 et
251 2713 376 2756 culpae
401 2714 614 2746 conscientia
639 2716 839 2747 commotus
865 2715 941 2756 ipse
965 2723 1064 2748 mor-

193 2765 266 2796 tem
290 2764 322 2796 ei
346 2763 555 2796 denuntiare
573 2773 643 2796 non
659 2765 821 2797 sustinuit
858 2763 909 2797 Cf.
929 2765 981 2804 42,
999 2763 1059 2797 47;

190 2813 277 2845 visui
299 2816 410 2845 tamen
431 2814 606 2853 consuluit,
631 2823 673 2846 ne
695 2823 810 2857 coram
831 2814 1038 2855 interficeret.

235 2863 288 2895 62.
314 2863 368 2895 ille
389 2863 563 2895 interritus
586 2865 669 2902 cet.)
695 2864 852 2896 Tacitum
877 2865 1063 2905 exscripsit

192 2911 385 2946 Scholiasta
408 2912 582 2946 Iuvenalis
605 2914 637 2952 5,
665 2913 746 2945 ⁴09:
772 2913 858 2945 Huic
879 2914 1060 2955 (Senecae)

188 2966 364 3003 postremo,
380 2963 467 3002 quod
483 2963 613 2995 habitus
627 2966 707 2995 esset
720 2965 808 2996 inter
821 2964 967 2995 conscios
981 2973 1062 2996 con-

189 3013 369 3047 iurationis
385 3013 598 3053 montanae,
623 3015 711 3046 Nero
730 3022 793 3054 per
815 3013 985 3046 tribunum
1005 3014 1060 3046 ul—

191 3063 307 3095 timam
329 3063 552 3095 necessitatem
568 3063 790 3096 denunciavit.
816 3064 868 3096 hic
892 3064 1063 3096 interritus

190 3114 375 3145 amicorum
399 3113 546 3152 animos,
573 3113 688 3153 quibus
710 3114 779 3145 iam
802 3114 873 3145 eius
895 3122 991 3145 casus
1013 3114 1063 3146 la-

189 3164 314 3196 crimas
335 3163 525 3202 exciverat,
556 3163 600 3194 ad
627 3163 864 3204 firmitudinem
893 3165 1063 3196 revocavit

189 3213 358 3254 roqtta-ns,
394 3211 451 3244 ubi
468 3229 516 3235 --
530 3212 762 3244 imminentia?
800 3214 854 3245 cui
882 3216 1062 3253 praeterea

189 3263 314 3304 ignara
327 3261 427 3302 fuerit
441 3262 582 3293 Neronis
595 3262 737 3294 saevitia
747 3261 764 3293 P
785 3271 889 3302 neque
904 3263 998 3294 aliud
1009 3280 1028 3286 -
1043 3281 1062 3286 —

190 3312 346 3344 adiceret.
367 3329 401 3334 —
430 3312 614 3343 testamenti
637 3311 781 3352 tabulas]
803 3311 867 3344 Alii
887 3311 1063 3354 explicant

189 3361 461 3400 testamentum,
494 3360 588 3402 quod
621 3360 680 3393 diu
704 3362 786 3393 ante
811 3362 994 3404 scripserit
1017 3363 1059 3403 (c.

190 3408 232 3442 64
258 3411 362 3451 extr.)
392 3409 556 3443 nonnulla
581 3409 635 3443 vel
660 3412 857 3444 mutaturus
880 3410 937 3445 vel
960 3412 1062 3445 addi—

1114 2467 1206 2499 tum:
1244 2474 1326 2497 nam
1358 2465 1446 2497 infra
1471 2465 1638 2498 codicillos
1659 2466 1837 2497 memorat
1860 2465 1904 2497 de
1929 2474 1988 2498 se-

1112 2514 1273 2556 pulturae
1298 2514 1405 2547 modo
1429 2514 1630 2554 dumtaxat,
1664 2523 1754 2556 quos
1777 2515 1944 2547 codicillos
1965 2525 1986 2548 a
2044 2553 2051 2558 δ

1112 2568 1303 2597 testamento
1326 2565 1540 2606 distinguere
1565 2564 1679 2598 solent
1703 2565 1770 2597 1Cti
1784 2591 1791 2602 ,
1818 2566 1855 2597 ut
1879 2566 1982 2598 Gaius

1112 2616 1151 2655 2,
1176 2615 1258 2647 273:
1297 2615 1462 2648 Codicillis
1494 2624 1590 2647 nemo
1621 2615 1711 2647 heres
1733 2615 1862 2647 institui
1882 2618 1989 2655 potest

1112 2674 1216 2707 neque
1237 2666 1450 2705 exheredari,
1477 2666 1630 2706 quamvis
1653 2668 1843 2697 testamento
1868 2667 1988 2707 confir—

1111 2717 1194 2747 mati
1216 2716 1291 2747 sint.
1311 2733 1353 2739 —
1375 2724 1479 2747 unum
1498 2716 1568 2747 iam
1585 2715 1668 2757 cet.)
1691 2716 1780 2747 Nam
1799 2714 1892 2747 bona
1910 2716 1987 2749 eius

1112 2764 1329 2808 publicatum
1350 2765 1391 2797 iri
1411 2765 1670 2806 significaverat
1686 2766 1846 2797 centurio
1863 2774 1904 2797 ex
1921 2766 1989 2798 Ne-

1111 2816 1207 2848 ronis
1223 2816 1320 2848 iussu
1334 2817 1589 2848 testamentum
1603 2816 1680 2848 fieri
1691 2815 1857 2848 vetando.
1877 2816 1985 2849 Doen.

1117 2883 1149 2888 —
1174 2869 1205 2897 et
1227 2868 1335 2897 tamen
1355 2866 1404 2906 p.]
1431 2866 1613 2907 «quamvis
1637 2874 1766 2905 unum,
1793 2864 1989 2907 pulcherri-

1113 2923 1209 2946 mum
1226 2915 1379 2947 tamen».
1402 2933 1436 2938 —-
1463 2915 1543 2957 tum]
1567 2915 1604 2948 id
1621 2917 1687 2955 est,
1712 2916 1911 2957 praeterea,
1937 2915 1988 2947 in-

1112 2973 1230 3006 super.
1270 2965 1321 2997 Ct'.
1348 2965 1433 2997 Hist.
1461 2966 1491 3003 4,
1522 2965 1584 2998 46τ
1617 2968 1687 2998 tum
1717 2965 1988 3005 locupletissimus

1113 3016 1179 3046 cet.
1206 3032 1242 3038 —
1267 3014 1425 3057 sermone]
1449 3014 1635 3057 tranquillo
1660 3024 1701 3048 ac
1725 3014 1903 3054 familiari,
1930 3016 1987 3048 cui

1112 3065 1300 3105 opponitur
1321 3065 1489 3105 intentior,
1524 3066 1730 3098 concitatius
1754 3066 1986 3106 severiusque

1110 3113 1272 3155 loquens.
1301 3131 1335 3138 -
1366 3118 1441 3156 post
1469 3119 1611 3148 matrem
1637 3115 1859 3156 fratremque]
1893 3115 1987 3148 Infra

1112 3173 1142 3196 c.
1159 3164 1199 3195 67
1222 3164 1368 3198 Subrius
1385 3164 1509 3198 Flavus
1525 3165 1639 3197 fratris
1656 3166 1838 3197 mentione
1854 3166 1986 3199 omissa

1111 3214 1232 3246 matris
1259 3218 1290 3247 et
1318 3215 1438 3248 uxoris
1468 3214 1621 3257 (sororis)
1649 3215 1862 3255 parricidam
1883 3215 1986 3248 vocat

1111 3265 1300 3297 Neronem.

1155 3313 1208 3346 63.
1243 3314 1331 3346 velut
1364 3315 1399 3346 in
1430 3313 1619 3358 commune]
1654 3314 1786 3347 Sensus
1820 3313 1879 3347 hic
1909 3315 1983 3347 est:

1115 3363 1237 3396 «Haec
1260 3364 1427 3397 disseruit
1447 3364 1536 3396 velut
1559 3363 1719 3406 (poterat
1741 3363 1899 3398 scribere
1922 3365 1984 3405 uti,

1112 3413 1224 3458 sicuti)
1247 3415 1384 3448 cunctis
1407 3423 1522 3457 aeque
1539 3415 1758 3458 excipienda,
1784 3416 1820 3448 et
1834 3416 1933 3449 uxori
1950 3417 1985 3449 et
