<?xml version="1.0" encoding="UTF-8"?>
<!DOCTYPE html PUBLIC "-//W3C//DTD XHTML 1.0 Transitional//EN"
    "http://www.w3.org/TR/xhtml1/DTD/xhtml1-transitional.dtd">
<html xmlns="http://www.w3.org/1999/xhtml" xml:lang="en" lang="en">
 <head>
  <title>
</title>
<meta http-equiv="Content-Type" content="text/html;charset=utf-8" />
  <meta name='ocr-system' content='tesseract 3.04.00' />
  <meta name='ocr-capabilities' content='ocr_page ocr_carea ocr_par ocr_line ocrx_word'/>
</head>
<body>
  <div class='ocr_page' id='page_1' title='image "./pcorneliitacitio01taciuoft_0216.png"; bbox 0 0 2254 3770; ppageno 0'>
   <div class='ocr_carea' id='block_1_1' title="bbox 288 264 371 308">
    <p class='ocr_par' dir='ltr' id='par_1_1' title="bbox 288 264 371 308">
     <span class='ocr_line' id='line_1_1' title="bbox 288 264 371 308; baseline 0 0"><span class='ocrx_word' id='word_1_1' title='bbox 288 264 371 308; x_wconf 90' lang='grc' dir='ltr'>Ι178</span> 
     </span>
    </p>
   </div>
   <div class='ocr_carea' id='block_1_2' title="bbox 767 264 1596 312">
    <p class='ocr_par' dir='ltr' id='par_1_2' title="bbox 767 264 1596 312">
     <span class='ocr_line' id='line_1_2' title="bbox 767 264 1596 312; baseline 0.001 -3"><span class='ocrx_word' id='word_1_2' title='bbox 767 265 813 309; x_wconf 93' lang='grc' dir='ltr'>Ρ.</span> <span class='ocrx_word' id='word_1_3' title='bbox 845 264 1097 309; x_wconf 91' lang='lat' dir='ltr'>CORNELII</span> <span class='ocrx_word' id='word_1_4' title='bbox 1126 266 1297 310; x_wconf 88' lang='lat' dir='ltr'><strong>TACITI</strong></span> <span class='ocrx_word' id='word_1_5' title='bbox 1326 266 1596 312; x_wconf 90' lang='lat' dir='ltr'>ANNALIUM</span> 
     </span>
    </p>
   </div>
   <div class='ocr_carea' id='block_1_3' title="bbox 225 370 2135 1264">
    <p class='ocr_par' dir='ltr' id='par_1_3' title="bbox 225 370 2135 1264">
     <span class='ocr_line' id='line_1_3' title="bbox 285 370 2081 434; baseline 0.003 -20"><span class='ocrx_word' id='word_1_6' title='bbox 285 370 458 415; x_wconf 90' lang='lat' dir='ltr'>Aeduos</span> <span class='ocrx_word' id='word_1_7' title='bbox 496 371 631 416; x_wconf 90' lang='lat' dir='ltr'>maior</span> <span class='ocrx_word' id='word_1_8' title='bbox 665 371 802 416; x_wconf 89' lang='lat' dir='ltr'>moles</span> <span class='ocrx_word' id='word_1_9' title='bbox 839 379 1004 423; x_wconf 87' lang='lat' dir='ltr'>exorta,</span> <span class='ocrx_word' id='word_1_10' title='bbox 1047 380 1206 431; x_wconf 89' lang='lat' dir='ltr'>quanto</span> <span class='ocrx_word' id='word_1_11' title='bbox 1245 374 1392 417; x_wconf 90' lang='lat' dir='ltr'>civitas</span> <span class='ocrx_word' id='word_1_12' title='bbox 1429 374 1671 432; x_wconf 91' lang='lat' dir='ltr'>opulentior</span> <span class='ocrx_word' id='word_1_13' title='bbox 1700 382 1743 420; x_wconf 89' lang='lat' dir='ltr'>et</span> <span class='ocrx_word' id='word_1_14' title='bbox 1772 376 2081 434; x_wconf 89' lang='lat' dir='ltr'>comprimendi</span> 
     </span>
     <span class='ocr_line' id='line_1_4' title="bbox 281 446 2082 506; baseline 0.003 -16"><span class='ocrx_word' id='word_1_15' title='bbox 281 446 432 504; x_wconf 88' lang='lat' dir='ltr'>procul</span> <span class='ocrx_word' id='word_1_16' title='bbox 460 447 735 505; x_wconf 82' lang='lat' dir='ltr'>praesidium.</span> <span class='ocrx_word' id='word_1_17' title='bbox 784 448 1149 505; x_wconf 83' lang='lat' dir='ltr'>Augustodunum,</span> <span class='ocrx_word' id='word_1_18' title='bbox 1183 455 1311 506; x_wconf 89' lang='lat' dir='ltr'>caput</span> <span class='ocrx_word' id='word_1_19' title='bbox 1341 449 1491 506; x_wconf 86' lang='lat' dir='ltr'>gentis,</span> <span class='ocrx_word' id='word_1_20' title='bbox 1523 451 1694 494; x_wconf 87' lang='lat' dir='ltr'>armatis</span> <span class='ocrx_word' id='word_1_21' title='bbox 1726 451 1973 496; x_wconf 87' lang='lat' dir='ltr'>cohortibus</span> <span class='ocrx_word' id='word_1_22' title='bbox 2004 453 2082 496; x_wconf 90' lang='lat' dir='ltr'>Sa-</span> 
     </span>
     <span class='ocr_line' id='line_1_5' title="bbox 282 512 2135 581; baseline 0.003 -15"><span class='ocrx_word' id='word_1_23' title='bbox 282 522 422 566; x_wconf 90' lang='lat' dir='ltr'>crovir</span> <span class='ocrx_word' id='word_1_24' title='bbox 442 528 727 581; x_wconf 87' lang='lat' dir='ltr'>occupaverat</span> <span class='ocrx_word' id='word_1_25' title='bbox 751 529 789 565; x_wconf 83' lang='lat' dir='ltr'>et</span> <span class='ocrx_word' id='word_1_26' title='bbox 818 522 1126 567; x_wconf 87' lang='lat' dir='ltr'>nobilissimam</span> <span class='ocrx_word' id='word_1_27' title='bbox 1147 523 1377 568; x_wconf 89' lang='lat' dir='ltr'>Galliarum</span> <span class='ocrx_word' id='word_1_28' title='bbox 1407 524 1616 577; x_wconf 89' lang='lat' dir='ltr'>subolem,</span> <span class='ocrx_word' id='word_1_29' title='bbox 1648 525 1896 571; x_wconf 83' lang='lat' dir='ltr'>liberalibus</span> <span class='ocrx_word' id='word_1_30' title='bbox 1928 527 2080 572; x_wconf 88' lang='lat' dir='ltr'>studiis</span> <span class='ocrx_word' id='word_1_31' title='bbox 2134 512 2135 515; x_wconf 8' lang='grc' dir='ltr'><strong>Ἰ</strong></span> 
     </span>
     <span class='ocr_line' id='line_1_6' title="bbox 278 597 2079 660; baseline 0.004 -20"><span class='ocrx_word' id='word_1_32' title='bbox 278 597 338 641; x_wconf 91' lang='lat' dir='ltr'>ibi</span> <span class='ocrx_word' id='word_1_33' title='bbox 369 604 608 656; x_wconf 83' lang='lat' dir='ltr'>operatam,</span> <span class='ocrx_word' id='word_1_34' title='bbox 646 604 693 642; x_wconf 86' lang='lat' dir='ltr'>ut</span> <span class='ocrx_word' id='word_1_35' title='bbox 723 612 776 642; x_wconf 95' lang='lat' dir='ltr'>eo</span> <span class='ocrx_word' id='word_1_36' title='bbox 807 598 985 656; x_wconf 88' lang='lat' dir='ltr'>pignore</span> <span class='ocrx_word' id='word_1_37' title='bbox 1015 606 1216 657; x_wconf 84' lang='lat' dir='ltr'>parentes</span> <span class='ocrx_word' id='word_1_38' title='bbox 1246 599 1604 659; x_wconf 89' lang='lat' dir='ltr'>propinquosque</span> <span class='ocrx_word' id='word_1_39' title='bbox 1634 615 1785 646; x_wconf 89' lang='lat' dir='ltr'>eorum</span> <span class='ocrx_word' id='word_1_40' title='bbox 1814 602 2079 660; x_wconf 85' lang='lat' dir='ltr'>adiungeret.</span> 
     </span>
     <span class='ocr_line' id='line_1_7' title="bbox 247 673 2077 735; baseline 0.003 -19"><span class='ocrx_word' id='word_1_41' title='bbox 247 673 405 721; x_wconf 68' lang='lat' dir='ltr'>ssimul</span> <span class='ocrx_word' id='word_1_42' title='bbox 434 687 552 718; x_wconf 91' lang='lat' dir='ltr'>arma</span> <span class='ocrx_word' id='word_1_43' title='bbox 580 673 747 718; x_wconf 86' lang='lat' dir='ltr'>occulte</span> <span class='ocrx_word' id='word_1_44' title='bbox 777 673 983 718; x_wconf 84' lang='lat' dir='ltr'>fabricata</span> <span class='ocrx_word' id='word_1_45' title='bbox 1014 674 1221 718; x_wconf 89' lang='lat' dir='ltr'>iuventuti</span> <span class='ocrx_word' id='word_1_46' title='bbox 1249 674 1457 732; x_wconf 86' lang='lat' dir='ltr'>dispertit.</span> <span class='ocrx_word' id='word_1_47' title='bbox 1489 675 1770 735; x_wconf 85' lang='lat' dir='ltr'>quadraginta</span> <span class='ocrx_word' id='word_1_48' title='bbox 1798 677 1916 722; x_wconf 93' lang='lat' dir='ltr'>milia</span> <span class='ocrx_word' id='word_1_49' title='bbox 1945 678 2077 729; x_wconf 88' lang='lat' dir='ltr'>suere,</span> 
     </span>
     <span class='ocr_line' id='line_1_8' title="bbox 278 748 2080 812; baseline 0.004 -21"><span class='ocrx_word' id='word_1_50' title='bbox 278 748 426 807; x_wconf 88' lang='lat' dir='ltr'>quinta</span> <span class='ocrx_word' id='word_1_51' title='bbox 455 749 520 793; x_wconf 92' lang='lat' dir='ltr'>sui</span> <span class='ocrx_word' id='word_1_52' title='bbox 550 755 670 808; x_wconf 85' lang='lat' dir='ltr'>parte</span> <span class='ocrx_word' id='word_1_53' title='bbox 700 748 945 807; x_wconf 82' lang='lat' dir='ltr'>legionariis</span> <span class='ocrx_word' id='word_1_54' title='bbox 977 750 1118 800; x_wconf 90' lang='lat' dir='ltr'>armis,</span> <span class='ocrx_word' id='word_1_55' title='bbox 1153 750 1285 794; x_wconf 90' lang='lat' dir='ltr'>ceteri</span> <span class='ocrx_word' id='word_1_56' title='bbox 1316 764 1414 794; x_wconf 90' lang='lat' dir='ltr'>cum</span> <span class='ocrx_word' id='word_1_57' title='bbox 1443 750 1665 796; x_wconf 89' lang='lat' dir='ltr'>venabulis</span> <span class='ocrx_word' id='word_1_58' title='bbox 1695 759 1738 796; x_wconf 90' lang='lat' dir='ltr'>et</span> <span class='ocrx_word' id='word_1_59' title='bbox 1768 752 1915 797; x_wconf 91' lang='lat' dir='ltr'>cultris</span> <span class='ocrx_word' id='word_1_60' title='bbox 1945 768 2080 812; x_wconf 90' lang='lat' dir='ltr'>quae-</span> 
     </span>
     <span class='ocr_line' id='line_1_9' title="bbox 278 824 2077 885; baseline 0.002 -17"><span class='ocrx_word' id='word_1_61' title='bbox 278 838 364 883; x_wconf 89' lang='lat' dir='ltr'>que</span> <span class='ocrx_word' id='word_1_62' title='bbox 394 824 475 869; x_wconf 92' lang='lat' dir='ltr'>alia</span> <span class='ocrx_word' id='word_1_63' title='bbox 504 825 758 869; x_wconf 88' lang='lat' dir='ltr'>venantibus</span> <span class='ocrx_word' id='word_1_64' title='bbox 788 824 873 869; x_wconf 91' lang='lat' dir='ltr'>tela</span> <span class='ocrx_word' id='word_1_65' title='bbox 902 833 1012 869; x_wconf 88' lang='lat' dir='ltr'>sunt.</span> <span class='ocrx_word' id='word_1_66' title='bbox 1055 825 1270 869; x_wconf 91' lang='lat' dir='ltr'>adduntur</span> <span class='ocrx_word' id='word_1_67' title='bbox 1300 839 1324 869; x_wconf 93' lang='lat' dir='ltr'>e</span> <span class='ocrx_word' id='word_1_68' title='bbox 1356 826 1540 870; x_wconf 88' lang='lat' dir='ltr'>servitiis</span> <span class='ocrx_word' id='word_1_69' title='bbox 1571 826 1834 885; x_wconf 85' lang='lat' dir='ltr'>gladiaturae</span> <span class='ocrx_word' id='word_1_70' title='bbox 1864 828 2077 879; x_wconf 85' lang='lat' dir='ltr'>destinati,</span> 
     </span>
     <span class='ocr_line' id='line_1_10' title="bbox 277 899 2080 961; baseline 0.003 -18"><span class='ocrx_word' id='word_1_71' title='bbox 277 899 434 958; x_wconf 90' lang='lat' dir='ltr'>quibus</span> <span class='ocrx_word' id='word_1_72' title='bbox 464 914 585 944; x_wconf 90' lang='lat' dir='ltr'>more</span> <span class='ocrx_word' id='word_1_73' title='bbox 615 901 784 958; x_wconf 84' lang='lat' dir='ltr'>gentico</span> <span class='ocrx_word' id='word_1_74' title='bbox 815 901 1063 945; x_wconf 89' lang='lat' dir='ltr'>continuum</span> <span class='ocrx_word' id='word_1_75' title='bbox 1093 901 1190 944; x_wconf 87' lang='lat' dir='ltr'>ferri</span> <span class='ocrx_word' id='word_1_76' title='bbox 1220 902 1427 958; x_wconf 88' lang='lat' dir='ltr'>tegimen:</span> <span class='ocrx_word' id='word_1_77' title='bbox 1471 902 1778 961; x_wconf 87' lang='lat' dir='ltr'>cruppellarios</span> <span class='ocrx_word' id='word_1_78' title='bbox 1809 911 1983 957; x_wconf 89' lang='lat' dir='ltr'>vocant,</span> <span class='ocrx_word' id='word_1_79' title='bbox 2015 905 2080 949; x_wconf 91' lang='lat' dir='ltr'>in-</span> 
     </span>
     <span class='ocr_line' id='line_1_11' title="bbox 275 975 2079 1038; baseline 0.003 -20"><span class='ocrx_word' id='word_1_80' title='bbox 275 975 464 1020; x_wconf 88' lang='lat' dir='ltr'>ferendis</span> <span class='ocrx_word' id='word_1_81' title='bbox 507 976 663 1021; x_wconf 82' lang='lat' dir='ltr'>ictibus</span> <span class='ocrx_word' id='word_1_82' title='bbox 708 976 936 1027; x_wconf 89' lang='lat' dir='ltr'>inhabiles,</span> <span class='ocrx_word' id='word_1_83' title='bbox 984 976 1248 1034; x_wconf 87' lang='lat' dir='ltr'>accipiendis</span> <span class='ocrx_word' id='word_1_84' title='bbox 1295 977 1640 1034; x_wconf 87' lang='lat' dir='ltr'>inpenetrabiles.</span> <span class='ocrx_word' id='word_1_85' title='bbox 1691 980 1959 1038; x_wconf 85' lang='lat' dir='ltr'>augebantur</span> <span class='ocrx_word' id='word_1_86' title='bbox 2001 994 2079 1024; x_wconf 86' lang='lat' dir='ltr'>eae</span> 
     </span>
     <span class='ocr_line' id='line_1_12' title="bbox 225 1051 2079 1110; baseline 0.002 -14"><span class='ocrx_word' id='word_1_87' title='bbox 225 1070 262 1101; x_wconf 75' lang='lat' dir='ltr'>io</span> <span class='ocrx_word' id='word_1_88' title='bbox 276 1053 427 1109; x_wconf 87' lang='lat' dir='ltr'>copiae</span> <span class='ocrx_word' id='word_1_89' title='bbox 464 1051 700 1096; x_wconf 89' lang='lat' dir='ltr'>vicinarum</span> <span class='ocrx_word' id='word_1_90' title='bbox 741 1052 958 1096; x_wconf 88' lang='lat' dir='ltr'>civitatum</span> <span class='ocrx_word' id='word_1_91' title='bbox 994 1059 1040 1095; x_wconf 90' lang='lat' dir='ltr'>ut</span> <span class='ocrx_word' id='word_1_92' title='bbox 1079 1051 1269 1095; x_wconf 91' lang='lat' dir='ltr'>nondum</span> <span class='ocrx_word' id='word_1_93' title='bbox 1305 1059 1453 1110; x_wconf 86' lang='lat' dir='ltr'>aperta</span> <span class='ocrx_word' id='word_1_94' title='bbox 1483 1055 1787 1107; x_wconf 86' lang='lat' dir='ltr'>consensione,</span> <span class='ocrx_word' id='word_1_95' title='bbox 1831 1055 1888 1099; x_wconf 91' lang='lat' dir='ltr'>ita</span> <span class='ocrx_word' id='word_1_96' title='bbox 1923 1055 2079 1099; x_wconf 90' lang='lat' dir='ltr'>viritim</span> 
     </span>
     <span class='ocr_line' id='line_1_13' title="bbox 273 1126 2078 1189; baseline 0.003 -19"><span class='ocrx_word' id='word_1_97' title='bbox 273 1128 482 1186; x_wconf 90' lang='lat' dir='ltr'>promptis</span> <span class='ocrx_word' id='word_1_98' title='bbox 513 1127 677 1178; x_wconf 88' lang='lat' dir='ltr'>studiis,</span> <span class='ocrx_word' id='word_1_99' title='bbox 711 1134 753 1171; x_wconf 90' lang='lat' dir='ltr'>et</span> <span class='ocrx_word' id='word_1_100' title='bbox 775 1128 1007 1172; x_wconf 83' lang='lat' dir='ltr'>certamine</span> <span class='ocrx_word' id='word_1_101' title='bbox 1029 1126 1188 1171; x_wconf 90' lang='lat' dir='ltr'>ducum</span> <span class='ocrx_word' id='word_1_102' title='bbox 1210 1129 1517 1182; x_wconf 90' lang='lat' dir='ltr'>Romanorum;</span> <span class='ocrx_word' id='word_1_103' title='bbox 1548 1143 1659 1188; x_wconf 89' lang='lat' dir='ltr'>quos</span> <span class='ocrx_word' id='word_1_104' title='bbox 1691 1130 1803 1174; x_wconf 89' lang='lat' dir='ltr'>inter</span> <span class='ocrx_word' id='word_1_105' title='bbox 1831 1130 2078 1189; x_wconf 84' lang='lat' dir='ltr'>ambigeba-</span> 
     </span>
     <span class='ocr_line' id='line_1_14' title="bbox 272 1194 2076 1264; baseline 0.001 -17"><span class='ocrx_word' id='word_1_106' title='bbox 272 1210 341 1247; x_wconf 88' lang='lat' dir='ltr'>tur</span> <span class='ocrx_word' id='word_1_107' title='bbox 377 1209 563 1262; x_wconf 91' lang='lat' dir='ltr'>utroque</span> <span class='ocrx_word' id='word_1_108' title='bbox 600 1202 762 1247; x_wconf 87' lang='lat' dir='ltr'>bellum</span> <span class='ocrx_word' id='word_1_109' title='bbox 799 1203 880 1247; x_wconf 91' lang='lat' dir='ltr'>sibi</span> <span class='ocrx_word' id='word_1_110' title='bbox 912 1210 1132 1261; x_wconf 91' lang='lat' dir='ltr'>poscente.</span> <span class='ocrx_word' id='word_1_111' title='bbox 1177 1217 1277 1246; x_wconf 86' lang='lat' dir='ltr'>mox</span> <span class='ocrx_word' id='word_1_112' title='bbox 1306 1194 1681 1249; x_wconf 57' lang='lat' dir='ltr'>Varro&#39;invalidus</span> <span class='ocrx_word' id='word_1_113' title='bbox 1712 1213 1888 1251; x_wconf 88' lang='lat' dir='ltr'>senecta</span> <span class='ocrx_word' id='word_1_114' title='bbox 1917 1206 2076 1264; x_wconf 84' lang='lat' dir='ltr'>vigenti</span> 
     </span>
    </p>
   </div>
   <div class='ocr_carea' id='block_1_4' title="bbox 273 1279 633 1324">
    <p class='ocr_par' dir='ltr' id='par_1_4' title="bbox 273 1279 633 1324">
     <span class='ocr_line' id='line_1_15' title="bbox 273 1279 633 1324; baseline -0.003 -1"><span class='ocrx_word' id='word_1_115' title='bbox 273 1279 376 1323; x_wconf 90' lang='lat' dir='ltr'>Silio</span> <span class='ocrx_word' id='word_1_116' title='bbox 408 1279 633 1324; x_wconf 90' lang='lat' dir='ltr'>concessit.</span> 
     </span>
    </p>
   </div>
   <div class='ocr_carea' id='block_1_5' title="bbox 222 1353 2079 1566">
    <p class='ocr_par' dir='ltr' id='par_1_5' title="bbox 222 1353 2079 1566">
     <span class='ocr_line' id='line_1_16' title="bbox 386 1353 2077 1414; baseline 0.002 -17"><span class='ocrx_word' id='word_1_117' title='bbox 386 1355 468 1412; x_wconf 76' lang='lat'>(44)</span> <span class='ocrx_word' id='word_1_118' title='bbox 499 1357 550 1398; x_wconf 90' lang='lat' dir='ltr'>At</span> <span class='ocrx_word' id='word_1_119' title='bbox 578 1356 737 1399; x_wconf 87' lang='lat' dir='ltr'>Romae</span> <span class='ocrx_word' id='word_1_120' title='bbox 768 1367 853 1398; x_wconf 93' lang='lat' dir='ltr'>non</span> <span class='ocrx_word' id='word_1_121' title='bbox 884 1355 1092 1398; x_wconf 91' lang='lat' dir='ltr'>Treveros</span> <span class='ocrx_word' id='word_1_122' title='bbox 1124 1353 1252 1397; x_wconf 89' lang='lat' dir='ltr'>modo</span> <span class='ocrx_word' id='word_1_123' title='bbox 1284 1360 1327 1398; x_wconf 84' lang='lat' dir='ltr'>ct</span> <span class='ocrx_word' id='word_1_124' title='bbox 1348 1354 1534 1406; x_wconf 88' lang='lat' dir='ltr'>Aeduos,</span> <span class='ocrx_word' id='word_1_125' title='bbox 1568 1354 1646 1399; x_wconf 86' lang='lat' dir='ltr'>sed</span> <span class='ocrx_word' id='word_1_126' title='bbox 1668 1362 1870 1414; x_wconf 86' lang='lat' dir='ltr'>quattuor</span> <span class='ocrx_word' id='word_1_127' title='bbox 1890 1363 1933 1400; x_wconf 88' lang='lat' dir='ltr'>et</span> <span class='ocrx_word' id='word_1_128' title='bbox 1953 1369 2077 1400; x_wconf 88' lang='lat' dir='ltr'>sexa-</span> 
     </span>
     <span class='ocr_line' id='line_1_17' title="bbox 222 1428 2075 1488; baseline -0.001 -11"><span class='ocrx_word' id='word_1_129' title='bbox 222 1446 258 1477; x_wconf 74' lang='lat'>⁴5</span> <span class='ocrx_word' id='word_1_130' title='bbox 271 1429 387 1488; x_wconf 83' lang='lat' dir='ltr'>ginta</span> <span class='ocrx_word' id='word_1_131' title='bbox 417 1429 648 1474; x_wconf 90' lang='lat' dir='ltr'>Galliarum</span> <span class='ocrx_word' id='word_1_132' title='bbox 678 1430 869 1474; x_wconf 88' lang='lat' dir='ltr'>civitates</span> <span class='ocrx_word' id='word_1_133' title='bbox 900 1428 1149 1480; x_wconf 89' lang='lat' dir='ltr'>descivisse,</span> <span class='ocrx_word' id='word_1_134' title='bbox 1187 1428 1438 1488; x_wconf 89' lang='lat' dir='ltr'>adsumptos</span> <span class='ocrx_word' id='word_1_135' title='bbox 1468 1430 1511 1473; x_wconf 94' lang='lat' dir='ltr'>in</span> <span class='ocrx_word' id='word_1_136' title='bbox 1541 1431 1792 1475; x_wconf 89' lang='lat' dir='ltr'>societatem</span> <span class='ocrx_word' id='word_1_137' title='bbox 1823 1431 2075 1485; x_wconf 87' lang='lat' dir='ltr'>Germanos,</span> 
     </span>
     <span class='ocr_line' id='line_1_18' title="bbox 271 1504 2079 1566; baseline 0.001 -17"><span class='ocrx_word' id='word_1_138' title='bbox 271 1504 426 1550; x_wconf 87' lang='lat' dir='ltr'>dubias</span> <span class='ocrx_word' id='word_1_139' title='bbox 456 1506 698 1564; x_wconf 88' lang='lat' dir='ltr'>Hispanias,</span> <span class='ocrx_word' id='word_1_140' title='bbox 729 1511 892 1558; x_wconf 90' lang='lat' dir='ltr'>cuncta,</span> <span class='ocrx_word' id='word_1_141' title='bbox 925 1511 972 1548; x_wconf 89' lang='lat' dir='ltr'>ut</span> <span class='ocrx_word' id='word_1_142' title='bbox 1000 1518 1095 1549; x_wconf 90' lang='lat' dir='ltr'>mos</span> <span class='ocrx_word' id='word_1_143' title='bbox 1116 1505 1265 1558; x_wconf 86' lang='lat' dir='ltr'>famae,</span> <span class='ocrx_word' id='word_1_144' title='bbox 1298 1505 1340 1548; x_wconf 91' lang='lat' dir='ltr'>in</span> <span class='ocrx_word' id='word_1_145' title='bbox 1372 1505 1508 1551; x_wconf 85' lang='lat' dir='ltr'>maius</span> <span class='ocrx_word' id='word_1_146' title='bbox 1531 1505 1705 1550; x_wconf 89' lang='lat' dir='ltr'>credita.</span> <span class='ocrx_word' id='word_1_147' title='bbox 1737 1512 1938 1565; x_wconf 90' lang='lat' dir='ltr'>optumus</span> <span class='ocrx_word' id='word_1_148' title='bbox 1957 1507 2079 1566; x_wconf 90' lang='lat' dir='ltr'>quis-</span> 
     </span>
    </p>
   </div>
   <div class='ocr_carea' id='block_1_6' title="bbox 261 1650 2078 1977">
    <p class='ocr_par' dir='ltr' id='par_1_6' title="bbox 261 1650 2078 1977">
     <span class='ocr_line' id='line_1_19' title="bbox 336 1650 2078 1695; baseline 0.002 -11"><span class='ocrx_word' id='word_1_149' title='bbox 336 1650 369 1684; x_wconf 85' lang='lat'>3.</span> <span class='ocrx_word' id='word_1_150' title='bbox 394 1655 615 1693; x_wconf 81' lang='lat' dir='ltr'>occupaverat</span> <span class='ocrx_word' id='word_1_151' title='bbox 638 1655 669 1685; x_wconf 81' lang='lat' dir='ltr'>et</span> <span class='ocrx_word' id='word_1_152' title='bbox 690 1651 930 1684; x_wconf 76' lang='lat' dir='ltr'>nobilissimam</span> <span class='ocrx_word' id='word_1_153' title='bbox 952 1650 1107 1693; x_wconf 91' lang='lat' dir='ltr'>Lipsius:</span> <span class='ocrx_word' id='word_1_154' title='bbox 1136 1651 1376 1692; x_wconf 83' lang='lat' dir='ltr'>occulpauerat</span> <span class='ocrx_word' id='word_1_155' title='bbox 1398 1650 1554 1694; x_wconf 86' lang='lat' dir='ltr'>(litteral</span> <span class='ocrx_word' id='word_1_156' title='bbox 1572 1653 1713 1694; x_wconf 86' lang='lat' dir='ltr'>punctis</span> <span class='ocrx_word' id='word_1_157' title='bbox 1729 1653 1871 1695; x_wconf 85' lang='lat' dir='ltr'>notata).</span> <span class='ocrx_word' id='word_1_158' title='bbox 1902 1652 2078 1687; x_wconf 78' lang='lat' dir='ltr'>Nobilissi-</span> 
     </span>
     <span class='ocr_line' id='line_1_20' title="bbox 269 1707 2074 1750; baseline 0.002 -10"><span class='ocrx_word' id='word_1_159' title='bbox 269 1716 405 1740; x_wconf 79' lang='lat' dir='ltr'>marum</span> <span class='ocrx_word' id='word_1_160' title='bbox 420 1708 472 1747; x_wconf 87' lang='lat' dir='ltr'>M;</span> <span class='ocrx_word' id='word_1_161' title='bbox 492 1712 717 1750; x_wconf 84' lang='lat' dir='ltr'>occupaverat</span> <span class='ocrx_word' id='word_1_162' title='bbox 733 1717 774 1741; x_wconf 87' lang='lat' dir='ltr'>ac</span> <span class='ocrx_word' id='word_1_163' title='bbox 789 1708 1027 1741; x_wconf 79' lang='lat' dir='ltr'>nobilissimam</span> <span class='ocrx_word' id='word_1_164' title='bbox 1043 1707 1300 1742; x_wconf 88' lang='lat' dir='ltr'>Weissenborn</span> <span class='ocrx_word' id='word_1_165' title='bbox 1314 1718 1321 1748; x_wconf 95' lang='lat'>;</span> <span class='ocrx_word' id='word_1_166' title='bbox 1348 1712 1573 1749; x_wconf 85' lang='lat' dir='ltr'>occupaverat</span> <span class='ocrx_word' id='word_1_167' title='bbox 1587 1708 1890 1750; x_wconf 70' lang='lat' dir='ltr'>nobilissimamque</span> <span class='ocrx_word' id='word_1_168' title='bbox 1904 1710 2074 1750; x_wconf 81' lang='lat' dir='ltr'>Pichena;</span> 
     </span>
     <span class='ocr_line' id='line_1_21' title="bbox 268 1764 2077 1806; baseline 0.002 -10"><span class='ocrx_word' id='word_1_169' title='bbox 268 1767 507 1805; x_wconf 86' lang='lat' dir='ltr'>occupaverat,</span> <span class='ocrx_word' id='word_1_170' title='bbox 543 1768 582 1797; x_wconf 88' lang='lat' dir='ltr'>ut</span> <span class='ocrx_word' id='word_1_171' title='bbox 610 1764 850 1797; x_wconf 73' lang='lat' dir='ltr'>nobilissimam</span> <span class='ocrx_word' id='word_1_172' title='bbox 871 1783 891 1790; x_wconf 94' lang='lat'><em>-</em></span> <span class='ocrx_word' id='word_1_173' title='bbox 907 1781 926 1789; x_wconf 95' lang='lat'>-</span> <span class='ocrx_word' id='word_1_174' title='bbox 949 1767 980 1798; x_wconf 84' lang='lat' dir='ltr'>et</span> <span class='ocrx_word' id='word_1_175' title='bbox 1009 1773 1046 1797; x_wconf 85' lang='lat' dir='ltr'>eo</span> <span class='ocrx_word' id='word_1_176' title='bbox 1071 1766 1213 1806; x_wconf 68' lang='lat' dir='ltr'>plynore</span> <span class='ocrx_word' id='word_1_177' title='bbox 1242 1764 1528 1806; x_wconf 86' lang='lat' dir='ltr'>Bezzenberger;</span> <span class='ocrx_word' id='word_1_178' title='bbox 1561 1768 1783 1806; x_wconf 81' lang='lat' dir='ltr'>occupaverat</span> <span class='ocrx_word' id='word_1_179' title='bbox 1809 1765 2012 1799; x_wconf 82' lang='lat' dir='ltr'>nobilissima</span> <span class='ocrx_word' id='word_1_180' title='bbox 2033 1765 2077 1800; x_wconf 78' lang='lat' dir='ltr'>G.</span> 
     </span>
     <span class='ocr_line' id='line_1_22' title="bbox 267 1819 2077 1862; baseline 0.001 -9"><span class='ocrx_word' id='word_1_181' title='bbox 267 1819 378 1853; x_wconf 88' lang='lat' dir='ltr'>subole</span> <span class='ocrx_word' id='word_1_182' title='bbox 399 1824 627 1862; x_wconf 86' lang='lat' dir='ltr'>--operata,</span> <span class='ocrx_word' id='word_1_183' title='bbox 664 1824 702 1853; x_wconf 84' lang='lat' dir='ltr'>ut</span> <span class='ocrx_word' id='word_1_184' title='bbox 733 1821 909 1854; x_wconf 86' lang='lat' dir='ltr'>Heinsius.</span> <span class='ocrx_word' id='word_1_185' title='bbox 938 1839 974 1844; x_wconf 92' lang='lat'>—</span> <span class='ocrx_word' id='word_1_186' title='bbox 1013 1820 1157 1853; x_wconf 80' lang='lat' dir='ltr'>subolem</span> <span class='ocrx_word' id='word_1_187' title='bbox 1179 1829 1233 1862; x_wconf 92' lang='lat' dir='ltr'>pr.</span> <span class='ocrx_word' id='word_1_188' title='bbox 1259 1822 1311 1854; x_wconf 90' lang='lat' dir='ltr'>M:</span> <span class='ocrx_word' id='word_1_189' title='bbox 1347 1821 1488 1853; x_wconf 85' lang='lat' dir='ltr'>sobolem</span> <span class='ocrx_word' id='word_1_190' title='bbox 1511 1830 1602 1853; x_wconf 87' lang='lat' dir='ltr'>corr.</span> <span class='ocrx_word' id='word_1_191' title='bbox 1631 1822 1675 1855; x_wconf 90' lang='lat' dir='ltr'>M.</span> <span class='ocrx_word' id='word_1_192' title='bbox 1717 1821 1767 1854; x_wconf 88' lang='lat' dir='ltr'>Cf.</span> <span class='ocrx_word' id='word_1_193' title='bbox 1794 1822 1917 1855; x_wconf 88' lang='lat' dir='ltr'>Marini</span> <span class='ocrx_word' id='word_1_194' title='bbox 1937 1821 2005 1855; x_wconf 79' lang='lat' dir='ltr'>Atti</span> <span class='ocrx_word' id='word_1_195' title='bbox 2026 1819 2077 1855; x_wconf 70' lang='grc' dir='ltr'>ἅθ’</span> 
     </span>
     <span class='ocr_line' id='line_1_23' title="bbox 266 1875 2078 1919; baseline 0.001 -11"><span class='ocrx_word' id='word_1_196' title='bbox 266 1875 393 1917; x_wconf 84' lang='lat' dir='ltr'>fratelli</span> <span class='ocrx_word' id='word_1_197' title='bbox 414 1876 532 1909; x_wconf 85' lang='lat' dir='ltr'>Arvali</span> <span class='ocrx_word' id='word_1_198' title='bbox 554 1886 590 1919; x_wconf 91' lang='lat' dir='ltr'>p.</span> <span class='ocrx_word' id='word_1_199' title='bbox 615 1877 692 1910; x_wconf 77' lang='lat'>828.</span> <span class='ocrx_word' id='word_1_200' title='bbox 721 1894 756 1899; x_wconf 92' lang='lat'><em>-</em></span> <span class='ocrx_word' id='word_1_201' title='bbox 783 1876 985 1917; x_wconf 75' lang='lat' dir='ltr'>studiillsibi</span> <span class='ocrx_word' id='word_1_202' title='bbox 1008 1878 1042 1910; x_wconf 93' lang='lat' dir='ltr'>M</span> <span class='ocrx_word' id='word_1_203' title='bbox 1067 1895 1103 1900; x_wconf 89' lang='lat'>—</span> <span class='ocrx_word' id='word_1_204' title='bbox 1130 1877 1161 1909; x_wconf 88' lang='lat'>6.</span> <span class='ocrx_word' id='word_1_205' title='bbox 1187 1877 1415 1919; x_wconf 64' lang='lat' dir='ltr'>religionariis</span> <span class='ocrx_word' id='word_1_206' title='bbox 1437 1878 1470 1911; x_wconf 90' lang='lat' dir='ltr'>M</span> <span class='ocrx_word' id='word_1_207' title='bbox 1495 1877 1714 1918; x_wconf 66' lang='lat' dir='ltr'>(Legionariis</span> <span class='ocrx_word' id='word_1_208' title='bbox 1734 1878 1868 1919; x_wconf 84' lang='lat' dir='ltr'>margo)</span> <span class='ocrx_word' id='word_1_209' title='bbox 1896 1895 1932 1901; x_wconf 93' lang='lat'>—</span> <span class='ocrx_word' id='word_1_210' title='bbox 1964 1877 1996 1910; x_wconf 85' lang='lat'>9.</span> <span class='ocrx_word' id='word_1_211' title='bbox 2020 1876 2078 1910; x_wconf 82' lang='lat' dir='ltr'>in-</span> 
     </span>
     <span class='ocr_line' id='line_1_24' title="bbox 261 1933 2076 1977; baseline 0.002 -12"><span class='ocrx_word' id='word_1_212' title='bbox 261 1933 484 1974; x_wconf 81' lang='lat' dir='ltr'>penetrabiles</span> <span class='ocrx_word' id='word_1_213' title='bbox 504 1943 558 1976; x_wconf 91' lang='lat' dir='ltr'>pr.</span> <span class='ocrx_word' id='word_1_214' title='bbox 584 1935 636 1968; x_wconf 89' lang='lat' dir='ltr'>M:</span> <span class='ocrx_word' id='word_1_215' title='bbox 661 1934 926 1975; x_wconf 82' lang='lat' dir='ltr'>impenetrabiles</span> <span class='ocrx_word' id='word_1_216' title='bbox 958 1943 1050 1967; x_wconf 90' lang='lat' dir='ltr'>corr.</span> <span class='ocrx_word' id='word_1_217' title='bbox 1077 1935 1110 1968; x_wconf 91' lang='lat' dir='ltr'>M</span> <span class='ocrx_word' id='word_1_218' title='bbox 1137 1952 1171 1957; x_wconf 93' lang='lat'>—</span> <span class='ocrx_word' id='word_1_219' title='bbox 1199 1943 1257 1968; x_wconf 86' lang='lat' dir='ltr'>eae</span> <span class='ocrx_word' id='word_1_220' title='bbox 1279 1935 1329 1968; x_wconf 90' lang='lat' dir='ltr'>M:</span> <span class='ocrx_word' id='word_1_221' title='bbox 1355 1935 1417 1968; x_wconf 83' lang='lat' dir='ltr'>hae</span> <span class='ocrx_word' id='word_1_222' title='bbox 1438 1933 1641 1967; x_wconf 80' lang='lat' dir='ltr'>Beroaldus,</span> <span class='ocrx_word' id='word_1_223' title='bbox 1663 1952 1699 1958; x_wconf 90' lang='lat'>-—</span> <span class='ocrx_word' id='word_1_224' title='bbox 1726 1935 1779 1968; x_wconf 75' lang='lat'>42.</span> <span class='ocrx_word' id='word_1_225' title='bbox 1804 1934 1927 1977; x_wconf 66' lang='lat' dir='ltr'>uiginti</span> <span class='ocrx_word' id='word_1_226' title='bbox 1949 1935 1982 1968; x_wconf 82' lang='lat' dir='ltr'>M</span> <span class='ocrx_word' id='word_1_227' title='bbox 2006 1933 2076 1977; x_wconf 78' lang='lat' dir='ltr'>(vi-</span> 
     </span>
    </p>
   </div>
   <div class='ocr_carea' id='block_1_7' title="bbox 265 1989 1003 2033">
    <p class='ocr_par' dir='ltr' id='par_1_7' title="bbox 265 1989 1003 2033">
     <span class='ocr_line' id='line_1_25' title="bbox 265 1989 1003 2033; baseline 0.001 -10"><span class='ocrx_word' id='word_1_228' title='bbox 265 1989 356 2031; x_wconf 78' lang='lat' dir='ltr'>9enti</span> <span class='ocrx_word' id='word_1_229' title='bbox 378 1990 518 2032; x_wconf 85' lang='lat' dir='ltr'>margo)</span> <span class='ocrx_word' id='word_1_230' title='bbox 546 2009 582 2014; x_wconf 89' lang='lat'>—</span> <span class='ocrx_word' id='word_1_231' title='bbox 608 1990 661 2023; x_wconf 70' lang='lat'>⁴6.</span> <span class='ocrx_word' id='word_1_232' title='bbox 686 1990 855 2032; x_wconf 85' lang='lat' dir='ltr'>hisparias</span> <span class='ocrx_word' id='word_1_233' title='bbox 877 1999 931 2033; x_wconf 91' lang='lat' dir='ltr'>pr.</span> <span class='ocrx_word' id='word_1_234' title='bbox 958 1991 1003 2024; x_wconf 90' lang='lat' dir='ltr'>M.</span> 
     </span>
    </p>
   </div>
   <div class='ocr_carea' id='block_1_8' title="bbox 310 2115 2074 2159">
    <p class='ocr_par' dir='ltr' id='par_1_8' title="bbox 310 2115 2074 2159">
     <span class='ocr_line' id='line_1_26' title="bbox 310 2115 2074 2159; baseline 0 -11"><span class='ocrx_word' id='word_1_235' title='bbox 310 2115 365 2149; x_wconf 74' lang='lat'>43.</span> <span class='ocrx_word' id='word_1_236' title='bbox 390 2116 501 2149; x_wconf 87' lang='lat' dir='ltr'>maior</span> <span class='ocrx_word' id='word_1_237' title='bbox 522 2116 623 2149; x_wconf 86' lang='lat' dir='ltr'>moles</span> <span class='ocrx_word' id='word_1_238' title='bbox 644 2120 784 2158; x_wconf 72' lang='lat' dir='ltr'>exorta,</span> <span class='ocrx_word' id='word_1_239' title='bbox 806 2120 931 2157; x_wconf 83' lang='lat' dir='ltr'>quanto</span> <span class='ocrx_word' id='word_1_240' title='bbox 948 2117 1030 2159; x_wconf 80' lang='lat' dir='ltr'>cet]</span> <span class='ocrx_word' id='word_1_241' title='bbox 1055 2115 1143 2149; x_wconf 88' lang='lat' dir='ltr'>Vide</span> <span class='ocrx_word' id='word_1_242' title='bbox 1199 2134 1235 2139; x_wconf 94' lang='lat'><strong>—</strong></span> <span class='ocrx_word' id='word_1_243' title='bbox 1254 2117 1482 2159; x_wconf 64' lang='lat' dir='ltr'>quadraginta</span> <span class='ocrx_word' id='word_1_244' title='bbox 1495 2115 1601 2159; x_wconf 87' lang='lat' dir='ltr'>milia]</span> <span class='ocrx_word' id='word_1_245' title='bbox 1619 2115 1836 2156; x_wconf 85' lang='lat' dir='ltr'>Aeduorum,</span> <span class='ocrx_word' id='word_1_246' title='bbox 1855 2124 1938 2157; x_wconf 88' lang='lat' dir='ltr'>non,</span> <span class='ocrx_word' id='word_1_247' title='bbox 1951 2117 1991 2148; x_wconf 91' lang='lat' dir='ltr'>ut</span> <span class='ocrx_word' id='word_1_248' title='bbox 2001 2115 2074 2156; x_wconf 80' lang='lat' dir='ltr'>Ry-</span> 
     </span>
    </p>
   </div>
   <div class='ocr_carea' id='block_1_9' title="bbox 254 2164 1145 3455">
    <p class='ocr_par' dir='ltr' id='par_1_9' title="bbox 254 2164 1145 3455">
     <span class='ocr_line' id='line_1_27' title="bbox 266 2164 1142 2209; baseline 0.001 -11"><span class='ocrx_word' id='word_1_249' title='bbox 266 2164 313 2198; x_wconf 88' lang='lat' dir='ltr'>ad</span> <span class='ocrx_word' id='word_1_250' title='bbox 336 2166 373 2207; x_wconf 77' lang='lat'>2,</span> <span class='ocrx_word' id='word_1_251' title='bbox 399 2167 432 2199; x_wconf 88' lang='lat'>5.</span> <span class='ocrx_word' id='word_1_252' title='bbox 461 2184 497 2190; x_wconf 84' lang='lat'>—</span> <span class='ocrx_word' id='word_1_253' title='bbox 527 2165 818 2209; x_wconf 61' lang='lat' dir='ltr'>Augustodunum]</span> <span class='ocrx_word' id='word_1_254' title='bbox 851 2168 954 2199; x_wconf 87' lang='lat' dir='ltr'>antea</span> <span class='ocrx_word' id='word_1_255' title='bbox 977 2166 1142 2207; x_wconf 79' lang='lat' dir='ltr'>Bibracte,</span> 
     </span>
     <span class='ocr_line' id='line_1_28' title="bbox 256 2215 1141 2260; baseline 0.001 -12"><span class='ocrx_word' id='word_1_256' title='bbox 256 2215 371 2249; x_wconf 75' lang='lat' dir='ltr'>,hodie</span> <span class='ocrx_word' id='word_1_257' title='bbox 395 2216 507 2248; x_wconf 84' lang='lat' dir='ltr'>Autun</span> <span class='ocrx_word' id='word_1_258' title='bbox 536 2217 572 2249; x_wconf 91' lang='lat' dir='ltr'>in</span> <span class='ocrx_word' id='word_1_259' title='bbox 602 2217 783 2259; x_wconf 88' lang='lat' dir='ltr'>provincia</span> <span class='ocrx_word' id='word_1_260' title='bbox 805 2217 1015 2260; x_wconf 69' lang='lat' dir='ltr'>Bouryoyne.</span> <span class='ocrx_word' id='word_1_261' title='bbox 1045 2235 1081 2239; x_wconf 97' lang='lat'><strong>—</strong></span> <span class='ocrx_word' id='word_1_262' title='bbox 1106 2227 1141 2249; x_wconf 93' lang='lat' dir='ltr'>n.</span> 
     </span>
     <span class='ocr_line' id='line_1_29' title="bbox 266 2265 1140 2309; baseline 0.001 -10"><span class='ocrx_word' id='word_1_263' title='bbox 266 2266 306 2299; x_wconf 84' lang='lat' dir='ltr'>G.</span> <span class='ocrx_word' id='word_1_264' title='bbox 338 2265 497 2308; x_wconf 84' lang='lat' dir='ltr'>subolem]</span> <span class='ocrx_word' id='word_1_265' title='bbox 545 2268 595 2300; x_wconf 89' lang='lat' dir='ltr'>Ex</span> <span class='ocrx_word' id='word_1_266' title='bbox 628 2267 740 2300; x_wconf 90' lang='lat' dir='ltr'>verbo</span> <span class='ocrx_word' id='word_1_267' title='bbox 774 2271 998 2309; x_wconf 83' lang='lat' dir='ltr'>occupaverat</span> <span class='ocrx_word' id='word_1_268' title='bbox 1033 2267 1140 2300; x_wconf 86' lang='lat' dir='ltr'>elice:</span> 
     </span>
     <span class='ocr_line' id='line_1_30' title="bbox 266 2316 1145 2360; baseline 0.001 -11"><span class='ocrx_word' id='word_1_269' title='bbox 266 2317 394 2358; x_wconf 77' lang='lat' dir='ltr'>«quasi</span> <span class='ocrx_word' id='word_1_270' title='bbox 425 2316 570 2350; x_wconf 89' lang='lat' dir='ltr'>obsides</span> <span class='ocrx_word' id='word_1_271' title='bbox 598 2317 634 2350; x_wconf 91' lang='lat' dir='ltr'>in</span> <span class='ocrx_word' id='word_1_272' title='bbox 663 2318 878 2360; x_wconf 88' lang='lat' dir='ltr'>potestatem</span> <span class='ocrx_word' id='word_1_273' title='bbox 907 2326 1010 2352; x_wconf 84' lang='lat' dir='ltr'>suam</span> <span class='ocrx_word' id='word_1_274' title='bbox 1037 2317 1145 2350; x_wconf 85' lang='lat' dir='ltr'>rede-</span> 
     </span>
     <span class='ocr_line' id='line_1_31' title="bbox 265 2367 1144 2410; baseline 0.001 -11"><span class='ocrx_word' id='word_1_275' title='bbox 265 2368 399 2407; x_wconf 79' lang='lat' dir='ltr'>gerat.»</span> <span class='ocrx_word' id='word_1_276' title='bbox 427 2385 463 2390; x_wconf 92' lang='lat'><em>-</em></span> <span class='ocrx_word' id='word_1_277' title='bbox 499 2367 689 2401; x_wconf 83' lang='lat' dir='ltr'>liberalibus</span> <span class='ocrx_word' id='word_1_278' title='bbox 722 2369 839 2401; x_wconf 80' lang='lat' dir='ltr'>studiis</span> <span class='ocrx_word' id='word_1_279' title='bbox 872 2368 918 2400; x_wconf 87' lang='lat' dir='ltr'>ibi</span> <span class='ocrx_word' id='word_1_280' title='bbox 950 2367 1144 2410; x_wconf 81' lang='lat' dir='ltr'>operatam]</span> 
     </span>
     <span class='ocr_line' id='line_1_32' title="bbox 267 2416 1145 2451; baseline 0.002 -3"><span class='ocrx_word' id='word_1_281' title='bbox 267 2416 495 2450; x_wconf 82' lang='lat' dir='ltr'>Constantius</span> <span class='ocrx_word' id='word_1_282' title='bbox 518 2418 649 2450; x_wconf 86' lang='lat' dir='ltr'>Caesar</span> <span class='ocrx_word' id='word_1_283' title='bbox 671 2417 717 2451; x_wconf 89' lang='lat' dir='ltr'>ad</span> <span class='ocrx_word' id='word_1_284' title='bbox 732 2418 947 2451; x_wconf 88' lang='lat' dir='ltr'>Eumenium</span> <span class='ocrx_word' id='word_1_285' title='bbox 962 2418 1145 2451; x_wconf 89' lang='lat' dir='ltr'>rhetorem</span> 
     </span>
     <span class='ocr_line' id='line_1_33' title="bbox 265 2466 1144 2509; baseline 0 -10"><span class='ocrx_word' id='word_1_286' title='bbox 265 2466 448 2508; x_wconf 84' lang='lat' dir='ltr'>(Panegyr.</span> <span class='ocrx_word' id='word_1_287' title='bbox 475 2468 561 2500; x_wconf 86' lang='lat' dir='ltr'>vett.</span> <span class='ocrx_word' id='word_1_288' title='bbox 579 2468 641 2508; x_wconf 89' lang='lat'>111,</span> <span class='ocrx_word' id='word_1_289' title='bbox 668 2476 697 2501; x_wconf 93' lang='lat' dir='ltr'>c.</span> <span class='ocrx_word' id='word_1_290' title='bbox 719 2467 789 2509; x_wconf 74' lang='lat' dir='ltr'>⁴4l³</span> <span class='ocrx_word' id='word_1_291' title='bbox 815 2469 988 2501; x_wconf 84' lang='lat' dir='ltr'>Merentur</span> <span class='ocrx_word' id='word_1_292' title='bbox 1009 2471 1040 2501; x_wconf 87' lang='lat' dir='ltr'>et</span> <span class='ocrx_word' id='word_1_293' title='bbox 1055 2467 1144 2500; x_wconf 88' lang='lat' dir='ltr'>Galli</span> 
     </span>
     <span class='ocr_line' id='line_1_34' title="bbox 261 2516 1143 2559; baseline 0.002 -11"><span class='ocrx_word' id='word_1_294' title='bbox 261 2516 368 2548; x_wconf 81' lang='lat' dir='ltr'>nostri</span> <span class='ocrx_word' id='word_1_295' title='bbox 389 2519 427 2549; x_wconf 84' lang='lat' dir='ltr'>ut</span> <span class='ocrx_word' id='word_1_296' title='bbox 448 2525 565 2549; x_wconf 87' lang='lat' dir='ltr'>eorum</span> <span class='ocrx_word' id='word_1_297' title='bbox 588 2517 715 2559; x_wconf 84' lang='lat' dir='ltr'>liberis,</span> <span class='ocrx_word' id='word_1_298' title='bbox 749 2526 891 2559; x_wconf 83' lang='lat' dir='ltr'>quorwm</span> <span class='ocrx_word' id='word_1_299' title='bbox 912 2518 985 2550; x_wconf 86' lang='lat' dir='ltr'>vita</span> <span class='ocrx_word' id='word_1_300' title='bbox 1013 2518 1050 2550; x_wconf 90' lang='lat' dir='ltr'>in</span> <span class='ocrx_word' id='word_1_301' title='bbox 1071 2517 1143 2551; x_wconf 81' lang='lat' dir='ltr'>Au-</span> 
     </span>
     <span class='ocr_line' id='line_1_35' title="bbox 260 2567 1143 2610; baseline 0.003 -12"><span class='ocrx_word' id='word_1_302' title='bbox 260 2567 555 2608; x_wconf 72' lang='lat' dir='ltr'>qustodunensium</span> <span class='ocrx_word' id='word_1_303' title='bbox 585 2568 704 2608; x_wconf 84' lang='lat' dir='ltr'>oppido</span> <span class='ocrx_word' id='word_1_304' title='bbox 736 2568 890 2610; x_wconf 71' lang='lat' dir='ltr'>inpenuis</span> <span class='ocrx_word' id='word_1_305' title='bbox 913 2568 1041 2601; x_wconf 87' lang='lat' dir='ltr'>artibus</span> <span class='ocrx_word' id='word_1_306' title='bbox 1062 2577 1143 2601; x_wconf 90' lang='lat' dir='ltr'>eru—</span> 
     </span>
     <span class='ocr_line' id='line_1_36' title="bbox 261 2616 1143 2660; baseline 0.002 -11"><span class='ocrx_word' id='word_1_307' title='bbox 261 2616 369 2657; x_wconf 81' lang='lat' dir='ltr'>ditur,</span> <span class='ocrx_word' id='word_1_308' title='bbox 395 2620 425 2650; x_wconf 87' lang='lat' dir='ltr'>et</span> <span class='ocrx_word' id='word_1_309' title='bbox 447 2618 511 2659; x_wconf 86' lang='lat' dir='ltr'>ipsi</span> <span class='ocrx_word' id='word_1_310' title='bbox 533 2619 771 2659; x_wconf 83' lang='lat' dir='ltr'>adulescentes,</span> <span class='ocrx_word' id='word_1_311' title='bbox 797 2619 854 2660; x_wconf 83' lang='lat' dir='ltr'>qui</span> <span class='ocrx_word' id='word_1_312' title='bbox 868 2619 971 2651; x_wconf 83' lang='lat' dir='ltr'>hilari</span> <span class='ocrx_word' id='word_1_313' title='bbox 985 2627 1143 2651; x_wconf 83' lang='lat' dir='ltr'>consensu</span> 
     </span>
     <span class='ocr_line' id='line_1_37' title="bbox 260 2667 1142 2709; baseline 0.003 -10"><span class='ocrx_word' id='word_1_314' title='bbox 260 2674 371 2699; x_wconf 82' lang='lat' dir='ltr'>meum</span> <span class='ocrx_word' id='word_1_315' title='bbox 402 2675 445 2700; x_wconf 76' lang='lat' dir='ltr'>ex</span> <span class='ocrx_word' id='word_1_316' title='bbox 473 2667 573 2700; x_wconf 89' lang='lat' dir='ltr'>Italia</span> <span class='ocrx_word' id='word_1_317' title='bbox 594 2669 788 2701; x_wconf 84' lang='lat' dir='ltr'>revertentis</span> <span class='ocrx_word' id='word_1_318' title='bbox 809 2677 977 2709; x_wconf 84' lang='lat' dir='ltr'>suscepere</span> <span class='ocrx_word' id='word_1_319' title='bbox 999 2669 1142 2701; x_wconf 90' lang='lat' dir='ltr'>comita-</span> 
     </span>
     <span class='ocr_line' id='line_1_38' title="bbox 260 2718 1143 2760; baseline 0.002 -11"><span class='ocrx_word' id='word_1_320' title='bbox 260 2719 350 2757; x_wconf 84' lang='lat' dir='ltr'>tum,</span> <span class='ocrx_word' id='word_1_321' title='bbox 378 2719 417 2749; x_wconf 85' lang='lat' dir='ltr'>ut</span> <span class='ocrx_word' id='word_1_322' title='bbox 439 2725 554 2750; x_wconf 89' lang='lat' dir='ltr'>eorum</span> <span class='ocrx_word' id='word_1_323' title='bbox 575 2718 678 2750; x_wconf 82' lang='lat' dir='ltr'>indoli</span> <span class='ocrx_word' id='word_1_324' title='bbox 700 2718 867 2751; x_wconf 84' lang='lat' dir='ltr'>consulere</span> <span class='ocrx_word' id='word_1_325' title='bbox 889 2719 1074 2760; x_wconf 89' lang='lat' dir='ltr'>cupiamus.</span> <span class='ocrx_word' id='word_1_326' title='bbox 1093 2736 1143 2743; x_wconf 94' lang='lat'>--</span> 
     </span>
     <span class='ocr_line' id='line_1_39' title="bbox 264 2766 1142 2809; baseline 0.002 -10"><span class='ocrx_word' id='word_1_327' title='bbox 264 2766 353 2800; x_wconf 82' lang='lat' dir='ltr'>Unde</span> <span class='ocrx_word' id='word_1_328' title='bbox 386 2767 555 2800; x_wconf 84' lang='lat' dir='ltr'>auditorio</span> <span class='ocrx_word' id='word_1_329' title='bbox 588 2768 684 2808; x_wconf 81' lang='lat' dir='ltr'>huic,</span> <span class='ocrx_word' id='word_1_330' title='bbox 722 2769 809 2809; x_wconf 82' lang='lat' dir='ltr'>quod</span> <span class='ocrx_word' id='word_1_331' title='bbox 840 2769 971 2801; x_wconf 84' lang='lat' dir='ltr'>videtur</span> <span class='ocrx_word' id='word_1_332' title='bbox 1003 2769 1142 2802; x_wconf 85' lang='lat' dir='ltr'>interitu</span> 
     </span>
     <span class='ocr_line' id='line_1_40' title="bbox 254 2817 1141 2859; baseline 0.002 -10"><span class='ocrx_word' id='word_1_333' title='bbox 254 2817 485 2858; x_wconf 84' lang='lat' dir='ltr'>praeceptoris</span> <span class='ocrx_word' id='word_1_334' title='bbox 506 2817 680 2858; x_wconf 86' lang='lat' dir='ltr'>orbatum,</span> <span class='ocrx_word' id='word_1_335' title='bbox 706 2821 736 2851; x_wconf 92' lang='lat' dir='ltr'>te</span> <span class='ocrx_word' id='word_1_336' title='bbox 757 2819 809 2851; x_wconf 84' lang='lat' dir='ltr'>vel</span> <span class='ocrx_word' id='word_1_337' title='bbox 820 2819 1029 2859; x_wconf 85' lang='lat' dir='ltr'>potissimum</span> <span class='ocrx_word' id='word_1_338' title='bbox 1039 2827 1141 2859; x_wconf 86' lang='lat' dir='ltr'>prae-</span> 
     </span>
     <span class='ocr_line' id='line_1_41' title="bbox 257 2866 1141 2910; baseline 0.001 -11"><span class='ocrx_word' id='word_1_339' title='bbox 257 2867 357 2909; x_wconf 78' lang='lat' dir='ltr'>ficere</span> <span class='ocrx_word' id='word_1_340' title='bbox 379 2866 559 2900; x_wconf 85' lang='lat' dir='ltr'>debuimus.</span> <span class='ocrx_word' id='word_1_341' title='bbox 579 2885 628 2891; x_wconf 93' lang='lat'>--</span> <span class='ocrx_word' id='word_1_342' title='bbox 646 2868 747 2901; x_wconf 89' lang='lat' dir='ltr'>Salvo</span> <span class='ocrx_word' id='word_1_343' title='bbox 770 2869 874 2910; x_wconf 65' lang='lat' dir='ltr'>igitur</span> <span class='ocrx_word' id='word_1_344' title='bbox 893 2869 1070 2910; x_wconf 67' lang='lat' dir='ltr'>privilegio</span> <span class='ocrx_word' id='word_1_345' title='bbox 1093 2868 1141 2900; x_wconf 87' lang='lat' dir='ltr'>di-</span> 
     </span>
     <span class='ocr_line' id='line_1_42' title="bbox 259 2916 1141 2960; baseline 0.003 -12"><span class='ocrx_word' id='word_1_346' title='bbox 259 2916 397 2958; x_wconf 65' lang='lat' dir='ltr'>gnitatis</span> <span class='ocrx_word' id='word_1_347' title='bbox 427 2919 505 2949; x_wconf 89' lang='lat' dir='ltr'>tuae</span> <span class='ocrx_word' id='word_1_348' title='bbox 530 2917 707 2950; x_wconf 80' lang='lat' dir='ltr'>hortamur</span> <span class='ocrx_word' id='word_1_349' title='bbox 734 2920 772 2950; x_wconf 86' lang='lat' dir='ltr'>ut</span> <span class='ocrx_word' id='word_1_350' title='bbox 798 2918 1036 2960; x_wconf 82' lang='lat' dir='ltr'>professionem</span> <span class='ocrx_word' id='word_1_351' title='bbox 1058 2927 1141 2951; x_wconf 87' lang='lat' dir='ltr'>ora-</span> 
     </span>
     <span class='ocr_line' id='line_1_43' title="bbox 259 2967 1137 3009; baseline 0.002 -10"><span class='ocrx_word' id='word_1_352' title='bbox 259 2967 385 2999; x_wconf 82' lang='lat' dir='ltr'>toriam</span> <span class='ocrx_word' id='word_1_353' title='bbox 413 2969 544 3008; x_wconf 81' lang='lat' dir='ltr'>repetas</span> <span class='ocrx_word' id='word_1_354' title='bbox 570 2970 669 3007; x_wconf 83' lang='lat' dir='ltr'>atque</span> <span class='ocrx_word' id='word_1_355' title='bbox 691 2968 728 3000; x_wconf 89' lang='lat' dir='ltr'>in</span> <span class='ocrx_word' id='word_1_356' title='bbox 750 2977 855 3009; x_wconf 88' lang='lat' dir='ltr'>supra</span> <span class='ocrx_word' id='word_1_357' title='bbox 878 2969 969 3001; x_wconf 84' lang='lat' dir='ltr'>dicta</span> <span class='ocrx_word' id='word_1_358' title='bbox 991 2969 1137 3009; x_wconf 83' lang='lat' dir='ltr'>civitate,</span> 
     </span>
     <span class='ocr_line' id='line_1_44' title="bbox 260 3017 1140 3060; baseline 0.003 -11"><span class='ocrx_word' id='word_1_359' title='bbox 260 3024 363 3058; x_wconf 81' lang='lat' dir='ltr'>quam</span> <span class='ocrx_word' id='word_1_360' title='bbox 388 3019 456 3049; x_wconf 82' lang='lat' dir='ltr'>non</span> <span class='ocrx_word' id='word_1_361' title='bbox 484 3017 625 3059; x_wconf 66' lang='lat' dir='ltr'>ignoras</span> <span class='ocrx_word' id='word_1_362' title='bbox 646 3026 706 3050; x_wconf 91' lang='lat' dir='ltr'>nos</span> <span class='ocrx_word' id='word_1_363' title='bbox 727 3018 772 3050; x_wconf 86' lang='lat' dir='ltr'>ad</span> <span class='ocrx_word' id='word_1_364' title='bbox 794 3018 974 3058; x_wconf 81' lang='lat' dir='ltr'>pristinam</span> <span class='ocrx_word' id='word_1_365' title='bbox 994 3018 1140 3060; x_wconf 65' lang='lat' dir='ltr'>gloriam</span> 
     </span>
     <span class='ocr_line' id='line_1_45' title="bbox 257 3066 1139 3108; baseline 0.003 -9"><span class='ocrx_word' id='word_1_366' title='bbox 257 3066 465 3108; x_wconf 80' lang='lat' dir='ltr'>reformare,</span> <span class='ocrx_word' id='word_1_367' title='bbox 497 3067 542 3099; x_wconf 81' lang='lat' dir='ltr'>ad</span> <span class='ocrx_word' id='word_1_368' title='bbox 570 3066 660 3099; x_wconf 86' lang='lat' dir='ltr'>vitae</span> <span class='ocrx_word' id='word_1_369' title='bbox 684 3067 831 3099; x_wconf 86' lang='lat' dir='ltr'>melioris</span> <span class='ocrx_word' id='word_1_370' title='bbox 853 3069 998 3101; x_wconf 84' lang='lat' dir='ltr'>studium</span> <span class='ocrx_word' id='word_1_371' title='bbox 1021 3069 1139 3102; x_wconf 85' lang='lat' dir='ltr'>adule-</span> 
     </span>
     <span class='ocr_line' id='line_1_46' title="bbox 258 3116 1139 3160; baseline 0.005 -12"><span class='ocrx_word' id='word_1_372' title='bbox 258 3117 417 3149; x_wconf 86' lang='lat' dir='ltr'>scentium</span> <span class='ocrx_word' id='word_1_373' title='bbox 447 3117 582 3150; x_wconf 78' lang='lat' dir='ltr'>excolas</span> <span class='ocrx_word' id='word_1_374' title='bbox 603 3119 737 3149; x_wconf 87' lang='lat' dir='ltr'>mentes.</span> <span class='ocrx_word' id='word_1_375' title='bbox 775 3116 940 3150; x_wconf 85' lang='lat' dir='ltr'>scholam</span> <span class='ocrx_word' id='word_1_376' title='bbox 962 3120 1139 3160; x_wconf 82' lang='lat' dir='ltr'>Augusto-</span> 
     </span>
     <span class='ocr_line' id='line_1_47' title="bbox 259 3165 1137 3210; baseline 0.005 -13"><span class='ocrx_word' id='word_1_377' title='bbox 259 3165 460 3200; x_wconf 90' lang='lat' dir='ltr'>dunensem</span> <span class='ocrx_word' id='word_1_378' title='bbox 475 3192 483 3207; x_wconf 91' lang='lat'>,</span> <span class='ocrx_word' id='word_1_379' title='bbox 526 3167 564 3199; x_wconf 90' lang='lat' dir='ltr'>in</span> <span class='ocrx_word' id='word_1_380' title='bbox 598 3165 818 3199; x_wconf 88' lang='lat' dir='ltr'>nobilissima</span> <span class='ocrx_word' id='word_1_381' title='bbox 853 3168 1000 3202; x_wconf 84' lang='lat' dir='ltr'>civitatis</span> <span class='ocrx_word' id='word_1_382' title='bbox 1035 3170 1137 3210; x_wconf 85' lang='lat' dir='ltr'>parte</span> 
     </span>
     <span class='ocr_line' id='line_1_48' title="bbox 258 3215 1136 3260; baseline 0.005 -13"><span class='ocrx_word' id='word_1_383' title='bbox 258 3215 375 3256; x_wconf 85' lang='lat' dir='ltr'>sitam,</span> <span class='ocrx_word' id='word_1_384' title='bbox 392 3216 579 3250; x_wconf 80' lang='lat' dir='ltr'>Maeniana</span> <span class='ocrx_word' id='word_1_385' title='bbox 593 3217 697 3250; x_wconf 87' lang='lat' dir='ltr'>vocat</span> <span class='ocrx_word' id='word_1_386' title='bbox 712 3217 905 3249; x_wconf 86' lang='lat' dir='ltr'>Eumenius</span> <span class='ocrx_word' id='word_1_387' title='bbox 922 3217 965 3258; x_wconf 92' lang='lat' dir='ltr'>(c.</span> <span class='ocrx_word' id='word_1_388' title='bbox 984 3218 1016 3250; x_wconf 75' lang='lat' dir='ltr'>t.</span> <span class='ocrx_word' id='word_1_389' title='bbox 1035 3219 1067 3250; x_wconf 88' lang='grc'>9.</span> <span class='ocrx_word' id='word_1_390' title='bbox 1083 3218 1136 3260; x_wconf 76' lang='grc'>47)</span> 
     </span>
     <span class='ocr_line' id='line_1_49' title="bbox 259 3265 1136 3309; baseline 0.005 -13"><span class='ocrx_word' id='word_1_391' title='bbox 259 3265 295 3296; x_wconf 85' lang='lat' dir='ltr'>et</span> <span class='ocrx_word' id='word_1_392' title='bbox 327 3266 529 3299; x_wconf 86' lang='lat' dir='ltr'>Maenianas</span> <span class='ocrx_word' id='word_1_393' title='bbox 560 3265 688 3299; x_wconf 75' lang='lat' dir='ltr'>scholas</span> <span class='ocrx_word' id='word_1_394' title='bbox 711 3266 759 3307; x_wconf 88' lang='lat' dir='ltr'>(c.</span> <span class='ocrx_word' id='word_1_395' title='bbox 785 3265 835 3306; x_wconf 89' lang='lat'>3).</span> <span class='ocrx_word' id='word_1_396' title='bbox 875 3267 926 3298; x_wconf 89' lang='lat' dir='ltr'>De</span> <span class='ocrx_word' id='word_1_397' title='bbox 953 3267 1136 3309; x_wconf 86' lang='lat' dir='ltr'>participio</span> 
     </span>
     <span class='ocr_line' id='line_1_50' title="bbox 257 3314 1136 3358; baseline 0.005 -13"><span class='ocrx_word' id='word_1_398' title='bbox 257 3318 414 3354; x_wconf 86' lang='lat' dir='ltr'>operatus</span> <span class='ocrx_word' id='word_1_399' title='bbox 429 3315 473 3348; x_wconf 84' lang='lat' dir='ltr'>cf.</span> <span class='ocrx_word' id='word_1_400' title='bbox 492 3316 525 3358; x_wconf 78' lang='lat'>2,</span> <span class='ocrx_word' id='word_1_401' title='bbox 544 3315 597 3349; x_wconf 76' lang='lat'>44.</span> <span class='ocrx_word' id='word_1_402' title='bbox 623 3314 837 3357; x_wconf 85' lang='lat' dir='ltr'>Pomponius</span> <span class='ocrx_word' id='word_1_403' title='bbox 863 3314 968 3356; x_wconf 86' lang='lat' dir='ltr'>(apud</span> <span class='ocrx_word' id='word_1_404' title='bbox 986 3317 1136 3349; x_wconf 89' lang='lat' dir='ltr'>Nonium</span> 
     </span>
     <span class='ocr_line' id='line_1_51' title="bbox 259 3364 1137 3406; baseline 0.005 -11"><span class='ocrx_word' id='word_1_405' title='bbox 259 3371 296 3405; x_wconf 89' lang='lat' dir='ltr'>p.</span> <span class='ocrx_word' id='word_1_406' title='bbox 314 3364 394 3405; x_wconf 76' lang='lat'>523,</span> <span class='ocrx_word' id='word_1_407' title='bbox 421 3365 495 3406; x_wconf 76' lang='lat'><strong>40):</strong></span> <span class='ocrx_word' id='word_1_408' title='bbox 520 3365 571 3398; x_wconf 82' lang='lat' dir='ltr'>Ad</span> <span class='ocrx_word' id='word_1_409' title='bbox 597 3365 728 3398; x_wconf 85' lang='lat' dir='ltr'>Veneris</span> <span class='ocrx_word' id='word_1_410' title='bbox 745 3364 939 3406; x_wconf 80' lang='lat' dir='ltr'>profectu&#39;st</span> <span class='ocrx_word' id='word_1_411' title='bbox 960 3373 1058 3398; x_wconf 87' lang='lat' dir='ltr'>mane</span> <span class='ocrx_word' id='word_1_412' title='bbox 1078 3375 1137 3399; x_wconf 85' lang='lat' dir='ltr'>ve-</span> 
     </span>
     <span class='ocr_line' id='line_1_52' title="bbox 259 3412 1135 3455; baseline 0.005 -10"><span class='ocrx_word' id='word_1_413' title='bbox 259 3412 347 3446; x_wconf 78' lang='lat' dir='ltr'>tulus</span> <span class='ocrx_word' id='word_1_414' title='bbox 367 3417 481 3447; x_wconf 82' lang='lat' dir='ltr'>votum</span> <span class='ocrx_word' id='word_1_415' title='bbox 501 3419 539 3448; x_wconf 82' lang='lat' dir='ltr'>ut</span> <span class='ocrx_word' id='word_1_416' title='bbox 560 3414 716 3449; x_wconf 82' lang='lat' dir='ltr'>solveret:</span> <span class='ocrx_word' id='word_1_417' title='bbox 739 3413 788 3447; x_wconf 85' lang='lat' dir='ltr'>Ibi</span> <span class='ocrx_word' id='word_1_418' title='bbox 801 3422 890 3447; x_wconf 85' lang='lat' dir='ltr'>nunc</span> <span class='ocrx_word' id='word_1_419' title='bbox 905 3417 1061 3455; x_wconf 84' lang='lat' dir='ltr'>operatus</span> <span class='ocrx_word' id='word_1_420' title='bbox 1075 3418 1135 3449; x_wconf 84' lang='lat' dir='ltr'>est.</span> 
     </span>
    </p>
   </div>
   <div class='ocr_carea' id='block_1_10' title="bbox 1196 2165 2147 2206">
    <p class='ocr_par' dir='ltr' id='par_1_10' title="bbox 1196 2165 2147 2206">
     <span class='ocr_line' id='line_1_53' title="bbox 1196 2165 2147 2206; baseline -0.001 -6"><span class='ocrx_word' id='word_1_421' title='bbox 1196 2167 1294 2200; x_wconf 85' lang='lat' dir='ltr'>ckius</span> <span class='ocrx_word' id='word_1_422' title='bbox 1311 2168 1347 2199; x_wconf 83' lang='lat' dir='ltr'>et</span> <span class='ocrx_word' id='word_1_423' title='bbox 1363 2166 1649 2200; x_wconf 85' lang='lat' dir='ltr'>Chateaubriand</span> <span class='ocrx_word' id='word_1_424' title='bbox 1666 2167 1828 2206; x_wconf 74' lang='lat' dir='ltr'>(Martyrs</span> <span class='ocrx_word' id='word_1_425' title='bbox 1843 2167 1880 2198; x_wconf 88' lang='lat' dir='ltr'>L.</span> <span class='ocrx_word' id='word_1_426' title='bbox 1895 2165 1964 2206; x_wconf 88' lang='lat' dir='ltr'>Vll)</span> <span class='ocrx_word' id='word_1_427' title='bbox 1982 2166 2073 2199; x_wconf 78' lang='lat' dir='ltr'>mire</span> <span class='ocrx_word' id='word_1_428' title='bbox 2143 2172 2147 2176; x_wconf 83' lang='lat'><em>&#39;</em></span> 
     </span>
    </p>
   </div>
   <div class='ocr_carea' id='block_1_11' title="bbox 1185 2215 2073 3455">
    <p class='ocr_par' dir='ltr' id='par_1_11' title="bbox 1185 2215 2073 3350">
     <span class='ocr_line' id='line_1_54' title="bbox 1195 2215 2072 2259; baseline -0.002 -9"><span class='ocrx_word' id='word_1_429' title='bbox 1195 2226 1384 2259; x_wconf 86' lang='lat' dir='ltr'>accepere,</span> <span class='ocrx_word' id='word_1_430' title='bbox 1411 2216 1710 2258; x_wconf 87' lang='lat' dir='ltr'>adulescentium,</span> <span class='ocrx_word' id='word_1_431' title='bbox 1743 2217 1804 2258; x_wconf 85' lang='lat' dir='ltr'>qui</span> <span class='ocrx_word' id='word_1_432' title='bbox 1827 2215 2072 2258; x_wconf 81' lang='lat' dir='ltr'>Augustuduni</span> 
     </span>
     <span class='ocr_line' id='line_1_55' title="bbox 1194 2265 2073 2309; baseline 0 -10"><span class='ocrx_word' id='word_1_433' title='bbox 1194 2266 1398 2300; x_wconf 83' lang='lat' dir='ltr'>liberalibus</span> <span class='ocrx_word' id='word_1_434' title='bbox 1421 2267 1543 2300; x_wconf 90' lang='lat' dir='ltr'>studiis</span> <span class='ocrx_word' id='word_1_435' title='bbox 1567 2275 1715 2309; x_wconf 88' lang='lat' dir='ltr'>operam</span> <span class='ocrx_word' id='word_1_436' title='bbox 1738 2266 1883 2300; x_wconf 83' lang='lat' dir='ltr'>dabant.</span> <span class='ocrx_word' id='word_1_437' title='bbox 1909 2284 1946 2290; x_wconf 87' lang='lat'>—-</span> <span class='ocrx_word' id='word_1_438' title='bbox 1971 2265 2073 2308; x_wconf 65' lang='lat' dir='ltr'>tegio-</span> 
     </span>
     <span class='ocr_line' id='line_1_56' title="bbox 1193 2316 2073 2360; baseline -0.001 -10"><span class='ocrx_word' id='word_1_439' title='bbox 1193 2318 1300 2350; x_wconf 85' lang='lat' dir='ltr'>nariis</span> <span class='ocrx_word' id='word_1_440' title='bbox 1322 2317 1442 2360; x_wconf 87' lang='lat' dir='ltr'>armis]</span> <span class='ocrx_word' id='word_1_441' title='bbox 1472 2316 1614 2359; x_wconf 81' lang='lat' dir='ltr'>gladiis.</span> <span class='ocrx_word' id='word_1_442' title='bbox 1647 2316 1743 2360; x_wconf 89' lang='lat' dir='ltr'>pilis,</span> <span class='ocrx_word' id='word_1_443' title='bbox 1773 2317 1893 2351; x_wconf 89' lang='lat' dir='ltr'>scutis.</span> <span class='ocrx_word' id='word_1_444' title='bbox 1921 2332 1959 2340; x_wconf 96' lang='lat'><strong>—</strong></span> <span class='ocrx_word' id='word_1_445' title='bbox 1994 2316 2073 2358; x_wconf 72' lang='lat' dir='ltr'>yla-</span> 
     </span>
     <span class='ocr_line' id='line_1_57' title="bbox 1193 2366 2070 2410; baseline 0 -10"><span class='ocrx_word' id='word_1_446' title='bbox 1193 2367 1348 2401; x_wconf 80' lang='lat' dir='ltr'>diaturae</span> <span class='ocrx_word' id='word_1_447' title='bbox 1370 2367 1535 2410; x_wconf 84' lang='lat' dir='ltr'>destinati]</span> <span class='ocrx_word' id='word_1_448' title='bbox 1561 2366 1739 2400; x_wconf 88' lang='lat' dir='ltr'>Gallorum</span> <span class='ocrx_word' id='word_1_449' title='bbox 1761 2366 2004 2400; x_wconf 83' lang='lat' dir='ltr'>mirmillones.</span> <span class='ocrx_word' id='word_1_450' title='bbox 2031 2383 2070 2390; x_wconf 95' lang='lat'>—</span> 
     </span>
     <span class='ocr_line' id='line_1_58' title="bbox 1192 2417 2070 2460; baseline 0 -10"><span class='ocrx_word' id='word_1_451' title='bbox 1192 2418 1336 2460; x_wconf 75' lang='lat' dir='ltr'>yentico]</span> <span class='ocrx_word' id='word_1_452' title='bbox 1374 2418 1448 2451; x_wconf 88' lang='lat' dir='ltr'>Hac</span> <span class='ocrx_word' id='word_1_453' title='bbox 1481 2417 1593 2452; x_wconf 86' lang='lat' dir='ltr'>forma</span> <span class='ocrx_word' id='word_1_454' title='bbox 1632 2418 1847 2460; x_wconf 57' lang='lat' dir='ltr'>posterioris*</span> <span class='ocrx_word' id='word_1_455' title='bbox 1877 2417 2070 2451; x_wconf 81' lang='lat' dir='ltr'>Latinitatis</span> 
     </span>
     <span class='ocr_line' id='line_1_59' title="bbox 1192 2467 2073 2509; baseline 0.001 -9"><span class='ocrx_word' id='word_1_456' title='bbox 1192 2476 1278 2501; x_wconf 91' lang='lat' dir='ltr'>usus</span> <span class='ocrx_word' id='word_1_457' title='bbox 1303 2468 1358 2501; x_wconf 91' lang='lat' dir='ltr'>est</span> <span class='ocrx_word' id='word_1_458' title='bbox 1379 2468 1486 2500; x_wconf 89' lang='lat' dir='ltr'>etiam</span> <span class='ocrx_word' id='word_1_459' title='bbox 1509 2468 1546 2509; x_wconf 91' lang='lat'>6,</span> <span class='ocrx_word' id='word_1_460' title='bbox 1571 2467 1631 2507; x_wconf 90' lang='lat'>33;</span> <span class='ocrx_word' id='word_1_461' title='bbox 1665 2467 1794 2501; x_wconf 86' lang='lat' dir='ltr'>eadem</span> <span class='ocrx_word' id='word_1_462' title='bbox 1815 2468 1963 2500; x_wconf 88' lang='lat' dir='ltr'>utuntur</span> <span class='ocrx_word' id='word_1_463' title='bbox 1983 2468 2073 2501; x_wconf 79' lang='lat' dir='ltr'>Am-</span> 
     </span>
     <span class='ocr_line' id='line_1_60' title="bbox 1192 2517 2070 2560; baseline 0 -9"><span class='ocrx_word' id='word_1_464' title='bbox 1192 2518 1349 2559; x_wconf 87' lang='lat' dir='ltr'>mianus,</span> <span class='ocrx_word' id='word_1_465' title='bbox 1374 2518 1548 2560; x_wconf 88' lang='lat' dir='ltr'>Avienus,</span> <span class='ocrx_word' id='word_1_466' title='bbox 1573 2517 1819 2551; x_wconf 79' lang='lat' dir='ltr'>Tertullianus.</span> <span class='ocrx_word' id='word_1_467' title='bbox 1846 2517 1898 2551; x_wconf 79' lang='lat' dir='ltr'>Cf.</span> <span class='ocrx_word' id='word_1_468' title='bbox 1916 2519 2070 2551; x_wconf 85' lang='lat' dir='ltr'>Gronov.</span> 
     </span>
     <span class='ocr_line' id='line_1_61' title="bbox 1192 2566 2071 2610; baseline -0.002 -9"><span class='ocrx_word' id='word_1_469' title='bbox 1192 2568 1238 2606; x_wconf 87' lang='lat' dir='ltr'>ad</span> <span class='ocrx_word' id='word_1_470' title='bbox 1261 2569 1333 2601; x_wconf 91' lang='lat' dir='ltr'>Liv.</span> <span class='ocrx_word' id='word_1_471' title='bbox 1359 2569 1398 2609; x_wconf 73' lang='grc'>2,</span> <span class='ocrx_word' id='word_1_472' title='bbox 1425 2568 1479 2601; x_wconf 82' lang='lat'>58.</span> <span class='ocrx_word' id='word_1_473' title='bbox 1507 2585 1542 2591; x_wconf 91' lang='lat'>--</span> <span class='ocrx_word' id='word_1_474' title='bbox 1569 2567 1824 2610; x_wconf 84' lang='lat' dir='ltr'>cruppellarios]</span> <span class='ocrx_word' id='word_1_475' title='bbox 1851 2566 1978 2600; x_wconf 84' lang='lat' dir='ltr'>Gallica</span> <span class='ocrx_word' id='word_1_476' title='bbox 2002 2567 2071 2600; x_wconf 85' lang='lat' dir='ltr'>hac</span> 
     </span>
     <span class='ocr_line' id='line_1_62' title="bbox 1191 2615 2072 2660; baseline -0.002 -9"><span class='ocrx_word' id='word_1_477' title='bbox 1191 2626 1280 2651; x_wconf 90' lang='lat' dir='ltr'>voce</span> <span class='ocrx_word' id='word_1_478' title='bbox 1315 2626 1493 2660; x_wconf 81' lang='lat' dir='ltr'>nusquam</span> <span class='ocrx_word' id='word_1_479' title='bbox 1528 2616 1611 2650; x_wconf 84' lang='lat' dir='ltr'>alibi</span> <span class='ocrx_word' id='word_1_480' title='bbox 1649 2619 1791 2660; x_wconf 87' lang='lat' dir='ltr'>reperta</span> <span class='ocrx_word' id='word_1_481' title='bbox 1829 2615 2072 2659; x_wconf 80' lang='lat' dir='ltr'>significantur</span> 
     </span>
     <span class='ocr_line' id='line_1_63' title="bbox 1190 2665 2073 2710; baseline -0.001 -9"><span class='ocrx_word' id='word_1_482' title='bbox 1190 2667 1329 2710; x_wconf 85' lang='lat' dir='ltr'>pedites</span> <span class='ocrx_word' id='word_1_483' title='bbox 1353 2668 1519 2701; x_wconf 90' lang='lat' dir='ltr'>continuo</span> <span class='ocrx_word' id='word_1_484' title='bbox 1543 2667 1636 2700; x_wconf 83' lang='lat' dir='ltr'>ferro</span> <span class='ocrx_word' id='word_1_485' title='bbox 1660 2667 1755 2700; x_wconf 86' lang='lat' dir='ltr'>tecti.</span> <span class='ocrx_word' id='word_1_486' title='bbox 1794 2666 1858 2709; x_wconf 81' lang='lat' dir='ltr'>(Cf.</span> <span class='ocrx_word' id='word_1_487' title='bbox 1885 2675 1916 2699; x_wconf 93' lang='lat' dir='ltr'>c.</span> <span class='ocrx_word' id='word_1_488' title='bbox 1942 2665 2003 2700; x_wconf 80' lang='lat'>45:</span> <span class='ocrx_word' id='word_1_489' title='bbox 2033 2667 2073 2700; x_wconf 80' lang='lat' dir='ltr'>in</span> 
     </span>
     <span class='ocr_line' id='line_1_64' title="bbox 1188 2716 2069 2760; baseline -0.002 -9"><span class='ocrx_word' id='word_1_490' title='bbox 1188 2719 1297 2760; x_wconf 83' lang='lat' dir='ltr'>fronte</span> <span class='ocrx_word' id='word_1_491' title='bbox 1319 2721 1484 2752; x_wconf 82' lang='lat' dir='ltr'>statuerat</span> <span class='ocrx_word' id='word_1_492' title='bbox 1505 2716 1678 2760; x_wconf 82' lang='lat' dir='ltr'>ferratos.)</span> <span class='ocrx_word' id='word_1_493' title='bbox 1701 2717 1839 2750; x_wconf 87' lang='lat' dir='ltr'>Diversi</span> <span class='ocrx_word' id='word_1_494' title='bbox 1854 2717 1953 2756; x_wconf 88' lang='lat' dir='ltr'>sunt,</span> <span class='ocrx_word' id='word_1_495' title='bbox 1978 2724 2069 2758; x_wconf 83' lang='lat' dir='ltr'>quos</span> 
     </span>
     <span class='ocr_line' id='line_1_65' title="bbox 1189 2765 2068 2809; baseline -0.001 -8"><span class='ocrx_word' id='word_1_496' title='bbox 1189 2768 1424 2809; x_wconf 83' lang='lat' dir='ltr'>cruppellariis</span> <span class='ocrx_word' id='word_1_497' title='bbox 1455 2767 1723 2802; x_wconf 87' lang='lat' dir='ltr'>substituendos</span> <span class='ocrx_word' id='word_1_498' title='bbox 1746 2765 1895 2809; x_wconf 88' lang='lat' dir='ltr'>putabat</span> <span class='ocrx_word' id='word_1_499' title='bbox 1916 2766 2068 2809; x_wconf 80' lang='lat' dir='ltr'>Lipsius,</span> 
     </span>
     <span class='ocr_line' id='line_1_66' title="bbox 1189 2816 2069 2859; baseline -0.003 -8"><span class='ocrx_word' id='word_1_500' title='bbox 1189 2818 1369 2851; x_wconf 84' lang='lat' dir='ltr'>clibanarii</span> <span class='ocrx_word' id='word_1_501' title='bbox 1398 2818 1473 2851; x_wconf 89' lang='lat' dir='ltr'>sive</span> <span class='ocrx_word' id='word_1_502' title='bbox 1497 2816 1781 2859; x_wconf 81' lang='lat' dir='ltr'>cataphractarii,</span> <span class='ocrx_word' id='word_1_503' title='bbox 1813 2816 1874 2858; x_wconf 88' lang='lat' dir='ltr'>qui</span> <span class='ocrx_word' id='word_1_504' title='bbox 1898 2824 1942 2848; x_wconf 85' lang='lat' dir='ltr'>ex</span> <span class='ocrx_word' id='word_1_505' title='bbox 1966 2817 2069 2857; x_wconf 89' lang='lat' dir='ltr'>equis</span> 
     </span>
     <span class='ocr_line' id='line_1_67' title="bbox 1189 2866 2069 2911; baseline -0.005 -10"><span class='ocrx_word' id='word_1_506' title='bbox 1189 2867 1405 2911; x_wconf 82' lang='lat' dir='ltr'>pugnabant.</span> <span class='ocrx_word' id='word_1_507' title='bbox 1433 2866 1484 2901; x_wconf 81' lang='lat' dir='ltr'>cf.</span> <span class='ocrx_word' id='word_1_508' title='bbox 1511 2867 1598 2900; x_wconf 83' lang='lat' dir='ltr'>Hist.</span> <span class='ocrx_word' id='word_1_509' title='bbox 1618 2869 1650 2907; x_wconf 74' lang='lat' dir='ltr'>t,</span> <span class='ocrx_word' id='word_1_510' title='bbox 1668 2866 1722 2899; x_wconf 78' lang='lat'>79.</span> <span class='ocrx_word' id='word_1_511' title='bbox 1743 2882 1779 2889; x_wconf 90' lang='lat'>—-</span> <span class='ocrx_word' id='word_1_512' title='bbox 1804 2866 1931 2898; x_wconf 82' lang='lat' dir='ltr'>viritim</span> <span class='ocrx_word' id='word_1_513' title='bbox 1949 2874 2069 2907; x_wconf 81' lang='lat' dir='ltr'>prom-</span> 
     </span>
     <span class='ocr_line' id='line_1_68' title="bbox 1185 2914 2066 2961; baseline -0.003 -10"><span class='ocrx_word' id='word_1_514' title='bbox 1185 2919 1253 2960; x_wconf 84' lang='lat' dir='ltr'>ptis</span> <span class='ocrx_word' id='word_1_515' title='bbox 1266 2918 1392 2961; x_wconf 80' lang='lat' dir='ltr'>studiis]</span> <span class='ocrx_word' id='word_1_516' title='bbox 1417 2918 1491 2951; x_wconf 89' lang='lat' dir='ltr'>Etsi</span> <span class='ocrx_word' id='word_1_517' title='bbox 1507 2916 1667 2950; x_wconf 92' lang='lat' dir='ltr'>nondum</span> <span class='ocrx_word' id='word_1_518' title='bbox 1681 2916 1729 2949; x_wconf 86' lang='lat' dir='ltr'>ita</span> <span class='ocrx_word' id='word_1_519' title='bbox 1746 2916 1869 2958; x_wconf 87' lang='lat' dir='ltr'>aperte</span> <span class='ocrx_word' id='word_1_520' title='bbox 1886 2914 2066 2956; x_wconf 80' lang='lat' dir='ltr'>favebant,</span> 
     </span>
     <span class='ocr_line' id='line_1_69' title="bbox 1188 2966 2067 3011; baseline -0.002 -11"><span class='ocrx_word' id='word_1_521' title='bbox 1188 2970 1228 3001; x_wconf 89' lang='lat' dir='ltr'>ut</span> <span class='ocrx_word' id='word_1_522' title='bbox 1248 2966 1391 3011; x_wconf 85' lang='lat' dir='ltr'>publice</span> <span class='ocrx_word' id='word_1_523' title='bbox 1414 2967 1640 3000; x_wconf 85' lang='lat' dir='ltr'>mitterentur</span> <span class='ocrx_word' id='word_1_524' title='bbox 1663 2966 1797 3008; x_wconf 84' lang='lat' dir='ltr'>copiae,</span> <span class='ocrx_word' id='word_1_525' title='bbox 1822 2966 1942 2998; x_wconf 83' lang='lat' dir='ltr'>tamen</span> <span class='ocrx_word' id='word_1_526' title='bbox 1959 2973 2067 2998; x_wconf 88' lang='lat' dir='ltr'>nemo</span> 
     </span>
     <span class='ocr_line' id='line_1_70' title="bbox 1187 3014 2068 3061; baseline -0.005 -10"><span class='ocrx_word' id='word_1_527' title='bbox 1187 3017 1451 3061; x_wconf 82' lang='lat' dir='ltr'>impediebatur</span> <span class='ocrx_word' id='word_1_528' title='bbox 1474 3025 1544 3059; x_wconf 88' lang='lat' dir='ltr'>quo</span> <span class='ocrx_word' id='word_1_529' title='bbox 1567 3016 1685 3049; x_wconf 88' lang='lat' dir='ltr'>minus</span> <span class='ocrx_word' id='word_1_530' title='bbox 1708 3015 1754 3048; x_wconf 84' lang='lat' dir='ltr'>ad</span> <span class='ocrx_word' id='word_1_531' title='bbox 1784 3014 1820 3047; x_wconf 90' lang='lat' dir='ltr'>id</span> <span class='ocrx_word' id='word_1_532' title='bbox 1843 3014 1976 3048; x_wconf 85' lang='lat' dir='ltr'>bellum</span> <span class='ocrx_word' id='word_1_533' title='bbox 1999 3014 2068 3047; x_wconf 80' lang='lat' dir='ltr'>iret</span> 
     </span>
     <span class='ocr_line' id='line_1_71' title="bbox 1187 3064 2066 3108; baseline -0.006 -7"><span class='ocrx_word' id='word_1_534' title='bbox 1187 3066 1427 3107; x_wconf 78' lang='lat' dir='ltr'>voluntariu33</span> <span class='ocrx_word' id='word_1_535' title='bbox 1464 3067 1500 3099; x_wconf 92' lang='lat' dir='ltr'>in</span> <span class='ocrx_word' id='word_1_536' title='bbox 1534 3074 1648 3108; x_wconf 86' lang='lat' dir='ltr'>eoque</span> <span class='ocrx_word' id='word_1_537' title='bbox 1682 3066 1847 3108; x_wconf 86' lang='lat' dir='ltr'>prompta</span> <span class='ocrx_word' id='word_1_538' title='bbox 1880 3064 2066 3097; x_wconf 87' lang='lat' dir='ltr'>hominum</span> 
     </span>
     <span class='ocr_line' id='line_1_72' title="bbox 1187 3113 2066 3157; baseline -0.006 -6"><span class='ocrx_word' id='word_1_539' title='bbox 1187 3117 1303 3151; x_wconf 82' lang='lat' dir='ltr'>studia</span> <span class='ocrx_word' id='word_1_540' title='bbox 1326 3117 1425 3151; x_wconf 83' lang='lat' dir='ltr'>fuere</span> <span class='ocrx_word' id='word_1_541' title='bbox 1439 3142 1447 3157; x_wconf 88' lang='lat'>,</span> <span class='ocrx_word' id='word_1_542' title='bbox 1471 3114 1592 3149; x_wconf 87' lang='lat' dir='ltr'>multis</span> <span class='ocrx_word' id='word_1_543' title='bbox 1616 3123 1697 3148; x_wconf 85' lang='lat' dir='ltr'>eam</span> <span class='ocrx_word' id='word_1_544' title='bbox 1719 3113 1880 3148; x_wconf 84' lang='lat' dir='ltr'>militiam</span> <span class='ocrx_word' id='word_1_545' title='bbox 1895 3113 2066 3156; x_wconf 80' lang='lat' dir='ltr'>adpeten-</span> 
     </span>
     <span class='ocr_line' id='line_1_73' title="bbox 1187 3163 2066 3207; baseline -0.006 -7"><span class='ocrx_word' id='word_1_546' title='bbox 1187 3167 1293 3200; x_wconf 88' lang='lat' dir='ltr'>tibus.</span> <span class='ocrx_word' id='word_1_547' title='bbox 1312 3168 1393 3200; x_wconf 71' lang='lat' dir='ltr'>Enu.</span> <span class='ocrx_word' id='word_1_548' title='bbox 1419 3165 1583 3199; x_wconf 90' lang='lat' dir='ltr'>Similiter</span> <span class='ocrx_word' id='word_1_549' title='bbox 1605 3165 1673 3199; x_wconf 90' lang='lat' dir='ltr'>sibi</span> <span class='ocrx_word' id='word_1_550' title='bbox 1689 3164 1917 3207; x_wconf 81' lang='lat' dir='ltr'>opponuntur</span> <span class='ocrx_word' id='word_1_551' title='bbox 1937 3163 2066 3196; x_wconf 67' lang='lat' dir='ltr'>viritim</span> 
     </span>
     <span class='ocr_line' id='line_1_74' title="bbox 1188 3211 2062 3259; baseline -0.006 -9"><span class='ocrx_word' id='word_1_552' title='bbox 1188 3219 1223 3250; x_wconf 84' lang='lat' dir='ltr'>et</span> <span class='ocrx_word' id='word_1_553' title='bbox 1242 3216 1371 3259; x_wconf 83' lang='lat' dir='ltr'>publice</span> <span class='ocrx_word' id='word_1_554' title='bbox 1393 3214 1488 3259; x_wconf 85' lang='lat' dir='ltr'>apud</span> <span class='ocrx_word' id='word_1_555' title='bbox 1516 3215 1666 3248; x_wconf 85' lang='lat' dir='ltr'>Hirtium</span> <span class='ocrx_word' id='word_1_556' title='bbox 1688 3214 1733 3247; x_wconf 83' lang='lat' dir='ltr'>de</span> <span class='ocrx_word' id='word_1_557' title='bbox 1755 3212 1850 3246; x_wconf 85' lang='lat' dir='ltr'>bello</span> <span class='ocrx_word' id='word_1_558' title='bbox 1872 3211 2062 3246; x_wconf 80' lang='lat' dir='ltr'>Alexandr.</span> 
     </span>
     <span class='ocr_line' id='line_1_75' title="bbox 1187 3262 2065 3304; baseline -0.006 -4"><span class='ocrx_word' id='word_1_559' title='bbox 1187 3267 1247 3300; x_wconf 81' lang='lat'>65:</span> <span class='ocrx_word' id='word_1_560' title='bbox 1273 3266 1430 3300; x_wconf 84' lang='lat' dir='ltr'>Praemia</span> <span class='ocrx_word' id='word_1_561' title='bbox 1451 3265 1529 3299; x_wconf 82' lang='lat' dir='ltr'>bene</span> <span class='ocrx_word' id='word_1_562' title='bbox 1549 3265 1676 3298; x_wconf 87' lang='lat' dir='ltr'>meritis</span> <span class='ocrx_word' id='word_1_563' title='bbox 1696 3266 1728 3298; x_wconf 87' lang='lat' dir='ltr'>et</span> <span class='ocrx_word' id='word_1_564' title='bbox 1743 3263 1870 3297; x_wconf 81' lang='lat' dir='ltr'>viritim</span> <span class='ocrx_word' id='word_1_565' title='bbox 1885 3265 1916 3296; x_wconf 89' lang='lat' dir='ltr'>et</span> <span class='ocrx_word' id='word_1_566' title='bbox 1931 3262 2065 3304; x_wconf 81' lang='lat' dir='ltr'>publice</span> 
     </span>
     <span class='ocr_line' id='line_1_76' title="bbox 1186 3316 1312 3350; baseline 0.008 -1"><span class='ocrx_word' id='word_1_567' title='bbox 1186 3316 1312 3350; x_wconf 76' lang='lat' dir='ltr'>tribuit.</span> 
     </span>
    </p>

    <p class='ocr_par' dir='ltr' id='par_1_12' title="bbox 1186 3357 2062 3455">
     <span class='ocr_line' id='line_1_77' title="bbox 1231 3357 2060 3404; baseline -0.007 -5"><span class='ocrx_word' id='word_1_568' title='bbox 1231 3365 1284 3399; x_wconf 68' lang='lat'>44.</span> <span class='ocrx_word' id='word_1_569' title='bbox 1324 3365 1426 3398; x_wconf 86' lang='lat' dir='ltr'><em>LXIV</em></span> <span class='ocrx_word' id='word_1_570' title='bbox 1457 3364 1646 3398; x_wconf 72' lang='lat' dir='ltr'>Galliarum</span> <span class='ocrx_word' id='word_1_571' title='bbox 1678 3361 1845 3404; x_wconf 80' lang='lat' dir='ltr'>civitates]</span> <span class='ocrx_word' id='word_1_572' title='bbox 1881 3357 1975 3402; x_wconf 74' lang='grc' dir='ltr'>«τὰς</span> <span class='ocrx_word' id='word_1_573' title='bbox 2007 3357 2060 3404; x_wconf 79' lang='grc' dir='ltr'>ξδ’</span> 
     </span>
     <span class='ocr_line' id='line_1_78' title="bbox 1186 3409 2062 3455; baseline -0.005 -6"><span class='ocrx_word' id='word_1_574' title='bbox 1186 3423 1346 3450; x_wconf 78' lang='lat' dir='ltr'>omnes.»</span> <span class='ocrx_word' id='word_1_575' title='bbox 1386 3415 1443 3449; x_wconf 87' lang='lat' dir='ltr'>Sic</span> <span class='ocrx_word' id='word_1_576' title='bbox 1470 3412 1673 3449; x_wconf 82' lang='lat' dir='ltr'>necessario</span> <span class='ocrx_word' id='word_1_577' title='bbox 1699 3411 1924 3455; x_wconf 78' lang='lat' dir='ltr'>interpretari</span> <span class='ocrx_word' id='word_1_578' title='bbox 1946 3409 2062 3446; x_wconf 82' lang='lat' dir='ltr'>debe-</span> 
     </span>
    </p>
   </div>
  </div>
 </body>
</html>
