2254 3770
327 277 411 327 ιω
806 279 852 323 P.
884 278 1137 329 comm
1166 279 1339 330 uem
1367 254 1637 331 mmmm

326 398 502 434 eausam
536 384 716 443 periculi
752 384 866 438 fecit,
905 385 1060 435 ceteris
1099 384 1304 434 libertatis
1343 385 1509 436 initium
1544 399 1630 436 non.
1668 386 1879 444 praebuit
1923 387 2122 451 prodigia

326 474 502 518 quoque
541 460 695 508 crebra
731 466 774 504 et
809 459 926 506 irrita
963 460 1263 507 intercessere.
1315 475 1498 519 anguem
1536 461 1662 509 enixa
1691 461 1854 514 mulier,
1893 469 1936 514 et
1963 462 2046 517 alia
2076 463 2119 517 iu

325 536 555 583 concubitu
584 535 723 581 mariti
753 534 926 583 fulmine
957 537 1206 585 exanimata.
1250 536 1333 580 iam
1361 535 1427 580 sol
1447 543 1625 594 repente
1645 537 1900 589 obscuratus
1921 544 1964 589 et
1982 544 2120 592 tactae

324 609 379 655 de
409 611 532 656 caelo
562 610 908 668 quattuordecim
936 611 1056 656 urbis
1086 611 1300 668 regiones.
1330 625 1443 670 quae
1474 612 1584 661 adeo
1615 612 1708 664 sine
1735 626 1837 662 cure
1869 612 2001 664 deum
2019 627 2122 665 eve*

291 686 514 738 liniebant,
554 692 601 732 ut
635 685 792 733 multos
827 693 926 743 post
965 700 1100 735 annos
1129 687 1241 735 Nero
1273 687 1502 745 imperium
1531 693 1574 736 et
1603 687 1767 739 scelera
1797 688 2120 743 continuaverit«
2150 708 2154 711 ’

323 768 515 805 ceterum
551 775 639 819 quo
680 768 878 819 gravaret
915 761 1114 805 invidiam
1157 762 1304 807 matris
1334 775 1475 821 eaque
1506 762 1678 807 demota
1706 770 1875 814 auctam
1905 763 2121 817 lenitatem

323 850 447 880 suam
476 836 787 888 testificaretur,
819 836 999 883 feminas
1027 836 1214 884 illustres
1235 838 1399 884 Iuniam
1420 844 1463 886 et
1484 837 1773 896 Calpurniam,
1806 845 2007 898 praetura
2027 838 2123 890 fun-.-

324 918 415 956 ctos
446 911 660 956 Valerium
690 912 942 970 Capitonem
970 918 1013 956 et
1041 912 1249 959 Licinium
1279 912 1489 961 Gabolum
1526 912 1703 960 sedibus
1741 914 1890 972 patriis
1920 913 2119 970 reddidit,

323 987 377 1033 ab
398 987 630 1046 Agrippina
659 986 762 1032 olim
792 987 954 1045 pulsos.
985 988 1114 1037 etiam
1133 987 1293 1031 Lolliae
1314 988 1516 1035 Paulinae
1537 989 1705 1038 cineres
1734 990 1944 1047 reportari
1975 988 2122 1048 sepul-

272 1077 309 1110 40
323 1077 533 1121 crumque
575 1063 712 1109 extrui
751 1062 965 1121 permisit3
1012 1077 1211 1121 quosque
1251 1063 1345 1122 ipse
1381 1078 1521 1123 nuper
1548 1063 1829 1122 relegaverat,
1870 1065 2050 1116 Iturium
2078 1071 2122 1119 et

322 1138 554 1184 Calvisium
580 1151 725 1197 poena
752 1137 922 1185 exolvit.
966 1152 1064 1185 nam
1096 1138 1239 1187 Silana
1258 1139 1342 1186 fato
1362 1139 1504 1187 funeta
1524 1145 1631 1192 erat,
1662 1139 1897 1201 longinquo
1917 1139 1972 1193 ab
1991 1139 2120 1192 exilio

322 1215 551 1259 Tarentum
588 1228 788 1272 regressa
823 1213 996 1263 labante
1036 1214 1121 1258 iam
1158 1214 1408 1274 Agrippina,
1447 1215 1570 1266 cuius
1600 1215 1829 1266 inimicitiis
1859 1215 2119 1275 conciderat,

308 1289 389 1335 vel
419 1289 590 1336 tandem
620 1289 820 1348 mitigata.

436 1365 518 1423 (43)
548 1365 602 1412 At
630 1365 741 1411 Nero
772 1364 962 1411 cunctari
994 1365 1036 1412 in
1066 1364 1236 1423 oppidis
1269 1365 1544 1423 Campaniae,
1587 1379 1776 1424 quonam
1807 1365 1937 1417 modo
1967 1366 2121 1418 urbem

271 1440 637 1499 ⁴5ingrederetur‚
670 1454 724 1484 an
754 1440 1012 1499 obsequium
1044 1447 1237 1492 senatus,
1269 1454 1323 1489 an
1353 1440 1495 1484 studia
1523 1440 1663 1499 plebis
1694 1442 1923 1500 reperiret,
1955 1442 2118 1495 anxius.

321 1523 470 1564 contra
498 1516 758 1565 deterrimus
788 1516 994 1575 quisque,
1027 1529 1214 1575 quorum
1243 1530 1329 1560 non
1359 1515 1442 1560 alia
1470 1516 1590 1574 regia
1617 1516 1843 1568 fecundior
1871 1517 2024 1570 extitit,
2056 1517 2120 1566 in*-

385 1665 416 1699 3.
440 1667 550 1698 tactae
572 1664 617 1696 G:
643 1666 751 1697 tactas
773 1663 807 1700 M
825 1681 861 1686 —
887 1662 919 1696 4.
945 1662 1077 1701 daecelo
1093 1663 1127 1695 M
1144 1680 1180 1686 —
1206 1660 1261 1695 clm
1277 1663 1310 1696 Μ
1328 1680 1364 1686 -
1384 1662 1415 1695 6.
1434 1665 1579 1714 ceterum
1601 1662 1636 1702 M
1653 1680 1689 1685 —
1715 1662 1749 1696 7.
1768 1666 1938 1704 praetura
1958 1663 2114 1707 Lipsius:

316 1721 531 1763 praefectura
552 1721 586 1754 M
610 1738 647 1743 —
673 1720 705 1754 9.
730 1719 846 1753 solliae
868 1720 902 1753 M
934 1737 970 1743 —
1004 1719 1058 1752 40.
1083 1719 1226 1751 [curium
1249 1719 1458 1752 Rhenanus:
1491 1719 1654 1759 lutarium
1675 1719 1726 1758 M;
1761 1719 1924 1753 Titurium
1947 1721 1975 1752 G
2001 1737 2038 1743 —
2062 1720 2118 1754 44.

315 1785 404 1824 pena
426 1778 460 1812 M
484 1794 519 1801 -
552 1777 607 1811 43.
634 1777 767 1811 tandem
789 1776 985 1811 Bekkerus:
1016 1773 1086 1809 tam
1106 1775 1246 1819 (tamen)
1269 1776 1322 1816 M3
1351 1779 1422 1809 lum
1445 1774 1512 1809 alii.
1538 1793 1576 1806 .—
1604 1777 1772 1819 mitigata.
1797 1780 1835 1817 at
1855 1777 1944 1810 Nero
1967 1777 2121 1814 cunctari

317 1836 496 1869 Baiterus:
521 1835 678 1877 minuata
698 1834 852 1872 cunctari
873 1834 924 1871 M;
949 1834 1115 1876 mitiyata.
1141 1833 1318 1872 Cunctanti
1333 1832 1456 1875 vulg03
1481 1833 1637 1881 mitigata
1675 1833 1796 1871 Tamen
1818 1834 1972 1875 cunctari
1989 1831 2117 1877 (deletp

317 1895 429 1927 tamen
450 1892 534 1927 ante
557 1900 591 1924 v.
616 1891 783 1933 mitiyata)
807 1889 1076 1932 Bezzenberger
1099 1891 1135 1923 et
1157 1889 1332 1928 Halmius;
1363 1890 1540 1933 mitigata.
1559 1915 1568 1922 .
1585 1916 1592 1923 .
1611 1915 1618 1923 .
1640 1890 1793 1923 cunctari
1814 1889 2031 1933 Nipperdey,
2057 1889 2118 1932 qui

318 1950 355 1983 in
378 1949 605 1984 adnotatione
637 1947 779 1991 supplet
806 1947 849 1985 At
871 1948 1006 1986 Cacsar.
1038 1947 1089 1982 Cf.
1116 1956 1148 1982 c.
1173 1947 1205 1981 7.
1231 1947 1285 1981 63.
1314 1965 1350 1971 -
1383 1948 1436 1981 45.
1461 1947 1646 1993 repperiret
1666 1948 1702 1985 M
1727 1966 1764 1972 —
1793 1947 1909 1982 ansius
1929 1947 1981 1988 M;
2012 1946 2119 1988 anxio

318 2005 436 2048 vulgo.
462 2023 499 2031 -·-
527 2005 581 2040 46.
606 2005 706 2039 estitit
727 2006 773 2040 M.

318 2125 403 2159 dam
435 2125 530 2158 hanc
562 2123 780 2165 libertatem,
818 2133 887 2166 qua
922 2125 1076 2159 Thrasea
1107 2134 1193 2159 usus

319 2178 412 2216 erat,
440 2175 600 2218 queritur
618 2175 769 2208 Tacit-us.
791 2192 826 2197 —
852 2175 901 2208 sol
921 2179 1053 2217 repente
1076 2176 1193 2210 obscu-

317 2225 424 2268 ratus]
450 2225 579 2259 Plinius
602 2226 642 2258 N.
662 2226 703 2258 H.
729 2226 749 2257 2
774 2224 793 2267 S
817 2225 898 2258 48οε
925 2226 1012 2258 Solis
1033 2226 1193 2267 defectum

322 2278 477 2318 Vipstano
499 2280 530 2309 et
544 2276 680 2309 Fonteio
699 2285 784 2309 οοεε.
811 2278 869 2316 qui
889 2277 983 2318 fuere
1003 2281 1083 2311 ante
1101 2286 1193 2318 pau-

319 2337 374 2361 cos
396 2336 501 2361 annos
518 2328 646 2369 factum
658 2327 767 2368 pridie
781 2327 950 2361 Kalendas
965 2329 1076 2362 Maias
1092 2329 1193 2362 Gam-

315 2379 423 2421 pam'a
455 2378 541 2411 hora
573 2378 639 2411 diei
670 2377 757 2410 isaer
783 2378 957 2419 septimam
985 2383 1017 2411 et
1039 2383 1193 2412 octavam

317 2429 433 2469 sensit,
465 2427 606 2462 corbulo
634 2429 706 2462 dum
728 2428 763 2460 ln
785 2428 944 2464 Armenia
965 2430 1054 2463 inter
1074 2431 1193 2464 horam

318 2479 384 2512 diei
404 2479 567 2512 Mmam
586 2481 620 2512 et
632 2479 842 2512 undecimam
854 2480 1003 2520 prodidit
1015 2480 1135 2514 visum.
1152 2497 1188 2504 -

317 2529 584 2570 quattuordecim
597 2528 689 2560 urbis
702 2529 863 2571 regiones]
888 2530 987 2563 Conf.
1005 2531 1059 2571 45,
1078 2530 1132 2564 40.
1151 2548 1187 2554 -

317 2581 387 2613 saw
406 2587 492 2612 cura
512 2579 611 2611 damn
633 2579 841 2622 eveniebant]
869 2580 909 2612 Id
933 2582 1003 2621 est,
1029 2583 1193 2624 apparuit

317 2630 354 2663 in
376 2628 432 2662 his
454 2628 627 2670 portentis
650 2628 734 2662 nihil
750 2629 857 2662 divini
873 2629 999 2671 fuisse,
1024 2639 1094 2664 non
1111 2640 1192 2673 por-

317 2678 467 2713 tendene
483 2678 525 2711 iis
541 2677 630 2712 deos
642 2679 841 2720 ,perniciem
858 2681 1006 2713 Neronis
1022 2680 1189 2721 voluisse,

316 2729 414 2762 utils
429 2728 604 2761 creditum
622 2729 688 2769 est,
707 2737 798 2770 quae
815 2731 897 2762 ante
914 2731 1068 2763 mortem
1086 2730 1191 2765 Clau-

317 2778 365 2814 dii
382 2786 546 2811 evenere.
572 2777 699 2810 Irridet
714 2779 818 2819 igitur
833 2781 996 2821 portenta
1014 2782 1050 2812 et
1065 2789 1190 2822 eorum

316 2828 511 2862 vanitatem
536 2826 677 2860 indicat.
706 2828 787 2861 Eun.
817 2846 853 2852 —
882 2829 1018 2872 multos]
1047 2839 1187 2863 novem.

319 2895 356 2905 -ψ-
381 2876 532 2919 Iuniam]
557 2876 758 2917 Calvinam‚
783 2878 828 2911 de
853 2887 923 2920 qua
947 2879 1008 2919 ⁴2.
1034 2879 1065 2913 4.
1092 2880 1123 2913 8.
1152 2898 1188 2905 --

316 2926 548 2969 Calpurniam]
574 2926 624 2959 Cf.
644 2928 698 2967 42,
716 2929 769 2960 22.
791 2947 825 2952 -
846 2929 1018 2969 Gabolum]
1043 2929 1193 2962 Gabalus

315 2980 374 3012 est
395 2976 490 3020 apud
506 2978 696 3014 Gruterum
714 2977 790 3018 470,
810 2980 841 3011 4.
868 2979 1015 3012 Gavolus
1030 2979 1115 3012 ibid.
1134 2980 1188 3020 94,

315 3028 350 3062 ὅ.
378 3045 415 3052 -
440 3028 566 3060 Lolliae
587 3028 764 3070 Paulinae]
801 3029 853 3061 Cf.
879 3030 940 3069 42,
966 3030 1020 3063 22.
1050 3047 1086 3053 —
1118 3031 1191 3063 Icu-

315 3078 407 3113 m’um
435 3080 466 3111 et
489 3077 887 3119 calvisium--SilanaJ
919 3078 970 3112 Cf.
998 3078 1059 3119 43,
1089 3079 1132 3112 49
1156 3081 1191 3113 et

316 3128 372 3161 22.
400 3145 436 3150 —
461 3135 542 3161 nam
564 3126 647 3169 cet.]
679 3125 850 3169 elliptice,
881 3128 950 3161 hoc
974 3129 1046 3168 est,
1074 3128 1190 3170 «quod

316 3178 413 3211 enim
447 3176 601 3210 Silanum
629 3185 700 3210 non
731 3176 894 3217 exsolvit,
931 3178 1012 3211 ideo
1044 3178 1188 3219 factum,

318 3226 399 3268 quia
433 3235 476 3260 ee
510 3226 615 3269 paulo
648 3227 731 3263 ante
762 3228 917 3260 mortem
951 3227 1123 3261 obierat.»
1150 3245 1187 3253 -

315 3276 462 3319 labante]
486 3277 629 3311 iamiam
645 3275 824 3313 debilitata
849 3279 884 3309 et
907 3276 1016 3310 fracta
1027 3278 1109 3311 eius
1124 3286 1190 3320 po-

319 3327 441 3364 tentia.

363 3375 417 3408 43.
442 3379 561 3412 contra
582 3376 665 3419 cet.]
689 3375 869 3413 Adversus
889 3375 956 3409 has
979 3377 1100 3410 anxias
1123 3379 1190 3411 Ne-

317 3424 417 3458 ronis
444 3425 682 3460 dubitationes
709 3425 892 3461 deterrimi
918 3425 1049 3467 quique
1068 3425 1189 3462 disse-

1243 2126 1326 2158 runt
1349 2133 1482 2167 easque
1505 2123 1646 2158 solvere
1662 2125 1846 2159 conantur.
1867 2142 1904 2148 -
1922 2122 2115 2170 praeemit]

1242 2176 1282 2207 ut
1310 2176 1468 2208 animum
1495 2173 1616 2217 populi
1646 2174 1872 2217 explorarent
1898 2183 1941 2208 ac
1963 2183 2117 2225 praepa-

1242 2226 1364 2258 rarent
1381 2224 1612 2264 adulationes,
1631 2233 1720 2267 quas
1737 2223 1904 2267 cupiebat
1919 2223 2112 2258 matricida.

1245 2293 1282 2300 —
1306 2274 1583 2316 spectaculorum]
1605 2274 1784 2315 locorum,
1810 2283 1854 2308 ex
1877 2274 2007 2316 quibus
2029 2283 2115 2322 spe-

1243 2326 1415 2367 ctaretur,
1440 2334 1506 2367 per
1527 2324 1659 2366 gradus
1680 2326 1960 2365 exstructorum,
1984 2324 2117 2364 Scitan-

1241 2374 1388 2415 ῠᾱὴηοη,
1414 2375 1570 2408 tribunes.
1605 2375 1661 2408 Sic
1687 2375 1758 2413 Liv.
1785 2375 1816 2415 4,
1841 2375 1902 2408 35:
1927 2375 2117 2416 spectanda

1240 2424 1302 2458 sibi
1332 2426 1470 2467 quisque
1494 2425 1629 2466 fecerat.
1671 2424 1726 2464 45,
1753 2425 1796 2457 4.·
1829 2427 1900 2458 lota
1926 2425 2117 2466 spectanda

1237 2476 1399 2516 pervasit.
1420 2492 1456 2498 —
1483 2484 1548 2516 quo
1569 2475 1666 2508 modo
1688 2474 1847 2516 triumphi
1869 2475 2034 2516 visuntur]
2059 2473 2113 2510 Cf.

1241 2526 1362 2558 tamen
1392 2525 1456 2558 Dio
1480 2525 1534 2565 64,
1561 2525 1622 2558 46.
1665 2525 1823 2571 Νέρωνα
1852 2522 1894 2558 δὲ
1919 2521 2020 2567 μετὰ
2045 2521 2116 2561 τὸν

1241 2573 1310 2617 τῆς
1331 2570 1480 2621 μητρὸς
1499 2571 1626 2615 φόνον
1642 2572 1813 2608 εἰσιόντα
1827 2573 1868 2616 ἐς
1882 2569 1953 2618 τὴν
1964 2571 2115 2634 Ῥώμην

1240 2623 1413 2670 δημοσίᾳ
1433 2624 1506 2669 μὲν
1522 2623 1768 2672 ἐθεράπευον,
1795 2623 1872 2670 ἰδίᾳ
1886 2623 1940 2666 δέ,
1963 2624 2006 2660 ἐν
2020 2637 2051 2670 ῳ
2071 2634 2116 2670 γε

1240 2676 1306 2708 καὶ
1330 2672 1676 2734 παρῥησιάσασθαί
1698 2686 1796 2719 τινες
1818 2671 2006 2718 ἀσφαλῶς
2028 2673 2115 2711 ἐδύ-

1240 2735 1368 2767 ναντο,
1394 2727 1460 2759 καὶ
1481 2723 1589 2770 μάλα
1605 2721 1725 2760 αὑτὸν
1740 2724 1997 2784 ἐσπάραττον·
2022 2724 2115 2765 τεοῦ-

1241 2787 1285 2810 το
1307 2776 1380 2820 μὲν
1402 2773 1475 2823 γὰρ
1489 2774 1637 2821 μολγὸν
1652 2777 1693 2810 τέ
1709 2787 1795 2810 τινα
1809 2774 1873 2810 ἀπ’
1889 2772 2114 2836 ἀνδριάντος

1240 2823 1361 2863 αὐτοῦ
1392 2824 1541 2875 νύκτωρ
1564 2823 1849 2886 ἀπεκρέμασαν,
1874 2824 2115 2872 ἐνδεικνύμε-

1240 2888 1302 2911 νοι
1335 2871 1395 2911 ὅτι
1425 2877 1465 2919 ἐς
1493 2877 1640 2911 ἐκεῖνον
1667 2875 1787 2911 αὐτὸν
1818 2876 1899 2912 δέοι
1920 2874 2113 2922 ἐμβεβλῆ-

1241 2928 1350 2968 σθαι,
1386 2937 1503 2961 τουτο
1532 2927 1591 2968 δέ,
1628 2926 1781 2961 παιδίον
1810 2927 1850 2970 ἐς
1872 2926 1943 2971 τὴν
1962 2923 2113 2975 ἁγορὼι

1240 2974 1438 3034 ῥίψαντες,
1463 2975 1708 3034 προσέδησαν
1730 2973 1834 3022 αὐτῷ
1858 2975 2035 3015 πινάκιον
2048 2975 2112 3016 ,λέ-

1239 3038 1351 3072 γονα
1334 3023 1434 3061 «Οὐκ
1457 3022 1693 3075 ἀναιροῦμαί
1715 3038 1773 3069 σε,
1798 3026 1862 3061 ἵνα
1875 3024 1932 3071 μὴ
1947 3024 2019 3086 τὴν
2028 3038 2111 3075 μη·-

1239 3078 1331 3136 τέρα
1360 3073 1604 3124 ἀποφάξῃς.»
1635 3078 1701 3111 καὶ
1723 3071 1772 3121 ἧν
1793 3076 1866 3121 μὲν
1887 3077 1955 3113 καὶ
1974 3072 2110 3121 ἀναγι-

1239 3137 1402 3162 νωσκειν
1433 3114 1650 3167 πολλαχόθι
1678 3123 1823 3170 ὁμοίως
1845 3127 2110 3174 γεγραμμένον

1242 3177 1410 3224 σΝέρων,
1435 3172 1631 3223 Ὀρέστης,
1659 3172 1867 3220 Ἀλκμαίων
1891 3172 2110 3224 μητροκτό-

1239 3237 1326 3261 νοι.»
1325 3228 1498 3261 ›Similia
1529 3228 1633 3260 affert
1662 3228 1850 3260 Suetonius
1878 3227 1961 3260 Ner.
1986 3226 2040 3260 39.
2068 3243 2105 3251 -·

1233 3277 1360 3317 publico·
1388 3278 1515 3310 ser-vicii
1539 3278 1656 3320 victor]
1688 3279 1741 3312 Uti
1763 3279 1905 3316 veteres
1929 3276 2040 3314 duce·
2062 3276 2108 3310 de

1239 3328 1369 3360 exteris
1398 3326 1600 3360 nationibus
1624 3325 1808 3363 debellatis
1830 3325 2106 3368 triumpharunt,

1238 3377 1285 3411 ita
1308 3378 1401 3410 Nero
1425 3376 1469 3410 de
1492 3378 1570 3419 ipso
1590 3375 1723 3419 populo
1746 3377 1916 3418 nomano,
1941 3384 2051 3419 quem
2070 3375 2109 3412 in

1237 3427 1446 3465 servitutem
1468 3427 1670 3468 redegerat.
