2254 3770
693 293 847 338 LIBER
874 293 957 338 XV.
1003 293 1103 352 Cap.
1133 293 1201 338 26.
1231 293 1298 338 27.
1327 294 1395 339 28.
1853 294 1936 337 505

162 409 205 448 et
230 401 449 447 venientes
478 401 672 446 Tiridatis
700 400 1006 459 Vologesisque
1035 399 1090 444 de
1119 414 1226 458 pace
1251 401 1414 459 legatos
1433 400 1547 444 haud
1567 405 1831 459 aspernatus,
1860 399 1937 444 ad-

162 478 296 536 iungit
322 477 375 521 iis
404 477 675 522 centuriones
705 489 803 521 cum
832 475 1039 520 mandatis
1069 489 1152 519 non
1188 476 1424 520 inmitibus:
1462 490 1544 521 nec
1572 475 1684 520 enim
1713 474 1854 519 adhuc
1882 489 1935 519 eo

161 559 344 605 ventum,
375 558 422 596 ut
449 552 680 597 certamine
705 558 894 596 extremo
914 565 1024 610 opus
1045 557 1172 595 esset.
1202 551 1333 596 multa
1351 552 1551 596 Romanis
1571 535 1771 603 secun‘da,
1803 564 1938 609 quae-

160 627 258 672 dam
287 627 451 672 Parthis
481 627 695 678 evenisse,
732 627 987 672 documento
1017 626 1224 671 adversus
1254 627 1511 686 superbiam.
1550 626 1732 686 proinde
1761 632 1804 671 et
1832 626 1937 670 Tiri-

159 703 244 747 dati
283 703 525 748 conducere
566 703 767 748 intactum
795 702 1100 747 vastationibus
1128 717 1308 760 regnum
1338 702 1451 747 dono
1481 703 1700 761 accipere,
1740 708 1784 746 et
1811 701 1967 745 Volo-5

157 792 289 837 gesen
331 778 482 822 melius
525 779 728 822 societate
770 779 959 823 Romana
996 792 1125 836 quam
1162 777 1326 822 damnis
1356 778 1512 822 mutuis
1543 778 1656 836 genti
1684 777 1936 822 Parthorum

157 853 461 899 consulturum.
492 854 619 906 scire,
655 860 861 912 quantum
889 853 1001 897 intus
1030 853 1360 904 discordiarum,
1392 867 1610 912 quamque
1638 852 1865 897 indomitas
1894 858 1938 896 et

155 929 427 988 praeferoces
469 929 662 973 nationes
706 935 887 986 regeret.
945 934 1091 973 contra
1131 922 1374 986 imperatori
1412 943 1491 972 suo
1529 929 1743 973 immotam
1776 928 1936 986 ubique

155 1018 306 1063 pacem
335 1010 377 1047 et
405 1019 536 1048 unum
565 1004 608 1048 id
639 1004 796 1049 bellum
827 1019 937 1049 esse.
969 1003 1093 1048 simul
1124 1003 1301 1048 consilio
1331 1010 1537 1048 terrorem
1558 1004 1742 1056 adicere,
1774 1010 1817 1047 et
1843 1017 1936 1048 me-

153 1080 340 1138 gistanas
369 1080 607 1132 Armenios,
640 1080 714 1138 qui
743 1080 867 1138 primi
896 1094 922 1124 a
950 1080 1075 1124 nobis
1105 1079 1365 1131 defecerant,
1398 1079 1515 1137 pellit
1534 1079 1728 1131 sedibus,
1761 1078 1985 1124 castellato

154 1169 303 1200 eorum
348 1154 548 1207 excindit,
595 1155 717 1213 plana
758 1155 889 1206 edita,
935 1155 1098 1199 validos
1136 1154 1431 1213 invalidosque
1469 1155 1561 1213 pari
1592 1161 1707 1199 metu
1737 1153 1933 1212 complet.

152 1231 234 1288 (28)
265 1244 350 1274 non
379 1230 586 1275 infensum
617 1244 696 1274 nec
726 1244 824 1274 cum
852 1229 991 1274 hostili
1022 1230 1121 1274 odio
1145 1230 1397 1275 Corbulonis
1417 1244 1573 1274 nomen
1597 1230 1720 1274 etiam
1741 1229 1935 1274 barbaris

152 1305 406 1358 habebatur,
438 1319 579 1364 eoque
609 1305 832 1350 consilium
861 1305 954 1349 eius
983 1305 1114 1349 fidum
1141 1305 1385 1350 credebant.
1417 1320 1520 1364 ergo
1540 1305 1771 1363 Vologeses
1791 1319 1934 1363 neque

151 1389 272 1426 atrox
310 1382 352 1424 in
389 1383 618 1432 summam,
665 1387 708 1425 et
745 1380 1002 1439 quibusdam
1040 1381 1316 1439 praefecturis
1351 1380 1536 1425 indutias
1566 1381 1682 1439 petit.
1727 1380 1934 1425 Tiridates

150 1457 294 1502 locum
314 1456 516 1515 diemque
537 1456 750 1514 colloquio
769 1456 919 1514 poscit.
949 1462 1116 1515 tempus
1136 1457 1434 1515 propinquum,
1460 1455 1593 1507 locus,
1626 1458 1666 1499 in
1689 1471 1776 1515 quo
1795 1468 1982 1514 nuper-⁴5

150 1533 355 1577 obsessae
386 1546 483 1577 cum
511 1533 642 1576 Paeto
671 1531 862 1589 legiones
892 1538 1027 1583 erant,
1059 1531 1254 1576 barbaris
1284 1531 1475 1575 delectus
1505 1538 1570 1575 est
1598 1531 1654 1575 ob
1685 1532 1931 1576 memoriam

147 1608 334 1652 laetioris
376 1607 458 1651 sibi
496 1607 578 1658 rei,
621 1606 849 1651 Corbuloni
885 1621 969 1651 non
998 1607 1174 1658 vitatus,
1216 1614 1262 1650 ut
1290 1606 1587 1650 dissimilitudo
1621 1607 1812 1652 fortunae
1842 1607 1932 1665 glo-

148 1684 255 1728 riam
283 1689 471 1741 augeret.
510 1696 652 1740 neque
691 1682 858 1726 infamia
899 1683 1015 1726 Paeti
1050 1682 1303 1740 angebatur;
1343 1682 1460 1740 quod
1491 1696 1544 1726 eo
1573 1683 1756 1727 maxime
1785 1683 1929 1741 patuit,

211 1800 243 1832 t.
266 1798 333 1838 had
354 1798 389 1831 M
412 1815 448 1821 —
475 1797 506 1831 4.
532 1797 715 1830 docimento
737 1797 771 1830 M
802 1814 833 1820 —
856 1796 998 1838 proinde
1021 1798 1066 1829 G:
1086 1797 1225 1838 perinde
1250 1796 1328 1838 (per
1350 1795 1480 1838 notam)
1505 1797 1548 1830 M.
1574 1797 1660 1830 Vide
1683 1797 1728 1830 ad
1751 1798 1783 1838 3,
1810 1798 1862 1830 ⁴7.
1888 1816 1931 1822 —

145 1855 284 1896 tyridau
307 1855 340 1888 M
366 1872 402 1877 —
427 1854 459 1886 5.
483 1853 649 1895 uoloqeses
670 1853 704 1886 M
729 1870 765 1875 —
790 1852 822 1885 7.
841 1861 996 1894 querique
1016 1853 1051 1887 M
1075 1871 1110 1876 —-
1136 1852 1168 1886 8.
1192 1853 1453 1894 imperatorisM
1472 1870 1506 1876 --
1532 1854 1718 1887 immataM
1736 1872 1771 1878 —
1791 1853 1843 1886 ⁴0.
1856 1854 1931 1895 pcl-

144 1913 207 1946 luit
229 1912 264 1944 M
288 1929 323 1935 -
350 1911 403 1944 ⁴2.
428 1919 487 1943 nec
508 1919 585 1943 cum
607 1911 662 1943 M:
687 1911 807 1943 nedum
825 1911 974 1952 Lipsius.
993 1927 1029 1933 -
1058 1909 1110 1943 43.
1137 1911 1291 1950 consilio,
1317 1909 1458 1943 ultimae
1480 1908 1617 1943 litterae
1641 1918 1820 1952 superscr.
1837 1908 1872 1951 ἃ,
1897 1910 1930 1943 M

148 1986 183 1992 -
207 1969 313 2010 fidum
333 1976 388 2000 cre
399 1965 415 2007 ΙΙ
425 1967 601 2000 credebant
624 1967 656 2000 M
680 1984 716 1990 —
743 1967 796 1999 46.
822 1967 975 2000 barbaris
996 1968 1028 2000 d.
1054 1970 1100 2000 est
1120 1966 1351 2000 Doederlein:
1378 1976 1453 1999 cum
1475 1967 1629 1999 barbaris
1651 1968 1683 1999 d.
1709 1971 1757 2005 est
1778 1967 1828 2006 M;
1854 1975 1931 1999 cum

144 2024 299 2058 barbaris
326 2024 359 2056 d.
384 2027 463 2056 esset
492 2025 538 2062 G;
572 2027 642 2056 tum
671 2023 826 2056 barbaris
847 2024 879 2056 d.
904 2027 951 2056 est
971 2025 1042 2057 Iac.
1068 2024 1275 2056 Gronovius.
1303 2041 1340 2046 —
1368 2024 1530 2056 memoria
1552 2024 1585 2057 M
1606 2040 1651 2047 —
1675 2023 1728 2056 ⁴7.
1754 2023 1930 2056 Corbuloni

142 2090 210 2114 non
229 2081 354 2113 vitatus
375 2079 455 2113 cod.
471 2079 674 2122 Agricolae:
699 2080 832 2113 corbulo
853 2090 920 2114 mm
941 2082 1069 2114 attacus
1090 2081 1142 2121 M3
1168 2080 1308 2114 Corbulo
1330 2089 1398 2113 non
1418 2080 1539 2113 vitavit
1560 2080 1750 2113 Bekkerus.

1059 2180 1161 2222 legati
1184 2180 1349 2213 Romanis
1371 2180 1511 2222 penitus
1534 2182 1654 2213 notam
1677 2189 1757 2214 esse
1779 2180 1928 2213 intutam

1059 2240 1101 2264 ac
1122 2229 1357 2273 periculosam
1380 2231 1480 2272 regni
1502 2231 1652 2263 Parthici
1668 2230 1925 2264 condicionem.

142 2179 242 2213 Idem
265 2179 396 2213 factum
419 2181 500 2212 ante
524 2188 631 2221 quam
649 2188 708 2213 res
724 2180 799 2222 geri
814 2180 1011 2222 inciperen-

143 2231 212 2271 tur,
235 2230 317 2262 uta
340 2230 492 2263 Caesare
515 2230 552 2262 B.
579 2232 617 2263 G.
643 2230 675 2269 8,
701 2231 755 2263 52.
784 2248 820 2254 -
852 2231 1011 2271 auspiciis

140 2279 374 2321 imperatoris]
408 2280 560 2312 Ductum
594 2280 787 2322 imperator
818 2279 1009 2313 Corbuloni

142 2329 302 2369 dederat,
327 2330 492 2370 auspiciis
506 2329 574 2362 sibi
588 2331 790 2363 reservatis.
811 2348 846 2353 —
865 2331 1010 2363 adversa

139 2381 176 2413 in
196 2379 366 2412 inscitiam
385 2379 421 2411 P.
441 2379 618 2421 declinans]
642 2379 693 2412 Cf.
711 2378 861 2413 Sallustii
885 2381 969 2413 Hist.
987 2382 1007 2413 2

142 2430 197 2462 Fr.
222 2428 263 2461 37
293 2429 372 2460 Kr.:
409 2427 459 2460 Aa
489 2428 550 2460 hoc
580 2429 770 2461 rumoribus
802 2431 946 2462 advorsa
973 2431 1009 2462 in

137 2480 359 2521 pravitatem,
390 2479 536 2511 secunda
557 2479 594 2511 in
615 2488 749 2519 casum,
779 2480 951 2520 fortunam
971 2481 1008 2513 in

141 2529 354 2562 temeritatem
374 2529 566 2561 declinando
589 2529 853 2570 corrumpebant.
889 2530 1005 2572 (Tacit.

141 2579 201 2619 ⁴4,
226 2579 284 2612 38:
318 2579 463 2611 adversa
480 2579 662 2619 pravitati,
682 2588 845 2620 prospera
866 2580 912 2612 aa
931 2580 1007 2621 for-

141 2633 258 2662 tunam
278 2628 468 2670 referebat.)

183 2680 237 2712 27.
262 2680 300 2712 L.
323 2679 470 2721 Lucullo]
494 2688 526 2711 a.
551 2687 586 2712 u.
609 2679 672 2712 685
697 2680 733 2712 in
755 2678 848 2712 bello
870 2680 1007 2713 Mithri-

142 2729 267 2762 datico.
293 2729 345 2762 Cf.
363 2728 538 2762 Plutarch.
558 2728 688 2761 Lucull.
706 2728 748 2762 24
764 2730 812 2771 (p.
830 2730 916 2770 508).
942 2731 1006 2763 Dio

141 2780 195 2819 35,
205 2779 363 2811 t—t7.—
377 2779 532 2821 vetustas]
546 2780 744 2812 Intererant
754 2780 834 2812 anni
846 2780 1004 2814 CXXXII.

143 2847 180 2853 —
196 2838 258 2862 nec
270 2830 356 2862 enim
372 2829 454 2872 cet.]
478 2830 651 2862 Particuia
667 2830 754 2862 enim
770 2831 888 2869 utitur,
907 2831 1006 2872 quasi

140 2879 316 2922 quaedam
345 2880 416 2913 iam
444 2881 720 2922 praecessissent
742 2881 778 2913 in
801 2881 894 2913 comi
916 2880 1008 2922 lega-

139 2932 258 2963 torum
291 2929 522 2970 salutatione,
558 2930 687 2972 quibus
717 2940 843 2973 pacem
873 2932 1007 2964 servari

139 2988 246 3023 posse
269 2979 502 3021 significatum
526 2982 632 3013 esset.
660 2998 695 3004 —-
730 2981 921 3014 documento
944 2982 1008 3014 ad-

138 3039 253 3062 versus
274 3028 471 3071 superbiam]
502 3031 624 3063 «Haec
647 3031 761 3072 aptius
783 3039 887 3072 supra
911 3029 1007 3072 lege-

139 3081 261 3112 rentur
282 3080 364 3121 post
384 3079 552 3112 mandatis
571 3089 638 3112 mm
659 3081 849 3113 immitibus.
876 3079 1006 3113 Saltem

141 3138 184 3162 eo
206 3128 390 3161 referenda
414 3130 507 3168 sunt,
532 3137 601 3161 non
617 3129 662 3162 ad
678 3130 870 3171 proxima.»
897 3130 1004 3162 Doan.

140 3179 222 3212 Mihi
245 3180 367 3213 contra
391 3179 480 3211 haec
494 3178 604 3211 verba
627 3179 688 3212 ubi
707 3178 891 3212 collocavit
906 3180 1008 3212 Taci-

141 3230 197 3262 tus
219 3229 475 3271 appositissima
491 3228 666 3262 videntur.
693 3229 893 3271 Significant
913 3230 1006 3262 enim

140 3277 244 3319 legati
255 3287 424 3321 prospera
437 3278 572 3311 fortuna
583 3278 689 3310 modo
699 3278 885 3318 Romanos,
900 3279 1006 3311 modo

141 3327 288 3361 Parthos
316 3336 401 3361 usos
431 3336 530 3367 esse,
562 3329 648 3360 item
671 3327 838 3367 adversa,
871 3337 914 3360 ex
937 3336 1007 3369 quo

142 3378 309 3419 utrosque
333 3378 471 3411 discere
496 3377 629 3410 debere
645 3378 823 3411 vitandam
848 3386 927 3411 esse
951 3386 1008 3410 su-

141 3426 312 3470 perbiam.
340 3445 375 3452 —
408 3428 508 3471 scire]
543 3427 696 3471 Intellige
727 3437 771 3462 se.
807 3428 1008 3470 Significant

1062 2300 1099 2306 —
1124 2281 1256 2313 adicere
1277 2284 1309 2313 et
1322 2299 1371 2305 --
1383 2280 1486 2322 pellit]
1518 2281 1778 2314 Freinshemius
1801 2289 1927 2314 emen-

1059 2330 1185 2363 dabat:
1207 2331 1316 2369 simul,
1338 2333 1375 2362 ut
1387 2339 1414 2362 c.
1429 2333 1454 2362 t.
1468 2331 1623 2370 adiceret,
1639 2332 1844 2372 Megistanas
1855 2330 1924 2362 cet.

1059 2382 1127 2414 Sed
1152 2381 1334 2414 Ernestius
1356 2381 1453 2414 recte
1477 2381 1727 2414 animadvertit
1748 2381 1867 2424 Tacito
1892 2381 1928 2413 et

1058 2430 1140 2463 alibi
1162 2430 1371 2463 infinitivum
1387 2430 1618 2471 (historicum)
1636 2432 1672 2463 et
1685 2430 1836 2463 verbum
1852 2429 1927 2462 fini-

1058 2482 1132 2513 tum
1162 2480 1199 2512 in
1229 2479 1356 2513 eadem
1387 2480 1478 2513 serie
1503 2481 1676 2521 coniungi.
1714 2479 1765 2513 Cf.
1792 2479 1845 2520 ⁴2,
1869 2479 1923 2512 54.

1057 2531 1228 2564 Nimirum
1244 2531 1398 2573 primum
1409 2531 1444 2563 iu
1457 2531 1659 2564 universum
1671 2530 1825 2570 adnotat,
1841 2529 1926 2571 quid

1057 2579 1160 2613 simul
1194 2580 1317 2613 fecerit
1351 2579 1526 2619 Corbulo3
1563 2580 1691 2614 deinde
1726 2578 1925 2621 singillatim

1058 2640 1220 2674 quaeque
1243 2631 1362 2664 refert.
1388 2632 1533 2665 WALm.
1560 2650 1595 2655 —
1620 2631 1832 2674 megistanas]
1856 2631 1926 2673 pri-

1056 2690 1176 2715 mores
1198 2683 1296 2724 regni
1309 2707 1317 2721 ,
1351 2683 1494 2724 proprio
1523 2683 1636 2724 gentis
1658 2681 1832 2716 vocabulo
1854 2690 1925 2714 me-

1055 2732 1169 2764 hestan
1191 2732 1228 2764 in
1244 2733 1366 2765 Graeci
1389 2733 1563 2766 sermonis
1585 2731 1848 2766 similitudinem
1864 2730 1925 2763 de·

1056 2782 1160 2814 flexo.
1197 2783 1301 2815 Teste
1324 2781 1691 2825 Anquetil-Duperron
1718 2782 1812 2825 apud
1835 2783 1924 2814 Bur-

1058 2832 1216 2865 noufium
1238 2831 1451 2865 vocabulum
1472 2832 1557 2865 illud
1575 2834 1751 2876 reperitur
1765 2834 1800 2865 iu
1814 2831 1925 2866 Zend-

1058 2883 1186 2915 Avesta
1209 2890 1251 2914 ac
1274 2881 1445 2923 siguificat
1465 2883 1650 2923 mamimus,
1674 2891 1827 2915 summos,

1101 2932 1155 2965 28.
1187 2941 1262 2965 cum
1290 2932 1399 2965 hostili
1432 2933 1524 2975 odio]
1558 2933 1609 2967 Cf.
1644 2934 1702 2974 ⁴2,
1734 2933 1794 2966 48:
1831 2941 1924 2965 omne

1057 2983 1160 3015 scelus
1193 2986 1370 3015 externam
1397 2991 1472 3015 cum
1502 2983 1634 3016 laetitia
1663 2983 1857 3016 habendum.
1882 3000 1918 3005 —

1056 3040 1160 3073 neque
1189 3035 1293 3064 atrox
1320 3032 1356 3064 ia
1385 3032 1563 3075 summam]
1599 3035 1656 3066 «et
1677 3033 1723 3065 ad
1745 3040 1922 3066 summam

1056 3090 1133 3114 rem
1157 3081 1420 3115 decernendam
1448 3081 1522 3124 (sur
1542 3083 1572 3115 le
1597 3083 1766 3123 principat
1787 3082 1825 3114 de
1847 3080 1923 3122 l’af-

1054 3130 1155 3172 faire)
1179 3140 1249 3163 non
1273 3133 1350 3164 erat
1372 3134 1469 3165 atrox
1489 3134 1524 3164 et
1540 3134 1630 3165 cet.»
1656 3133 1781 3165 Duum.
1807 3131 1858 3164 Cf.
1877 3131 1920 3164 H.

1056 3182 1095 3220 2,
1122 3181 1183 3213 ⁴6:
1216 3182 1382 3214 temeritas
1397 3199 1445 3206 —-
1459 3183 1543 3215 nihil
1563 3183 1599 3214 in
1621 3190 1782 3214 sumam
1801 3181 1922 3222 profit-

1056 3234 1146 3263 tura.
1175 3249 1211 3254 -
1237 3231 1431 3272 quibasdam
1453 3231 1691 3273 praefecturis]
1722 3230 1786 3264 illis
1808 3232 1921 3273 megi—

1056 3281 1198 3313 stanum
1226 3282 1407 3323 satrapiis,
1439 3290 1527 3322 quas
1555 3282 1732 3313 invaserat
1754 3279 1917 3314 Corbulo.

1058 3329 1109 3362 Cf.
1136 3330 1188 3370 Η,
1213 3330 1246 3362 8.
1274 3347 1309 3353 —
1334 3331 1451 3372 nuper]
1475 3331 1526 3363 Cf.
1552 3339 1584 3363 c.
1606 3330 1658 3363 ⁴3.
1680 3347 1715 3353 -—
1741 3339 1845 3371 neque
1865 3330 1920 3363 in-

1054 3379 1162 3420 famia
1183 3381 1218 3412 P.
1243 3381 1427 3423 angebatur
1449 3381 1530 3423 cet]
1554 3381 1576 3413 i.
1602 3389 1635 3413 e.
1660 3380 1756 3414 Paeti
1778 3380 1919 3413 iufamia

1057 3428 1293 3463 Corbulonem
1323 3429 1418 3464 nullo
1441 3439 1571 3472 angore
1594 3429 1711 3463 affecit
1733 3438 1850 3472 neque
1874 3439 1917 3464 eo
