2254 3770
823 277 979 322 LIBER
1005 278 1036 320 1.
1095 277 1197 335 cap.
1225 278 1264 321 3.
1294 279 1334 321 4.
1949 275 1976 318 5

204 397 332 444 quam
359 388 476 428 esset
502 383 546 427 in
575 383 703 427 domo
732 382 886 427 Tiberii
916 383 1028 426 filius
1057 383 1241 436 iuvenis3
1272 383 1349 427 sed
1380 398 1466 442 quo
1486 382 1681 442 pluribus
1702 380 1974 425 munimentis

202 459 427 504 insisteret.
485 457 643 502 bellum
672 473 724 503 ea
752 464 1004 516 tempestate
1034 457 1195 501 nullum
1223 458 1302 502 nisi
1333 458 1541 502 adversus
1563 458 1797 501 Germanos
1823 469 1975 514 super-

202 540 307 584 erat,
350 533 588 578 abolendae
627 533 760 591 magis
796 533 991 577 infamiae
1027 532 1082 577 ob
1120 533 1322 576 amissum
1358 547 1454 577 cum
1484 532 1685 586 Quintilio
1713 533 1822 575 Varo
1853 544 1976 575 exer-

201 609 329 654 citum
372 622 501 667 quam
545 609 743 666 cupidine
786 607 1029 667 proferendi
1075 608 1240 666 imperii
1282 615 1355 651 aut
1402 607 1577 666 dignum
1625 606 1680 651 ob
1723 605 1974 664 praemium.

201 683 315 727 domi
345 697 415 727 res
444 683 714 742 tranquillae,
746 683 897 728 eadem
918 684 1237 741 magistratuum
1259 682 1483 735 vocabula;
1514 682 1702 726 iuniores
1721 687 1818 739 post
1837 681 1976 724 Actia-
2004 683 2024 713 ⁵

201 772 295 803 cam
336 759 578 808 victoriam,
617 758 742 802 etiam
782 772 908 802 senes
947 758 1142 816 plerique
1185 759 1292 802 inter
1321 758 1433 802 bella
1463 758 1619 802 civium
1645 756 1752 800 nati:
1798 761 1976 814 quotus-

201 835 386 892 quisque
425 833 616 891 reliquus
657 833 858 891 quirem
894 833 1109 891 publicam
1147 833 1350 877 vidisset?
1396 833 1448 890 (4)
1481 833 1606 890 igitur
1637 844 1765 876 verso
1796 829 1974 875 civitatis

201 915 312 953 statu
340 907 443 951 nihil
472 922 654 966 usquam
683 908 810 966 prisci
842 915 883 952 et
912 908 1061 966 integri
1094 908 1243 951 moris:
1269 922 1417 953 omnes
1439 915 1563 951 exuta
1584 906 1838 965 aequalitate
1857 905 1976 949 iussa

200 983 403 1042 principis
434 989 676 1041 aspectare;
717 982 831 1026 nulla
861 983 902 1025 in
932 997 1138 1041 praesens
1174 983 1415 1035 formidine,
1457 983 1560 1026 dum
1586 983 1801 1040 Augustus
1837 987 1974 1026 aetate

201 1057 366 1101 validus
395 1071 530 1116 seque
560 1065 602 1101 et
631 1057 803 1101 domum
834 1064 875 1101 et
903 1071 1053 1116 pacem
1084 1047 1344 1102 sustentavit.
1401 1064 1628 1116 postquam
1655 1063 1858 1115 provecta
1878 1057 2025 1100 iamin

200 1139 399 1177 senectus
434 1146 563 1189 aegro
605 1139 647 1175 et
682 1138 861 1190 corpore
898 1132 1167 1189 fatigabatur,
1210 1133 1444 1192 aderatque
1478 1133 1573 1176 finis
1612 1139 1655 1176 et
1688 1146 1789 1190 spes
1823 1146 1972 1184 novae,

199 1208 325 1266 pauci
354 1208 466 1251 bona
494 1207 698 1251 libertatis
729 1208 771 1250 in
787 1221 957 1251 cassum
987 1208 1221 1258 disserere,
1255 1208 1398 1266 plures
1428 1208 1585 1252 bellum
1614 1221 1866 1266 pavescere,
1904 1206 1974 1250 alii

200 1296 372 1341 cupere.
429 1296 530 1341 pars
559 1282 689 1326 multo
719 1283 900 1326 maxima
930 1283 1172 1327 inminentis
1200 1282 1396 1327 dominos
1423 1283 1551 1327 variis
1580 1282 1823 1326 rumoribus
1852 1281 1975 1326 diffe-

198 1357 368 1402 rebant:
399 1364 563 1402 trucem
582 1358 810 1416 Agrippam
840 1364 882 1402 et
901 1358 1129 1416 ignominia
1149 1372 1376 1403 accensum
1397 1372 1482 1402 non
1502 1365 1640 1403 aetate
1659 1371 1802 1416 neque
1830 1372 1973 1402 rerum

199 1433 461 1491 experientia
502 1439 642 1477 tantae
689 1432 788 1476 moli
838 1447 1005 1490 parem,
1056 1433 1271 1478 Tiberium
1317 1435 1528 1478 Neronem
1573 1440 1783 1477 maturum
1831 1434 2023 1485 annis,⁴5

199 1514 434 1567 spectatum
479 1508 610 1559 bello,
656 1514 721 1551 set
755 1515 899 1552 vetere
944 1515 1071 1567 atque
1111 1509 1235 1553 insita
1277 1509 1479 1554 Claudiae
1522 1508 1705 1553 familiae
1749 1508 1973 1567 superbia,

262 1686 296 1719 4.
321 1686 530 1719 munimentis
543 1686 696 1729 Lipsius:
720 1687 937 1720 monumentis
957 1687 991 1721 M
1008 1703 1043 1710 —
1069 1687 1102 1719 5.
1120 1687 1208 1719 domi
1222 1687 1292 1728 res]
1315 1686 1475 1719 demeres
1494 1686 1529 1719 M
1554 1704 1590 1710 —
1615 1685 1648 1719 8.
1674 1694 1784 1720 omnes
1803 1687 1969 1722 Muretus:

199 1742 304 1774 omnis
318 1743 352 1776 M
376 1760 412 1766 -
437 1745 556 1775 exsuta
578 1744 612 1776 M
635 1760 671 1766 —-
706 1743 738 1775 9.
761 1743 889 1775 nullam
905 1752 1064 1784 praesens
1086 1752 1138 1785 pr.
1162 1743 1196 1776 M
1218 1743 1325 1782 (nulla
1346 1744 1382 1775 in
1400 1751 1533 1784 presens
1553 1741 1688 1785 margo)
1713 1760 1749 1767 —
1782 1743 1836 1776 42.
1853 1744 1972 1778 dissere

199 1799 232 1832 M
259 1815 294 1822 —
320 1798 371 1833 43.
394 1799 581 1832 inminentis
602 1800 636 1833 M
659 1807 749 1833 corr.
775 1799 902 1833 eadem
923 1808 1032 1833 manu
1055 1808 1099 1832 ex
1121 1799 1312 1832 inmorientis
1335 1816 1371 1823 —
1406 1798 1459 1834 44.
1483 1799 1568 1840 non]
1590 1793 1624 1833 N
1645 1799 1691 1833 M.

199 1956 273 1986 erat
292 1953 367 1994 ipsi.
403 1954 546 1987 Sueton.
566 1954 641 1987 Tib.
659 1955 696 1987 24
716 1964 723 1987 :
746 1955 815 1997 leae
833 1964 895 1996 per
916 1955 1062 1988 consules

200 2004 291 2044 lata,
314 2007 352 2036 ut
369 2004 563 2045 provincias
584 2005 799 2038 communiter
820 2015 895 2038 cum
916 2005 1061 2047 Anqusto

1110 1959 1147 1988 at
1175 1955 1312 1988 Hercule
1333 1955 1415 1998 cet.]
1449 1954 1666 1997 frequentius
1693 1954 1761 1988 hac
1787 1955 1885 1996 gravi
1913 1963 1972 1990 as-

1111 2005 1296 2038 severandi
1332 2004 1479 2038 formula
1517 2005 1626 2037 utitur
1659 2004 1695 2037 in
1739 2004 1969 2046 orationihus,

201 2054 450 2087 admmistraret
460 2055 621 2096 simulque
631 2064 761 2088 censum
773 2059 895 2098 ayeret.
908 2074 945 2079 —
959 2059 1063 2088 osten-

199 2104 301 2146 tatur]
331 2104 437 2137 modo
467 2104 566 2144 huic,
599 2105 705 2138 modo
734 2105 781 2138 illi
804 2106 971 2139 exercitui
998 2106 1063 2138 im-

198 2154 333 2196 positus
346 2154 547 2196 imperator,
566 2155 781 2188 Germanicis
793 2156 957 2194 maxime,
974 2157 1062 2188 tam-

199 2212 307 2245 quam
330 2212 401 2236 non
424 2203 610 2245 ambiguus
632 2213 831 2238 successor.
855 2207 973 2238 Wouv.
1008 2205 1062 2238 Ad

199 2253 303 2286 huius
325 2252 426 2286 verbi
454 2262 560 2287 usum
583 2254 626 2287 ci.
651 2256 741 2288 Ann.
767 2255 798 2295 3,
824 2255 860 2287 9:
895 2259 933 2288 ut
962 2255 1062 2296 (Piso)

201 2302 315 2336 crebro
337 2311 369 2335 se
390 2303 547 2336 militibus
568 2305 799 2338 ostentavisset.
831 2305 918 2338 Hist.
943 2306 976 2345 5,
1001 2305 1061 2338 24:

201 2352 296 2386 Civili
322 2353 454 2385 veniam
481 2357 655 2387 ostentans.
679 2372 723 2378 -—
749 2354 947 2397 Postumum]
983 2356 1064 2397 post

199 2403 309 2444 patris
338 2403 492 2435 mortem
515 2404 648 2436 natum.
688 2404 829 2437 Sueton.
855 2405 973 2437 octav.
999 2405 1059 2437 65:

202 2451 345 2484 Tertium
376 2455 544 2492 nepotem,
579 2453 780 2494 Aqrippam‚
815 2454 974 2495 simulque
1008 2454 1063 2486 Ti-

200 2501 326 2534 berium
347 2501 518 2541 adoptavit
539 2502 575 2534 in
591 2503 666 2544 foro
681 2503 749 2545 lege
763 2504 906 2536 curiata.
942 2504 991 2536 Ex
1007 2504 1063 2536 in-

200 2550 310 2584 fausta
323 2550 391 2583 hac
404 2550 590 2593 adoptione
602 2553 637 2585 in
649 2561 794 2586 nummo
803 2553 1062 2586 Corinthiorum

201 2601 282 2633 ante
299 2601 374 2633 eius
387 2600 646 2635 abdicationem
659 2612 760 2636 cuso:
778 2603 951 2636 AGRIPPA
968 2603 1063 2636 CAE-

201 2650 290 2683 SAR.
314 2651 490 2684 Akerman
502 2653 528 2684 Ι.
544 2660 578 2693 p.
594 2652 668 2685 443.
680 2670 715 2676 -—
731 2653 931 2695 Planasiam]
949 2653 1063 2686 Corsi-

202 2709 264 2733 cae
294 2701 463 2740 vicinam,
497 2701 602 2734 hodie
631 2703 783 2735 Pianosa.
806 2722 851 2727 -
875 2703 1061 2744 proiecerit]

201 2749 254 2783 Ad
276 2750 368 2783 hanc
387 2751 669 2785 emendationem
686 2753 896 2786 firmandam
911 2754 1061 2786 Ritterus

203 2800 283 2841 apte
311 2799 456 2832 contulit
479 2801 517 2840 2,
548 2801 609 2834 84;
649 2803 795 2844 adeoque
823 2805 1061 2843 commoverat,

201 2852 239 2881 ut
269 2848 406 2890 signifer·
438 2850 574 2892 legionis
605 2855 718 2884 sextae
749 2853 880 2894 siynum
912 2853 957 2884 ad
989 2861 1063 2884 eum

184 2898 418 2931 ‘transtulerit
436 2898 473 2939 3,
497 2900 534 2932 24
555 2909 562 2931 :
585 2903 776 2940 tantumque
791 2901 962 2934 severitate
980 2910 1063 2942 pro-

201 2947 322 2989 fectum
344 2947 471 2990 (erat),
501 2952 601 2981 ut--
614 2950 771 2991 friderint.
807 2950 839 2990 4,
864 2951 922 2983 54ε
946 2959 1063 2991 reper-

203 3005 317 3030 cussae
337 2997 424 3030 velut
445 3007 469 3030 a
489 3002 581 3040 ter-qo
609 3009 703 3032 voces
729 3001 810 3033 adeo
838 3004 957 3032 cuncta
982 3001 1064 3032 mis-

203 3049 363 3087 cuerant,
408 3050 446 3079 ut
481 3049 644 3090 quaedam
686 3051 890 3083 munimenta
924 3050 1063 3082 Romani

204 3097 382 3129 omiserint.
428 3097 479 3130 De
501 3106 541 3130 re
565 3098 608 3131 cf.
638 3099 702 3131 Dio
724 3101 778 3139 55,
809 3100 861 3132 32.
887 3117 923 3122 -
947 3100 1064 3132 uidem

203 3155 282 3179 sane
312 3146 393 3188 cet]
429 3147 613 3180 Suetonius
635 3148 755 3181 Octav.
781 3149 841 3182 65:
880 3148 1063 3190 Agrippam

204 3195 293 3228 brevi
322 3196 361 3228 ob
389 3196 557 3238 ingenium
585 3198 753 3230 sordidum
779 3207 820 3230 ac
840 3199 938 3239 ferox
969 3198 1064 3230 abdi-

204 3245 293 3278 cavit
303 3247 507 3287 seposuitque
517 3246 725 3279 Surrentum.
742 3266 762 3271 -
777 3265 795 3272 -·
809 3248 991 3290 Agrippam
1006 3248 1064 3279 ni-

203 3294 269 3327 hilo
290 3295 563 3337 tractabiliorem,
587 3297 686 3328 immo
705 3297 740 3328 in
755 3298 822 3330 dies
837 3297 1062 3338 amentiorem,

203 3344 239 3376 in
270 3344 414 3377 insulam
446 3347 684 3387 transportavit
715 3347 899 3389 saepsitque
930 3347 1064 3387 insuper

1112 2056 1217 2088 etiam
1240 2054 1407 2097 obliquis,
1432 2056 1470 2087 ut
1492 2063 1525 2087 c.
1542 2055 1596 2087 47.
1621 2056 1657 2087 et
1670 2054 1726 2087 26.
1749 2055 1839 2087 Anu.
1855 2054 1888 2094 3,
1913 2054 1968 2088 54.

1113 2106 1197 2138 Hist.
1216 2106 1247 2145 4,
1272 2104 1326 2138 84.
1355 2106 1393 2137 ln
1409 2105 1608 2137 narratione
1623 2105 1743 2136 tamen
1757 2103 1839 2137 huic
1853 2103 1968 2145 simili,

1112 2156 1221 2197 magis
1256 2163 1340 2187 vero
1373 2155 1567 2194 rhetorica,
1607 2155 1662 2187 est
1692 2155 1781 2187 Ann.
1818 2154 1878 2194 42,
1913 2154 1968 2188 43.

1113 2204 1349 2246 «Significatur
1375 2204 1504 2237 mirum
1534 2203 1570 2236 id
1594 2203 1724 2243 videri,
1761 2211 1843 2236 cum
1865 2203 1971 2237 Tibe-

1111 2255 1182 2287 rius
1206 2263 1250 2287 ex
1271 2254 1433 2296 Vipsania
1447 2253 1634 2296 Agrippina
1657 2252 1767 2286 filium
1790 2253 1972 2287 habuisset

1111 2306 1265 2337 Drusum
1287 2304 1489 2337 Caesarem.
1524 2305 1564 2336 In
1587 2305 1620 2344 4,
1648 2304 1688 2336 47
1719 2306 1753 2336 et
1776 2304 1808 2343 4,
1831 2304 1874 2337 26
1904 2304 1970 2336 de-

1112 2355 1267 2395 signatur
1289 2363 1347 2387 res
1370 2353 1500 2386 acerba
1523 2355 1559 2386 et
1581 2352 1714 2386 odiosa.
1738 2353 1884 2395 Saepius
1907 2362 1970 2386 oc-

1111 2405 1220 2437 currit
1245 2404 1280 2436 in
1303 2403 1443 2445 Dialogo
1474 2404 1518 2436 de
1545 2403 1679 2436 Orator.
1710 2403 1789 2436 Vid.
1814 2403 1867 2436 49.
1891 2404 1969 2437 24.»

1112 2455 1218 2487 Ham).
1237 2471 1273 2476 —
1292 2454 1536 2494 Germanicum]
1559 2453 1662 2486 Drusi
1677 2454 1825 2486 Neronis
1840 2462 1884 2486 ex
1897 2454 1971 2487 An-

1110 2504 1203 2536 tonia
1234 2504 1368 2536 minore
1399 2503 1519 2536 filium.
1548 2519 1583 2525 ——
1604 2512 1667 2544 per
1693 2502 1910 2545 adoptionem]
1935 2513 1968 2536 a.

1113 2554 1188 2586 757.
1217 2571 1249 2578 -
1275 2554 1364 2595 filius
1391 2553 1527 2595 iuvenis]
1562 2553 1697 2587 Drusus
1727 2562 1770 2586 ex
1790 2552 1967 2595 Vipsania,

1109 2603 1282 2645 Agrippae
1310 2602 1398 2643 filia,
1434 2612 1465 2636 a.
1491 2603 1566 2636 739.
1598 2603 1716 2644 itaque
1745 2603 1829 2635 tunc
1849 2602 1967 2635 XVIII.

1111 2662 1223 2686 annos
1239 2655 1351 2686 natus.
1377 2654 1519 2686 Sueton.
1534 2652 1608 2686 Tib.
1623 2654 1676 2686 52.
1696 2670 1732 2676 —-
1748 2652 1968 2694 munimentis]

1111 2704 1196 2736 Hist.
1214 2702 1247 2743 4,
1272 2703 1332 2735 52:
1355 2712 1421 2735 non
1443 2703 1599 2744 legiones,
1623 2711 1689 2735 non
1703 2702 1821 2735 classes
1831 2702 1970 2743 perinde

1109 2754 1209 2794 firma
1230 2753 1361 2793 imperii
1381 2753 1585 2785 munimenta
1607 2760 1708 2793 quam
1731 2760 1905 2784 numerum
1927 2751 1971 2783 li-

1112 2803 1275 2835 berorum.
1300 2821 1343 2826 —
1365 2802 1404 2834 ob
1426 2803 1583 2835 amissum
1604 2811 1679 2835 cum
1703 2802 1858 2843 Quintilio
1883 2802 1970 2833 Varo

1109 2853 1300 2892 exercitum]
1318 2861 1349 2884 a.
1365 2852 1439 2884 762.
1457 2851 1578 2884 Vellei.
1592 2852 1624 2892 2,
1639 2852 1714 2884 447.
1733 2851 1806 2884 449.
1824 2851 1966 2884 sueton.

1113 2903 1231 2935 octav.
1247 2902 1301 2934 23.
1327 2902 1390 2934 Dio
1405 2902 1458 2941 56,
1478 2901 1615 2934 48-24.

1154 2951 1185 2984 4.
1211 2960 1312 2992 aegro
1327 2954 1357 2983 et
1367 2951 1515 2992 corpore]
1533 2951 1658 2983 «etiam
1669 2959 1775 2992 aegro
1786 2958 1968 2991 corpore.»

1112 3019 1155 3024 —
1176 3004 1345 3033 maturum
1372 3001 1479 3043 annis]
1515 3001 1597 3033 LVI.
1630 3009 1740 3034 annos
1770 3001 1903 3032 natum.
1929 3016 1966 3023 --

1110 3050 1211 3082 insita
1237 3050 1395 3083 Claudiae
1414 3051 1439 3092 f.
1463 3050 1629 3093 superbia]
1664 3050 1805 3083 Sueton.
1829 3048 1904 3081 Tib.
1927 3048 1967 3081 2:

1112 3101 1286 3132 Praeterea
1299 3099 1502 3132 notissimum
1517 3103 1578 3140 est,
1603 3100 1756 3133 Claudios
1771 3107 1880 3131 omnes
1890 3116 1910 3123 -
1920 3115 1940 3122 —
1950 3115 1971 3123 -

1113 3149 1283 3190 optimates
1314 3153 1556 3192 asser-torosque
1586 3150 1699 3182 unicos
1731 3148 1901 3189 dignitatis
1929 3157 1971 3181 ac

1107 3199 1272 3239 potentiae
1290 3199 1509 3240 patricianem
1530 3207 1656 3239 semper
1675 3197 1773 3239 fuisse
1786 3200 1886 3238 atque
1906 3198 1970 3230 ad-

1111 3257 1224 3281 versus
1246 3249 1371 3288 plebem
1399 3250 1481 3282 adeo
1507 3249 1662 3281 violentos
1690 3256 1731 3279 ac
1751 3250 1968 3288 contumaces,

1111 3301 1148 3330 ut
1168 3307 1209 3330 ne
1229 3299 1347 3339 capitis
1368 3299 1498 3341 quidem
1520 3299 1695 3340 quisquam
1715 3305 1791 3329 reus
1804 3297 1895 3339 apud
1904 3306 1970 3338 po-

1109 3347 1224 3388 pulum
1260 3351 1392 3380 mutare
1424 3351 1542 3380 vestem
1577 3349 1636 3379 aut
1666 3346 1839 3387 deprocari
1871 3347 1970 3380 stisti-

204 3394 352 3427 cuttodia
371 3394 524 3429 militum.
561 3395 612 3428 Cf.
637 3394 756 3428 Vellei.
773 3396 805 3436 2,
831 3397 892 3429 442
917 3397 1003 3429 extr.
1023 3413 1058 3420 -
1112 3397 1238 3437 num-it,
1276 3407 1342 3430 non
1373 3398 1456 3430 mali
1487 3397 1523 3429 in
1554 3396 1767 3430 altercatione
1798 3399 1829 3430 et
1859 3397 1969 3441 iurqio
