2254 3770
662 318 816 362 LIBER
847 317 915 359 III.
963 316 1063 373 Cap.
1095 315 1162 357 40.
1195 314 1262 357 Μ.
1294 314 1360 358 42.
1392 313 1459 356 43.

1876 311 1959 355 l177

171 429 383 473 Andecavi
418 441 468 471 ac
503 426 676 476 Turoni,
717 438 902 483 quorum
937 425 1187 468 Andecavos
1225 422 1383 467 Acilius
1414 419 1562 465 Aviola
1597 419 1780 478 legatus,
1821 420 1958 462 excita

170 505 344 548 cohorte
374 516 486 561 quae
514 501 707 558 Lugduni
739 494 1001 557 praesidium
1037 499 1238 557 agitabat,
1282 498 1482 542 coercuit.
1503 490 1506 491 ⁷
1529 496 1683 540 Turoni
1720 495 1955 553 legionario

170 580 316 631 milite,
347 593 477 636 quem
505 576 701 621 Visellius
731 577 878 626 Varro,
912 575 1123 618 inferioris
1155 574 1407 618 Germaniae
1437 573 1620 630 legatus,
1658 572 1849 625 miserat,
1879 585 1958 628 op-

170 655 306 713 pressi
339 652 493 696 eodem
523 651 667 695 Aviola
697 652 808 694 duce
830 657 871 694 et
892 650 1149 708 quibusdam
1169 648 1396 692 Galliarum
1423 648 1693 706 primoribus,
1726 647 1798 705 qui
1821 645 1957 689 tulere

170 730 371 774 auxilium
400 741 487 786 quo
518 726 833 770 dissimularent
863 725 1147 768 defectionem
1185 724 1406 782 magisque
1443 724 1484 766 in
1520 730 1712 781 tempore
1744 721 1990 765 efferre-ntes

170 811 386 864 spectatus
416 809 459 847 et
489 802 686 845 Sacrovir
726 801 880 844 intecto
912 801 1049 858 capite

1088 813 1273 857 pugnam
1308 813 1386 856 pro
1419 799 1616 843 Romanis
1648 799 1785 849 ciens,
1817 803 1959 841 osten—

170 880 341 929 tandae,
385 885 430 921 ut
467 878 645 926 serebat,
687 876 870 928 virtutis3
911 875 986 919 sed
1030 875 1201 932 captivi,
1243 889 1296 918 ne
1327 875 1616 918 incesseretur
1643 873 1757 923 telis,
1799 873 1960 931 adgno-

172 955 378 999 scendum
402 967 448 997 se
475 952 728 1010 praebuisse
750 951 997 1008 arguebant.
1030 949 1248 994 consultus
1269 964 1402 1007 super
1421 965 1474 993 eo
1495 950 1687 993 Tiberius
1707 955 1960 1007 aspernatus

172 1037 237 1074 est
274 1029 475 1072 indicium
513 1027 701 1085 aluitque
738 1026 1000 1070 dubitatione
1043 1025 1213 1068 bellum.
1261 1025 1342 1082 (42)
1374 1025 1542 1068 interim
1578 1025 1726 1068 Florus
1763 1025 1961 1068 insistere

172 1105 412 1155 destinatis,
454 1102 655 1161 pellicere
695 1102 805 1144 alam
842 1102 1048 1159 equitum,

1093 1114 1205 1159 quae
1246 1101 1486 1158 conscripta
1521 1115 1545 1143 e
1586 1101 1780 1143 Treveris
1815 1100 2011 1143 militiam

173 1179 483 1238 disciplinaque
514 1184 658 1221 nostra
689 1177 935 1224 habebatur,
968 1183 1013 1219 ut
1042 1176 1180 1220 caesis
1210 1175 1544 1233 negotiatoribus
1573 1176 1774 1219 Romanis
1803 1175 1960 1219 bellum

174 1255 403 1313 inciperet,
443 1253 655 1311 paucique
696 1252 888 1309 equitum
925 1252 1130 1308 corrupti,
1171 1251 1316 1308 plures
1353 1251 1395 1293 in
1431 1250 1571 1295 officio
1606 1265 1815 1295 mansere.
1861 1250 1964 1294 aliut

175 1330 326 1387 vulgus
356 1329 654 1372 obaeratorum
686 1333 758 1370 aut
787 1326 1003 1370 clientium
1033 1340 1149 1370 arma
1171 1327 1302 1383 cepit;
1333 1326 1623 1384 petebantque
1654 1326 1786 1370 saltus
1806 1326 1963 1385 quibus

176 1419 331 1448 nomen
362 1403 607 1453 Arduenna,
650 1390 747 1446 cum
784 1401 974 1459 legiones
1006 1409 1192 1460 utroque
1223 1402 1276 1445 ab
1307 1402 1514 1452 exercitu,
1557 1415 1665 1460 quas
1695 1401 1890 1447 Visellius
1922 1408 1965 1445 et

176 1481 220 1524 C.
253 1480 380 1523 Silius
411 1478 603 1522 adversis
641 1477 862 1520 itineribus
897 1477 1158 1527 obiecerant,
1200 1483 1440 1520 arcuerunt.
1485 1478 1835 1536 praemissusque
1866 1491 1962 1521 cum
1977 1487 2012 1517 45

175 1555 343 1599 delecta
381 1568 508 1597 manu
547 1553 678 1597 Iulius
718 1552 847 1595 Indus
888 1565 912 1595 e
955 1553 1122 1596 civitate
1164 1552 1335 1603 eadem,
1375 1552 1541 1596 discors
1583 1553 1706 1596 Floro
1748 1559 1790 1596 et
1826 1553 1881 1596 ob
1919 1552 1963 1595 id

176 1630 395 1674 navandae
418 1642 575 1687 operae
606 1628 782 1677 avidior,
814 1627 1073 1671 inconditam
1102 1626 1412 1670 multitudinem
1441 1627 1583 1671 adhuc
1604 1628 1784 1672 disiecit.
1815 1627 1964 1671 Florus

177 1706 346 1762 incertis
376 1704 549 1748 latebris
579 1703 763 1747 victores
795 1703 1034 1753 frustratus,
1074 1709 1308 1759 postremo,
1340 1703 1443 1746 visis
1473 1702 1676 1747 militibus
1707 1704 1779 1762 qui
1811 1703 1966 1761 effugia

170 1782 437 1832 insederant,
479 1793 558 1822 sua
595 1793 722 1822 manu
752 1778 919 1822 cecidit.
966 1778 1089 1835 isque
1120 1779 1330 1822 Treverici
1363 1778 1567 1822 tumultus
1596 1778 1705 1822 finis.
1752 1779 1833 1835 (43)
1865 1785 1966 1836 aput

238 1912 257 1954 74
268 1947 275 1955 .
301 1922 483 1954 andicavos
504 1920 539 1953 b.
558 1919 579 1952 l.
597 1921 630 1953 Μ
647 1939 681 1944 -
701 1920 731 1951 6.
746 1928 843 1952 sacro
858 1919 926 1951 uiri
943 1922 1024 1952 tecto
1040 1919 1071 1951 M
1090 1918 1218 1961 (intecto
1234 1918 1366 1961 margo)
1383 1937 1420 1942 —
1438 1920 1572 1952 romani
1594 1921 1697 1953 sciens
1712 1920 1746 1954 M
1764 1938 1800 1942 —
1819 1920 1850 1952 9.
1869 1919 1967 1951 aliut-

179 1987 242 2018 que
264 1979 295 2010 M
319 1978 480 2019 (aluitque
503 1976 635 2018 margo)
664 1994 698 1999 ο
731 1976 783 2008 40,
809 1978 998 2016 conscripta
1022 1984 1039 2008 e
1063 1976 1259 2008 Bekkerus:
1291 1976 1474 2022 conscripta}
1495 1977 1547 2016 M;
1576 1977 1763 2017 conscripta
1784 1975 1899 2017 vulgo.
1928 1993 1963 1998 —

179 2034 231 2067 49.
256 2035 355 2067 cecid.
382 2034 455 2075 (sic)
480 2034 514 2067 M
537 2033 663 2075 (cecidit
685 2033 832 2074 margo).

179 2161 211 2185 a.
236 2161 270 2185 u.
297 2153 372 2185 765.
402 2153 436 2184 in
468 2151 565 2185 fastis
589 2151 809 2194 Capitolinis:
841 2152 876 2184 C.
907 2152 1053 2184 Visellius

180 2203 215 2236 0.
239 2202 266 2244 f.
291 2202 326 2235 C.
352 2212 386 2234 n.
407 2203 533 2240 Varro;
559 2204 660 2244 pater
683 2203 718 2234 L.
737 2201 866 2234 Visellii
886 2202 1052 2234 Varronis

180 2251 335 2286 consulis
364 2261 397 2284 a.
423 2262 458 2284 u.
483 2253 559 2285 777.
590 2253 640 2285 Cf.
666 2252 706 2291 4,
733 2253 785 2284 ⁴7.
814 2270 850 2275 —-
881 2252 1050 2294 efferrent]

179 2303 430 2344 opportuniore
463 2304 623 2344 tempore
652 2304 773 2344 aperte
801 2301 1053 2343 profiterentur

181 2352 368 2394 palamque
391 2351 560 2384 facerent.
599 2352 651 2385 Cf.
677 2352 716 2391 6,
742 2354 782 2383 9:
807 2353 942 2393 efferre,
968 2360 1054 2391 quae

179 2410 290 2434 omnes
325 2402 436 2434 animo
459 2401 643 2443 aqitabant.
672 2418 707 2423 —
740 2401 952 2441 dubitatione]
981 2401 1054 2433 Ve-

181 2460 256 2483 ram
287 2451 395 2484 Taciti
424 2453 582 2483 mentem
613 2450 739 2483 melius
769 2459 876 2492 quam
904 2451 1052 2483 Ernestii

182 2501 424 2543 interpretatio
447 2501 655 2533 cunctatione
677 2499 859 2533 declarant
882 2501 1055 2543 interpre-

182 2552 235 2583 tes
252 2551 448 2583 Germanici
467 2552 503 2583 et
518 2550 653 2583 Gallici:
682 2551 963 2591 Unschlussiykeit,
991 2551 1054 2582 Un-

182 2601 476 2641 entschlossenheit‚
511 2601 740 2639 irresolution;
776 2601 933 2633 incertus
966 2600 1054 2632 hae-

182 2651 286 2684 rebat
308 2652 491 2693 princeps,
517 2652 633 2684 utrum
658 2651 855 2684 accuratius
878 2651 913 2683 iu
932 2652 1055 2683 Sacro-

183 2701 297 2733 virum
321 2701 531 2743 inquireret,
567 2710 702 2739 necne;
738 2700 921 2733 metuebat
944 2701 1052 2740 enim,

181 2759 228 2783 ne
251 2751 367 2783 virum
388 2751 485 2792 apud
507 2749 695 2793 populares
718 2758 802 2783 suos
822 2752 896 2783 tum
914 2759 1054 2783 summa

183 2801 292 2842 gratia
309 2799 500 2842 pollentem
516 2799 691 2839 laederet3
711 2808 802 2841 quae
819 2800 892 2842 ipsa
909 2800 1055 2832 fluctua-

183 2852 231 2883 tio
255 2850 338 2882 aluit
361 2852 397 2882 et
419 2850 517 2883 duxit
538 2849 670 2883 bellum
684 2876 691 2890 ‚
717 2849 811 2891 quod
835 2849 950 2892 palam
968 2859 1055 2882 con—

184 2900 276 2932 victo
300 2899 336 2931 et
358 2908 529 2942 oppresso
553 2900 735 2933 Sacroviro
758 2899 849 2932 finiri
872 2900 1022 2941 poterat.

229 2949 284 2983 42.
309 2951 496 2990 conscripta
518 2959 536 2982 e
559 2950 723 2990 Treveris]
753 2949 848 2982 unde
872 2950 966 2982 alam
982 2950 1057 2981 Tre-

184 3008 342 3032 verorum
372 3001 472 3032 vocat
494 3000 579 3033 Hist.
605 3000 638 3039 2,
664 2999 717 3032 44.
742 2999 781 3038 4,
806 3000 860 3031 55.
896 3001 934 3032 ln
957 2997 1055 3031 titulo

186 3049 354 3081 Rhenano
379 3049 445 3091 (ap.
471 3050 668 3082 Steiuerum
693 3058 727 3081 n.
753 3048 826 3089 823)
851 3048 977 3080 dicitur
999 3048 1057 3079 ala

185 3100 332 3140 equitum
349 3099 575 3131 Treverorum.
593 3116 629 3121 —
647 3099 769 3131 militia
782 3117 802 3123 -
813 3115 831 3122 -
846 3099 971 3138 nostra]
996 3098 1056 3130 His

186 3148 305 3181 verbis
330 3147 518 3190 plerosque
541 3148 723 3181 auxiliares
741 3147 962 3189 popularium
979 3156 1059 3179 suo-

187 3206 267 3230 rum
304 3199 446 3239 antiqua
481 3198 668 3230 retinuisse
706 3198 860 3230 instituta
898 3196 1057 3229 militaria

188 3246 364 3288 aliquanto
388 3249 503 3280 minus
527 3247 695 3280 adstricta
718 3255 760 3279 ac
783 3255 925 3286 severa,
951 3255 1057 3288 quam

191 3298 291 3329 erant
318 3298 490 3337 Romana,
527 3297 718 3338 significat;
749 3299 865 3328 nostra
895 3295 1059 3328 videlicet

193 3347 246 3378 est
268 3345 455 3386 ablativus,
482 3355 551 3379 non
575 3346 828 3386 nominativus,
853 3346 892 3378 ut
915 3345 970 3377 alii
986 3345 1059 3387 opi-

194 3398 335 3435 nantur,
376 3398 435 3438 qui
468 3397 649 3430 habebatur
687 3395 919 3437 (tractabatur
952 3397 1058 3436 atque

195 3446 443 3488 exercebatur)
477 3448 602 3490 putant
635 3445 831 3489 significare
859 3444 1057 3486 putabatur.

262 3508 402 3541 Tacirus
423 3509 450 3541 1.

1096 2151 1146 2184 Cf.
1173 2151 1256 2185 Bell.
1281 2151 1379 2185 Alex.
1405 2161 1436 2185 c.
1462 2152 1521 2185 46:
1560 2153 1719 2194 legionem
1740 2161 1834 2192 eam,
1866 2161 1968 2195 quam

1094 2211 1137 2234 ese
1158 2211 1277 2244 ¹qenere
1298 2202 1423 2234 civium
1444 2211 1582 2235 suorum
1595 2204 1775 2235 Deiotarus
1789 2206 1969 2235 armatura

1094 2252 1333 2292 disciplinaque
1347 2256 1462 2284 nostra
1478 2253 1689 2285 constitutam
1704 2253 1863 2291 habebat,·
1882 2254 1968 2285 item

1094 2301 1179 2334 ibid.
1206 2311 1237 2333 c.
1255 2301 1309 2334 34.
1329 2319 1365 2325 -
1392 2303 1661 2345 negotiatoribus]
1686 2304 1774 2336 Nam
1799 2303 1834 2335 hi
1858 2303 1969 2344 potis-

1094 2352 1223 2383 simum
1249 2353 1367 2392 erant,
1393 2353 1452 2393 qui
1476 2353 1572 2394 gravi
1596 2353 1717 2386 fenore
1733 2351 1968 2394 provinciales

1094 2400 1316 2443 premebant.
1345 2420 1380 2425 —
1405 2402 1492 2434 aliut
1511 2403 1640 2445 vulqus]
1666 2404 1774 2435 ceteri
1797 2403 1820 2435 i.
1840 2411 1871 2434 e.
1889 2401 1969 2434 vul-

1095 2459 1177 2492 gus,
1214 2451 1309 2492 quod
1333 2452 1488 2492 pellicere
1516 2461 1664 2486 necesse
1698 2462 1766 2485 non
1798 2452 1966 2492 habebat,

1095 2501 1174 2541 quia
1199 2500 1289 2533 ultro
1310 2503 1342 2533 ei
1366 2501 1651 2544 obtemperabat.
1672 2521 1708 2526 —
1735 2503 1969 2535 obaeratorum

1094 2553 1154 2582 aul
1175 2551 1352 2593 clientium]
1379 2552 1510 2584 Caesar
1532 2546 1570 2584 B.
1593 2553 1632 2585 G.
1653 2554 1683 2593 l,
1709 2552 1742 2593 4,
1766 2554 1804 2586 2:
1835 2554 1970 2595 Oryeto-

1093 2600 1154 2631 ria>
1168 2617 1187 2623 -
1199 2618 1219 2624 -
1233 2609 1343 2633 omnes
1365 2602 1498 2634 clientes
1512 2601 1751 2644 obaeratosque
1766 2612 1857 2643 suos,
1883 2612 1968 2645 quo-

1093 2659 1171 2681 rum
1193 2659 1354 2691 maynum
1376 2660 1551 2684 numerum
1572 2652 1729 2693 habebat,
1755 2654 1866 2686 eodem
1887 2662 1967 2686 con-

1095 2700 1204 2732 duxit.
1228 2700 1329 2733 Idem
1351 2702 1390 2733 B.
1406 2703 1444 2734 G.
1462 2702 1494 2742 7,
1513 2701 1573 2734 40:
1599 2711 1675 2735 cum
1697 2704 1764 2735 suis
1786 2704 1964 2744 clientibus,

1095 2750 1212 2790 quibus
1233 2759 1325 2782 more
1348 2751 1522 2783 Gallorum
1543 2752 1637 2792 nefas
1658 2756 1704 2785 est
1725 2754 1826 2786 etiam
1847 2754 1882 2786 in
1905 2763 1967 2786 ex-

1095 2802 1201 2831 trema
1219 2799 1356 2840 fortuna
1374 2801 1520 2833 deserere
1529 2805 1704 2841 patronos.
1722 2819 1758 2825 —
1775 2799 1965 2844 Arduenna]

1097 2850 1228 2882 Caesar
1249 2851 1288 2882 B.
1314 2852 1352 2883 G.
1378 2851 1411 2888 5,
1437 2850 1474 2883 3:
1512 2859 1598 2891 quae
1628 2851 1731 2891 (silva
1758 2853 1965 2894 Arduenna)

1093 2899 1219 2940 ingenti
1240 2900 1467 2940 magnitudine
1487 2908 1548 2940 per
1568 2902 1692 2934 medios
1710 2904 1792 2943 fines
1815 2904 1968 2935 Trevero-

1094 2957 1172 2980 rum
1205 2958 1228 2980 a
1254 2950 1390 2990 flumine
1419 2950 1526 2982 Rheno
1559 2951 1604 2982 ad
1631 2951 1763 2985 initium
1791 2954 1967 2985 Remorum

1092 2998 1244 3038 pertinet.
1277 2997 1376 3030 Idem
1400 2999 1432 3038 6,
1450 2999 1509 3031 29:
1536 3008 1623 3040 quae
1646 3001 1845 3041 (Arduenna
1868 3001 1964 3043 silva)

1097 3051 1142 3080 est
1164 3048 1262 3079 totius
1285 3048 1414 3080 Galliae
1428 3050 1582 3082 maxima
1598 3054 1696 3091 atque
1711 3052 1753 3083 ab
1768 3052 1850 3092 ripis
1866 3052 1967 3085 Rheni

1093 3097 1275 3140 finibusque
1292 3098 1509 3131 Treverorum
1531 3101 1576 3132 ad
1596 3101 1735 3133 Nervios
1753 3102 1905 3141 pertinet.
1925 3119 1962 3126 —

1099 3147 1133 3180 C.
1149 3147 1260 3189 Silius]
1277 3148 1364 3180 Vide
1381 3148 1427 3181 ad
1443 3149 1473 3189 l,
1493 3149 1545 3182 34.
1567 3168 1603 3174 -
1622 3159 1695 3182 cum
1712 3151 1834 3183 delecta
1848 3151 1965 3194 manu]

1099 3205 1180 3229 cum
1204 3197 1277 3237 ala,
1302 3198 1341 3229 ut
1355 3198 1510 3238 videtur,
1535 3200 1694 3239 Indiam,
1721 3208 1811 3240 quae
1827 3200 1966 3243 abipso

1097 3246 1182 3278 Iulia
1200 3247 1281 3278 Indo
1304 3256 1436 3280 nomen
1460 3247 1602 3281 duxisse
1624 3248 1773 3281 videtur.
1801 3250 1850 3282 Cf.
1869 3250 1967 3284 Hen-

1098 3304 1163 3327 zen
1194 3297 1320 3329 Inscrr.
1346 3298 1432 3329 Latt.
1458 3297 1525 3329 vol.
1552 3299 1614 3337 ΙΙΙ,
1639 3307 1673 3329 η.
1700 3299 1794 3330 6722.
1824 3317 1860 3324 -
1889 3301 1970 3334 visis

1097 3345 1254 3378 militibus
1281 3347 1364 3387 cet]
1397 3347 1619 3388 conspiciens
1649 3355 1773 3380 omnes
1804 3350 1915 3383 exitus
1945 3360 1967 3383 a

1099 3394 1265 3428 militibus
1293 3398 1485 3438 occupatos
1515 3404 1606 3428 esse.
1648 3396 1704 3429 Sic
1734 3397 1820 3431 Hist.
1845 3398 1877 3440 3,
1903 3400 1967 3433 62:

1097 3445 1171 3478 visa
1191 3446 1300 3478 caede.

1601 3508 1654 3554 ⁴2
