2254 3770
706 307 860 350 Lmen
889 307 953 351 lv.
999 305 1100 363 cap.
1131 305 1171 348 7.
1201 306 1242 348 8.
1273 305 1312 348 9.
1344 304 1412 348 4ο.

1868 300 1943 344 244

168 429 255 474 que
275 421 318 459 et
345 414 531 472 posteris
550 413 846 458 conformaret.
892 419 1040 470 erepto
1060 413 1200 455 Druso
1229 424 1382 468 preces
1402 409 1455 453 ad
1476 422 1554 453 vos
1575 413 1776 453 converto
1797 405 1950 464 disque

169 498 212 534 et
228 492 364 548 patria
379 503 522 533 coram
539 490 742 538 obtestor,
764 487 938 545 Augusti
958 493 1231 545 pronepotes,
1254 485 1499 530 clarissimis
1518 483 1751 528 maioribus
1772 482 1949 540 genitos,

168 565 387 622 suscipite,
429 564 580 621 regite,
621 570 806 607 vestram
844 576 1071 620 meamque
1110 562 1248 606 vicem
1285 560 1465 618 explete.
1508 559 1551 603 hi
1587 559 1726 610 vobis,
1767 559 1880 601 Nero
1911 563 1954 600 et

168 641 326 687 Druse,
367 646 594 697 parentum
632 638 741 683 loco.
783 639 840 681 ita
877 637 961 680 nati
1001 637 1103 681 estis
1140 643 1187 680 ut
1222 636 1334 680 bona
1367 635 1565 694 malaque
1601 641 1742 679 vestra
1776 633 1831 676 ad
1861 646 1954 676 rem

167 715 384 773 publicam
417 714 692 773 pertineant.»
741 714 794 770 (9)
831 726 985 770 magno
1021 725 1074 756 ea
1109 711 1212 755 fletu
1248 718 1291 755 et
1326 725 1426 754 mox
1460 709 1779 769 precationibus
1805 708 1985 751 fausfisa

168 790 335 843 audita;
365 803 417 834 ac
437 790 471 833 si
493 788 670 833 modum
689 788 867 832 orationi
887 788 1114 845 posuisset,
1146 787 1439 831 misericordia
1459 787 1524 830 sui
1546 786 1768 844 gloriaque
1788 784 1954 827 animos

169 865 430 909 audientium
461 863 727 922 impleverat:
759 862 813 906 ad
845 876 955 906 vana
974 869 1018 906 et
1045 862 1199 907 totiens
1229 862 1359 906 inrisa
1389 862 1618 911 revolutus,
1650 861 1705 905 de
1734 858 1955 904 reddenda

170 954 217 984 re
247 939 417 998 publica
446 946 579 997 utque
600 938 799 983 consules
829 952 905 982 seu
927 938 1026 996 quis
1054 937 1162 981 alius
1192 939 1382 995 regimen
1412 938 1691 995 susciperent,
1722 950 1826 980 vero
1846 949 1956 993 quo-

171 1029 256 1073 que
287 1022 328 1058 et
357 1014 536 1058 honesto
566 1013 695 1058 fidem
725 1013 921 1071 dempsit.
968 1013 1200 1057 memoriae
1233 1013 1357 1056 Drusi
1387 1012 1542 1056 eadem
1572 1026 1684 1070 quae
1714 1012 1756 1054 in
1781 1012 1956 1056 Germa-

171 1091 314 1135 nicum
342 1090 648 1140 decernuntur,
679 1088 910 1146 plerisque·
927 1088 1099 1139 additis,
1136 1095 1182 1132 ut
1210 1087 1342 1132 ferme
1374 1094 1488 1131 amat
1515 1088 1727 1146 posterior
1755 1086 2006 1131 adulatio.⁴0

171 1165 297 1209 sunus
334 1165 564 1222 imaginum
601 1178 757 1222 pompa
795 1163 977 1207 maxime
1015 1163 1192 1207 inlustre
1230 1163 1320 1214 fuit,
1361 1177 1459 1208 cum
1494 1163 1614 1220 origo
1649 1162 1783 1207 Iuliae
1820 1163 1956 1220 gentis

171 1244 354 1290 AeneaS‚
395 1254 632 1298 omnesque
670 1239 928 1283 Albanorum
969 1251 1094 1295 reges
1132 1247 1175 1282 et
1212 1238 1406 1283 conditor
1443 1238 1563 1282 urbis
1603 1238 1822 1290 Romulus,
1860 1244 1959 1296 post

172 1315 328 1360 Sabina
368 1315 582 1364 nobilitas,
625 1316 744 1358 Attus
784 1314 964 1358 Clausus
1003 1320 1261 1372 ceteraeque
1301 1313 1574 1358 Claudiorum
1614 1313 1792 1371 effigies,
1831 1313 1957 1371 longo

170 1390 321 1435 ordine
351 1397 656 1449 spectarentur.

284 1465 352 1522 (40
381 1466 426 1508 In
455 1464 662 1509 tradenda
693 1471 827 1508 morte
853 1464 993 1515 Drusi,
1023 1478 1135 1522 quae
1165 1464 1360 1522 plurimis
1387 1465 1658 1523 maximeque
1686 1464 1783 1508 fidis
1813 1470 2009 1508 aucto-⁴5

173 1541 291 1584 ribus
311 1547 545 1585 memorata
571 1546 680 1592 sunt,
712 1539 872 1583 rettuli:
906 1547 971 1583 set
1000 1553 1084 1583 non
1105 1540 1324 1583 omiserim
1353 1540 1591 1584 eorundem
1618 1547 1859 1598 temporum
1887 1554 1960 1583 ru-

171 1630 353 1667 morem,
392 1615 579 1660 validum
615 1614 725 1659 adeo
764 1621 811 1657 ut
846 1614 1035 1659 nondum
1071 1615 1298 1659 exolescat.
1348 1622 1549 1673 corrupta
1583 1615 1638 1659 ad
1672 1615 1815 1660 scelus
1844 1616 1960 1659 Livia

174 1692 376 1736 Seianum
404 1691 539 1750 Lygdi
560 1705 734 1749 quoque
766 1690 969 1748 spadonis
999 1691 1187 1733 animum
1217 1698 1364 1748 stupro
1387 1691 1585 1741 vinxisse,
1618 1691 1735 1749 quod
1764 1691 1801 1735 is
1832 1691 1961 1750 [Lyg-

174 1767 271 1824 dus]
304 1773 441 1811 aetate
471 1773 600 1824 atque
629 1766 764 1809 forma
793 1779 919 1810 carus
945 1765 1118 1810 domino
1147 1766 1344 1823 interque
1372 1766 1583 1823 primores
1612 1767 1827 1810 ministros
1849 1774 1959 1819 erat3

174 1841 331 1887 deinde
369 1842 478 1885 inter
508 1841 705 1885 conscios
741 1839 816 1884 ubi
855 1840 976 1885 locus
1014 1841 1205 1886 veneficii
1238 1847 1494 1900 tempusque
1523 1842 1744 1900 conposita
1774 1842 1874 1893 sint,
1908 1856 1960 1886 eo
1974 1848 2011 1880 20

173 1917 380 1962 audaciae
408 1924 659 1974 provectum
688 1923 734 1958 ut
761 1923 947 1959 verteret
966 1924 1008 1960 et
1037 1916 1203 1961 occulto
1233 1916 1391 1960 indicio
1412 1918 1601 1961 Drusum
1629 1918 1782 1961 veneni
1813 1918 1854 1960 in
1884 1932 1961 1975 pa-

173 2000 280 2037 trem
309 2005 494 2049 arguens
523 1998 718 2035 moneret
747 1989 960 2034 Tiberium
990 1991 1204 2035 vitandam
1234 1993 1452 2050 potionem
1481 2007 1594 2050 quae
1623 1993 1760 2050 prima
1790 1994 1830 2037 ei
1860 2001 1961 2051 aput

216 2115 247 2147 4.
271 2114 483 2156 confirmaret
496 2113 645 2155 Lipsius.
666 2130 700 2136 —
718 2113 751 2145 5.
766 2110 975 2154 §nationibus
996 2112 1030 2144 M
1048 2128 1083 2133 —
1103 2111 1134 2144 8.
1150 2112 1349 2152 susciperint
1361 2120 1416 2154 pr.
1434 2113 1468 2145 Μ
1486 2129 1523 2135 -
1550 2113 1603 2145 40.
1621 2113 1842 2146 decernantur
1855 2122 1910 2156 pr.
1926 2115 1961 2148 M

173 2188 208 2195 —
229 2171 282 2204 44.
298 2171 449 2216 ntaaet'mgi
462 2171 495 2204 M
511 2187 547 2193 -
567 2170 621 2203 42.
639 2167 771 2210 orsusque
784 2170 819 2203 M
835 2186 871 2192 —
891 2170 945 2202 43.
963 2171 1054 2201 attus
1068 2168 1200 2200 clausus
1213 2169 1264 2201 M:
1280 2168 1405 2210 Appius
1419 2169 1578 2202 Claudius
1593 2177 1728 2211 margo.
1741 2187 1776 2193 —
1796 2173 1961 2203 caeterae-

171 2236 234 2268 que
248 2228 282 2261 M
299 2244 334 2250 —
353 2228 406 2260 45.
422 2226 515 2268 fldeis
529 2227 563 2260 M
581 2244 617 2250 —
636 2226 689 2259 46.
714 2226 813 2259 retuli
828 2226 862 2260 M
881 2243 916 2249 —
935 2225 988 2258 48.
1007 2225 1094 2266 lycdi
1110 2225 1144 2259 M
1159 2242 1195 2248 --
1220 2225 1250 2257 is
1270 2225 1388 2267 lyydus
1412 2225 1458 2267 (h.
1477 2225 1564 2267 l.sic)
1589 2229 1698 2259 aetate
1712 2227 1756 2261 M.
1778 2226 1960 2260 Glossema

172 2282 446 2325 expungendum
467 2282 554 2316 vidit
575 2283 768 2316 Ernestius.
806 2281 856 2315 Cf.
886 2282 939 2323 42,
964 2281 1018 2315 49.
1046 2300 1082 2305 —
1105 2281 1159 2315 20.
1184 2281 1272 2314 locos
1294 2290 1349 2324 pr.
1366 2282 1400 2316 M
1425 2300 1462 2306 —
1487 2283 1542 2315 2⁴.
1567 2283 1709 2315 audacie
1731 2283 1763 2316 Μ
1790 2299 1825 2305 -
1851 2283 1905 2315 22.
1931 2282 1960 2315 el

172 2338 377 2372 Rhenanus:
402 2341 433 2371 et
454 2339 499 2372 M.

173 2440 247 2472 tem
268 2439 359 2471 teste
382 2437 494 2471 Dione
509 2438 564 2477 56,
582 2437 619 2470 34
636 2447 644 2470 :
665 2433 915 2480 Ἐκαθέζοντο
936 2436 978 2483 δὲ
1001 2438 1042 2470 οἱ

172 2487 244 2531 μὲν
274 2485 428 2528 πολλοὶ,
462 2480 516 2529 ὥς
539 2496 613 2521 που
636 2481 799 2529 ἕκαστος
822 2485 965 2529 εἰώθει,
1002 2488 1043 2520 οἱ

172 2536 204 2570 δ’
235 2532 374 2571 ὕπατοι
403 2533 507 2569 κάτω
536 2535 577 2570 ἐν
603 2540 684 2579 τοῖς
708 2535 891 2586 βάθροις,
925 2535 947 2571 ὃ
968 2538 1041 2582 μὲν

172 2586 224 2633 τῷ
250 2586 326 2621 τῶν
348 2585 591 2635 στρατηγῶν,
616 2582 638 2620 ὅ
661 2586 702 2621 δὲ
723 2587 800 2621 τῶν
817 2587 1038 2636 δημάρχων.

176 2657 212 2663 -
231 2638 358 2671 solacia
379 2647 396 2671 e
418 2639 594 2680 complexu
613 2640 664 2673 rei
678 2639 834 2681 publicae
849 2640 902 2683 μ]
926 2642 1040 2682 imago

171 2689 365 2722 rhetorica:
402 2697 441 2722 se
475 2687 643 2722 maluisse
677 2689 711 2722 in
742 2690 968 2733 complexum
989 2691 1042 2724 rei

172 2737 335 2782 publicae
358 2746 484 2778 ruere,
508 2737 605 2771 velut
627 2739 767 2780 matris,
793 2742 899 2782 atque
923 2739 973 2773 ibi
994 2739 1043 2773 le-

171 2789 378 2821 vamentum
401 2786 531 2820 doloris
554 2796 745 2830 quaerere;
778 2790 854 2823 sine
876 2790 1040 2832 imagine,

174 2845 213 2871 se
238 2838 361 2879 petere
386 2836 551 2870 maluisse
574 2836 704 2871 solacia
727 2847 873 2881 operam
896 2840 1043 2881 negotiis

174 2885 324 2929 publicis
360 2887 505 2920 strenue
539 2886 668 2920 dando.
708 2906 745 2911 —
786 2889 904 2922 rudem
936 2889 1044 2921 adhuc

172 2936 339 2978 nepotum]
363 2935 437 2969 scil.
471 2938 643 2978 aetatem,
672 2938 833 2972 teneram
855 2940 1042 2981 pueritiam

174 2994 296 3020 rerum
317 2986 529 3028 imperitam.
561 2986 613 3019 Cf.
637 2987 676 3027 2,
700 2987 755 3021 84.
781 2988 819 3027 6,
844 2987 899 3021 46.
926 3006 962 3012 -
987 2991 1044 3021 at-

176 3034 313 3076 tolleret]
338 3034 390 3067 cf.
415 3034 447 3075 3,
472 3035 534 3067 72:
559 3044 635 3068 cum
656 3037 789 3069 Iunium
809 3037 965 3070 Blaesum
979 3038 1043 3070 tri-

175 3085 287 3126 umphi
304 3083 487 3125 insignibus
500 3085 675 3118 attolleret.
699 3086 784 3118 Hist.
803 3086 836 3127 4,
854 3086 915 3119 59:
938 3087 1045 3120 inter-

176 3135 332 3176 fectorem
350 3133 493 3166 Voculae
508 3133 585 3166 altis
599 3134 787 3174 ordinibus,
812 3138 935 3168 ceteros
943 3144 1044 3176 prae-

176 3183 254 3215 miis
273 3181 404 3215 attollit.
426 3199 461 3205 —-
486 3183 719 3224 conformaret]
743 3183 836 3216 bene
857 3184 1043 3218 educando

178 3231 346 3265 redderet
380 3230 503 3273 dignos
537 3239 596 3272 se,
631 3233 776 3274 patruo,
814 3235 848 3265 et
877 3233 1045 3268 honestos

179 3282 330 3324 posteris
348 3282 454 3324 atque
470 3280 584 3315 utiles.
604 3299 638 3304 —
667 3282 753 3315 Nero
769 3285 801 3315 et
814 3283 933 3326 Druse]
949 3284 1045 3316 Duos

181 3331 364 3365 dumtaxat
385 3334 470 3365 natu
492 3333 645 3365 maiores
667 3333 806 3365 senatui
819 3333 1046 3366 commenda-

182 3379 232 3412 vit
251 3381 341 3414 teste
364 3381 470 3414 etiam
493 3381 658 3414 Suetonio
681 3380 756 3414 Tib.
774 3380 835 3422 54,
860 3381 1045 3415 minimum

185 3428 268 3464 natu
288 3437 361 3463 non
381 3431 485 3469 item3
509 3439 627 3474 neque
651 3431 746 3465 enim
762 3432 846 3465 tunc
860 3431 1044 3474 probabile

1091 2438 1167 2471 erat
1189 2437 1314 2469 Gaium
1336 2444 1509 2479 umquam
1531 2438 1787 2479 perventurum
1810 2446 1890 2471 esse
1914 2437 1959 2470 ad

1089 2487 1336 2530 principatum.

1134 2538 1165 2571 9.
1190 2538 1304 2571 eadem
1327 2546 1412 2578 quae
1432 2538 1469 2570 in
1492 2537 1736 2579 Germanicmn]
1767 2537 1818 2571 Cf.
1844 2539 1878 2579 2,
1902 2538 1956 2572 83.

1090 2590 1238 2622 Senatus
1278 2586 1426 2620 consulti
1463 2587 1499 2620 in
1532 2588 1637 2621 Drusi
1670 2587 1845 2621 honorem
1876 2588 1959 2622 facti

1091 2638 1286 2679 fragmenta
1319 2636 1398 2669 vide
1426 2636 1555 2670 Inscrr.
1587 2637 1675 2670 Latt.
1708 2636 1791 2679 (vol.
1816 2638 1872 2670 111.
1900 2638 1955 2671 ed.

1091 2688 1236 2721 Henzen
1258 2695 1293 2729 p.
1320 2686 1379 2728 63)
1411 2696 1447 2719 n.
1472 2687 1569 2720 5384.
1600 2706 1635 2713 -
1662 2687 1844 2730 plerisque]
1874 2697 1958 2731 per-

1092 2737 1221 2771 multis.
1248 2736 1298 2770 Cf.
1323 2736 1355 2777 3,
1379 2737 1417 2769 l:
1436 2737 1588 2778 plerique
1609 2737 1780 2771 militares.
1803 2756 1837 2762 —
1864 2739 1959 2780 origo

1090 2789 1195 2822 Iuliae
1216 2797 1250 2829 9.
1275 2786 1412 2828 Aeneas]
1442 2786 1493 2820 Cf.
1518 2787 1646 2829 Vergil.
1670 2790 1758 2822 Aen.
1785 2789 1845 2828 42,
1870 2789 1955 2822 468;

1091 2838 1175 2870 Hinc
1193 2839 1293 2878 pater
1313 2836 1439 2869 Aeneas
1459 2837 1629 2869 Romanae
1650 2838 1764 2879 stirpis
1786 2839 1891 2879 origo.
1918 2855 1954 2861 —

1091 2888 1219 2921 Sabina
1233 2884 1400 2926 nobilitas]
1416 2887 1590 2919 artissime
1612 2887 1717 2929 iunge
1742 2896 1823 2921 cum
1839 2888 1957 2921 verbis

1090 2938 1185 2971 Attus
1206 2937 1362 2975 Clausus;
1387 2936 1575 2978 opponitur
1597 2945 1639 2969 ea
1660 2937 1765 2970 Iuliae
1778 2938 1879 2980 genti.
1905 2937 1956 2971 Cf.

1092 2988 1165 3020 Liv.
1189 2987 1229 3027 2,
1256 2987 1297 3019 46
1317 2995 1347 3018 a.
1366 2994 1402 3019 u.
1420 2995 1452 3019 c.
1469 2986 1545 3020 250.
1569 2988 1670 3021 Attus
1686 2987 1846 3028 Clausus,
1864 2986 1959 3030 apud

1091 3039 1268 3071 Romanos
1305 3036 1437 3079 Appius
1475 3035 1657 3077 Claudius,
1697 3037 1845 3070 Sabinus
1876 3046 1959 3071 cum

1092 3095 1221 3128 magno
1249 3094 1399 3119 numero
1422 3084 1600 3119 clientium
1623 3088 1770 3120 Romam
1794 3087 1958 3129 confugit,

1093 3138 1169 3179 ipse
1203 3136 1238 3168 in
1264 3137 1384 3178 patres
1413 3135 1578 3177 allectus,
1612 3138 1739 3170 ceteris
1768 3145 1851 3170 cum
1874 3147 1959 3180 agro

1093 3189 1189 3220 trans
1222 3186 1395 3219 Anienem
1430 3187 1550 3219 civitas
1584 3187 1664 3219 data
1700 3189 1755 3219 est
1785 3188 1820 3219 et
1846 3187 1959 3222 tribus

1095 3234 1248 3269 Claudia.
1275 3235 1326 3268 Cf.
1352 3236 1405 3276 44,
1430 3235 1484 3269 24.
1504 3237 1564 3275 42,
1589 3237 1643 3268 25.
1669 3237 1811 3268 sueton.
1831 3235 1905 3269 Tib.
1925 3238 1958 3270 4.

1139 3286 1192 3319 40.
1205 3285 1363 3327 vinoeisse]
1375 3294 1441 3328 pro
1453 3286 1638 3318 devinoeisse
1651 3285 1715 3326 (⁴2,
1726 3285 1792 3327 64),
1806 3287 1885 3326 ute,
1895 3286 1954 3321 45:

1091 3337 1191 3376 pacto
1199 3335 1411 3368 matrimonio
1419 3335 1556 3367 vincire.
1570 3351 1605 3357 —
1615 3337 1653 3366 ut
1659 3334 1808 3377 verteret]
1821 3334 1960 3370 ahsolu-

1094 3385 1148 3424 te,
1171 3385 1234 3417 «ut
1246 3385 1364 3426 partes
1387 3385 1571 3417 noxiorum
1582 3383 1850 3427 innocentisque
1864 3393 1961 3419 com-

1094 3433 1291 3474 mutaret»,
1315 3441 1352 3466 er
1366 3433 1419 3467 die
1432 3432 1537 3465 sache
1549 3431 1728 3466 umkehrte.
1757 3449 1792 3457 -
1813 3433 1952 3474 occulto]
