2254 3770
739 257 894 303 LmER
922 260 1009 303 ΧΠ.4
1049 259 1148 318 cap.
1179 259 1246 304 47.
1277 260 1343 305 48.
1374 257 1442 305 49.
1897 258 1980 305 375

201 366 324 424 perio
355 366 562 417 habitum,
599 365 756 424 probra
791 375 843 410 ac
881 365 1060 410 verbera
1098 365 1340 410 intentabat.
1387 373 1429 410 et
1456 373 1578 410 erant
1606 380 1631 410 e
1663 367 1874 411 contrario
1905 367 1978 424 qui

201 447 357 486 tantam
399 441 590 485 fortunae
630 440 1001 485 commutationem
1043 440 1359 485 miserarentur.
1413 448 1648 499 secutaque
1693 455 1791 486 cum
1836 441 1978 499 parvis

199 515 345 560 liberis
375 516 529 560 coniux
557 522 709 560 cuncta
735 515 1032 559 lamentatione
1063 514 1315 573 complebat.
1353 516 1534 560 diversis
1564 523 1608 560 et
1635 516 1840 560 contectis
1860 514 1979 559 vehi—

198 589 306 634 culis
334 590 565 642 abduntur,
597 590 700 634 dum
729 589 1026 634 Pharasmanis
1056 590 1172 634 iussa
1203 591 1540 648 exquirerentur.
1583 589 1640 633 illi
1671 590 1828 648 cupido
1858 591 1977 647 regni

196 665 324 710 fratre
343 672 386 708 et
413 665 499 709 filia
518 665 675 723 potior,
707 665 960 722 animusque
982 664 1217 709 sceleribus
1242 671 1428 722 paratus.
1460 665 1569 708 visui
1590 671 1729 709 tamen
1752 663 1975 716 consuluit,
1990 675 2010 705 5

195 753 251 784 ne
280 753 424 784 coram
465 740 732 784 interficeret.
778 746 820 783 et
849 739 1136 790 Radamistus,
1179 740 1301 797 quasi
1332 740 1436 782 iuris
1466 739 1634 782 iurandi
1664 753 1852 790 memor,
1893 749 1978 783 non

194 814 370 866 ferrum,
411 829 496 859 non
534 829 745 859 venenum
786 815 828 857 in
858 828 1052 858 sororem
1081 820 1124 858 et
1152 820 1351 872 patruum
1380 815 1611 870 expromit,
1655 814 1732 858 sed
1762 814 1977 871 proiectos

194 890 236 933 in
266 889 440 933 humum
470 896 513 933 et
531 897 650 933 veste
679 889 809 933 multa
835 889 1038 947 gravique
1063 896 1237 946 opertos
1257 896 1392 933 necat.
1423 888 1498 931 filii
1519 903 1694 948 quoque
1715 888 1974 940 Mithridatis,

194 965 310 1024 quod
331 964 537 1009 caedibus
566 972 791 1023 parentum
811 964 1178 1014 illacrimaverant,
1211 963 1407 1007 trucidati
1427 971 1535 1006 sunt.
1569 964 1650 1020 (48)
1672 970 1713 1007 at
1733 963 1976 1016 Quadratus

193 1053 459 1098 cognoscens
496 1039 708 1097 proditum
746 1038 1013 1082 Mithridaten
1044 1043 1086 1082 et
1115 1052 1294 1095 regnum
1324 1038 1377 1082 ab
1410 1038 1749 1082 interfectoribus
1779 1039 1973 1096 optineri,
1989 1051 2025 1081 to

193 1123 316 1162 vocat
351 1114 595 1166 consilium,
639 1114 767 1158 docet
800 1119 894 1157 acta
923 1119 966 1156 et
993 1127 1046 1156 an
1078 1112 1354 1157 ulcisceretur
1383 1113 1606 1158 consultat.
1652 1113 1801 1169 paucis
1841 1112 1975 1157 decus

191 1191 411 1250 publicum
441 1203 591 1242 curae;
623 1189 768 1247 plures
799 1195 885 1232 tuta
916 1188 1141 1231 disserunt.
1185 1201 1309 1231 omne
1341 1188 1482 1232 scelus
1512 1195 1737 1232 externum
1765 1201 1862 1231 cum
1886 1187 1976 1232 lae-

191 1266 282 1310 titia
310 1265 572 1317 habendum,
603 1264 767 1308 semina
797 1264 923 1307 etiam
953 1263 1148 1306 odiorum
1179 1262 1392 1314 iacienda,
1426 1271 1471 1306 ut
1500 1276 1631 1320 saepe
1653 1263 1871 1320 principes
1891 1264 1974 1306 Ro—

190 1342 302 1385 mani
333 1339 515 1385 eandem
543 1339 784 1383 Armeniam
812 1338 959 1397 specie
993 1337 1226 1395 largitionis
1255 1337 1476 1382 turbandis
1507 1337 1787 1382 barbarorum
1821 1338 1973 1381 animis

189 1415 475 1474 praebuerint.
526 1421 745 1473 poteretur
789 1413 1056 1457 Radamistus
1087 1411 1197 1456 male
1238 1413 1389 1471 partis,
1437 1413 1539 1456 dum
1577 1413 1751 1465 invisus,
1794 1413 1971 1465 infamis,
1986 1425 2024 1456 ⁴5

191 1491 364 1549 quando
396 1490 439 1534 id
469 1490 603 1548 magis
634 1503 687 1534 ex
715 1503 798 1532 usu
828 1502 957 1547 quam
987 1488 1021 1531 si
1053 1502 1151 1532 cum
1180 1488 1313 1545 gloria
1334 1488 1514 1546 adeptus
1533 1488 1652 1532 soret.
1684 1489 1724 1531 in
1744 1488 1855 1532 hanc
1874 1502 1973 1532 sen·
2002 1531 2005 1539 ⁴

190 1569 363 1611 tentiam
402 1566 517 1609 itum.
564 1579 618 1609 ne
655 1571 794 1608 tamen
835 1564 1037 1608 adnuisse
1067 1563 1239 1607 facinori
1270 1563 1516 1607 viderentur
1544 1571 1587 1607 et
1615 1563 1786 1607 diversa
1816 1564 1973 1608 Caesar

111 1637 128 1649 ”
191 1642 377 1692 iuberet,
417 1641 534 1684 missi
575 1640 629 1684 ad
659 1639 973 1684 Pharasmanen
1003 1640 1135 1683 nuntii
1167 1646 1212 1682 ut
1240 1639 1497 1683 abscederet
1525 1653 1551 1683 a
1578 1638 1734 1682 finibus
1763 1640 1971 1683 Armeniis

194 1716 418 1775 filiumque
447 1715 722 1760 abstraheret.
765 1715 845 1772 (49)
877 1722 967 1759 erat
987 1715 1283 1774 Cappadociae
1306 1711 1564 1772 'procurator
1582 1714 1711 1758 Iulius
1731 1714 1969 1772 Paelignus,

194 1792 362 1850 ignavia
405 1792 532 1835 animi
578 1798 620 1835 et
657 1791 892 1835 deridiculo
932 1791 1125 1848 corporis
1162 1791 1276 1834 iuxta
1311 1789 1632 1848 despiciendus,
1678 1790 1754 1834 sed
1795 1789 2021 1835 Claudioao

188 1854 398 1926 perquam
437 1866 672 1918 familiaris,
720 1881 817 1910 cum
854 1853 1044 1924 privatus
1087 1865 1186 1909 olim
1226 1865 1547 1910 conversatione
1582 1879 1826 1910 scurrarum
1855 1866 1970 1910 iners

187 1942 320 1986 otium
350 1941 594 1986 oblectaret.
638 1942 674 1985 is
696 1940 953 2000 [Paelignus]
977 1941 1140 1984 auxiliis
1161 1941 1482 1999 provincialium
1505 1942 1731 1986 contractis
1751 1942 1969 2000 tamquam

186 2023 516 2075 recuperaturus
536 2016 793 2067 Armeniam,
828 2017 930 2060 dum
959 2017 1100 2061 socios
1130 2017 1264 2075 magis
1282 2030 1411 2075 quam
1432 2017 1575 2060 hostes
1595 2016 1838 2074 praedatur,
1870 2017 1969 2061 abs-

185 2106 313 2136 cessu
348 2105 524 2135 suorum
561 2098 603 2135 et
633 2091 946 2135 incursantibus
975 2091 1170 2136 barbaris
1200 2092 1404 2149 praesidii
1435 2106 1566 2150 egens
1595 2091 1650 2135 ad
1679 2091 1967 2136 Radamistum

185 2167 321 2219 venit;
365 2156 582 2224 donisque
613 2166 706 2210 eius
744 2167 906 2210 evictus
946 2166 1056 2210 ultro
1096 2168 1261 2224 regium
1299 2167 1462 2224 insigne
1501 2181 1672 2211 sumere
1710 2167 2016 2220 cohortatur,2⁵

251 2294 282 2325 4.
307 2302 326 2326 e
346 2293 516 2325 contrario
539 2293 715 2325 Baiterus:
741 2301 759 2324 e
780 2295 898 2324 contra
920 2294 974 2332 M3
999 2296 1116 2325 contra
1138 2292 1255 2335 vulgo.
1282 2293 1332 2327 Cf.
1357 2294 1444 2326 Hist.
1471 2295 1502 2334 i,
1527 2294 1587 2327 88:
1611 2303 1670 2326 nec
1692 2295 1829 2327 deerant
1848 2304 1867 2328 e
1887 2303 1968 2328 con-

185 2350 294 2382 trario
316 2349 374 2389 qui
395 2350 462 2382 cet.
489 2349 539 2381 De
563 2347 686 2381 litteris
709 2347 871 2381 finalibus
894 2349 928 2381 in
953 2349 1075 2382 codice
1094 2350 1233 2383 omissis
1250 2350 1330 2382 vide
1354 2358 1427 2382 var.
1446 2349 1526 2382 lect.
1544 2349 1588 2382 ad
1611 2359 1646 2392 p.
1665 2350 1739 2390 333,
1759 2350 1811 2383 46.
1836 2360 1871 2392 p.
1889 2351 1966 2391 374,

187 2405 239 2438 ⁴0.
264 2413 298 2447 p.
317 2405 392 2444 377,
419 2404 471 2436 46.
497 2404 572 2444 386,
598 2404 629 2436 7.
650 2422 686 2427 —-
711 2404 743 2437 4.
768 2405 973 2446 farasmanis
996 2406 1027 2438 M
1052 2424 1094 2429 —
1119 2406 1150 2438 6.
1175 2406 1228 2438 ius
1249 2406 1384 2437 iurandi
1407 2406 1441 2439 M
1466 2423 1499 2429 —
1529 2406 1580 2438 42.
1606 2415 1700 2439 omne
1721 2406 1873 2448 Lipsius:
1901 2405 1970 2439 oms

185 2461 219 2494 M
245 2478 280 2484 -
306 2461 359 2493 43.
383 2461 570 2493 modiorum
591 2469 645 2502 pr.
670 2461 703 2494 M
729 2479 764 2485 -
796 2462 848 2493 46.
873 2462 1011 2503 adeptus
1033 2463 1084 2495 M:
1111 2463 1263 2503 depulsus
1283 2462 1498 2505 Nipperdey.
1526 2479 1561 2485 —
1591 2463 1645 2496 48.
1668 2462 1868 2504 faramanen
1892 2463 1964 2505 (sic)

185 2515 220 2550 M
244 2534 280 2540 —
306 2516 359 2549 ⁴9.
383 2516 557 2558 Paeliynus
584 2525 666 2549 nos:
692 2518 846 2559 pelignus
875 2518 926 2555 M;
957 2519 1041 2550 item
1065 2527 1098 2551 v.
1115 2518 1157 2551 22
1182 2520 1217 2551 et
1238 2527 1270 2561 p.
1298 2518 1373 2559 376,
1391 2519 1423 2550 2.
1454 2517 1543 2551 Vide
1567 2518 1741 2552 Halmium
1764 2519 1810 2551 ad
1834 2519 1905 2552 Cic.
1930 2520 1966 2553 in

184 2571 297 2604 Vatin.
322 2571 342 2614 S
366 2571 407 2605 36
432 2572 477 2614 (p.
503 2571 588 2614 999).
618 2590 653 2595 -
686 2573 740 2605 20.
765 2573 903 2615 ignavia
926 2575 1099 2607 Muretus:
1133 2575 1250 2616 ignaui
1273 2575 1306 2608 Μ
1334 2591 1379 2598 ——
1406 2574 1493 2606 iusta
1516 2574 1550 2607 M
1575 2593 1611 2599 -
1636 2575 1690 2607 2⁴.
1710 2575 1867 2616 privatus
1888 2575 1966 2608 olim

183 2628 427 2661 conversatione
447 2636 645 2660 scurrarum
662 2629 818 2670 Lipsius:
836 2630 985 2670 priuatis
1002 2630 1074 2672 (sic)
1091 2630 1169 2662 olim
1190 2631 1453 2664 conuersationes
1467 2633 1604 2663 curaret
1617 2631 1651 2664 M
1668 2648 1703 2654 —
1722 2632 1776 2664 22.
1793 2632 1966 2674 Paelignus

184 2682 313 2716 delevit
334 2683 605 2716 Freinshemius.
636 2683 687 2716 Cf.
712 2684 751 2724 4,
777 2685 828 2717 ⁴0.
858 2702 894 2708 -
920 2688 1081 2726 tanquam
1103 2686 1148 2720 M.

184 2789 337 2822 Catenae
360 2788 523 2822 manibus
546 2789 675 2822 inditae
692 2791 790 2830 sunt,
815 2790 851 2822 in
867 2799 937 2832 quo
955 2790 1047 2823 malo

183 2838 318 2872 nullum
348 2841 468 2876 tamen
499 2839 676 2880 dedecus,
713 2840 793 2881 quia
816 2839 955 2873 solitum
978 2841 1047 2873 hoc

184 2890 279 2928 erat,
304 2888 364 2922 ubi
387 2890 561 2931 quispiam
579 2889 961 2932 comprehenderetur;
988 2891 1048 2923 de-

184 2939 294 2972 decus
318 2940 440 2971 contra
463 2940 499 2972 in
521 2940 716 2981 compede,
749 2948 819 2980 quo
841 2948 904 2972 rex
927 2941 1048 2973 trahe-

183 2988 305 3028 batur,
330 2997 400 3021 non
423 2989 499 3022 sine
522 2988 683 3022 violentia
707 2989 915 3022 ducebatur.
940 2989 1049 3023 Abla-

184 3040 295 3072 tivum
329 3041 448 3071 autem
481 3047 577 3071 num.
614 3039 700 3080 sing.
733 3040 884 3079 compede
915 3039 1048 3072 habent

185 3089 290 3122 etiam
314 3089 432 3121 Horat.
458 3088 497 3120 C.
522 3088 554 3128 4,
581 3089 635 3128 Μ,
658 3088 712 3121 23.
739 3089 847 3131 Epod.
867 3089 899 3129 4,
917 3089 948 3122 4.
976 3090 1048 3123 Co-

184 3138 268 3171 lum.
293 3138 326 3178 8,
351 3138 383 3170 2.
408 3139 527 3170 luven.
554 3139 607 3177 Η,
625 3138 678 3171 80.
706 3155 742 3162 -
765 3139 892 3179 probra
914 3148 955 3171 ac
975 3149 1048 3172 ver-

184 3187 264 3220 bera
283 3187 476 3230 intentabat]
502 3187 557 3220 Sic
578 3187 662 3220 nist.
681 3187 713 3227 3,
731 3188 767 3220 34
784 3197 791 3219 z
817 3191 848 3220 et
866 3189 976 3229 primo
991 3190 1047 3221 in-

183 3237 340 3280 gerebant
363 3237 512 3278 probra,
544 3237 749 3270 intentabant
778 3238 872 3270 ictus.
903 3255 936 3261 -—
962 3240 1047 3272 visui

183 3290 294 3320 tamen
324 3286 501 3328 consuluit]
532 3295 599 3319 nec
627 3286 748 3319 videre
780 3296 903 3320 necem
929 3297 1046 3330 neque

1140 2790 1193 2824 48.
1219 2799 1314 2823 omne
1335 2791 1448 2833 scelus]
1482 2790 1758 2833 qualecumque,
1790 2791 1845 2825 vel
1868 2793 1964 2826 atro-

1098 2841 1332 2873 cissimum.—
1344 2843 1469 2873 semina
1480 2858 1499 2864 -
1507 2858 1525 2864 —
1536 2841 1700 2883 iacienda]
1716 2842 1873 2874 Eandem
1888 2842 1962 2875 fere

1097 2890 1307 2922 sententiam
1330 2890 1468 2923 Tacitus
1491 2891 1566 2932 ipse
1591 2891 1749 2924 enuntiat
1771 2892 1888 2924 Germ.
1905 2891 1959 2924 33.

1097 2941 1201 2973 Bacn.

1140 2990 1192 3023 49.
1212 2999 1287 3022 cnm
1305 2990 1458 3031 privatus
1473 2991 1551 3023 olim
1566 2991 1648 3033 cet.]
1673 2993 1815 3025 sueton.
1836 2991 1956 3026 Claud.

1097 3041 1135 3072 5:
1163 3040 1243 3071 Tum
1257 3040 1386 3072 demmn
1400 3040 1528 3073 abiecta
1542 3050 1598 3082 spe
1614 3042 1784 3083 atynicatis
1799 3042 1843 3074 ad
1857 3043 1961 3076 otium

1095 3090 1268 3130 concessit,
1293 3090 1390 3122 modo
1411 3091 1447 3122 i'n
1468 3091 1571 3123 hortis
1592 3094 1624 3123 et
1644 3091 1835 3123 suburbana
1850 3092 1958 3134 domo,

1095 3139 1191 3170 modo
1214 3139 1249 3171 in
1272 3139 1475 3180 Campaniae
1497 3149 1620 3173 secessu
1634 3141 1836 3181 delitescens,
1861 3145 1961 3182 atque

1095 3197 1140 3222 ero
1164 3190 1374 3223 contubernio
1399 3191 1697 3224 sordidissimorum
1718 3190 1888 3223 'tantinum
1901 3200 1959 3224 su-

1092 3247 1154 3280 per
1174 3242 1315 3273 veterem
1335 3242 1494 3283 seqnitiae
1516 3245 1629 3273 notam
1652 3240 1817 3273 ebrietatis
1831 3249 1960 3284 quoque

1095 3292 1125 3322 et
1147 3289 1239 3323 aleae
1259 3291 1436 3332 infamiam
1457 3291 1565 3323 subiit.
1586 3308 1621 3314 -—
1646 3291 1750 3323 otium
1772 3290 1957 3336 oblectaret]

183 3337 258 3379 ipse
288 3346 457 3379 praesens
489 3337 644 3379 conspici
673 3336 791 3369 voluit.
826 3337 876 3370 Cf.
902 3339 955 3379 45,
981 3339 1040 3371 6⁴:
1069 3367 1072 3373 .
1095 3338 1180 3372 Dial.
1206 3340 1251 3372 de
1274 3341 1367 3373 Orat.
1387 3342 1445 3374 ⁴0:
1471 3342 1498 3373 si
1517 3341 1613 3373 modo
1635 3340 1671 3372 in
1691 3340 1754 3373 hac
1773 3341 1958 3375 studiorum

183 3387 258 3419 voci
277 3390 388 3421 tamen
409 3391 441 3422 et
462 3389 608 3430 aspectui
625 3388 784 3429 pepercit.

1068 3375 1072 3417 Ι
1091 3391 1190 3430 parto
1211 3389 1374 3424 oblectare
1394 3391 1498 3424 otiam
1519 3393 1551 3423 et
1570 3399 1688 3424 nomen
1708 3390 1853 3425 inserere
1874 3400 1957 3434 pos-
