2254 3770
754 607 808 655 P.
861 605 1277 657 CORNELI!
1327 608 1628 660 TACITI

606 757 1759 853 ‘ANNALIIJM

838 911 903 950 AB
930 911 1167 953 EXCESSU
1191 913 1295 954 DIVI
1319 913 1538 954 AUGUSTI

804 1044 989 1088 LIBER
1024 1044 1259 1089 SEXTUS
1296 1045 1583 1090 DECIMUS.
2085 1075 2103 1084 κ

890 1276 1275 1317 BREVIARIUM
1304 1277 1478 1317 LIBRI.

293 1369 367 1406 Cap.
389 1369 484 1399 ⁴—3.
515 1369 624 1398 Illudit
650 1370 777 1399 fortuna
802 1371 934 1400 vanitati
960 1371 1098 1401 Neronis
1124 1380 1184 1409 per
1212 1373 1366 1411 Bassum,
1398 1374 1454 1409 qui
1482 1374 1670 1402 thesaurum
1695 1373 1728 1402 in
1747 1372 1899 1403 Numidia
1918 1374 2085 1404 defossum

330 1420 442 1457 iactat,
464 1426 562 1455 quem
581 1419 666 1448 Nero
686 1420 806 1449 frustra
826 1422 962 1457 quaerit.
994 1421 1022 1452 4.
1045 1421 1181 1452 Lustrali
1197 1425 1377 1453 certamine
1389 1423 1524 1454 victoria
1538 1426 1653 1452 cantus
1667 1423 1774 1452 oblata
1787 1422 1906 1453 Neroni
1921 1426 1954 1453 et
1967 1431 2087 1453 corona

330 1469 512 1499 facundiae.
552 1469 581 1498 5.
607 1469 641 1498 In
670 1477 710 1499 eo
738 1472 929 1507 spectaculo
956 1472 1140 1502 auditorum
1166 1474 1317 1503 molestia
1344 1476 1377 1503 et
1402 1472 1593 1510 Vespasiani
1617 1473 1812 1509 periculum.
1851 1472 1881 1504 6.
1901 1473 2087 1511 Poppaeam

329 1522 489 1549 mortuam
508 1520 618 1549 laudat
637 1519 723 1550 Nero
743 1521 831 1557 apud
852 1524 967 1551 rostra.

364 1571 469 1601 7-9,
491 1571 579 1600 Pulsi
600 1570 732 1600 Cassius
753 1574 786 1601 et
806 1571 933 1602 Silanus
953 1576 1123 1605 necantur.
1157 1574 1204 1604 ⁴0.
1226 1573 1274 1604 ⁴⁴.
1294 1573 1327 1602 L.
1349 1573 1449 1603 Vetus
1471 1580 1548 1603 cum
1569 1573 1678 1603 Sextia
1697 1582 1795 1604 soem
1815 1578 1848 1605 et
1873 1573 1997 1604 Pollitta
2021 1574 2087 1604 filla

327 1621 422 1658 perit.
462 1621 510 1651 ⁴2.
531 1621 738 1650 Accusatoris
759 1623 915 1658 praemia.
954 1623 1115 1653 Mensium
1140 1632 1224 1654 nova
1242 1625 1384 1654 nomina.
1424 1624 1471 1654 ⁴3.
1495 1623 1638 1654 Turbine
1657 1627 1831 1654 ventorum
1849 1627 1974 1655 vastata
1992 1624 2088 1655 Cam—

327 1672 433 1708 pania.
454 1671 651 1701 Pestilentia.
672 1671 927 1708 Lugdunensem
945 1674 1074 1704 cladem
1094 1675 1250 1711 princeps
1271 1676 1403 1707 solatur.
1443 1673 1490 1705 ⁴4.
1511 1674 1559 1704 ⁴5.
1580 1674 1704 1704 Sosiani
1725 1675 1839 1705 fraude
1854 1674 2087 1705 Chaldaeorum

329 1723 554 1759 consultores,
581 1722 614 1751 P.
630 1721 765 1751 Anteius
787 1725 820 1752 et
840 1723 987 1753 Ostorius
1008 1724 1165 1762 Scapula,
1192 1725 1290 1755 delati
1311 1729 1450 1755 mortem
1470 1726 1551 1754 iussi
1572 1728 1757 1762 properant.
1799 1725 1846 1755 ⁴6.
1868 1725 1968 1755 Taciti
1987 1733 2088 1763 super

330 1775 375 1802 tot
395 1772 543 1803 cladibus
571 1773 739 1810 querelae.
779 1772 826 1802 ⁴7.
847 1773 977 1804 Rufrius
1005 1774 1169 1812 Crispinus
1195 1779 1328 1805 coactus
1349 1783 1386 1805 se
1407 1775 1567 1806 interficit.
1600 1774 1683 1804 Mela
1701 1775 1790 1805 falsis
1810 1776 1926 1806 litteris
1945 1776 2087 1806 circum-

327 1825 458 1858 ventus,
489 1824 656 1860 similique
685 1826 753 1853 arte
780 1823 923 1854 Cerialis.
971 1825 1018 1855 ⁴8.
1043 1826 1091 1856 ⁴9.
1121 1826 1154 1855 C.
1174 1826 1358 1863 Petronius,
1390 1826 1518 1855 erudito
1544 1826 1625 1855 luxu
1651 1828 1763 1864 notus,
1798 1825 1937 1863 Tigillini
1964 1825 2086 1856 invidia

327 1881 464 1909 exosus,
485 1881 588 1903 venas
610 1874 671 1903 sibi
692 1874 815 1904 incidit.
845 1875 979 1911 Flagitia
999 1877 1139 1913 principi
1161 1876 1320 1906 codicillis
1341 1876 1525 1913 exprobrat.
1565 1876 1612 1906 20.
1634 1875 1712 1905 Inde
1731 1874 1828 1905 Sillae
1848 1876 1992 1905 exilium.

363 1925 505 1955 21-23.
528 1925 706 1955 Thraseam
725 1924 859 1954 Paetum
880 1930 1038 1956 accusant
1057 1927 1267 1956 Cossutianus
1287 1929 1320 1956 et
1339 1927 1473 1965 Eprius,
1493 1926 1631 1956 Baream
1651 1926 1809 1956 Soranum
1823 1926 1971 1955 Ostorius
1991 1925 2087 1955 Sabi-

326 1982 400 2004 nus.
439 1973 487 2006 24.
508 1975 556 2004 Ad
575 1974 736 2005 Neronem
757 1975 926 2005 codicillos
948 1977 1003 2005 dat
1017 1976 1170 2007 Thrasea.
1202 1977 1231 2006 ls
1252 1979 1362 2014 patres
1375 1977 1484 2007 vocari
1504 1977 1606 2007 iubet.
1640 1977 1687 2007 25.
1702 1976 1749 2007 26.
1766 1976 1930 2006 Consultat
1942 1975 2086 2005 Thrasea

326 2032 368 2054 an
387 2025 419 2055 in
440 2027 531 2056 curia
551 2027 775 2056 defensionem
796 2028 907 2057 tentet.
941 2026 988 2057 27.
1010 2026 1096 2057 Nero
1116 2029 1266 2057 senatum
1281 2027 1380 2056 armis
1397 2028 1542 2065 obsidet,
1564 2027 1815 2063 infrequentiam
1828 2029 1955 2063 patrum
1968 2026 2085 2063 arguit.

325 2076 467 2107 28-30.
495 2077 666 2106 Marcellus
692 2076 810 2112 Eprius
831 2076 1025 2115 Thraseam,
1055 2077 1260 2114 Helvidium,
1288 2076 1514 2114 Agrippinum,
1546 2078 1751 2114 Montanum,
1783 2076 1930 2106 Ostorius
1950 2075 2085 2106 Baream

326 2134 402 2156 cum
422 2127 489 2156 filia
508 2126 643 2157 Servilia
664 2129 831 2156 accusant.
870 2126 917 2156 3⁴.
939 2127 1060 2156 Eorum
1081 2127 1279 2157 miserabilis
1294 2127 1442 2157 defensio
1463 2127 1495 2157 in
1510 2130 1636 2157 senatu.
1666 2126 1714 2156 32.
1735 2126 1783 2156 33.
1802 2126 1958 2163 Egnatius
1979 2126 2085 2156 Pseu-

325 2177 493 2207 dostoicus
512 2177 638 2213 perfide
658 2177 690 2207 in
710 2177 868 2206 Soranum
888 2178 970 2215 agit;
993 2178 1047 2206 cui
1068 2177 1198 2207 Cassius
1218 2177 1468 2214 Asclepiodotus
1491 2178 1655 2214 egregiam
1675 2177 1775 2206 fidem
1794 2179 1949 2213 praestat.
1981 2176 2083 2206 Thra-

326 2235 420 2266 seae,
453 2228 589 2267 Sorano,
622 2228 777 2258 Serviliae
804 2228 898 2257 datur
923 2228 1037 2257 mortis
1064 2227 1243 2258 arbitrium.
1279 2227 1465 2267 Helvidius,
1493 2228 1655 2257 Paconius
1674 2228 1763 2257 ltalia
1783 2227 1880 2264 pulsi.
1913 2226 2082 2257 Montanus

325 2279 405 2314 patri
426 2285 618 2307 concessus.
647 2278 864 2307 Accusatores
884 2278 1096 2307 remunerati.
1135 2276 1184 2310 34.
1205 2279 1347 2308 Thrasea
1368 2279 1447 2308 libat
1466 2278 1533 2308 lovi
1554 2278 1730 2307 liberatori.

362 2327 443 2358 Anni
462 2329 561 2358 unius
580 2330 664 2359 haec
684 2331 791 2367 gesta,
813 2329 890 2364 quia
908 2330 1037 2365 reliqua
1054 2329 1127 2359 libri
1146 2330 1246 2359 fatum
1266 2329 1398 2368 invidit,
1423 2329 1454 2359 C.
1471 2329 1624 2359 Suetonio
1644 2328 1779 2360 Paulino
1799 2327 1831 2357 C.
1846 2327 1967 2357 Luccio
1986 2327 2084 2358 Tele-

325 2379 396 2408 slno
418 2385 506 2409 coss.

401 2529 455 2586 (⁴)
494 2528 642 2572 Inlusit
679 2528 834 2573 dehinc
870 2530 1025 2573 Neroni
1066 2530 1233 2574 fortuna
1270 2543 1349 2587 per
1378 2529 1606 2573 vanitatem
1636 2528 1771 2586 ipsius
1801 2534 1844 2572 et
1871 2526 2082 2586 promissa

289 2604 468 2650 Caeselli
499 2604 638 2656 Bassi,
670 2605 744 2662 qui
767 2604 930 2662 origine
951 2606 1134 2657 Poenus,
1166 2612 1310 2649 mente
1331 2603 1514 2656 turbida,
1547 2610 1780 2647 nocturnae
1801 2603 1958 2660 quietis
1977 2602 2083 2646 ima-

287 2681 428 2738 ginem
458 2680 513 2724 ad
542 2694 665 2739 spem
693 2679 805 2724 haud
838 2679 995 2724 dubiae
1026 2680 1088 2725 rei
1115 2681 1250 2732 traxit,
1283 2687 1519 2738 vectusque
1548 2681 1736 2731 Romam,
1767 2678 1971 2736 principis
1990 2677 2082 2722 adi-

353 2802 385 2834 ⁴.
408 2801 535 2834 Neroni
557 2802 602 2834 G:
632 2802 766 2833 neronis
788 2801 822 2835 M
847 2818 883 2825 -
914 2802 947 2834 2.
967 2801 1088 2842 plenus
1111 2802 1144 2834 M
1168 2818 1204 2824 —
1239 2778 1377 2833 tussuida
1400 2800 1434 2834 M
1459 2817 1493 2823 -—
1527 2801 1688 2832 nocturne
1710 2799 1744 2833 M
1771 2816 1805 2824 —
1834 2798 1865 2831 3.
1891 2797 2010 2832 dubiae
2031 2797 2082 2831 roi

285 2859 396 2892 traxit
417 2856 647 2891 Doederlein:
674 2857 769 2891 dubie
790 2858 938 2891 retraxit
960 2859 1012 2897 M;
1038 2857 1174 2891 dubiam
1196 2858 1346 2890 retraaeit
1368 2855 1436 2894 alii.

1207 2963 1264 3004 lit,
1290 2963 1462 2996 destitutus
1471 2979 1490 2987 -
1499 2980 1517 2986 -
1529 2962 1707 2995 calumniis
1731 2961 1924 3003 rapinisque
1942 2960 2081 2994 intendit

330 2967 361 2999 ⁴.
377 2965 495 2998 Inlusit
508 2964 623 2998 dehinc
638 2963 720 3006 cet.]
739 2963 897 2997 Eandem
912 2973 990 2997 rem
1006 2964 1157 3006 promis-

1207 3015 1369 3047 am‘mum.
1391 3031 1426 3037 —
1443 3011 1636 3054 vanitatem]
1662 3020 1770 3044 vanas
1785 3020 1868 3054 spes
1884 3020 1926 3044 ac
1941 3010 2080 3044 levissi—

284 3016 375 3049 soris
398 3016 540 3048 nomine
556 3015 687 3047 omisso
711 3015 831 3046 narrat
846 3015 1033 3047 Suetonius
1050 3023 1080 3046 c.
1099 3014 1153 3046 3⁴:

284 3067 334 3099 Ad
363 3067 449 3100 hunc
470 3066 714 3107 impendiorum
741 3064 907 3105 furorem,
939 3073 1039 3106 super
1066 3065 1156 3107 fidu-

285 3118 373 3150 ciam
405 3117 554 3158 imperii,
589 3116 690 3148 otiam
723 3123 778 3155 spe
809 3115 955 3155 quadam
985 3115 1158 3155 repentina

285 3167 523 3200 immensarum
548 3169 580 3199 et
603 3165 851 3198 reconditarum
877 3172 975 3204 opum
996 3165 1158 3205 impulsus

285 3221 331 3250 est
352 3226 395 3250 ex
411 3217 534 3250 indicio
551 3215 670 3256 equitis
692 3215 728 3247 R.
743 3223 808 3255 pro
823 3217 988 3254 comperto
1000 3214 1158 3255 pollicen—

286 3268 345 3307 tis,
363 3267 535 3299 thesauros
553 3264 804 3306 antiquissimae
828 3272 949 3306 gazae,
970 3272 1051 3303 quos
1069 3263 1156 3296 Dido

284 3318 404 3359 regina
433 3317 562 3358 fuyiens
584 3316 669 3356 Tyro
691 3323 800 3348 secum
822 3313 1004 3353 extulisset,
1032 3322 1099 3346 esse
1119 3315 1156 3347 in

284 3367 402 3408 Africa
410 3366 607 3399 vastissimis
616 3364 774 3406 specubus
784 3362 924 3403 abditos,
934 3372 975 3394 aa
982 3371 1076 3403 posse
1083 3364 1156 3395 erui

282 3416 431 3461 parvula
444 3415 647 3449 molientium
657 3422 774 3456 opera.
799 3413 917 3446 Verum
931 3415 967 3445 ut
982 3420 1052 3453 spos
1065 3412 1156 3454 fefel-

1207 3073 1304 3097 mam
1322 3062 1580 3103 credulitatem,
1606 3070 1675 3104 qua
1698 3061 1764 3095 sibi
1782 3061 1959 3094 fortunam
1973 3061 2078 3094 unice

1207 3113 1326 3147 favere
1340 3113 1605 3156 opinabatur.-—
1620 3111 1764 3153 turbida]
1782 3111 1873 3144 male
1885 3120 1983 3152 sana,
1998 3119 2079 3144 vae-

1207 3164 1328 3204 cordi,
1354 3166 1392 3196 ut
1407 3163 1502 3196 haud
1518 3172 1599 3196 raro
1615 3162 1710 3205 apud
1726 3164 1870 3204 poetas3
1897 3171 1967 3195 non
1983 3161 2077 3194 enim

1207 3214 1252 3247 ad
1275 3223 1396 3247 rerum
1420 3222 1592 3246 novarum
1608 3212 1762 3246 studium
1778 3211 1942 3245 refertur.
1963 3227 1999 3234 —
2020 3220 2079 3244 no—

1206 3267 1346 3296 cturnae
1369 3263 1485 3304 quietis
1506 3261 1697 3304 imayinem]
1721 3261 1895 3294 rhetorice
1918 3269 1982 3303 pro
2005 3259 2078 3293 vul-

1206 3314 1279 3355 gari
1301 3314 1438 3346 somnio.
1465 3331 1501 3337 —
1527 3311 1719 3353 emereatus]
1743 3320 1764 3344 a
1787 3311 1953 3351 Neronis,
1977 3312 2074 3352 puta,

1205 3363 1356 3402 libertis.
1382 3363 1427 3396 ad
1452 3371 1542 3405 quos
1565 3363 1660 3404 ipsos
1683 3370 1748 3404 per
1763 3361 1928 3393 ianitores
1945 3362 1979 3393 et
1995 3361 2076 3393 atri—

1206 3420 1312 3446 enses
1336 3411 1437 3445 donis
1461 3410 1586 3445 oblatis
1611 3412 1767 3454 primum
1791 3409 1924 3443 aditum
1947 3417 2074 3452 parare
