2254 3770
772 294 927 339 LIBER
955 295 1025 338 111.
1070 294 1171 353 Cap.
1201 261 1268 339 32.
1299 295 1367 340 33.
1397 295 1464 339 34.

1917 295 1934 338 Ἰ
1944 295 1991 339 74

218 399 437 459 provincia
465 399 721 451 obvenisset,
752 414 861 444 uxor
890 401 1173 451 comitaretur,
1206 401 1384 446 multum
1413 408 1509 446 ante
1538 402 1720 460 repetito
1741 401 2000 446 concordem

219 476 300 520 sibi
329 475 554 534 coniugem
583 481 626 519 et
653 489 729 520 sex
756 482 902 534 partus
932 476 1115 526 enixam,
1157 490 1292 534 seque
1323 490 1434 534 quae
1469 477 1511 520 in
1546 476 1766 535 publicum
1796 482 2000 520 statueret

200 539 331 595 *domi
362 550 619 602 servavisse,
656 551 840 595 cohibita
870 551 979 595 intra
1006 550 1186 602 Italiam,
1218 565 1478 610 quamquam
1506 552 1600 610 ipse
1628 551 1762 610 pluris
1792 565 1871 609 per
1898 565 2000 609 pro-

214 625 374 670 vincias
394 626 674 684 quadraginta
703 626 914 684 stipendia
939 626 1209 684 explevisset.
1241 626 1342 670 haut
1362 627 1475 670 enim
1494 627 1647 670 frustra
1675 626 1878 684 placitum
1898 626 1999 670 olim

213 714 269 744 ne
297 700 478 745 feminae
507 701 551 744 in
581 701 722 745 socios
752 707 824 745 aut
857 707 1005 759 gentes
1035 707 1232 745 externas
1266 701 1551 745 traherentur:
1594 702 1736 746 inesse
1773 701 2031 745 mulierumr,

214 776 430 820 comitatui
469 789 581 834 quae
619 790 771 834 pacem
806 775 925 826 luxu,
967 776 1126 820 bellum
1165 776 1389 820 formidine
1429 783 1650 821 morentur
1684 783 1726 821 et
1762 778 1998 821 Romanum

212 864 364 910 agmen
409 851 462 894 ad
507 850 824 895 similitudinem
868 847 1037 895 barbari
1083 851 1278 895 incessus
1323 859 1580 895 convertant.
1627 866 1711 895 non
1755 851 2000 896 inbecillum

212 933 373 970 tantum
394 932 436 970 et
459 926 651 984 inparem
679 925 897 970 laboribus
928 941 1088 975 sexum,
1122 926 1198 970 sed
1230 927 1265 969 si
1294 926 1464 971 licentia
1493 927 1613 978 adsit,
1646 941 1832 978 saevum,
1865 926 2001 970 ambi-

211 1002 383 1051 tiosum,
426 1001 647 1059 potestatis
687 1001 877 1054 avidum;
923 1001 1125 1045 incedere
1164 1002 1272 1045 inter
1311 1002 1484 1052 milites,
1528 1002 1686 1047 habere
1730 1002 1783 1046 ad
1827 1015 1999 1046 manum

213 1077 507 1129 centuriones3
551 1076 823 1134 praesedisse
864 1090 1001 1135 nuper
1039 1076 1236 1120 feminam
1276 1078 1477 1120 exercitio
1516 1078 1769 1127 cohortium,
1813 1078 2050 1123 decursum

211 1151 438 1209 legionum.
484 1152 718 1209 cogitarent
759 1152 858 1209 ipsi.
904 1152 1102 1210 quotiens
1145 1152 1478 1210 repetundarum
1527 1152 1656 1211 aliqui
1708 1159 1996 1211 arguerentur,

212 1226 336 1285 plura
364 1226 570 1270 uxoribus
600 1227 823 1279 obiectari3
866 1227 930 1270 his
961 1228 1098 1271 statim
1130 1227 1441 1272 adhaerescere
1472 1228 1750 1271 deterrimum
1779 1242 1998 1286 quemque

211 1301 551 1361 provincialium,
591 1302 645 1345 ab
684 1302 748 1346 bis
785 1303 956 1359 negotia
992 1303 1169 1360 suscipi,
1207 1303 1403 1360 transigi;
1445 1303 1628 1347 duorum
1665 1317 1867 1361 egressus
1904 1303 1996 1354 coli,

211 1377 297 1421 duo
327 1390 426 1421 esse
456 1377 689 1435 praetoria,
720 1378 1017 1435 pervicacibus
1046 1379 1180 1436 magis
1211 1385 1253 1422 et
1281 1379 1571 1437 inpotentibus
1600 1379 1825 1423 mulierum
1855 1379 1996 1430 iussis,

210 1465 322 1511 quae
343 1453 496 1511 Oppiis
527 1452 744 1511 quondam
772 1452 952 1511 aliisque
981 1452 1148 1510 legibus
1179 1456 1447 1503 constrictae,
1486 1468 1597 1498 nunc
1623 1453 1773 1498 vinclis
1795 1454 1998 1498 exsolutis
2013 1470 2049 1500 ⁴5

209 1527 382 1579 domos,
424 1528 534 1578 fora,
575 1528 661 1572 iam
695 1534 738 1571 et
777 1528 989 1572 exercitus
1024 1536 1234 1586 regerent.
1282 1530 1363 1587 (34)
1394 1544 1631 1587 paucorum
1666 1530 1774 1574 haec
1811 1530 1999 1574 adsensu
2032 1550 2034 1553 ·

276 1663 307 1695 4.
331 1662 594 1702 comitllteretur
617 1661 735 1703 (priori
757 1670 774 1694 e
797 1662 1037 1703 superscripta
1060 1661 1173 1695 littera
1195 1662 1226 1703 a)
1245 1663 1277 1696 M
1295 1680 1330 1686 —
1356 1662 1388 1696 4.
1408 1664 1626 1705 quadrayinti
1647 1673 1701 1706 pr.
1719 1665 1752 1697 M
1772 1682 1806 1687 —-
1833 1664 1863 1696 6.
1890 1672 1951 1704 que
1966 1663 1999 1696 M

215 1735 251 1743 —
279 1719 311 1752 8.
336 1719 477 1752 licencia
499 1719 530 1751 M
557 1737 592 1742 —
621 1719 672 1751 ⁴2.
698 1718 906 1752 adherescere
929 1719 962 1752 M
988 1737 1024 1742 —
1057 1719 1110 1753 44.
1135 1720 1355 1761 inpotentibus
1378 1730 1429 1763 pr.
1454 1722 1506 1755 M:
1531 1721 1761 1762 impotentibus
1782 1729 1874 1753 corr.
1900 1720 1933 1752 M
1959 1737 1995 1743 —

213 1776 266 1808 45.
292 1775 462 1808 exsolutae
484 1774 671 1808 Acidalius.
696 1788 703 1792 ⁸

209 1882 435 1924 comitaretur]
461 1882 548 1916 Olim
568 1883 602 1915 id
620 1883 792 1921 insolens,
818 1885 935 1917 necin
953 1883 1078 1917 crebro

208 1941 275 1965 usu
311 1933 417 1965 etiam
445 1933 665 1974 temporibus
687 1935 844 1974 Augusti.
893 1935 1079 1967 Suetonius

210 1983 329 2015 Octav.
349 1982 409 2015 24:
436 1983 654 2024 Disciplinam
676 1985 879 2016 severissime
893 1985 992 2018 revit.
1030 1986 1080 2017 Ne

209 2032 394 2074 legatorum
417 2032 549 2073 quidem
571 2034 727 2074 cuiquam
741 2034 806 2066 nisi
821 2028 960 2075 qrdvate
975 2035 1079 2067 hiber-

207 2084 323 2123 nisque
352 2083 482 2115 demum
505 2083 666 2115 mensibus
685 2084 838 2124 permisit
861 2093 1002 2116 ucorem
1024 2085 1079 2117 in-

209 2133 375 2165 tervisere.
407 2132 476 2164 Sed
500 2133 657 2175 irrepsit:
685 2135 720 2166 et
735 2135 943 2166 Germanico
959 2135 1079 2176 Agrip-

208 2183 289 2225 pina
306 2183 340 2214 in
358 2183 543 2224 provinciis
560 2191 692 2222 comes,
719 2184 782 2225 ipsi
798 2186 952 2225 Augusto
970 2185 1074 2217 Livia.

208 2233 295 2265 Lirs.
329 2232 500 2264 Caecinae
530 2234 649 2265 autem
680 2234 852 2266 sententia
883 2233 1078 2274 obrogabat

208 2283 352 2315 senatus
376 2281 535 2314 consulto
559 2283 742 2324 superiore
765 2292 857 2316 anno
889 2283 998 2322 facto,
1032 2283 1076 2316 de

209 2340 279 2373 quo
314 2331 476 2374 Ulpianus
510 2333 584 2373 Dig.
616 2333 654 2371 4,
688 2333 747 2373 46,
773 2332 812 2372 4,
837 2334 877 2365 2:
912 2334 1079 2375 Proficisci

203 2382 435 2423 proconsulem
466 2382 582 2414 melius
616 2383 746 2423 quidem
780 2387 826 2415 est
853 2384 922 2416 sine
949 2392 1076 2423 uxor&

208 2432 264 2464 sed
285 2435 316 2464 et
337 2441 412 2464 cum
434 2440 543 2464 uvore
567 2435 688 2472 potest,
724 2434 899 2465 dummodo
921 2434 1003 2466 sciat
1025 2443 1078 2466 se-

208 2484 328 2514 natum
355 2481 450 2514 Cotta
481 2485 514 2514 et
539 2483 695 2515 Messalla
725 2483 909 2515 consulibus
934 2484 975 2525 (a.
1002 2484 1075 2524 773)

209 2531 368 2564 censuisse
389 2531 540 2572 futurum
561 2534 616 2572 ut,
647 2533 675 2564 si
697 2533 776 2573 quid
805 2541 928 2565 uxores
951 2542 1076 2572 eorum,

209 2582 333 2622 qui‘ad
357 2581 468 2623 offlcia
486 2582 762 2623 proficiscuntur,
795 2583 1005 2623 deliquerint,
1037 2584 1079 2614 ab

207 2632 289 2673 ipsis
309 2634 400 2663 ratio
421 2634 454 2663 et
474 2632 620 2663 vindicta
642 2633 820 2674 emiqatur,
849 2641 919 2673 quo
943 2633 976 2665 in
1001 2632 1078 2665 loco

208 2683 355 2724 propter
388 2682 477 2713 Ann.
503 2680 542 2721 4,
573 2682 615 2714 20
651 2682 813 2715 Cuiacius
844 2682 945 2715 Obss.
973 2684 1011 2721 6,
1037 2684 1077 2716 30

208 2730 399 2772 legendum
429 2732 613 2773 proposuit
636 2732 731 2764 cotta
751 2733 929 2765 Messalino
958 2742 1079 2765 consu—

208 2782 292 2813 lente
305 2781 485 2819 censuisse;
503 2781 567 2813 sed
579 2781 718 2814 videtur
731 2785 846 2824 potius
859 2792 958 2815 error
969 2784 1078 2825 ipsius

209 2829 353 2872 Ulpiani.
381 2848 418 2854 —-
442 2830 583 2863 mullum
605 2835 681 2863 ante
702 2833 851 2873 repetito]
875 2832 977 2874 longo
995 2842 1078 2874 pro—

210 2881 327 2912 oemio
359 2888 464 2919 usus,
500 2877 691 2922 antequam
726 2883 934 2915 sententiam
965 2884 1077 2925 ipsam

210 2930 356 2963 diceret.
385 2948 421 2953 —-
447 2931 674 2972 quadraginta
694 2932 868 2974 stipendia]
894 2932 943 2965 Cf.
964 2934 995 2969 4,
1015 2933 1076 2965 64:

210 2980 503 3021 quadrayesimum
518 2981 553 3012 id
568 2982 764 3021 stipendium
780 2982 922 3015 Caecina
935 2983 1080 3023 parendi

209 3033 270 3062 aut
285 3030 497 3070 imperitandi
512 3030 662 3062 habebat.
681 3032 755 3063 Hoc
767 3032 1078 3073 quadragesimum

211 3079 426 3121 stipendium
462 3088 543 3112 cum
577 3089 609 3112 a.
639 3089 675 3112 u.
701 3081 765 3114 768
793 3081 943 3114 haberet
972 3082 1077 3123 atque

211 3130 318 3162 etiam
347 3137 379 3161 a.
405 3129 468 3161 769
504 3129 678 3162 inferioris
707 3132 914 3163 Germaniae
944 3130 1078 3172 legatus

211 3181 307 3212 esset
331 3180 384 3220 (2,
410 3178 465 3219 6),
501 3179 694 3212 rotundum
720 3180 778 3212 hic
801 3189 990 3212 numerum
1013 3189 1079 3221 po-

210 3229 280 3262 suit
301 3236 372 3260 uno
395 3230 456 3260 aut
478 3227 588 3260 altero
611 3237 702 3260 anno
727 3228 898 3269 neglecto.
932 3229 1077 3263 Redisse

209 3277 349 3310 videtur
382 3286 466 3310 cum
496 3278 704 3309 Germanico
737 3280 843 3319 atque
875 3279 906 3310 ei
933 3287 1079 3312 succes-

213 3327 301 3360 sisse
330 3326 490 3359 visellius
520 3327 631 3359 Varro
663 3327 711 3369 (3,
736 3327 806 3368 44).
836 3345 871 3350 -
908 3329 1075 3371 feminam]

1130 1886 1300 1919 invidiose
1334 1897 1410 1919 rem
1445 1897 1578 1928 augens
1612 1888 1645 1920 id
1669 1888 1771 1919 vocat
1795 1887 1997 1928 praesidere.

1130 1937 1237 1978 Magis
1261 1938 1348 1969 mira
1373 1940 1427 1970 est
1451 1938 1484 1970 h.
1503 1938 1525 1970 l.
1543 1939 1686 1970 variatio
1707 1940 1864 1970 emercitio
1880 1938 1999 1969 cohor-

1128 1988 1226 2027 tium,
1252 1988 1317 2020 nisi
1335 1989 1422 2020 forte
1439 1987 1595 2029 singulae
1612 1988 1774 2021 solebant
1788 1988 1998 2030 plerumque

1130 2038 1287 2070 exerceri
1312 2047 1329 2069 a
1354 2040 1597 2078 campidoctore
1620 2040 1728 2071 Inscr.
1756 2040 1827 2071 Lat.
1848 2048 1881 2070 n.
1900 2037 1997 2077 5472,

1130 2087 1203 2119 sive
1227 2088 1448 2120 exercitator-e
1471 2098 1504 2120 n.
1523 2088 1626 2127 5462,
1652 2090 1712 2120 aut
1734 2087 1999 2129 intelligendum

1130 2137 1174 2169 de
1208 2137 1414 2171 cohortibus
1442 2138 1666 2170 auxiliaribus
1699 2147 1779 2170 cum
1803 2137 1998 2171 Walthero.

1134 2205 1167 2209 —
1194 2188 1344 2229 decursu]
1370 2189 1390 2220 i.
1410 2197 1441 2220 e.
1468 2189 1631 2221 decursui.
1659 2189 1743 2221 Vide
1768 2189 1812 2221 ad
1837 2197 1856 2220 c
1888 2189 1941 2220 30.
1961 2205 1995 2210 —-

1130 2237 1203 2278 coli]
1228 2238 1497 2279 prosequendo,
1524 2238 1752 2279 deducendo,
1790 2240 1828 2271 ut
1852 2239 1885 2270 in
1908 2237 1998 2270 urbe

1130 2287 1355 2327 magistratus
1371 2288 1536 2329 virosque
1560 2289 1735 2330 principes
1754 2297 1879 2320 eorum
1896 2288 1999 2320 amici

1131 2339 1166 2369 et
1179 2336 1323 2369 clientes
1337 2339 1370 2369 in
1384 2337 1497 2370 forum
1511 2338 1672 2371 solebant
1685 2339 1916 2371 deducere.—
1934 2339 1999 2369 duo

1130 2395 1197 2419 esse
1213 2388 1399 2429 praetoria]
1420 2383 1631 2434 ῥητορικῶς
1648 2397 1710 2430 pro
1726 2389 1799 2420 his:
1827 2388 1881 2420 «in
1899 2396 2000 2429 prae-

1130 2438 1260 2473 torioa
1285 2438 1557 2479 provincialibus
1577 2448 1645 2471 non
1662 2441 1778 2471 minus
1795 2438 1998 2480 praesidum

1129 2495 1258 2519 uxores
1283 2496 1388 2528 quam
1410 2488 1504 2528 ipsos
1521 2487 1665 2527 ambiri,
1691 2489 1720 2521 si
1737 2488 1820 2529 quid
1838 2488 1997 2520 obtinere

1130 2535 1293 2569 vellent.»
1330 2538 1496 2570 Ceterum
1510 2539 1685 2578 praetoria
1701 2537 1851 2578 intellige
1878 2538 1921 2570 de
1939 2538 1999 2569 do-

1130 2586 1264 2626 mibus,
1296 2587 1358 2619 ubi
1381 2588 1563 2629 praesides
1587 2589 1620 2620 in
1649 2589 1837 2630 provinciis
1862 2588 1998 2620 habita-

1129 2635 1232 2675 bant,
1267 2635 1324 2668 vel
1358 2638 1391 2668 in
1427 2638 1540 2679 capite
1577 2639 1775 2679 provinciae
1812 2639 1994 2679 cuiusque,

1127 2684 1183 2718 vel
1209 2686 1243 2718 in
1268 2685 1342 2718 aliis
1360 2687 1435 2719 eius
1451 2687 1618 2727 urbibus,
1645 2687 1704 2719 ubi
1721 2688 1899 2719 interdum
1917 2696 1997 2719 con-

1128 2737 1255 2767 ventus
1280 2736 1432 2776 agebant
1455 2738 1490 2769 et
1513 2739 1566 2770 ius
1591 2737 1767 2770 dicebant.
1797 2755 1827 2760 —
1867 2737 1995 2779 Oppiis]

1130 2787 1199 2819 Una
1225 2788 1302 2818 erat
1317 2787 1425 2828 Oppia
1449 2786 1504 2819 lex
1528 2787 1572 2819 de
1596 2787 1692 2820 cultu
1717 2787 1914 2820 mulierum.
1940 2788 1997 2819 Li-

1127 2836 1205 2867 vius
1228 2835 1289 2874 34,
1317 2837 1329 2867 4
1347 2846 1353 2867 z
1382 2836 1513 2868 Tulerat
1534 2846 1607 2869 eam
1629 2837 1663 2869 C.
1683 2838 1823 2878 Oppius,
1849 2837 1998 2868 tribunus

1122 2885 1227 2925 plebi,
1259 2886 1297 2925 Q.
1323 2886 1424 2917 Fabio
1449 2887 1494 2918 Ti.
1521 2887 1713 2926 Sempronio
1740 2887 1924 2919 consulibus
1948 2888 1992 2927 (a.

1128 2943 1162 2966 u.
1182 2934 1276 2975 539),
1301 2935 1335 2966 in
1357 2935 1464 2967 medio
1488 2937 1610 2969 ardore
1623 2938 1738 2969 Punici
1754 2937 1826 2969 belli
1840 2947 1850 2968 .·
1874 2945 1914 2968 ne
1929 2945 1996 2976 qua

1127 2983 1248 3015 mulier
1264 2984 1341 3024 plus
1362 2986 1565 3018 semunciam
1587 2987 1665 3018 auri
1687 2987 1835 3025 haberet,
1860 2995 1924 3018 neu
1942 2995 1997 3018 ve-

1127 3033 1277 3065 stimento
1299 3034 1490 3067 versicolori
1511 3039 1677 3076 uteretur,
1702 3045 1766 3068 neu
1784 3036 1895 3067 iuncto
1909 3036 1997 3067 vehi-

1128 3082 1201 3114 culo
1223 3082 1259 3115 in
1281 3083 1362 3115 urbe
1384 3086 1543 3125 oppidove
1565 3090 1623 3118 aut
1649 3086 1787 3126 propius
1813 3085 1887 3116 inde
1907 3085 1997 3117 mille

1125 3141 1245 3172 passus
1267 3133 1330 3165 nisi
1353 3143 1526 3167 sacrorum
1543 3136 1753 3176 publicorum
1775 3144 1878 3167 causa
1899 3136 1995 3168 vehe-

1127 3185 1233 3215 retur.
1270 3183 1367 3216 Idem
1391 3184 1450 3223 34,
1470 3185 1507 3217 8:
1537 3186 1658 3227 Viqinti
1680 3194 1785 3216 annos
1804 3188 1877 3224 post
1899 3185 1996 3218 abro-

1127 3234 1210 3272 9ata
1231 3237 1279 3264 est
1301 3241 1405 3272 quam
1426 3234 1510 3267 lata.
1547 3236 1657 3268 Unam
1680 3235 1824 3274 Augusti
1849 3234 1893 3266 de
1917 3243 1995 3267 am-

1127 3281 1203 3313 bitu
1226 3280 1341 3323 legem
1364 3285 1467 3315 vocat
1489 3284 1592 3315 Iulias
1614 3284 1698 3324 leyes
1721 3284 1774 3321 45,
1800 3284 1852 3316 ΞΟ.
1884 3284 1934 3316 Cf.
1960 3285 1992 3324 3,

1127 3331 1180 3364 25.
1207 3348 1243 3354 —
1277 3332 1395 3364 vinclis
1416 3334 1590 3372 eaesotutis]
1629 3332 1679 3365 Cf.
1706 3341 1735 3364 c.
1761 3333 1819 3366 28:
1854 3334 1995 3366 exsoluti

213 3375 429 3417 Plancinam,
450 3386 558 3419 quam
573 3377 605 3416 2,
623 3378 663 3409 55
682 3379 801 3410 narrat
815 3379 971 3411 exercitio
987 3380 1078 3421 equi·
1121 3381 1272 3421 plerique
1304 3382 1383 3423 leyis
1415 3391 1531 3415 nemus.
1568 3381 1654 3415 Hist.
1681 3381 1719 3422 3,
1752 3382 1806 3416 42.
1840 3384 1993 3416 exsoluta

210 3427 296 3465 tum,
330 3427 519 3460 decursibus
551 3427 716 3469 teqionum
750 3429 944 3471 interfuisse.
984 3430 1025 3462 H.
1050 3429 1072 3463 l.
1127 3431 1238 3463 statim
1260 3431 1406 3464 vincula.
