2254 3770
731 289 887 335 LIBER
914 291 986 336 111.
1044 289 1147 348 Cap.
1176 290 1245 334 54.
1274 291 1342 336 55.
1373 290 1440 334 56.
1471 290 1539 334 57.

1949 283 2032 328 487

250 407 390 453 poena
417 407 471 439 ex
499 394 667 452 legibus
695 402 739 440 et
765 402 918 440 metus.
962 395 1044 440 nisi
1078 395 1186 440 forte
1221 395 1353 440 rebus
1381 396 1546 441 cunctis
1574 395 1686 440 inest
1712 394 1889 454 quidam
1916 392 2034 436 velut

249 469 383 520 orbis,
420 475 467 513 ut
494 483 625 528 quem
654 469 709 514 ad
738 470 914 515 modum
941 478 1184 530 temporum
1212 471 1347 522 vices,
1387 471 1444 515 ita
1478 485 1645 515 morum
1674 475 1915 520 vertantur3
1953 481 2034 511 nec

248 544 390 589 omnia
430 550 533 602 aput
568 545 737 603 priores
772 545 967 597 meliora,
1008 545 1087 590 sed
1125 551 1270 590 nostra
1298 559 1473 604 quoque
1510 552 1628 590 aetas
1662 544 1793 589 multa
1823 542 1961 609 laudis
1991 547 2035 586 et

247 619 401 663 artium
435 619 639 663 imitanda
676 620 862 678 posteris
894 620 1001 664 tulit.
1046 635 1198 665 verum
1227 620 1335 664 haec
1364 620 1488 665 nobis
1515 622 1559 664 in
1587 621 1773 665 maiores
1802 617 2033 664 certamina

208 740 211 742 ,
246 708 301 739 ex
329 693 510 739 honesto
539 701 748 739 maneant.

359 770 442 826 (56)
473 769 668 814 Tiberius
698 770 809 814 fama
837 770 1143 815 moderationis
1172 777 1309 829 parta,
1347 770 1466 829 quod
1496 770 1729 828 ingruentis
1759 774 2034 813 accusatores

246 851 525 903 represserat,
554 845 679 888 mittit
709 845 868 889 litteras
898 845 952 889 ad
982 853 1177 890 senatum
1196 847 1294 904 quis
1323 853 1578 904 potestatem
1604 844 1874 889 tribuniciam
1893 844 2035 886 Druso

248 919 434 979 petebat.
479 919 520 963 id
556 920 710 963 summi
750 920 902 978 fastigii
939 921 1197 965 vocabulum
1232 923 1447 977 Augustus
1483 920 1691 978 repperit,
1732 934 1787 964 ne
1819 918 1933 975 regis
1963 923 2037 961 aut

247 994 466 1040 dictatoris
496 1008 651 1038 nomen
682 994 929 1040 adsumeret
958 1010 1009 1040 ac
1036 1002 1179 1040 tamen
1209 995 1495 1054 appellatione
1525 995 1668 1054 aliqua
1689 1002 1832 1039 cetera
1857 993 2036 1052 imperia

246 1070 547 1129 praemineret.
592 1070 780 1114 Marcum
809 1070 966 1114 deinde
999 1071 1227 1130 Agrippam
1256 1072 1423 1115 socium
1454 1071 1548 1114 eius
1577 1070 1818 1129 potestatis,
1849 1083 1937 1128 quo
1958 1068 2086 1113 110-40

246 1144 390 1190 functo
435 1145 649 1190 Tiberium
692 1147 903 1190 Neronem
945 1146 1121 1203 delegit,

1167 1160 1222 1190 ne
1261 1159 1490 1190 successor
1524 1146 1568 1188 in
1609 1146 1770 1189 incerto
1808 1145 1928 1188 soret.
1973 1143 2037 1188 sic

246 1220 438 1265 cohiberi
469 1234 624 1279 pravas
654 1220 834 1264 aliorum
864 1235 965 1279 spes
995 1221 1189 1274 rebatur;
1227 1221 1352 1265 simul
1382 1220 1620 1265 modestiae
1649 1220 1829 1264 Neronis
1858 1227 1902 1263 et
1929 1233 2035 1263 suae

246 1295 526 1354 magnitudini
562 1295 733 1340 fidebat.
776 1310 865 1354 quo
903 1303 1005 1340 tunc
1043 1296 1240 1355 exemplo
1279 1297 1473 1340 Tiberius
1511 1298 1699 1340 Drusum
1738 1308 1932 1339 summae
1971 1295 2034 1338 rei

246 1371 457 1422 admovet,
484 1385 582 1415 cum
603 1371 803 1415 incolumi
825 1371 1079 1415 Germanico
1099 1372 1309 1430 integrum
1333 1372 1440 1416 inter
1458 1372 1569 1416 duos
1590 1371 1795 1415 iudicium
1815 1371 2034 1414 tenuisset.

234 1445 326 1491 ‚sed
354 1446 565 1505 principio
594 1445 827 1490 litterarum
850 1454 1078 1491 veneratus
1099 1447 1206 1491 deos
1235 1454 1282 1490 ut
1302 1447 1479 1491 consilia
1508 1461 1587 1491 sua
1616 1446 1678 1490 rei
1707 1445 1906 1504 publicae
1934 1458 2086 1503 pro—⁴5

247 1528 481 1579 sperarent,
513 1521 684 1565 modica
706 1521 761 1565 de
781 1522 974 1566 moribus
994 1521 1280 1566 adulescentis
1301 1537 1444 1581 neque
1465 1523 1507 1564 in
1531 1521 1683 1565 falsum
1712 1528 1837 1565 aucta
1864 1519 2036 1564 rettulit.

250 1609 350 1640 esse
379 1595 438 1639 illi
469 1597 695 1654 coniugem
725 1603 767 1640 et
795 1604 882 1641 tres
911 1597 1071 1641 liberos
1101 1611 1285 1655 eamque
1316 1605 1498 1642 aetatem
1527 1611 1612 1656 qua
1643 1598 1735 1655 ipse
1764 1596 1982 1655 quondam
2010 1610 2036 1639 a

250 1670 350 1715 divo
371 1673 559 1728 Augusto
588 1671 644 1715 ad
665 1658 979 1730 capessendum
1009 1672 1092 1716 1100
1121 1687 1276 1716 1111111115
1304 1680 1481 1718 vocatus
1510 1673 1576 1716 sit.
1622 1687 1764 1731 neque
1793 1686 1906 1715 nunc
1934 1685 2035 1730 pro-

246 1760 370 1805 pere,
415 1745 492 1790 sed
534 1760 613 1804 per
642 1754 738 1791 octo
774 1761 909 1791 annos
939 1755 1063 1806 capto
1093 1748 1404 1806 experimento,
1443 1748 1704 1806 compressis
1738 1746 2033 1798 seditionibus,

211 1847 217 1848 ⁷
247 1822 495 1880 compositis
531 1821 672 1871 bellis,
713 1822 1012 1881 triumphalem
1041 1830 1084 1867 et
1111 1823 1179 1867 bis
1209 1823 1441 1874 consulem,
1478 1824 1565 1867 noti
1595 1822 1755 1867 laboris
1783 1823 2086 1881 participemso

246 1898 370 1941 sumi.
416 1897 497 1954 (57)
518 1905 829 1956 praeceperant
848 1899 1000 1941 animis
1020 1885 1257 1942 orationem
1275 1906 1444 1957 patres;
1475 1913 1563 1957 quo
1583 1898 1819 1956 quaesitior
1847 1897 2034 1941 adulatio

309 2004 343 2038 4.
366 2005 448 2038 haec
472 2005 565 2038 nobis
592 2005 629 2037 in
656 2005 801 2038 maiores
821 2007 1008 2039 certamina
1029 2007 1251 2040 Vertranius:
1283 2007 1365 2039 haec
1386 2006 1479 2039 nobis
1498 2007 1643 2039 maiores
1663 2007 1849 2039 certamina
1871 2007 1924 2044 Μ;
1955 2006 2037 2038 haec

245 2061 338 2094 nobis
357 2061 523 2094 maiores:
550 2063 736 2094 certamina
756 2062 996 2102 Boxhornius3
1026 2063 1107 2096 haec
1128 2063 1221 2095 nobis
1251 2063 1415 2105 [maiores]
1439 2064 1625 2096 certamina
1646 2062 1888 2096 Schneidewin
1912 2063 1957 2103 (in
1981 2063 2037 2094 in-

246 2117 325 2151 dice
348 2116 459 2151 schol.
484 2118 634 2159 Gotting.
652 2118 776 2151 aestiv.
796 2127 829 2151 a.
847 2117 965 2159 4844);
989 2119 1070 2151 haec
1090 2119 1184 2151 nobis
1205 2120 1367 2152 adversus
1387 2120 1532 2152 maiores
1547 2118 1637 2161 (coll.
1653 2120 1686 2159 2,
1704 2119 1758 2152 36.
1782 2121 1864 2160 Agr.
1882 2119 1914 2152 9.
1939 2119 2033 2151 Orat.

245 2173 299 2215 36)
323 2174 495 2213 Ritterus;
519 2174 600 2207 haec
620 2183 700 2213 nos,·
722 2174 817 2206 nobis
836 2174 1001 2207 maiores:
1024 2176 1210 2208 certamina
1230 2175 1446 2218 Nipperdey.
1468 2194 1503 2199 —
1523 2175 1555 2208 6.
1573 2178 1800 2208 αοειιεεαιονοε
1814 2176 1847 2208 Μ
1866 2193 1903 2199 -
1920 2175 1954 2208 7.
1971 2175 2037 2207 tri-

245 2230 408 2263 bunitiam
419 2231 453 2263 Μ
468 2248 503 2253 -
522 2230 554 2263 8.
568 2229 779 2263 uocabulum
793 2249 827 2254 —
844 2230 897 2265 44.
911 2232 1060 2265 admovit
1070 2231 1238 2266 Halmius.
1257 2251 1291 2257 -—
1310 2233 1363 2266 46.
1376 2233 1490 2265 retulit
1501 2233 1534 2266 Μ
1548 2251 1585 2256 -
1603 2233 1658 2266 24.
1672 2241 1801 2274 quoque
1813 2233 1911 2264 sitior
1920 2240 1974 2274 pr.
1988 2232 2033 2264 Μ.

246 2317 396 2350 honesto
419 2318 495 2350 orta
520 2318 554 2358 (1.
572 2327 605 2350 0.
629 2317 826 2351 modestiae
849 2327 892 2351 ac
914 2319 1117 2361 temperan-

247 2366 330 2407 tiae)
343 2375 451 2408 quam
467 2366 588 2399 bonam
602 2368 857 2400 aemulationem
871 2371 975 2401 vocat
991 2369 1045 2409 43,
1058 2369 1113 2402 54.

247 2416 302 2449 Ad
323 2424 430 2449 usum
451 2418 722 2459 praepositionis
744 2419 781 2450 in
803 2418 847 2450 cf.
871 2417 905 2459 4,
931 2419 990 2451 44;
1015 2419 1118 2451 insita

247 2467 283 2499 in
305 2468 483 2498 atr-aneos
502 2468 721 2500 cunctatione.
761 2468 814 2507 42,
840 2468 878 2500 6:
915 2477 1003 2500 nova
1025 2469 1118 2501 nobis

246 2516 283 2548 tn
296 2515 444 2556 fratmm
456 2515 546 2557 filias
559 2517 725 2558 coniugia.
751 2516 798 2549 ad
818 2518 1028 2550 sententiam
1045 2517 1118 2550 Sal-

246 2564 327 2598 lust.
352 2565 425 2606 lug.
453 2564 492 2598 4:
529 2566 602 2606 quis
627 2569 675 2598 est
701 2567 849 2599 omnium
879 2567 930 2599 his
957 2566 1117 2607 moribus,

247 2615 329 2656 quin
350 2615 474 2647 ditati-‘s
495 2618 526 2647 et
539 2615 732 2657 sumptibus,
755 2625 823 2648 non
836 2617 1001 2657 probitate
1013 2625 1120 2658 neque

246 2665 416 2697 tuamet-ia
436 2673 514 2697 cum
534 2666 717 2698 maioribus
737 2666 807 2698 suis
827 2667 1031 2699 contendat?

291 2715 347 2747 56.
378 2717 576 2755 potestatem
608 2716 839 2758 tribuniciam]
875 2717 1047 2758 signatam
1083 2717 1116 2749 in

247 2764 351 2797 Drusi
374 2765 531 2797 nummis
553 2764 683 2798 Eckhel
699 2766 761 2803 VI,
779 2775 814 2808 p.
832 2766 1014 2808 2035111111.
1033 2775 1064 2798 ν.
1083 2775 1115 2799 0.

248 2813 418 2846 DRVSVS
439 2813 613 2847 CAESAR.
640 2815 689 2847 TI.
714 2816 812 2848 AVG.
837 2816 874 2848 F.
900 2817 1002 2848 DIVI.
1018 2816 1116 2849 AVG.

250 2863 293 2896 N.
317 2863 481 2896 PONTIF.
508 2864 672 2898 TRIBVN.
697 2865 865 2898 POTEST.
889 2866 997 2898 ITER.
1022 2866 1058 2898 S.
1081 2866 1116 2898 C.

252 2930 289 2936 —
304 2913 502 2946 vocabulum
515 2914 681 2956 Anyti-stus
699 2915 856 2957 repperit]
881 2916 966 2948 Rem
990 2917 1115 2958 ipsam,

249 2971 320 2995 non
349 2961 505 3002 titulum,
537 2964 608 2996 iam
639 2963 746 2997 11111115
769 2965 901 2997 Caesar
927 2964 995 2997 sibi
1018 2974 1119 2998 sum-

249 3013 371 3054 pserat
392 3013 483 3045 teste
499 3014 610 3045 Dione
626 3013 681 3049 42,
699 3014 760 3046 20:
785 3012 856 3055 τήν
877 3023 918 3046 τε
937 3012 1118 3056 ἐξουσίαν

249 3059 325 3093 τῶν
348 3059 558 3108 δημάρχων
579 3060 643 3095 διὰ
662 3062 766 3103 βίου,
786 3060 840 3104 ὥς
853 3065 985 3103 εἰπεῖν,
1002 3074 1119 3110 προσ-

249 3111 373 3145 έθετο.
410 3111 461 3144 Cf.
489 3114 520 3150 4,
544 3113 577 3145 2.
612 3130 651 3136 -
678 3114 913 3154 praemineret]
943 3115 1031 3146 Nam
1055 3115 1119 3146 tri-

249 3160 382 3194 tribuni
411 3160 525 3203 plebis
555 3164 774 3195 sacrosancti
796 3165 897 3195 erant
919 3165 955 3195 et
976 3172 1042 3204 per
1063 3166 1118 3195 in-

248 3212 379 3244 victam
400 3212 663 3244 intercessionem
684 3220 787 3245 suam
810 3213 844 3245 in
868 3213 1006 3244 civitate
1034 3212 1117 3245 oiim

248 3261 493 3302 potentissimi.
513 3262 639 3293 Duum.
664 3261 821 3294 Verbum
838 3263 1047 3302 praeminere
1061 3262 1118 3295 vel

245 3311 474 3350 praeeminere
507 3312 587 3352 post
616 3312 811 3352 Augustum
841 3312 1002 3353 usurpari
1032 3320 1118 3344 coe·
1162 3334 1165 3336 >

250 3361 350 3401 ptum
382 3362 448 3393 est.
483 3360 535 3393 Cf.
562 3362 621 3399 42,
647 3362 701 3393 42.
726 3361 780 3393 33.
813 3362 867 3401 45,
891 3361 946 3394 34.
981 3362 1116 3395 Seneca

252 3408 417 3443 Controv.
441 3411 474 3450 4,
498 3409 536 3443 4:
566 3410 753 3450 Albucium,
777 3412 835 3452 qui
856 3411 994 3444 Graecis
1011 3420 1118 3452 prae-

1164 2320 1294 2353 eminet.
1323 2338 1358 2344 -
1389 2321 1436 2353 M.
1462 2320 1495 2352 d.
1519 2320 1705 2361 Agrippam
1731 2319 1856 2352 socium
1883 2319 1953 2351 eius
1971 2328 2036 2360 po-

1163 2369 1299 2410 testatis]
1322 2378 1414 2402 auno
1437 2378 1473 2401 11.
1492 2378 1524 2402 0.
1541 2369 1617 2402 736.
1643 2369 1694 2402 Cf.
1713 2370 1777 2402 Dio
1794 2369 1848 2405 54,
1868 2370 1920 2402 42.
1945 2369 2037 2401 Ver-

1164 2418 1253 2452 bum
1283 2419 1401 2462 deleyic
1430 2420 1488 2452 hic
1514 2418 1754 2461 supplendum
1778 2421 1834 2452 est
1855 2427 1898 2451 ex
1922 2428 2036 2452 enun-

1165 2471 1309 2503 tiatione
1332 2479 1426 2512 quae
1449 2470 1611 2511 sequitur
1632 2469 1789 2502 relativa.
1817 2469 1868 2502 Cf.
1894 2469 1947 2507 43,
1974 2470 2031 2501 ⁴5:

1163 2521 1274 2562 Iaitur
1305 2520 1421 2552 ceteris
1453 2520 1586 2552 diversa
1614 2529 1673 2552 nec
1701 2519 1857 2552 ruborem
1885 2520 2037 2551 allatura

1167 2570 1309 2610 (iussit)t
1343 2569 1398 2602 ubi
1429 2570 1623 2602 Britannico
1650 2570 1745 2601 iussit
1766 2572 1944 2611 exurgeret
1965 2570 2033 2601 cet.

1165 2620 1207 2652 Iu
1240 2620 1396 2652 nummis
1425 2619 1520 2660 apud
1548 2619 1679 2652 Eckhel
1702 2619 1759 2651 VI.
1795 2628 1830 2661 p.
1857 2619 1919 2651 462
1946 2619 2036 2651 haec

1167 2669 1243 2702 eius
1272 2668 1458 2701 tribunicia
1487 2671 1646 2711 potestas
1668 2678 1739 2702 non
1763 2669 1938 2710 signatur,
1971 2668 2035 2700 sed

1166 2719 1201 2750 in
1225 2717 1323 2750 titulo
1347 2719 1523 2751 Laconico
1547 2719 1652 2760 Corp.
1678 2719 1788 2751 Inscr.
1807 2720 1863 2750 Gr.
1882 2728 1917 2751 n.
1936 2718 2033 2750 4299.

1168 2769 1289 2808 (Inscr.
1322 2769 1410 2800 Latt.
1439 2777 1475 2800 u.
1499 2768 1611 2808 5367.)
1637 2785 1674 2791 —
1710 2769 1883 2810 coniugem
1912 2771 1944 2800 et
1971 2771 2037 2799 tres

1166 2816 1301 2858 liberos]
1326 2816 1377 2849 Cf.
1401 2818 1442 2857 2,
1466 2817 1521 2850 84.
1548 2835 1583 2840 -
1609 2826 1750 2857 eamque
1771 2816 1930 2858 aetatem]
1960 2817 2037 2858 Egit

1167 2875 1253 2908 ergo
1281 2867 1416 2899 Drusus
1445 2868 1529 2899 tunc
1560 2867 1777 2908 trigesimum
1808 2869 1948 2900 sextum
1970 2875 2036 2900 au-

1168 2925 1265 2948 num.
1302 2917 1390 2948 Nam
1422 2915 1582 2948 Tiberius
1611 2918 1714 2949 natus
1744 2919 1800 2949 est
1822 2918 1858 2949 L.
1883 2917 2035 2949 Munatio

1167 2965 1295 2998 Planco
1325 2965 1370 2997 Μ.
1395 2965 1527 3007 Lepido
1556 2966 1684 3011 iterum
1715 2975 1806 2999 coss.
1839 2974 1870 2997 a.
1895 2975 1930 2998 u.
1955 2966 2032 2998 742.

1166 3018 1194 3047 Α
1217 3023 1288 3056 quo
1319 3014 1376 3047 die
1403 3016 1486 3048 anui
1514 3016 1622 3048 medii
1647 3017 1783 3057 triginta
1816 3024 1877 3048 sex
1901 3014 1946 3047 ad
1970 3016 2034 3048 tri-

1166 3064 1344 3096 buniciam
1373 3065 1448 3098 eius
1476 3067 1707 3107 potestatem,
1738 3074 1829 3106 quae
1859 3064 1974 3097 delata
1997 3074 2031 3098 a.

1167 3122 1203 3145 u.
1227 3114 1303 3147 748.
1328 3115 1415 3146 ers.
1441 3132 1476 3138 —-
1514 3116 1708 3156 compressis
1728 3114 1948 3157 seditionibus]
1978 3115 2030 3148 Cf.

1168 3165 1199 3203 4,
1216 3163 1259 3196 24
1282 3172 1361 3205 sqq.
1381 3181 1418 3188 -
1443 3166 1630 3206 compositis
1650 3164 1750 3206 bellis]
1775 3164 1826 3196 Cf.
1844 3165 1876 3202 2,
1894 3163 1936 3197 44
1950 3173 2030 3207 sqq.

1169 3230 1205 3235 —
1230 3213 1479 3256 triumphalem]
1505 3214 1555 3247 Cf.
1581 3215 1614 3254 3,
1640 3214 1692 3246 49.
1717 3232 1761 3237 -
1786 3213 1835 3246 bis
1854 3214 2031 3256 consulem]

1166 3263 1266 3296 aunis
1289 3271 1325 3295 11.
1350 3264 1414 3296 768
1437 3266 1474 3296 et
1495 3263 1571 3296 774.
1596 3263 1647 3296 Cf.
1674 3264 1705 3302 4,
1731 3264 1785 3295 55.
1809 3263 1842 3302 3,
1867 3263 1921 3296 34.

1208 3313 1263 3344 57.
1288 3316 1531 3354 praeceperant
1558 3312 1679 3344 animis
1700 3313 1884 3345 orationem
1904 3314 2031 3356 patres]

1166 3362 1386 3403 Significatnr
1406 3363 1573 3404 principis
1595 3362 1706 3394 oratio
1725 3370 1790 3403 per
1804 3365 2030 3404 quaestorem

1165 3412 1242 3445 eius
1261 3412 1306 3445 de
1321 3413 1452 3454 scripto
1468 3412 1625 3445 recitata.
1651 3411 1703 3444 Cf.
1722 3411 1777 3452 46,
1793 3412 1853 3445 27:
1876 3414 2031 3446 exoratio
