2254 3770
651 319 807 362 LIBER
839 318 870 361 I.
930 317 1031 375 Cap.
1062 316 1129 360 43.
1162 315 1228 360 44.
1261 315 1325 359 45.
1356 315 1423 360 46.
1874 313 1927 358 49

149 425 287 470 decim
315 413 565 475 nominavit,
595 437 823 467 numerum
853 423 906 467 ab
936 423 1126 481 Augusto
1156 421 1377 476 traditum3
1410 427 1452 466 et
1478 421 1674 466 hortante
1704 428 1853 466 senatu
1883 427 1930 465 ut

149 505 342 559 augeret.
382 500 476 543 iure
506 498 687 543 iurando
717 498 940 543 obstrinxit
969 512 1016 542 se
1046 512 1131 542 non
1162 511 1454 542 excessurum.
1514 497 1596 554 (⁴5)
1625 503 1715 541 tum
1744 494 1930 555 primum

148 589 174 620 e
201 588 353 632 campo
383 575 552 619 comitia
581 574 635 618 ad
665 580 809 633 patres
838 573 1039 618 translata
1067 580 1186 617 sunt:
1216 587 1314 617 nam
1344 573 1397 617 ad
1419 587 1515 618 eam
1535 573 1666 620 diem.
1698 573 1775 617 etsi
1797 573 1931 631 potis-

147 649 254 694 sima
283 649 456 694 arbitrio
484 649 710 708 principis,
750 648 964 708 quaedam
993 655 1133 692 tamen
1163 648 1314 692 studiis
1343 648 1531 692 tribuum
1558 648 1728 693 fiebant.
1786 662 1930 706 neque

145 724 331 783 populus
361 725 606 783 ademptum
635 725 702 768 ius
732 731 911 783 questus
942 731 1007 768 est
1040 724 1122 768 nisi
1159 724 1271 768 inani
1302 738 1491 775 rumore,
1531 730 1573 768 et
1601 730 1775 768 senatus
1803 723 1963 782 largi-5

146 799 333 844 tionibus
363 813 414 844 ac
442 800 644 858 precibus
674 799 860 844 sordidis
891 799 1110 844 exsolutus
1140 799 1278 844 libens
1308 800 1458 851 tenuit,
1490 799 1740 844 moderante
1762 799 1931 843 Tiberio

148 889 202 919 ne
222 874 367 933 plures
387 889 517 933 quam
537 882 736 934 quattuor
756 875 1005 920 candidatos
1025 875 1363 927 commendaret,
1395 875 1487 919 sine
1515 874 1688 933 repulsa
1709 881 1752 919 et
1770 874 1932 919 ambitu

148 949 448 1008 designandos.
498 951 608 995 inter
636 965 749 1010 quae
780 951 936 995 tribuni
966 950 1107 1009 plebei
1137 951 1329 1010 petivere
1359 957 1405 994 ut
1432 952 1607 1008 proprio
1637 957 1807 1008 sumptu
1829 950 1933 995 ede-

149 1033 245 1070 rent
271 1025 415 1078 ludos,
454 1026 527 1084 qui
563 1026 619 1071 de
648 1026 820 1070 nomine
850 1026 1026 1083 Augusti
1066 1026 1184 1070 fastis
1220 1025 1350 1070 additi
1380 1025 1633 1084 Augustales
1662 1032 1930 1070 vocarentur.

150 1101 230 1146 sed
249 1101 422 1148 decreta
443 1102 625 1160 pecunia
655 1116 708 1146 ex
737 1102 924 1154 aerario,
955 1108 1088 1160 utque
1117 1115 1196 1160 per
1225 1102 1387 1146 circum
1414 1101 1656 1160 triumphali
1687 1108 1807 1146 veste
1838 1107 1981 1145 ute-⁴0

150 1183 313 1221 rentur:
345 1191 471 1221 curru
492 1177 591 1221 vehi
619 1176 723 1221 haut
750 1177 1020 1235 permissum.
1050 1190 1150 1221 mox
1179 1176 1409 1221 celebratio
1440 1190 1580 1221 annua
1608 1177 1660 1221 ad
1688 1184 1930 1235 praetorem

150 1252 371 1304 translata,
403 1253 471 1297 cui
500 1255 611 1297 inter
638 1253 753 1297 cives
784 1261 827 1297 et
854 1253 1105 1311 peregrinos
1134 1251 1371 1296 iurisdictio
1400 1254 1625 1297 evenisset.

263 1328 345 1385 (46)
384 1328 463 1372 Hic
499 1341 645 1372 rerum
679 1328 941 1373 urbanarum
978 1335 1112 1373 status
1150 1334 1261 1380 erat,
1304 1341 1400 1372 cum
1435 1327 1701 1373 Pannonicas
1738 1326 1930 1386 legiones

192 1460 226 1494 3.
250 1470 384 1503 ecampo
405 1461 552 1495 iunctim
574 1461 609 1495 M
625 1479 662 1485 —
686 1460 720 1495 4.
743 1461 873 1503 scebant
893 1462 927 1495 M
945 1479 981 1485 —
998 1462 1031 1495 5.
1050 1465 1205 1503 quaestus
1218 1461 1253 1495 M
1270 1479 1306 1485 —
1331 1461 1365 1494 6.
1376 1458 1496 1502 ficibus
1517 1461 1551 1494 M
1569 1478 1605 1485 —
1630 1461 1663 1494 7.
1687 1469 1729 1494 ne
1748 1464 1932 1502 praeturae

147 1517 261 1558 plures
273 1517 487 1560 Nipperdey.
505 1534 542 1541 —
568 1518 622 1550 44.
638 1515 732 1550 anna
755 1518 790 1551 M
813 1518 961 1559 (manua
974 1516 1030 1551 vel
1045 1526 1213 1551 annuum»
1237 1517 1389 1559 margo„
1414 1525 1531 1550 annua
1550 1525 1626 1550 eum
1639 1516 1827 1560 Kiessling;
1853 1518 1933 1559 [an-

148 1573 240 1617 num]
263 1573 483 1616 Nipperdey3
504 1577 579 1616 post
600 1583 728 1607 annum
749 1575 878 1608 Haase.

152 1700 456 1752 ῥητορικωτέρως
478 1705 526 1739 ib.
548 1706 627 1739 ⁴26:
652 1709 817 1739 summota
837 1715 855 1739 e
876 1706 950 1748 soro
965 1715 1018 1739 se-

153 1755 252 1796 ditio,
288 1755 423 1789 ambitio
451 1765 580 1797 campo.
610 1774 644 1781 -
676 1757 849 1798 potissima
878 1756 1019 1789 arbitrio

150 1806 329 1846 principis,
354 1807 518 1847 quaedam
540 1810 650 1839 tamen
673 1806 757 1849 cet.]
780 1807 924 1840 Sueton.
941 1807 1016 1839 Oct.

154 1855 213 1888 56:
228 1856 371 1897 ‘Quoties
385 1855 586 1898 (Augustus)
607 1857 867 1899 maaistratuum
880 1857 1021 1890 comitiis

154 1905 337 1946 interesset,
369 1906 475 1939 tribus
494 1915 570 1939 cum
590 1907 779 1940 candidatis
806 1908 874 1940 sais
895 1906 1020 1939 circui-

154 1954 230 1996 bat,
253 1956 524 1998 supplicabatque
543 1966 636 1990 more
657 1957 792 1991 solenni.
831 1956 969 1990 Fer-ebat
989 1959 1021 1989 et

151 2006 221 2047 ipse
241 2007 442 2049 wffraqium
462 2007 498 2040 in
513 2007 677 2049 tribubus,
700 2011 738 2040 at
751 2016 839 2040 anas
853 2016 871 2041 e
879 2007 1015 2049 populo.

152 2073 197 2080 —
218 2059 378 2096 quattuor
399 2057 603 2101 candidatos]
634 2059 841 2100 praeturae,
866 2066 887 2090 e
911 2066 1019 2100 quae-

152 2105 305 2140 storibus
320 2106 568 2149 designandos.
603 2106 757 2141 Velleius
779 2108 819 2149 2,
846 2106 927 2141 ⁴24:
954 2116 1019 2148 qao

151 2159 296 2198 mpure
315 2157 395 2190 mihi
416 2157 583 2199 fratrique
608 2166 699 2198 meo,
734 2158 1019 2191 candidatis

152 2205 366 2248 Caesaris,
392 2208 549 2248 prowm
570 2217 594 2241 a
613 2208 822 2241 nobilissimis
843 2216 884 2241 ac
905 2216 1029 2251 eamr

152 2256 314 2289 dotalibus
339 2258 423 2290 vir-is
452 2258 613 2291 destinari
636 2258 848 2300 praetoribus
869 2258 1016 2301 contigit.

152 2306 217 2339 Dio
239 2306 300 2347 58,
324 2307 367 2340 20
389 2309 579 2350 postquam
602 2307 705 2348 dixit,
737 2317 807 2351 quo
830 2307 937 2341 modo
960 2308 1018 2341 Ti-

152 2354 274 2389 berins
302 2356 339 2388 in
368 2356 593 2399 designandis
622 2357 827 2391 consulibus
855 2358 1017 2391 versatus

153 2406 267 2444 esset,
290 2406 337 2438 ita
353 2407 486 2448 pergit:
510 2405 586 2439 τῶν
607 2405 649 2440 δὲ
670 2404 718 2451 δὴ
735 2408 800 2440 καὶ
814 2404 884 2449 τὰς
898 2402 1018 2448 ἄλλας

152 2450 277 2501 ἀρχὰς
306 2453 516 2489 αἰτούντων
546 2453 737 2502 ἐξελέγετο
761 2452 881 2499 ὅσους
902 2453 1018 2501 ἤθελε

152 2505 219 2538 καὶ
239 2504 348 2547 σφᾶς
364 2504 405 2547 ἐς
418 2502 464 2538 τὸ
480 2504 678 2565 συνέδριον
698 2507 900 2550 ἐσέπεμπε,
925 2502 1017 2547 τοὺς

151 2553 225 2598 μὲν
254 2551 437 2597 συνιστὰς
466 2552 569 2600 αὐτῷ
603 2556 726 2604 (οἷπερ
754 2553 830 2591 ὑπὸ
866 2553 1017 2590 πάντων

152 2600 349 2651 ᾑροῦντο),
373 2602 464 2647 τοὺς
485 2603 527 2639 δὲ
548 2605 611 2640 ε’πί
631 2616 673 2640 τε
686 2609 770 2649 τοῖς
784 2604 1018 2649 δικαιώμασι

152 2654 218 2687 καὶ
239 2653 301 2688 ἐπὶ
323 2653 370 2703 τῇ
394 2651 583 2701 ὁμολογίᾳ
605 2654 658 2701 τῷ
681 2666 723 2690 τε
739 2655 867 2705 κλήρῳ
883 2654 1018 2690 ποιού-

150 2713 279 2747 μενος.
308 2723 342 2730 -
368 2705 573 2750 Aumsstales]
595 2706 796 2749 Augustalia
812 2705 1018 2750 (AVGVST.)

151 2754 209 2787 IV.
243 2754 295 2787 Id.
320 2755 461 2788 Octobr.
486 2759 731 2790 memorantur
750 2758 787 2791 in
809 2756 1018 2790 Kalendario

151 2803 391 2838 Maffaeiorum
406 2806 526 2845 (inscr.
540 2807 578 2839 L.
592 2807 634 2840 11.
649 2816 685 2849 p.
695 2807 785 2849 400),
801 2807 908 2840 LVDI
918 2806 1016 2840 AVG.

152 2853 440 2888 vn.1d.oct.in
456 2855 566 2889 Fastis
581 2857 764 2891 Antiatinis
789 2858 856 2899 (ΠΙ.
873 2866 909 2899 p.
926 2856 1015 2897 284).

153 2905 218 2937 Dio
240 2903 300 2944 54,
326 2904 386 2938 34:
424 2902 473 2938 τὰ
505 2904 547 2940 δὲ
580 2903 628 2950 δὴ
662 2902 950 2952 Αὖγουστάλια,
990 2904 1016 2939 ἃ

152 2953 218 2986 καὶ
258 2951 328 2987 νῦν
366 2949 519 2998 ἄγεται,
563 2954 652 2990 τότε
696 2958 748 2999 (a.
787 2957 868 2998 743)
914 2954 1018 3004 πρῶ-

152 3012 221 3036 τον
249 3002 292 3036 ἐκ
320 3001 513 3048 δόγματος
538 3004 731 3051 ἐτελέσθη.
779 3007 886 3040 «Vivo
910 3008 1016 3040 etiam

153 3054 309 3094 Augusto
338 3053 440 3089 ludos
468 3057 505 3088 in
534 3056 610 3090 eius
639 3057 815 3091 honorem
845 3055 1017 3090 celebrari

154 3101 273 3137 solitos
295 3103 438 3138 tradunt
459 3106 602 3139 sueton.
627 3106 702 3140 Oct.
720 3107 774 3140 57.
808 3107 873 3140 Dio
895 3107 950 3147 54,
975 3106 1016 3139 49

156 3154 191 3185 et
212 3153 267 3186 20.
303 3153 365 3195 54,
396 3155 449 3187 40.
473 3155 529 3188 26.
555 3155 607 3188 30.
633 3155 687 3189 34.
723 3157 782 3196 55,
806 3157 839 3189 6.
874 3156 935 3197 56,
959 3155 1015 3188 29.

156 3201 350 3244 [AVGVSTI
371 3204 560 3237 NATALIS.
590 3205 698 3238 LVDI
721 3205 825 3238 CIRC.
853 3205 910 3238 IX.
942 3203 1015 3237 Kal.

156 3251 230 3284 Oct.
259 3253 368 3286 Inscr.
403 3254 491 3286 Latt.
521 3255 564 3287 11.
600 3262 636 3296 p.
667 3254 756 3297 398]
801 3255 902 3288 Nunc
931 3262 1017 3287 vero

123 3337 126 3340 ,
156 3299 286 3334 tribuni
309 3303 449 3345 petunt,
472 3304 513 3336 ut
533 3301 605 3336 ludi
626 3302 674 3336 illi
697 3305 733 3336 et
747 3305 829 3346 post
843 3304 907 3337 viri
926 3312 1021 3338 mor-

158 3350 231 3383 tem
253 3352 500 3385 continuentur
526 3354 562 3387 et
590 3355 771 3395 tamqnam
799 3353 868 3386 deo
891 3361 1019 3387 conse-

160 3399 264 3440 crati,
292 3400 389 3435 tastis
411 3401 538 3442 additi,
569 3403 756 3445 quotannis
778 3401 1016 3437 celebrentur.

161 3446 248 3480 Hinc
277 3449 383 3484 etiam
410 3450 476 3484 Dio
497 3451 558 3494 56,

1067 1704 1131 1738 alia
1165 1705 1201 1738 in
1233 1705 1406 1739 honorem
1444 1705 1515 1738 divi
1525 1705 1693 1764 Augusti
1730 1705 1929 1746 constituta,

1067 1754 1165 1788 addit
1186 1755 1371 1788 decretum
1394 1763 1493 1797 esse,
1519 1748 1623 1796 ὅπως
1644 1752 1692 1788 τὰ
1707 1751 1932 1799 Αὖγουστά-

1066 1803 1131 1837 λια
1167 1805 1208 1837 οἱ
1241 1802 1459 1861 δήμαρχοι,
1506 1800 1559 1846 ὥς
1593 1805 1659 1838 καὶ
1698 1805 1932 1864 ἱεροπρεπεῖς

1067 1865 1192 1897 οντες,
1216 1852 1426 1888 διατιθῶσι.
1465 1854 1541 1888 Καὶ
1574 1855 1615 1887 οἱ
1643 1854 1715 1898 μὲν
1741 1853 1789 1888 τὰ
1818 1851 1929 1897 ἄλλα,

1067 1900 1196 1962 ὥσπερ
1206 1903 1333 1939 εἰώθει
1336 1906 1554 1967 γίγνεσθαι,
1578 1900 1759 1953 επραξαν,
1779 1906 1846 1939 καὶ
1859 1903 1933 1953 γὰρ

1066 1953 1113 2003 τῇ
1144 1954 1279 1999 ἐσθῆτι
1306 1954 1353 2004 τῇ
1370 1956 1542 2013 ἐπινικίᾳ
1569 1955 1610 1989 ἐν
1637 1954 1684 2004 τῆ
1709 1954 1932 2015 ἱπποδρόμῳ

1066 2004 1300 2053 ἐχρήσαντο,
1336 2001 1382 2040 οὗ
1408 2007 1542 2051 μέντοι
1569 2006 1634 2039 καὶ
1662 2004 1731 2040 τοῦ
1761 2003 1934 2054 ἅρματος

1066 2055 1294 2100 ἐπέβησαν.»
1306 2058 1491 2091 wan-nnn.
1508 2058 1626 2090 Novus
1639 2056 1815 2099 designari
1830 2056 1934 2091 ludos

1066 2106 1102 2139 in
1135 2107 1308 2140 honorem
1338 2108 1622 2149 memoriamque
1653 2108 1798 2150 Augusti
1822 2107 1934 2141 eden-

1067 2156 1132 2190 dos
1161 2157 1337 2191 indicatur
1358 2157 1477 2191 verbis
1498 2157 1595 2200 fastis
1619 2158 1725 2191 additi
1755 2159 1791 2191 et
1813 2167 1845 2191 c.
1870 2156 1930 2191 54:

1065 2211 1143 2240 tunc
1161 2208 1311 2249 primam
1332 2207 1448 2248 coepti.
1483 2207 1572 2241 Hinc
1594 2209 1692 2241 reete
1716 2207 1850 2241 dictum
1872 2216 1934 2240 vo-

1065 2261 1242 2299 carentur,
1273 2266 1342 2291 non
1373 2265 1438 2300 pro
1466 2261 1649 2299 vocantur,
1680 2258 1720 2291 ut
1746 2257 1869 2291 similia
1896 2258 1933 2290 in

1066 2308 1223 2341 oratione
1240 2306 1394 2350 obliqua.
1419 2307 1575 2340 nupturi.
1595 2324 1631 2331 -
1649 2308 1780 2341 decreta
1790 2308 1935 2349 pecunia

1066 2366 1110 2390 ex
1132 2357 1279 2399 aerario]
1303 2366 1368 2398 ne,
1399 2357 1428 2390 si
1449 2357 1594 2399 proprio
1617 2358 1760 2400 sumptu
1783 2357 1935 2391 ederent

1066 2406 1188 2446 ludos,
1214 2407 1362 2440 nimium
1383 2406 1541 2439 favorem
1564 2406 1658 2448 apud
1680 2406 1850 2450 populum
1865 2406 1933 2440 sihi

1067 2455 1308 2490 conciliarent.
1335 2474 1372 2480 -
1406 2465 1511 2489 curm
1531 2457 1604 2489 vehi
1623 2457 1706 2489 haut
1722 2456 1932 2499 pov-misam]

1066 2515 1111 2540 ne
1134 2506 1265 2540 tribuni
1287 2505 1334 2549 pl.
1360 2507 1599 2548 aequarentur
1620 2496 1861 2549 praetoribus,
1886 2506 1932 2540 de

1066 2555 1197 2599 quibus
1224 2556 1414 2590 cf.1uven.
1439 2556 1493 2597 40,
1518 2555 1572 2589 36.
1608 2557 1662 2597 44,
1688 2556 1763 2590 494.
1802 2556 1932 2590 Plinius

1066 2608 1108 2640 N.
1132 2607 1175 2640 Η.
1200 2605 1255 2646 34,
1281 2605 1301 2649 5
1323 2606 1384 2639 20:
1418 2615 1486 2638 non
1505 2609 1597 2639 votas
1618 2609 1650 2639 et
1671 2605 1826 2648 bigarum
1847 2607 1932 2640 eele-

1066 2656 1175 2690 bratio
1196 2656 1232 2689 in
1252 2657 1311 2696 iis,
1336 2655 1395 2698 qui
1413 2659 1578 2697 praetura
1598 2655 1704 2697 functi
1725 2665 1830 2689 curm
1848 2656 1933 2689 vecti

1066 2710 1169 2740 essent
1187 2715 1250 2747 per
1269 2706 1407 2739 circum.
1433 2722 1470 2729 -
1495 2705 1669 2739 celebratio
1690 2706 1816 2749 annua]
1839 2707 1929 2740 Ann.

1067 2758 1128 2797 44,
1153 2757 1213 2790 22:
1249 2755 1471 2797 spectaculum
1491 2755 1717 2797 gladiator-mn
1738 2765 1802 2797 per
1822 2765 1932 2789 omnes

1066 2814 1172 2838 annos
1206 2805 1446 2839 ceum-andam.
1494 2804 1555 2845 44,
1592 2805 1656 2837 42ε
1695 2808 1795 2847 utque
1825 2807 1931 2847 Quin-

1066 2860 1224 2899 quatrus,
1249 2856 1366 2897 quibas
1386 2857 1523 2896 apertae
1544 2855 1684 2888 insidiae
1701 2859 1821 2896 essent,
1845 2856 1932 2888 ludis

1065 2906 1187 2939 annuis
1219 2905 1513 2938 celebraret-entur.
1558 2905 1670 2937 Annai
1701 2905 1770 2938 ludi
1803 2905 1930 2938 distin-

1064 2957 1219 2998 guuntur
1236 2963 1256 2987 a
1272 2952 1591 2997 quinquennalibus
1613 2954 1649 2988 et
1662 2954 1926 2988 decennalibus.

1069 3023 1104 3029 —
1118 3003 1282 3046 evenisset]
1302 3004 1419 3046 (sorte)
1435 3003 1651 3043 obvenisset,
1669 3004 1766 3045 quod
1776 3003 1928 3037 verbum

1065 3055 1133 3087 hac
1154 3054 1190 3086 in
1207 3061 1247 3086 re
1272 3052 1491 3096 frequentius
1514 3054 1581 3086 est.
1620 3052 1672 3086 Cf.
1696 3054 1785 3086 Anu.
1809 3053 1847 3095 3,
1871 3053 1926 3086 33.

1065 3103 1103 3144 4,
1130 3104 1184 3137 56.
1217 3104 1334 3145 Agric.
1360 3103 1393 3136 6.

1109 3203 1163 3236 46.
1196 3203 1405 3236 Pannonicas
1430 3203 1571 3246 legiones
1597 3203 1679 3245 cet]
1716 3203 1780 3235 Dio
1801 3203 1856 3243 57,
1880 3202 1926 3237 4:

1066 3249 1313 3311 ἐθορύβησαν
1335 3253 1401 3286 καὶ
1423 3252 1465 3285 οἱ
1477 3252 1518 3286 ἐν
1532 3251 1726 3296 Παννονίᾳ
1741 3250 1926 3309 στρατιῶ-

1065 3311 1148 3343 ται,
1179 3300 1307 3345 ἐπειδὴ
1329 3299 1494 3342 τάχιστα
1514 3299 1584 3344 τῆς
1612 3299 1680 3334 τοῦ
1702 3297 1925 3345 Αὐγούστου

1065 3350 1304 3396 μεταλλαγῆς
1316 3347 1508 3399 ᾔσθοντο,
1531 3351 1597 3384 καὶ
1612 3349 1859 3394 συνελθόντες
1873 3353 1928 3394 εἰς

1065 3398 1107 3435 ἓν
1128 3404 1256 3443 τεῖχος
1277 3402 1344 3435 καὶ
1364 3401 1488 3436 ἐκεῖνο
1509 3396 1789 3447 κρατυνάμενοι
1804 3399 1926 3435 πολλὰ

640 3453 872 3495 ,postquam
900 3451 1020 3486 retulit
1064 3451 1131 3485 καὶ
1146 3447 1400 3485 στασιαστικά
1413 3446 1592 3498 ἔπραξαν.
1618 3449 1670 3484 Cf.
1687 3451 1827 3485 sueton.
1847 3451 1922 3485 Tib.
