2254 3770
349 327 433 372 448

826 330 872 374 P.
903 329 1154 375 CORNELII
1184 330 1355 375 TACITI
1383 331 1653 376 ANNALIUM

351 437 484 496 inque
514 450 567 481 ea
597 436 855 482 contumelia
885 436 1044 482 detenti
1074 451 1155 482 nec
1183 437 1263 481 nisi
1295 437 1498 496 precibus
1527 438 1717 482 universi
1748 439 1961 483 exercitus
1983 438 2142 483 exoluti

351 519 461 556 sunt.
513 513 594 570 (37)
625 519 667 557 at
697 512 905 556 Tiridates
935 526 1067 571 super
1096 513 1293 571 proprias
1324 512 1543 557 clientelas
1568 527 1651 571 ope
1671 513 1869 571 Vologesi
1899 513 2038 559 fratris
2067 513 2144 558 ad-

351 588 482 640 iutus,
514 602 600 632 non
626 588 768 632 furtim
787 588 883 640 iam,
913 588 991 632 sed
1011 588 1152 646 palam
1172 588 1285 632 bello
1307 588 1519 632 infensare
1541 589 1793 641 Armeniam,
1814 603 2014 648 quosque
2033 588 2145 633 fidos

351 664 477 708 nobis
507 664 693 716 rebatur,
728 663 1001 722 depopulari,
1034 670 1077 707 et
1106 664 1142 707 si
1173 663 1324 722 copiae
1350 670 1498 708 contra
1518 664 1788 716 ducerentur,
1821 664 2009 716 eludere,
2041 664 2147 709 huo-

319 751 438 797 eque
468 745 511 783 et
548 738 648 783 illuc
676 738 858 783 volitans
896 738 1021 797 plura
1057 739 1169 783 fama
1198 753 1329 797 quam
1367 753 1511 797 pugna
1541 746 1770 784 exterrere.
1801 740 1930 798 igitur
1959 739 2146 784 Corbulo

351 814 548 874 quaesito
593 813 667 858 diu
711 813 877 872 proelio
919 814 1076 858 frustra
1121 813 1289 858 habitus
1334 821 1377 859 et
1415 815 1613 873 exemplo
1650 814 1837 859 hostium
1872 815 2148 860 circumferre

351 890 513 936 bellum
542 896 736 942 coactuS,
769 890 966 948 dispertit
993 890 1126 942 vires,
1159 897 1205 934 ut
1233 889 1361 947 legati
1390 891 1680 949 praefectique
1702 891 1898 935 diversos
1922 890 2043 936 locos
2069 904 2148 950 pa-

351 967 455 1011 riter
483 966 747 1010 invaderent.
792 964 919 1009 simul
949 979 1098 1024 regem
1125 964 1378 1010 Antiochum
1398 973 1544 1010 monet
1569 966 1785 1024 proximas
1805 967 1887 1010 sibi
1907 967 2148 1025 praefectu-

352 1056 424 1087 ras
452 1048 616 1100 petere.
660 1055 761 1085 nam
789 1041 1100 1085 Pharasmanes
1131 1041 1351 1085 interfecto
1382 1041 1470 1085 filio
1490 1041 1735 1086 Radamisto
1765 1042 1889 1100 quasi
1913 1042 2145 1101 proditore,

302 1130 340 1161 ⁴0
353 1132 440 1177 quo
469 1117 600 1162 fidem
628 1117 672 1160 in
700 1130 780 1160 nos
808 1123 1055 1169 testaretur,
1088 1123 1211 1161 vetus
1242 1116 1451 1160 adversus
1483 1117 1705 1161 Armenios
1734 1117 1880 1162 odium
1909 1121 2148 1177 promptius

353 1193 595 1239 exercebat.
634 1199 824 1251 tuncque
854 1193 1042 1250 primum
1063 1192 1189 1237 illecti
1211 1190 1394 1244 Moschi,
1426 1206 1531 1250 gens
1552 1201 1649 1237 ante
1671 1193 1774 1237 alias
1796 1194 1914 1238 socia
1933 1193 2146 1244 Romanis,

353 1270 449 1314 avia
486 1268 711 1314 Armeniae
741 1268 984 1313 incursavit.
1040 1268 1097 1312 ita
1134 1267 1312 1312 consilia
1343 1267 1514 1312 Tiridati
1550 1268 1593 1311 in
1623 1270 1884 1313 contrarium
1912 1268 2147 1321 vertebant,

353 1344 634 1403 mittebatque
673 1350 866 1388 oratores
897 1344 971 1402 qui
1011 1358 1090 1387 suo
1120 1344 1463 1402 Parthorumque
1493 1344 1665 1388 nomine
1695 1344 2030 1403 expostularent,
2073 1359 2151 1390 cur

354 1421 462 1466 datis
502 1434 641 1478 nuper
679 1419 905 1464 obsidibus
934 1418 1309 1477 redintegrataque
1339 1419 1539 1471 amicitia,
1571 1434 1685 1478 quae
1716 1421 1838 1464 novis
1867 1434 2044 1479 quoque
2071 1419 2151 1473 be-

304 1509 341 1539 ns
354 1496 518 1542 neficiis
548 1496 689 1540 locum
721 1495 928 1553 aperiret,
966 1501 1114 1539 vetere
1142 1495 1370 1540 Armeniae
1402 1495 1678 1553 possessione
1707 1495 2010 1555 depelleretur.
2050 1495 2150 1540 ideo

354 1572 546 1617 nondum
574 1572 716 1630 ipsum
737 1571 978 1629 Vologesen
1008 1577 1288 1623 commotum,
1321 1571 1422 1629 quia
1452 1585 1583 1615 causa
1604 1585 1733 1629 quam
1752 1572 1795 1614 vi
1815 1585 1945 1629 agere
1965 1570 2149 1616 mallent.

355 1649 421 1693 sin
451 1654 716 1707 perstaretur
745 1647 787 1690 in
816 1646 950 1698 bello,
983 1660 1068 1690 non
1098 1645 1246 1691 defore
1277 1646 1493 1690 Arsacidis
1513 1647 1712 1691 virtutem
1733 1646 2032 1706 fortunamque
2055 1660 2152 1692 sae-

354 1725 453 1784 pius
483 1725 567 1768 iam
597 1722 720 1768 clade
751 1724 941 1766 Romana
969 1728 1202 1780 expertam.
1235 1721 1290 1766 ad
1321 1736 1373 1766 ea
1404 1721 1608 1774 Corbulo,
1642 1723 1744 1767 satis
1774 1730 1994 1781 comperto
2024 1722 2151 1767 Volo-

355 1814 487 1859 gesen
517 1799 759 1844 del'ectione
790 1797 1031 1857 Hyrcaniae
1072 1797 1259 1849 attineri,
1301 1797 1454 1842 suadet
1484 1797 1656 1842 Tiridati
1687 1798 1890 1856 precibus
1921 1799 2151 1843 Caesarem

304 1875 554 1935 soaggredi:
586 1888 717 1933 posse
748 1873 806 1916 illi
836 1887 1017 1932 regnum
1047 1872 1197 1917 stabile
1218 1879 1261 1917 et
1281 1887 1352 1917 res
1373 1873 1617 1918 incruentas
1638 1874 1904 1932 contingere,
1935 1874 1972 1918 si
1991 1873 2151 1918 omissa
2189 1927 2195 1934 st

356 1966 435 2012 spe
464 1951 698 2009 longinqua
727 1956 771 1994 et
800 1963 898 1994 sera
928 1955 1202 2007 praesentem
1221 1949 1522 2007 potioremque
1543 1956 1813 2007 sequeretur.
1844 1950 1927 2007 (38)
1949 1948 2152 2008 placitum

355 2028 529 2080 dehinc,
561 2026 664 2086 quia
692 2024 1032 2070 commeantibus
1063 2025 1106 2068 in
1135 2025 1275 2069 vicem
1304 2024 1462 2068 nuntiis
1482 2023 1588 2068 nihil
1607 2025 1651 2068 in
1671 2038 1882 2070 summam
1900 2025 2021 2083 pacis
2050 2039 2153 2084 pro-

420 2144 453 2177 4.
476 2141 592 2184 ficibus
613 2141 648 2176 M
665 2158 702 2164 —
719 2139 752 2173 2.
769 2139 942 2173 clientalas
959 2139 995 2174 Μ
1013 2157 1049 2163 -
1071 2139 1258 2182 Ῡοῑοραοεᾶε
1271 2138 1488 2182 Nipperdey.
1508 2157 1545 2164 -
1564 2138 1597 2172 3.
1615 2147 1734 2180 cosque
1748 2139 1782 2174 M
1801 2157 1836 2162 —
1855 2139 1888 2174 4.
1904 2140 2002 2181 copia
2015 2142 2153 2174 econtra

355 2201 532 2234 duceretur
561 2199 596 2233 M
623 2215 660 2221 -
693 2198 820 2238 hucque
849 2196 1004 2239 Lipsius:
1037 2197 1101 2229 huc
1123 2205 1254 2237 quoque
1276 2197 1310 2230 M
1338 2213 1374 2220 —
1405 2195 1436 2229 6.
1458 2195 1592 2237 praelio
1619 2196 1654 2230 M
1685 2213 1722 2219 —
1753 2197 1808 2229 44.
1832 2197 1958 2230 Moschi
1979 2197 2149 2230 Ritterus:

355 2256 481 2291 insochi
503 2256 558 2295 M;
581 2254 705 2287 Insechi
728 2252 797 2286 alii.
818 2271 854 2277 —
880 2254 935 2287 42.
959 2253 1178 2285 incursarunt
1192 2253 1356 2286 Ritterus.
1378 2270 1414 2276 —
1438 2252 1571 2285 ritidati
1592 2252 1626 2285 M
1642 2269 1679 2275 —
1703 2251 1757 2285 44.
1781 2252 1874 2285 nobis
1894 2253 1928 2287 M
1953 2270 1990 2277 —
2015 2253 2071 2286 46.
2087 2261 2153 2285 uo-

356 2312 463 2357 loyes&
487 2313 521 2347 M
546 2330 582 2337 -
606 2311 743 2344 mallent
763 2311 817 2345 M:
839 2310 953 2344 mallet
968 2309 1035 2344 alii.
1056 2328 1092 2335 —
1112 2310 1165 2343 49.
1182 2311 1345 2351 yrcaniae
1359 2310 1394 2344 M
1410 2327 1446 2333 —-
1461 2307 1577 2353 ficibus
1591 2310 1625 2343 M
1641 2326 1680 2334 -
1696 2309 1752 2343 22.
1768 2309 1871 2343 nichil
1883 2310 1918 2344 M
1934 2327 1971 2334 -
1988 2316 2154 2343 ammam

355 2371 530 2405 Faernus:
554 2377 686 2402 summa
703 2368 748 2402 M.

357 2471 488 2506 tendere
510 2473 610 2503 extra
631 2467 771 2510 vallum]
796 2466 894 2509 quod
916 2475 1054 2508 poenae
1071 2465 1229 2499 militaris

358 2530 470 2564 genus
487 2520 682 2561 antiquum.
701 2517 817 2551 Livius
835 2517 888 2557 40,
903 2516 942 2550 4:
968 2517 1127 2557 cohortes,
1145 2525 1231 2557 quae

357 2573 456 2615 signa
489 2571 689 2608 amiserant,
719 2571 821 2600 extra
842 2567 970 2600 vallum
991 2568 1062 2600 sine
1083 2567 1233 2600 tentoriis

359 2622 514 2656 destituit.
546 2618 706 2652 Valerius
729 2619 818 2652 Max.
845 2618 883 2658 2,
908 2618 941 2658 7,
966 2618 1028 2650 45:
1056 2626 1137 2650 neve
1158 2617 1234 2659 quis

359 2681 475 2707 eorum
488 2673 582 2704 intra
597 2671 711 2702 castra
725 2669 887 2708 tenderet,
911 2676 993 2700 neve
1007 2667 1116 2700 locum
1131 2671 1233 2700 extra

360 2725 569 2765 assianatwm
589 2719 677 2752 vallo
700 2721 762 2751 aut
782 2719 872 2761 fossa
894 2718 1039 2760 cingeret
1060 2727 1140 2751 neve
1158 2721 1232 2751 ten-

359 2773 483 2807 torium
504 2779 548 2803 ex
567 2768 704 2811 pellibus
718 2768 862 2801 haberet.
888 2767 975 2800 Vide
993 2768 1029 2800 et
1043 2767 1231 2809 Polybium

361 2824 393 2862 6,
411 2822 466 2856 38.
491 2819 561 2854 Sed
583 2818 727 2861 proprie
751 2817 796 2851 de
819 2818 887 2850 hac
909 2817 986 2860 ipsa
1001 2826 1040 2850 re
1057 2817 1108 2864 sic
1124 2818 1233 2850 Fron—

359 2874 455 2907 tinus
478 2870 582 2904 Strat.
607 2868 647 2910 4,
674 2869 705 2908 4,
731 2868 792 2901 20:
829 2868 998 2901 Domitius
1027 2867 1167 2901 Corbulo
1196 2868 1234 2900 in

359 2921 518 2956 Armenia
540 2920 625 2952 duas
647 2918 720 2950 alas
742 2921 773 2950 et
794 2921 861 2950 tres
882 2918 1045 2958 cohortes,
1082 2926 1167 2958 quae
1189 2917 1234 2949 ad

360 2971 531 3006 castellum
551 2969 649 3002 initio
670 2967 814 3000 hostibus
828 2970 1012 3008 cesserant,
1037 2970 1139 3000 extra
1157 2967 1233 3000 val-

361 3023 431 3056 lum
462 3020 558 3054 iussit
586 3018 734 3058 tendere,
771 3018 871 3050 donec
900 3018 1035 3050 assiduo
1063 3017 1176 3049 labore
1202 3018 1234 3049 et

356 3071 527 3115 prosperis
570 3066 822 3102 excursionibus
856 3067 1055 3101 redimerent
1088 3066 1234 3109 ignomi-

360 3123 466 3156 niam.
492 3122 579 3154 Lirs.

407 3172 461 3206 37.
485 3166 671 3209 exterrere]
703 3167 839 3199 terrore
863 3165 909 3199 ob
934 3166 1091 3200 subitum
1117 3168 1233 3210 impe-

362 3224 440 3257 tum
463 3221 585 3254 exorto
604 3217 650 3251 ad
668 3216 876 3251 societatem
891 3218 1050 3250 nostram
1066 3216 1234 3251 deseren—

364 3273 448 3306 dam
470 3276 682 3314 permovere
706 3268 742 3300 et
764 3275 808 3299 ex
831 3266 954 3299 amicis
970 3267 1004 3299 in
1019 3267 1141 3301 hostes
1156 3276 1236 3300 mu-

364 3324 452 3355 tare.
487 3318 585 3354 Conf.
612 3319 644 3359 4,
668 3317 710 3350 57
723 3325 730 3348 :
765 3315 889 3349 Fuerat
911 3316 1042 3348 animus
1064 3317 1235 3350 Cheruscis

366 3373 499 3406 Chattos
526 3370 664 3408 iuvare,
695 3367 752 3401 sed
779 3366 942 3399 exter-ruit
976 3365 1135 3407 Caecina,
1170 3367 1235 3400 huc

364 3422 443 3455 illuc
463 3421 570 3463 ferens
584 3426 695 3452 amna.
717 3434 753 3440 -
777 3415 906 3458 fmstra
920 3414 1060 3457 habitus]
1083 3415 1233 3449 frustra-

365 3473 436 3512 tus,
461 3469 592 3504 elusus.
610 3484 647 3492 -
667 3464 874 3509 Antiochum]
898 3464 1157 3507 Commagenes
1171 3474 1233 3499 re-

1281 2475 1374 2509 gem.
1401 2466 1454 2501 Cf.
1480 2467 1538 2506 42,
1563 2467 1618 2500 55.
1647 2484 1681 2491 -
1707 2467 1952 2509 praefecturas]
1975 2465 2027 2500 cf.
2045 2467 2100 2508 44,
2116 2467 2151 2502 8.

1281 2517 1335 2558 43,
1350 2517 1403 2550 39.
1421 2535 1456 2541 -
1474 2517 1724 2559 Pharasmanes]
1744 2525 1808 2550 rex
1823 2515 2001 2550 Hiberiae.
2026 2515 2078 2551 Cf.
2096 2517 2151 2557 44,

1280 2568 1313 2602 8.
1342 2585 1378 2590 -
1404 2567 1617 2609 Radamisto]
1649 2566 1700 2600 Cf.
1727 2567 1780 2607 ⁴2,
1805 2566 1848 2601 44
1871 2575 1952 2610 sqq.
1979 2584 2015 2592 —
2038 2567 2153 2608 illecti]

1282 2617 1357 2652 scil.
1383 2618 1429 2651 ad
1461 2617 1714 2651 incursandam
1739 2618 1965 2657 Armeniam;
1995 2618 2056 2659 qui
2081 2617 2154 2651 iam

1282 2668 1344 2701 diu
1365 2668 1453 2701 socii
1475 2668 1632 2708 fuerant,
1658 2676 1729 2700 non
1752 2668 1873 2701 tamen
1894 2668 1934 2700 ut
1957 2675 2042 2701 suos
2062 2667 2154 2701 fines

1283 2719 1418 2761 egressi
1447 2717 1542 2751 bella
1564 2719 1788 2761 susciperent
1814 2726 1880 2760 pro
1902 2718 2067 2752 Romanis
2090 2725 2155 2752 ex-

1282 2770 1402 2809 terna,
1427 2769 1493 2803 sed
1516 2770 1664 2803 eatenus
1686 2770 1726 2801 ut
1746 2769 1813 2811 ipsi
1835 2769 2065 2810 quiescerent
2085 2776 2155 2802 nec

1281 2819 1399 2852 infesti
1421 2820 1578 2861 agerent.
1605 2820 1713 2852 Dono.
1742 2836 1779 2843 -—
1801 2817 1938 2860 Moschi]
1965 2819 2059 2852 Dum
2080 2818 2155 2852 An·

1282 2870 1421 2903 tiochus
1436 2869 1481 2902 ab
1498 2870 1676 2912 Euphrate
1695 2867 1877 2911 profectus
1893 2869 2071 2911 proximas
2085 2867 2155 2902 sihi

1282 2919 1526 2962 praefecturas
1549 2919 1736 2952 Armeniae
1749 2943 1757 2958 ,
1781 2919 1818 2951 h.
1836 2927 1868 2952 e.
1890 2917 2152 2959 meridionales,

1282 2970 1384 3012 petit,
1415 2970 1674 3002 Pharasmanes
1702 2967 1856 3002 Hiberus
1887 2969 1923 3001 et
1943 2968 2079 3003 Moschi
2099 2968 2156 3001 vi-

1284 3019 1354 3052 cini
1389 3019 1602 3052 Hiberorum
1636 3027 1657 3051 a
1686 3018 1926 3061 septentrione
1948 3018 2154 3051 Armeniam

1282 3068 1431 3110 ingressi
1454 3069 1536 3102 sunt
1558 3068 1594 3101 et
1615 3068 1728 3101 terras
1744 3068 1932 3101 Armeniae
1949 3075 1972 3100 a
1986 3067 2154 3101 Romanis

1283 3119 1394 3161 copiis
1427 3119 1583 3151 remotas
1613 3116 1708 3160 (avia
1731 3116 1921 3160 Armeniae)
1946 3117 2154 3151 incursave-

1283 3169 1377 3201 runt.
1402 3168 1454 3201 De
1477 3167 1631 3202 Moschis
1654 3167 1747 3200 inter
1769 3166 1919 3201 Colchos
1942 3167 1979 3199 et
1999 3165 2153 3200 {llberos

1283 3217 1469 3260 agentibus
1492 3218 1528 3250 et
1549 3218 1753 3251 Armeniam
1769 3226 1789 3250 e
1805 3216 2045 3259 septentrione
2061 3216 2154 3260 espi-

1283 3267 1458 3300 cientibus
1481 3275 1514 3300 v.
1540 3266 1666 3300 Strabo
1689 3268 1745 3307 44,
1769 3267 1802 3307 2,
1828 3265 1870 3300 44
1893 3266 1930 3299 et
1953 3265 1994 3299 48
2017 3266 2066 3308 (ρ.
2087 3264 2152 3300 497

1283 3318 1320 3351 et
1341 3317 1416 3359 499)
1441 3319 1477 3350 et
1499 3325 1531 3350 c.
1558 3316 1599 3351 44
1622 3317 1641 3360 5
1665 3318 1679 3350 4
1709 3317 1755 3359 (p.
1780 3315 1867 3357 527).
1902 3313 1992 3349 Mela
2015 3316 2049 3356 4,
2071 3315 2093 3349 2
2116 3317 2155 3350 et

1283 3368 1336 3401 49.
1362 3367 1394 3408 3,
1419 3369 1451 3401 5.
1484 3366 1568 3401 Plin.
1592 3368 1634 3400 N.
1659 3367 1701 3400 Η.
1727 3367 1759 3406 6,
1784 3365 1816 3400 4.
1847 3364 1959 3407 Vulgo
1981 3365 2052 3400 hoc
2073 3364 2153 3400 loco

1281 3417 1432 3450 Insochos
1458 3415 1515 3451 vel
1544 3416 1691 3449 Insechos
1716 3415 1946 3455 incurrimus,
1981 3413 2153 3459 populum

1282 3465 1479 3500 inauditum
1509 3467 1546 3499 et
1576 3465 1646 3499 hoc
1669 3473 1741 3499 uno
1762 3462 1842 3499 1000
1864 3465 2048 3499 nitentem.
2081 3462 2154 3499 Sed
