<?xml version="1.0" encoding="UTF-8"?>
<!DOCTYPE html PUBLIC "-//W3C//DTD XHTML 1.0 Transitional//EN"
    "http://www.w3.org/TR/xhtml1/DTD/xhtml1-transitional.dtd">
<html xmlns="http://www.w3.org/1999/xhtml" xml:lang="en" lang="en">
 <head>
  <title>
</title>
<meta http-equiv="Content-Type" content="text/html;charset=utf-8" />
  <meta name='ocr-system' content='tesseract 3.04.00' />
  <meta name='ocr-capabilities' content='ocr_page ocr_carea ocr_par ocr_line ocrx_word'/>
</head>
<body>
  <div class='ocr_page' id='page_1' title='image "./pcorneliitacitio01taciuoft_0403.png"; bbox 0 0 2254 3770; ppageno 0'>
   <div class='ocr_carea' id='block_1_1' title="bbox 733 285 1974 343">
    <p class='ocr_par' dir='ltr' id='par_1_1' title="bbox 733 285 1974 343">
     <span class='ocr_line' id='line_1_1' title="bbox 733 285 1974 343; baseline -0.002 -12"><span class='ocrx_word' id='word_1_1' title='bbox 733 287 889 331; x_wconf 90' lang='lat' dir='ltr'>LIBER</span> <span class='ocrx_word' id='word_1_2' title='bbox 917 287 1003 330; x_wconf 92' lang='lat' dir='ltr'><strong>XII.</strong></span> <span class='ocrx_word' id='word_1_3' title='bbox 1050 286 1150 343; x_wconf 89' lang='lat' dir='ltr'>Cap.</span> <span class='ocrx_word' id='word_1_4' title='bbox 1180 285 1247 329; x_wconf 77' lang='lat'>32.</span> <span class='ocrx_word' id='word_1_5' title='bbox 1277 286 1344 329; x_wconf 90' lang='lat'>33.</span> <span class='ocrx_word' id='word_1_6' title='bbox 1374 286 1442 329; x_wconf 78' lang='lat'>34.</span> <span class='ocrx_word' id='word_1_7' title='bbox 1891 285 1974 328; x_wconf 82' lang='lat'>365</span> 
     </span>
    </p>
   </div>
   <div class='ocr_carea' id='block_1_2' title="bbox 191 391 2032 1807">
    <p class='ocr_par' dir='ltr' id='par_1_2' title="bbox 191 391 2032 1807">
     <span class='ocr_line' id='line_1_2' title="bbox 195 391 1974 453; baseline -0.003 -12"><span class='ocrx_word' id='word_1_8' title='bbox 195 396 451 447; x_wconf 81' lang='lat' dir='ltr'><strong>mutabatur,</strong></span> <span class='ocrx_word' id='word_1_9' title='bbox 492 395 595 453; x_wconf 85' lang='lat' dir='ltr'>quin</span> <span class='ocrx_word' id='word_1_10' title='bbox 638 393 795 438; x_wconf 92' lang='lat' dir='ltr'>bellum</span> <span class='ocrx_word' id='word_1_11' title='bbox 825 398 1048 437; x_wconf 87' lang='lat' dir='ltr'>exerceret</span> <span class='ocrx_word' id='word_1_12' title='bbox 1077 392 1314 450; x_wconf 84' lang='lat' dir='ltr'>castrisque</span> <span class='ocrx_word' id='word_1_13' title='bbox 1348 392 1560 450; x_wconf 82' lang='lat' dir='ltr'>legionum</span> <span class='ocrx_word' id='word_1_14' title='bbox 1591 391 1825 450; x_wconf 90' lang='lat' dir='ltr'>premenda</span> <span class='ocrx_word' id='word_1_15' title='bbox 1855 391 1974 435; x_wconf 82' lang='lat' dir='ltr'>soret.</span> 
     </span>
     <span class='ocr_line' id='line_1_3' title="bbox 194 466 1974 530; baseline -0.003 -15"><span class='ocrx_word' id='word_1_16' title='bbox 194 472 236 516; x_wconf 92' lang='lat' dir='ltr'>id</span> <span class='ocrx_word' id='word_1_17' title='bbox 281 485 368 530; x_wconf 88' lang='lat' dir='ltr'>quo</span> <span class='ocrx_word' id='word_1_18' title='bbox 412 471 652 528; x_wconf 86' lang='lat' dir='ltr'><strong>promptius</strong></span> <span class='ocrx_word' id='word_1_19' title='bbox 688 469 868 519; x_wconf 89' lang='lat' dir='ltr'>veniret,</span> <span class='ocrx_word' id='word_1_20' title='bbox 915 467 1081 512; x_wconf 88' lang='lat' dir='ltr'>colonia</span> <span class='ocrx_word' id='word_1_21' title='bbox 1122 467 1463 511; x_wconf 86' lang='lat' dir='ltr'>Camulodunum</span> <span class='ocrx_word' id='word_1_22' title='bbox 1498 466 1639 510; x_wconf 88' lang='lat' dir='ltr'>valida</span> <span class='ocrx_word' id='word_1_23' title='bbox 1676 473 1974 510; x_wconf 89' lang='lat' dir='ltr'>veteranorum</span> 
     </span>
     <span class='ocr_line' id='line_1_4' title="bbox 193 541 1976 601; baseline -0.004 -10"><span class='ocrx_word' id='word_1_24' title='bbox 193 561 319 591; x_wconf 90' lang='lat' dir='ltr'>manu</span> <span class='ocrx_word' id='word_1_25' title='bbox 360 545 587 590; x_wconf 88' lang='lat' dir='ltr'>deducitur</span> <span class='ocrx_word' id='word_1_26' title='bbox 625 545 666 587; x_wconf 91' lang='lat' dir='ltr'>in</span> <span class='ocrx_word' id='word_1_27' title='bbox 702 558 828 601; x_wconf 84' lang='lat' dir='ltr'>agros</span> <span class='ocrx_word' id='word_1_28' title='bbox 868 543 1076 600; x_wconf 84' lang='lat' dir='ltr'>captivos,</span> <span class='ocrx_word' id='word_1_29' title='bbox 1119 542 1359 585; x_wconf 87' lang='lat' dir='ltr'>subsidium</span> <span class='ocrx_word' id='word_1_30' title='bbox 1390 542 1597 586; x_wconf 90' lang='lat' dir='ltr'>adversus</span> <span class='ocrx_word' id='word_1_31' title='bbox 1627 541 1811 586; x_wconf 82' lang='lat' dir='ltr'>rebelles</span> <span class='ocrx_word' id='word_1_32' title='bbox 1841 548 1884 585; x_wconf 91' lang='lat' dir='ltr'>et</span> <span class='ocrx_word' id='word_1_33' title='bbox 1912 542 1976 584; x_wconf 91' lang='lat' dir='ltr'>in-</span> 
     </span>
     <span class='ocr_line' id='line_1_5' title="bbox 194 617 1976 676; baseline -0.004 -10"><span class='ocrx_word' id='word_1_34' title='bbox 194 621 374 666; x_wconf 88' lang='lat' dir='ltr'>buendis</span> <span class='ocrx_word' id='word_1_35' title='bbox 412 621 541 665; x_wconf 89' lang='lat' dir='ltr'>sociis</span> <span class='ocrx_word' id='word_1_36' title='bbox 582 619 636 663; x_wconf 89' lang='lat' dir='ltr'>ad</span> <span class='ocrx_word' id='word_1_37' title='bbox 673 619 811 663; x_wconf 86' lang='lat' dir='ltr'>officia</span> <span class='ocrx_word' id='word_1_38' title='bbox 844 618 999 676; x_wconf 79' lang='lat' dir='ltr'>legum.</span> <span class='ocrx_word' id='word_1_39' title='bbox 1046 618 1126 674; x_wconf 92' lang='lat'><strong>(33)</strong></span> <span class='ocrx_word' id='word_1_40' title='bbox 1160 617 1262 660; x_wconf 91' lang='lat' dir='ltr'>itum</span> <span class='ocrx_word' id='word_1_41' title='bbox 1292 617 1391 661; x_wconf 89' lang='lat' dir='ltr'>inde</span> <span class='ocrx_word' id='word_1_42' title='bbox 1422 618 1462 660; x_wconf 91' lang='lat' dir='ltr'>in</span> <span class='ocrx_word' id='word_1_43' title='bbox 1493 617 1674 668; x_wconf 81' lang='lat' dir='ltr'>Siluras,</span> <span class='ocrx_word' id='word_1_44' title='bbox 1717 631 1848 675; x_wconf 89' lang='lat' dir='ltr'>super</span> <span class='ocrx_word' id='word_1_45' title='bbox 1876 631 1976 674; x_wconf 91' lang='lat' dir='ltr'>pro-</span> 
     </span>
     <span class='ocr_line' id='line_1_6' title="bbox 191 691 2008 755; baseline -0.002 -15"><span class='ocrx_word' id='word_1_46' title='bbox 191 698 328 755; x_wconf 85' lang='lat' dir='ltr'>priam</span> <span class='ocrx_word' id='word_1_47' title='bbox 367 696 567 740; x_wconf 77' lang='lat' dir='ltr'>ferociam</span> <span class='ocrx_word' id='word_1_48' title='bbox 599 694 788 739; x_wconf 89' lang='lat' dir='ltr'>Carataci</span> <span class='ocrx_word' id='word_1_49' title='bbox 819 693 981 736; x_wconf 87' lang='lat' dir='ltr'>viribus</span> <span class='ocrx_word' id='word_1_50' title='bbox 1013 691 1217 742; x_wconf 90' lang='lat' dir='ltr'>confisos,</span> <span class='ocrx_word' id='word_1_51' title='bbox 1260 706 1404 750; x_wconf 34' lang='lat' dir='ltr'>quem,</span> <span class='ocrx_word' id='word_1_52' title='bbox 1429 692 1559 736; x_wconf 92' lang='lat' dir='ltr'>multa</span> <span class='ocrx_word' id='word_1_53' title='bbox 1589 693 1805 750; x_wconf 84' lang='lat' dir='ltr'>ambigua,</span> <span class='ocrx_word' id='word_1_54' title='bbox 1846 692 2008 736; x_wconf 72' lang='lat' dir='ltr'>multas</span> 
     </span>
     <span class='ocr_line' id='line_1_7' title="bbox 192 767 1976 830; baseline -0.003 -14"><span class='ocrx_word' id='word_1_55' title='bbox 192 786 398 830; x_wconf 88' lang='lat' dir='ltr'>prospera</span> <span class='ocrx_word' id='word_1_56' title='bbox 441 770 697 820; x_wconf 81' lang='lat' dir='ltr'>extulerant,</span> <span class='ocrx_word' id='word_1_57' title='bbox 739 775 784 812; x_wconf 90' lang='lat' dir='ltr'>ut</span> <span class='ocrx_word' id='word_1_58' title='bbox 822 775 991 812; x_wconf 89' lang='lat' dir='ltr'>ceteros</span> <span class='ocrx_word' id='word_1_59' title='bbox 1030 767 1327 811; x_wconf 84' lang='lat' dir='ltr'>Britannorum</span> <span class='ocrx_word' id='word_1_60' title='bbox 1365 768 1645 825; x_wconf 87' lang='lat' dir='ltr'>imperatores</span> <span class='ocrx_word' id='word_1_61' title='bbox 1680 767 1976 826; x_wconf 84' lang='lat' dir='ltr'>praemineret.</span> 
     </span>
     <span class='ocr_line' id='line_1_8' title="bbox 192 842 1978 901; baseline -0.003 -10"><span class='ocrx_word' id='word_1_62' title='bbox 192 847 270 891; x_wconf 91' lang='lat' dir='ltr'>sed</span> <span class='ocrx_word' id='word_1_63' title='bbox 301 853 390 890; x_wconf 93' lang='lat' dir='ltr'>tum</span> <span class='ocrx_word' id='word_1_64' title='bbox 420 852 532 897; x_wconf 91' lang='lat' dir='ltr'>astu,</span> <span class='ocrx_word' id='word_1_65' title='bbox 565 845 758 889; x_wconf 88' lang='lat' dir='ltr'>locorum</span> <span class='ocrx_word' id='word_1_66' title='bbox 779 843 928 887; x_wconf 87' lang='lat' dir='ltr'>fraude</span> <span class='ocrx_word' id='word_1_67' title='bbox 950 843 1086 901; x_wconf 91' lang='lat' dir='ltr'>prior,</span> <span class='ocrx_word' id='word_1_68' title='bbox 1118 842 1158 885; x_wconf 93' lang='lat' dir='ltr'>vi</span> <span class='ocrx_word' id='word_1_69' title='bbox 1180 842 1357 885; x_wconf 91' lang='lat' dir='ltr'>militum</span> <span class='ocrx_word' id='word_1_70' title='bbox 1380 842 1575 894; x_wconf 82' lang='lat' dir='ltr'>inferior,</span> <span class='ocrx_word' id='word_1_71' title='bbox 1604 843 1801 887; x_wconf 86' lang='lat' dir='ltr'>transfert</span> <span class='ocrx_word' id='word_1_72' title='bbox 1821 842 1978 886; x_wconf 91' lang='lat' dir='ltr'>bellum</span> 
     </span>
     <span class='ocr_line' id='line_1_9' title="bbox 194 917 1978 978; baseline -0.003 -13"><span class='ocrx_word' id='word_1_73' title='bbox 194 923 233 965; x_wconf 94' lang='lat' dir='ltr'>in</span> <span class='ocrx_word' id='word_1_74' title='bbox 277 921 535 972; x_wconf 90' lang='lat' dir='ltr'>Ordovicas,</span> <span class='ocrx_word' id='word_1_75' title='bbox 578 920 820 978; x_wconf 89' lang='lat' dir='ltr'>additisque</span> <span class='ocrx_word' id='word_1_76' title='bbox 860 919 932 976; x_wconf 91' lang='lat' dir='ltr'>qui</span> <span class='ocrx_word' id='word_1_77' title='bbox 970 932 1119 976; x_wconf 91' lang='lat' dir='ltr'>pacem</span> <span class='ocrx_word' id='word_1_78' title='bbox 1162 924 1349 961; x_wconf 87' lang='lat' dir='ltr'>nostram</span> <span class='ocrx_word' id='word_1_79' title='bbox 1388 917 1653 969; x_wconf 88' lang='lat' dir='ltr'>metuebant,</span> <span class='ocrx_word' id='word_1_80' title='bbox 1701 918 1978 972; x_wconf 87' lang='lat' dir='ltr'>novissimum</span> 
     </span>
     <span class='ocr_line' id='line_1_10' title="bbox 194 974 1978 1054; baseline -0.003 -13"><span class='ocrx_word' id='word_1_81' title='bbox 194 974 341 1041; x_wconf 73' lang='lat' dir='ltr'>casum</span> <span class='ocrx_word' id='word_1_82' title='bbox 371 996 605 1054; x_wconf 87' lang='lat' dir='ltr'>experitur,</span> <span class='ocrx_word' id='word_1_83' title='bbox 638 1001 808 1052; x_wconf 90' lang='lat' dir='ltr'>sumpto</span> <span class='ocrx_word' id='word_1_84' title='bbox 831 994 883 1037; x_wconf 89' lang='lat' dir='ltr'>ad</span> <span class='ocrx_word' id='word_1_85' title='bbox 913 993 1124 1051; x_wconf 89' lang='lat' dir='ltr'>proelium</span> <span class='ocrx_word' id='word_1_86' title='bbox 1144 992 1258 1044; x_wconf 91' lang='lat' dir='ltr'>loco,</span> <span class='ocrx_word' id='word_1_87' title='bbox 1290 999 1336 1036; x_wconf 92' lang='lat' dir='ltr'>ut</span> <span class='ocrx_word' id='word_1_88' title='bbox 1356 992 1513 1044; x_wconf 90' lang='lat' dir='ltr'>aditus,</span> <span class='ocrx_word' id='word_1_89' title='bbox 1546 993 1797 1045; x_wconf 89' lang='lat' dir='ltr'>abscessus,</span> <span class='ocrx_word' id='word_1_90' title='bbox 1830 1000 1978 1037; x_wconf 91' lang='lat' dir='ltr'>cuncta</span> 
     </span>
     <span class='ocr_line' id='line_1_11' title="bbox 195 1067 2031 1130; baseline -0.002 -14"><span class='ocrx_word' id='word_1_91' title='bbox 195 1073 320 1117; x_wconf 91' lang='lat' dir='ltr'>nobis</span> <span class='ocrx_word' id='word_1_92' title='bbox 350 1072 575 1130; x_wconf 85' lang='lat' dir='ltr'>inportuna</span> <span class='ocrx_word' id='word_1_93' title='bbox 606 1077 648 1114; x_wconf 90' lang='lat' dir='ltr'>et</span> <span class='ocrx_word' id='word_1_94' title='bbox 677 1070 767 1113; x_wconf 87' lang='lat' dir='ltr'>suis</span> <span class='ocrx_word' id='word_1_95' title='bbox 798 1071 838 1111; x_wconf 92' lang='lat' dir='ltr'>in</span> <span class='ocrx_word' id='word_1_96' title='bbox 860 1069 1013 1112; x_wconf 91' lang='lat' dir='ltr'>melius</span> <span class='ocrx_word' id='word_1_97' title='bbox 1034 1074 1195 1119; x_wconf 82' lang='lat' dir='ltr'>essent,</span> <span class='ocrx_word' id='word_1_98' title='bbox 1227 1067 1326 1111; x_wconf 91' lang='lat' dir='ltr'>hinc</span> <span class='ocrx_word' id='word_1_99' title='bbox 1345 1068 1560 1112; x_wconf 92' lang='lat' dir='ltr'>montibus</span> <span class='ocrx_word' id='word_1_100' title='bbox 1581 1068 1746 1119; x_wconf 89' lang='lat' dir='ltr'>arduis,</span> <span class='ocrx_word' id='word_1_101' title='bbox 1778 1075 1820 1112; x_wconf 87' lang='lat' dir='ltr'>et</span> <span class='ocrx_word' id='word_1_102' title='bbox 1839 1069 1874 1111; x_wconf 92' lang='lat' dir='ltr'>si</span> <span class='ocrx_word' id='word_1_103' title='bbox 1895 1082 2031 1126; x_wconf 68' lang='lat' dir='ltr'>qualo</span> 
     </span>
     <span class='ocr_line' id='line_1_12' title="bbox 195 1142 1983 1203; baseline -0.003 -11"><span class='ocrx_word' id='word_1_104' title='bbox 195 1148 428 1192; x_wconf 88' lang='lat' dir='ltr'>clementer</span> <span class='ocrx_word' id='word_1_105' title='bbox 457 1145 605 1190; x_wconf 85' lang='lat' dir='ltr'>accedi</span> <span class='ocrx_word' id='word_1_106' title='bbox 637 1150 849 1203; x_wconf 90' lang='lat' dir='ltr'>poterant,</span> <span class='ocrx_word' id='word_1_107' title='bbox 883 1145 923 1187; x_wconf 94' lang='lat' dir='ltr'>in</span> <span class='ocrx_word' id='word_1_108' title='bbox 950 1143 1126 1187; x_wconf 91' lang='lat' dir='ltr'>modum</span> <span class='ocrx_word' id='word_1_109' title='bbox 1144 1142 1240 1186; x_wconf 89' lang='lat' dir='ltr'>valli</span> <span class='ocrx_word' id='word_1_110' title='bbox 1262 1157 1364 1187; x_wconf 87' lang='lat' dir='ltr'>saxa</span> <span class='ocrx_word' id='word_1_111' title='bbox 1384 1144 1626 1201; x_wconf 91' lang='lat' dir='ltr'>praestruit.</span> <span class='ocrx_word' id='word_1_112' title='bbox 1658 1150 1700 1188; x_wconf 89' lang='lat' dir='ltr'>et</span> <span class='ocrx_word' id='word_1_113' title='bbox 1718 1143 1983 1201; x_wconf 87' lang='lat' dir='ltr'>praefluebat</span> 
     </span>
     <span class='ocr_line' id='line_1_13' title="bbox 196 1219 1981 1278; baseline -0.002 -11"><span class='ocrx_word' id='word_1_114' title='bbox 196 1224 332 1267; x_wconf 88' lang='lat' dir='ltr'>amnis</span> <span class='ocrx_word' id='word_1_115' title='bbox 362 1222 473 1266; x_wconf 91' lang='lat' dir='ltr'>vado</span> <span class='ocrx_word' id='word_1_116' title='bbox 504 1221 686 1271; x_wconf 89' lang='lat' dir='ltr'>incerto,</span> <span class='ocrx_word' id='word_1_117' title='bbox 719 1227 1003 1278; x_wconf 89' lang='lat' dir='ltr'>catervaeque</span> <span class='ocrx_word' id='word_1_118' title='bbox 1024 1225 1281 1263; x_wconf 87' lang='lat' dir='ltr'>armatorum</span> <span class='ocrx_word' id='word_1_119' title='bbox 1303 1233 1381 1276; x_wconf 91' lang='lat' dir='ltr'>pro</span> <span class='ocrx_word' id='word_1_120' title='bbox 1402 1219 1674 1262; x_wconf 90' lang='lat' dir='ltr'>munimentis</span> <span class='ocrx_word' id='word_1_121' title='bbox 1695 1220 1981 1263; x_wconf 89' lang='lat' dir='ltr'>constiterant.</span> 
     </span>
     <span class='ocr_line' id='line_1_14' title="bbox 197 1293 1982 1355; baseline -0.001 -14"><span class='ocrx_word' id='word_1_122' title='bbox 197 1298 278 1355; x_wconf 76' lang='lat'><strong>(34)</strong></span> <span class='ocrx_word' id='word_1_123' title='bbox 301 1297 354 1341; x_wconf 91' lang='lat' dir='ltr'>ad</span> <span class='ocrx_word' id='word_1_124' title='bbox 377 1297 458 1341; x_wconf 89' lang='lat' dir='ltr'>hoc</span> <span class='ocrx_word' id='word_1_125' title='bbox 477 1297 664 1354; x_wconf 86' lang='lat' dir='ltr'>gentium</span> <span class='ocrx_word' id='word_1_126' title='bbox 686 1295 887 1339; x_wconf 88' lang='lat' dir='ltr'>ductores</span> <span class='ocrx_word' id='word_1_127' title='bbox 909 1294 1147 1345; x_wconf 87' lang='lat' dir='ltr'>circumire,</span> <span class='ocrx_word' id='word_1_128' title='bbox 1174 1293 1351 1345; x_wconf 90' lang='lat' dir='ltr'>hortari,</span> <span class='ocrx_word' id='word_1_129' title='bbox 1375 1294 1545 1338; x_wconf 90' lang='lat' dir='ltr'>firmare</span> <span class='ocrx_word' id='word_1_130' title='bbox 1565 1295 1729 1339; x_wconf 90' lang='lat' dir='ltr'>animos</span> <span class='ocrx_word' id='word_1_131' title='bbox 1750 1295 1982 1339; x_wconf 90' lang='lat' dir='ltr'>minuendo</span> 
     </span>
     <span class='ocr_line' id='line_1_15' title="bbox 194 1369 1982 1428; baseline -0.002 -11"><span class='ocrx_word' id='word_1_132' title='bbox 194 1379 328 1423; x_wconf 91' lang='lat' dir='ltr'>metu,</span> <span class='ocrx_word' id='word_1_133' title='bbox 371 1370 647 1416; x_wconf 89' lang='lat' dir='ltr'>accendenda</span> <span class='ocrx_word' id='word_1_134' title='bbox 687 1385 787 1428; x_wconf 90' lang='lat' dir='ltr'>spe,</span> <span class='ocrx_word' id='word_1_135' title='bbox 829 1370 1010 1428; x_wconf 89' lang='lat' dir='ltr'>aliisque</span> <span class='ocrx_word' id='word_1_136' title='bbox 1041 1369 1139 1413; x_wconf 90' lang='lat' dir='ltr'>belli</span> <span class='ocrx_word' id='word_1_137' title='bbox 1177 1369 1468 1413; x_wconf 88' lang='lat' dir='ltr'>incitamentis.</span> <span class='ocrx_word' id='word_1_138' title='bbox 1501 1370 1721 1414; x_wconf 89' lang='lat' dir='ltr'>enimvero</span> <span class='ocrx_word' id='word_1_139' title='bbox 1753 1371 1982 1415; x_wconf 90' lang='lat' dir='ltr'>Caratacus</span> 
     </span>
     <span class='ocr_line' id='line_1_16' title="bbox 197 1444 2032 1503; baseline -0.002 -12"><span class='ocrx_word' id='word_1_140' title='bbox 197 1449 278 1492; x_wconf 87' lang='lat' dir='ltr'>buc</span> <span class='ocrx_word' id='word_1_141' title='bbox 308 1447 408 1491; x_wconf 92' lang='lat' dir='ltr'>illuc</span> <span class='ocrx_word' id='word_1_142' title='bbox 438 1447 617 1490; x_wconf 91' lang='lat' dir='ltr'>volitans</span> <span class='ocrx_word' id='word_1_143' title='bbox 648 1445 764 1488; x_wconf 92' lang='lat' dir='ltr'>illum</span> <span class='ocrx_word' id='word_1_144' title='bbox 795 1445 927 1496; x_wconf 91' lang='lat' dir='ltr'>diem,</span> <span class='ocrx_word' id='word_1_145' title='bbox 972 1444 1083 1488; x_wconf 86' lang='lat' dir='ltr'>illam</span> <span class='ocrx_word' id='word_1_146' title='bbox 1124 1445 1261 1488; x_wconf 89' lang='lat' dir='ltr'>aciem</span> <span class='ocrx_word' id='word_1_147' title='bbox 1296 1445 1530 1488; x_wconf 89' lang='lat' dir='ltr'>testabatur</span> <span class='ocrx_word' id='word_1_148' title='bbox 1559 1452 1631 1488; x_wconf 91' lang='lat' dir='ltr'>aut</span> <span class='ocrx_word' id='word_1_149' title='bbox 1659 1445 1981 1503; x_wconf 86' lang='lat' dir='ltr'>recuperandae</span> <span class='ocrx_word' id='word_1_150' title='bbox 1995 1459 2032 1488; x_wconf 73' lang='grc'>45</span> 
     </span>
     <span class='ocr_line' id='line_1_17' title="bbox 196 1519 1983 1578; baseline -0.001 -11"><span class='ocrx_word' id='word_1_151' title='bbox 196 1523 400 1567; x_wconf 87' lang='lat' dir='ltr'>libertatis</span> <span class='ocrx_word' id='word_1_152' title='bbox 437 1529 510 1566; x_wconf 92' lang='lat' dir='ltr'>aut</span> <span class='ocrx_word' id='word_1_153' title='bbox 546 1521 762 1565; x_wconf 91' lang='lat' dir='ltr'>servitutis</span> <span class='ocrx_word' id='word_1_154' title='bbox 793 1527 992 1563; x_wconf 89' lang='lat' dir='ltr'>aeternae</span> <span class='ocrx_word' id='word_1_155' title='bbox 1023 1520 1187 1563; x_wconf 91' lang='lat' dir='ltr'>initium</span> <span class='ocrx_word' id='word_1_156' title='bbox 1218 1520 1321 1563; x_wconf 86' lang='lat' dir='ltr'>fore.</span> <span class='ocrx_word' id='word_1_157' title='bbox 1352 1519 1619 1578; x_wconf 87' lang='lat' dir='ltr'>vocabatque</span> <span class='ocrx_word' id='word_1_158' title='bbox 1649 1521 1818 1565; x_wconf 88' lang='lat' dir='ltr'>nomina</span> <span class='ocrx_word' id='word_1_159' title='bbox 1849 1522 1983 1565; x_wconf 92' lang='lat' dir='ltr'>maio-</span> 
     </span>
     <span class='ocr_line' id='line_1_18' title="bbox 197 1595 1982 1657; baseline -0.001 -15"><span class='ocrx_word' id='word_1_160' title='bbox 197 1614 310 1651; x_wconf 88' lang='lat' dir='ltr'>rum,</span> <span class='ocrx_word' id='word_1_161' title='bbox 342 1598 414 1657; x_wconf 87' lang='lat' dir='ltr'>qui</span> <span class='ocrx_word' id='word_1_162' title='bbox 446 1597 695 1641; x_wconf 88' lang='lat' dir='ltr'>dictatorem</span> <span class='ocrx_word' id='word_1_163' title='bbox 718 1596 947 1640; x_wconf 86' lang='lat' dir='ltr'>Caesarem</span> <span class='ocrx_word' id='word_1_164' title='bbox 974 1595 1261 1653; x_wconf 89' lang='lat' dir='ltr'>pepulissent;</span> <span class='ocrx_word' id='word_1_165' title='bbox 1293 1609 1477 1653; x_wconf 92' lang='lat' dir='ltr'>quorum</span> <span class='ocrx_word' id='word_1_166' title='bbox 1494 1595 1648 1639; x_wconf 89' lang='lat' dir='ltr'>virtute</span> <span class='ocrx_word' id='word_1_167' title='bbox 1667 1597 1790 1640; x_wconf 89' lang='lat' dir='ltr'>vacui</span> <span class='ocrx_word' id='word_1_168' title='bbox 1812 1610 1837 1640; x_wconf 88' lang='lat' dir='ltr'>a</span> <span class='ocrx_word' id='word_1_169' title='bbox 1857 1611 1982 1641; x_wconf 90' lang='lat' dir='ltr'>secu—</span> 
     </span>
     <span class='ocr_line' id='line_1_19' title="bbox 201 1670 1982 1736; baseline -0.001 -18"><span class='ocrx_word' id='word_1_170' title='bbox 201 1675 320 1718; x_wconf 90' lang='lat' dir='ltr'>ribus</span> <span class='ocrx_word' id='word_1_171' title='bbox 351 1680 394 1718; x_wconf 90' lang='lat' dir='ltr'>et</span> <span class='ocrx_word' id='word_1_172' title='bbox 423 1672 606 1736; x_wconf 57' lang='lat' dir='ltr'>tributiq,</span> <span class='ocrx_word' id='word_1_173' title='bbox 648 1672 896 1716; x_wconf 90' lang='lat' dir='ltr'>intemerata</span> <span class='ocrx_word' id='word_1_174' title='bbox 935 1671 1163 1728; x_wconf 84' lang='lat' dir='ltr'>coniugum</span> <span class='ocrx_word' id='word_1_175' title='bbox 1195 1677 1238 1715; x_wconf 90' lang='lat' dir='ltr'>et</span> <span class='ocrx_word' id='word_1_176' title='bbox 1265 1670 1497 1715; x_wconf 91' lang='lat' dir='ltr'>liberorum</span> <span class='ocrx_word' id='word_1_177' title='bbox 1529 1684 1711 1729; x_wconf 92' lang='lat' dir='ltr'>corpora</span> <span class='ocrx_word' id='word_1_178' title='bbox 1740 1672 1982 1716; x_wconf 82' lang='lat' dir='ltr'>retinerent.</span> 
     </span>
     <span class='ocr_line' id='line_1_20' title="bbox 200 1745 1984 1807; baseline -0.001 -13"><span class='ocrx_word' id='word_1_179' title='bbox 200 1750 305 1794; x_wconf 89' lang='lat' dir='ltr'>haec</span> <span class='ocrx_word' id='word_1_180' title='bbox 334 1756 462 1807; x_wconf 91' lang='lat' dir='ltr'>atque</span> <span class='ocrx_word' id='word_1_181' title='bbox 491 1747 591 1792; x_wconf 86' lang='lat' dir='ltr'>talia</span> <span class='ocrx_word' id='word_1_182' title='bbox 621 1747 778 1792; x_wconf 89' lang='lat' dir='ltr'>dicenti</span> <span class='ocrx_word' id='word_1_183' title='bbox 808 1747 1058 1804; x_wconf 86' lang='lat' dir='ltr'>adstrepere</span> <span class='ocrx_word' id='word_1_184' title='bbox 1088 1745 1262 1803; x_wconf 81' lang='lat' dir='ltr'>vulgus3</span> <span class='ocrx_word' id='word_1_185' title='bbox 1294 1746 1436 1804; x_wconf 82' lang='lat' dir='ltr'>gentili</span> <span class='ocrx_word' id='word_1_186' title='bbox 1469 1747 1653 1805; x_wconf 89' lang='lat' dir='ltr'>quisque</span> <span class='ocrx_word' id='word_1_187' title='bbox 1680 1747 1885 1805; x_wconf 83' lang='lat' dir='ltr'>religione</span> <span class='ocrx_word' id='word_1_188' title='bbox 1906 1748 1984 1792; x_wconf 92' lang='lat' dir='ltr'>ob-</span> 
     </span>
    </p>
   </div>
   <div class='ocr_carea' id='block_1_3' title="bbox 196 1872 1987 2309">
    <p class='ocr_par' dir='ltr' id='par_1_3' title="bbox 196 1872 1987 2309">
     <span class='ocr_line' id='line_1_21' title="bbox 221 1872 1980 1917; baseline 0 -9"><span class='ocrx_word' id='word_1_189' title='bbox 221 1892 228 1893; x_wconf 33' lang='lat'><em>*</em></span> <span class='ocrx_word' id='word_1_190' title='bbox 264 1877 295 1909; x_wconf 77' lang='grc'>4.</span> <span class='ocrx_word' id='word_1_191' title='bbox 318 1873 462 1917; x_wconf 68' lang='lat' dir='ltr'>fimenda</span> <span class='ocrx_word' id='word_1_192' title='bbox 482 1875 516 1908; x_wconf 89' lang='lat' dir='ltr'>M</span> <span class='ocrx_word' id='word_1_193' title='bbox 541 1893 576 1898; x_wconf 90' lang='lat'>—</span> <span class='ocrx_word' id='word_1_194' title='bbox 602 1874 634 1907; x_wconf 89' lang='lat'>3.</span> <span class='ocrx_word' id='word_1_195' title='bbox 659 1882 779 1906; x_wconf 86' lang='lat' dir='ltr'>manus</span> <span class='ocrx_word' id='word_1_196' title='bbox 801 1874 968 1906; x_wconf 79' lang='lat' dir='ltr'>Faernus.</span> <span class='ocrx_word' id='word_1_197' title='bbox 988 1891 1023 1896; x_wconf 94' lang='lat'><em>-</em></span> <span class='ocrx_word' id='word_1_198' title='bbox 1051 1874 1083 1906; x_wconf 84' lang='lat'>5.</span> <span class='ocrx_word' id='word_1_199' title='bbox 1109 1873 1262 1906; x_wconf 73' lang='lat' dir='ltr'>caratam·</span> <span class='ocrx_word' id='word_1_200' title='bbox 1284 1873 1335 1906; x_wconf 87' lang='lat' dir='ltr'>M:</span> <span class='ocrx_word' id='word_1_201' title='bbox 1362 1873 1539 1907; x_wconf 82' lang='lat' dir='ltr'>Caractaci</span> <span class='ocrx_word' id='word_1_202' title='bbox 1557 1872 1677 1916; x_wconf 86' lang='lat' dir='ltr'>vulgo;</span> <span class='ocrx_word' id='word_1_203' title='bbox 1703 1874 1789 1907; x_wconf 88' lang='lat' dir='ltr'>item</span> <span class='ocrx_word' id='word_1_204' title='bbox 1805 1883 1837 1907; x_wconf 91' lang='lat' dir='ltr'>c.</span> <span class='ocrx_word' id='word_1_205' title='bbox 1854 1874 1908 1908; x_wconf 73' lang='lat'>34.</span> <span class='ocrx_word' id='word_1_206' title='bbox 1927 1875 1980 1908; x_wconf 88' lang='lat'>36.</span> 
     </span>
     <span class='ocr_line' id='line_1_22' title="bbox 197 1929 1981 1976; baseline -0.001 -10"><span class='ocrx_word' id='word_1_207' title='bbox 197 1932 251 1966; x_wconf 89' lang='lat'>38.</span> <span class='ocrx_word' id='word_1_208' title='bbox 270 1931 326 1966; x_wconf 74' lang='lat'>40.</span> <span class='ocrx_word' id='word_1_209' title='bbox 341 1949 385 1955; x_wconf 87' lang='lat'><strong>—</strong></span> <span class='ocrx_word' id='word_1_210' title='bbox 408 1931 536 1973; x_wconf 78' lang='lat' dir='ltr'>confisis</span> <span class='ocrx_word' id='word_1_211' title='bbox 557 1931 590 1963; x_wconf 91' lang='lat' dir='ltr'>M</span> <span class='ocrx_word' id='word_1_212' title='bbox 613 1939 657 1962; x_wconf 82' lang='lat' dir='ltr'>ex</span> <span class='ocrx_word' id='word_1_213' title='bbox 680 1930 1008 1976; x_wconf 78' lang='lat' dir='ltr'>accommodatione</span> <span class='ocrx_word' id='word_1_214' title='bbox 1032 1929 1078 1962; x_wconf 90' lang='lat' dir='ltr'>ad</span> <span class='ocrx_word' id='word_1_215' title='bbox 1100 1929 1251 1962; x_wconf 88' lang='lat' dir='ltr'>verbum</span> <span class='ocrx_word' id='word_1_216' title='bbox 1274 1929 1507 1971; x_wconf 87' lang='lat' dir='ltr'>praecedens.</span> <span class='ocrx_word' id='word_1_217' title='bbox 1528 1947 1564 1953; x_wconf 90' lang='lat'><em>-</em></span> <span class='ocrx_word' id='word_1_218' title='bbox 1591 1930 1622 1962; x_wconf 88' lang='lat'>6.</span> <span class='ocrx_word' id='word_1_219' title='bbox 1648 1929 1871 1964; x_wconf 84' lang='lat' dir='ltr'>brittanorum</span> <span class='ocrx_word' id='word_1_220' title='bbox 1893 1932 1926 1964; x_wconf 88' lang='lat' dir='ltr'>M</span> <span class='ocrx_word' id='word_1_221' title='bbox 1945 1950 1981 1955; x_wconf 91' lang='lat'>—</span> 
     </span>
     <span class='ocr_line' id='line_1_23' title="bbox 197 1985 1986 2034; baseline -0.001 -13"><span class='ocrx_word' id='word_1_222' title='bbox 197 1989 230 2021; x_wconf 81' lang='lat'>7.</span> <span class='ocrx_word' id='word_1_223' title='bbox 255 1991 332 2021; x_wconf 80' lang='lat' dir='ltr'>astu</span> <span class='ocrx_word' id='word_1_224' title='bbox 353 1986 497 2020; x_wconf 88' lang='lat' dir='ltr'>seclusit</span> <span class='ocrx_word' id='word_1_225' title='bbox 519 1987 653 2026; x_wconf 85' lang='lat' dir='ltr'>Haase,</span> <span class='ocrx_word' id='word_1_226' title='bbox 676 1986 799 2028; x_wconf 79' lang='lat' dir='ltr'>fraude</span> <span class='ocrx_word' id='word_1_227' title='bbox 821 1985 989 2019; x_wconf 87' lang='lat' dir='ltr'>Halmius.</span> <span class='ocrx_word' id='word_1_228' title='bbox 1011 2003 1047 2009; x_wconf 92' lang='lat'><em>-</em></span> <span class='ocrx_word' id='word_1_229' title='bbox 1066 1986 1097 2019; x_wconf 89' lang='lat'>8.</span> <span class='ocrx_word' id='word_1_230' title='bbox 1118 1986 1298 2018; x_wconf 71' lang='lat' dir='ltr'>Ordovices</span> <span class='ocrx_word' id='word_1_231' title='bbox 1314 1985 1519 2019; x_wconf 83' lang='lat' dir='ltr'>Rhenanus:</span> <span class='ocrx_word' id='word_1_232' title='bbox 1547 1986 1723 2019; x_wconf 84' lang='lat' dir='ltr'>ordolucas</span> <span class='ocrx_word' id='word_1_233' title='bbox 1737 1987 1770 2020; x_wconf 89' lang='lat' dir='ltr'>M</span> <span class='ocrx_word' id='word_1_234' title='bbox 1787 2005 1823 2010; x_wconf 91' lang='lat'>—</span> <span class='ocrx_word' id='word_1_235' title='bbox 1850 1987 1881 2020; x_wconf 88' lang='grc'>9.</span> <span class='ocrx_word' id='word_1_236' title='bbox 1902 1996 1986 2034; x_wconf 68' lang='lat' dir='ltr'>pre-</span> 
     </span>
     <span class='ocr_line' id='line_1_24' title="bbox 196 2040 1983 2086; baseline 0 -9"><span class='ocrx_word' id='word_1_237' title='bbox 196 2044 279 2077; x_wconf 87' lang='lat' dir='ltr'>lium</span> <span class='ocrx_word' id='word_1_238' title='bbox 300 2044 334 2077; x_wconf 87' lang='lat' dir='ltr'>M</span> <span class='ocrx_word' id='word_1_239' title='bbox 360 2061 395 2067; x_wconf 92' lang='lat'>—</span> <span class='ocrx_word' id='word_1_240' title='bbox 422 2043 475 2075; x_wconf 71' lang='lat'>⁴0.</span> <span class='ocrx_word' id='word_1_241' title='bbox 493 2043 540 2075; x_wconf 81' lang='lat' dir='ltr'>im</span> <span class='ocrx_word' id='word_1_242' title='bbox 560 2042 677 2075; x_wconf 82' lang='lat' dir='ltr'>melius</span> <span class='ocrx_word' id='word_1_243' title='bbox 699 2043 733 2075; x_wconf 90' lang='lat' dir='ltr'>M</span> <span class='ocrx_word' id='word_1_244' title='bbox 758 2060 794 2066; x_wconf 92' lang='lat'>—-</span> <span class='ocrx_word' id='word_1_245' title='bbox 818 2042 894 2074; x_wconf 85' lang='lat' dir='ltr'>hinc</span> <span class='ocrx_word' id='word_1_246' title='bbox 917 2040 1091 2075; x_wconf 87' lang='lat' dir='ltr'>Halmius:</span> <span class='ocrx_word' id='word_1_247' title='bbox 1116 2045 1194 2074; x_wconf 86' lang='lat' dir='ltr'>tunc</span> <span class='ocrx_word' id='word_1_248' title='bbox 1209 2042 1259 2081; x_wconf 87' lang='lat' dir='ltr'>M;</span> <span class='ocrx_word' id='word_1_249' title='bbox 1285 2045 1375 2074; x_wconf 76' lang='lat' dir='ltr'>tutus</span> <span class='ocrx_word' id='word_1_250' title='bbox 1389 2042 1559 2081; x_wconf 87' lang='lat' dir='ltr'>Ritterus;</span> <span class='ocrx_word' id='word_1_251' title='bbox 1585 2043 1690 2075; x_wconf 84' lang='lat' dir='ltr'>cincto</span> <span class='ocrx_word' id='word_1_252' title='bbox 1705 2043 1983 2086; x_wconf 87' lang='lat' dir='ltr'>Bezzenberger.</span> 
     </span>
     <span class='ocr_line' id='line_1_25' title="bbox 200 2097 1982 2140; baseline 0.001 -9"><span class='ocrx_word' id='word_1_253' title='bbox 200 2117 237 2124; x_wconf 91' lang='lat'>—</span> <span class='ocrx_word' id='word_1_254' title='bbox 265 2100 317 2132; x_wconf 79' lang='grc' dir='ltr'>Μ.</span> <span class='ocrx_word' id='word_1_255' title='bbox 340 2101 470 2140; x_wconf 83' lang='lat' dir='ltr'>poterat</span> <span class='ocrx_word' id='word_1_256' title='bbox 493 2097 648 2131; x_wconf 91' lang='lat' dir='ltr'>Halmius</span> <span class='ocrx_word' id='word_1_257' title='bbox 670 2097 748 2130; x_wconf 89' lang='lat' dir='ltr'>coll.</span> <span class='ocrx_word' id='word_1_258' title='bbox 773 2098 859 2130; x_wconf 83' lang='lat' dir='ltr'>Hist.</span> <span class='ocrx_word' id='word_1_259' title='bbox 884 2097 916 2138; x_wconf 87' lang='lat'>3,</span> <span class='ocrx_word' id='word_1_260' title='bbox 941 2098 996 2130; x_wconf 70' lang='lat'>7⁴.</span> <span class='ocrx_word' id='word_1_261' title='bbox 1023 2115 1059 2121; x_wconf 93' lang='lat'><strong>—</strong></span> <span class='ocrx_word' id='word_1_262' title='bbox 1091 2097 1185 2130; x_wconf 73' lang='lat' dir='ltr'>baliis</span> <span class='ocrx_word' id='word_1_263' title='bbox 1206 2107 1260 2140; x_wconf 92' lang='lat' dir='ltr'>pr.</span> <span class='ocrx_word' id='word_1_264' title='bbox 1286 2099 1339 2136; x_wconf 90' lang='lat' dir='ltr'>M;</span> <span class='ocrx_word' id='word_1_265' title='bbox 1362 2098 1460 2131; x_wconf 82' lang='lat' dir='ltr'>vallis</span> <span class='ocrx_word' id='word_1_266' title='bbox 1482 2106 1574 2131; x_wconf 92' lang='lat' dir='ltr'>corr.</span> <span class='ocrx_word' id='word_1_267' title='bbox 1599 2100 1633 2132; x_wconf 92' lang='lat' dir='ltr'>M</span> <span class='ocrx_word' id='word_1_268' title='bbox 1658 2117 1694 2122; x_wconf 97' lang='lat'><strong>—</strong></span> <span class='ocrx_word' id='word_1_269' title='bbox 1717 2100 1876 2140; x_wconf 78' lang='lat' dir='ltr'>prestruit</span> <span class='ocrx_word' id='word_1_270' title='bbox 1898 2101 1931 2134; x_wconf 93' lang='lat' dir='ltr'>M</span> <span class='ocrx_word' id='word_1_271' title='bbox 1946 2118 1982 2125; x_wconf 89' lang='lat'>—</span> 
     </span>
     <span class='ocr_line' id='line_1_26' title="bbox 198 2153 1987 2197; baseline 0.001 -9"><span class='ocrx_word' id='word_1_272' title='bbox 198 2156 251 2188; x_wconf 75' lang='lat'>⁴2.</span> <span class='ocrx_word' id='word_1_273' title='bbox 276 2158 493 2195; x_wconf 77' lang='lat' dir='ltr'>catervaeque</span> <span class='ocrx_word' id='word_1_274' title='bbox 515 2154 666 2196; x_wconf 88' lang='lat' dir='ltr'>Lipsius:</span> <span class='ocrx_word' id='word_1_275' title='bbox 693 2156 897 2196; x_wconf 82' lang='lat' dir='ltr'>cateruaque</span> <span class='ocrx_word' id='word_1_276' title='bbox 919 2154 951 2186; x_wconf 89' lang='lat' dir='ltr'>M</span> <span class='ocrx_word' id='word_1_277' title='bbox 978 2171 1014 2177; x_wconf 89' lang='lat'>—</span> <span class='ocrx_word' id='word_1_278' title='bbox 1039 2158 1251 2187; x_wconf 84' lang='lat' dir='ltr'>armatorum</span> <span class='ocrx_word' id='word_1_279' title='bbox 1274 2154 1534 2187; x_wconf 85' lang='lat' dir='ltr'>Freinshemius</span> <span class='ocrx_word' id='word_1_280' title='bbox 1558 2153 1647 2196; x_wconf 89' lang='lat' dir='ltr'>(coll.</span> <span class='ocrx_word' id='word_1_281' title='bbox 1672 2156 1786 2197; x_wconf 83' lang='lat' dir='ltr'>Agric.</span> <span class='ocrx_word' id='word_1_282' title='bbox 1812 2155 1884 2197; x_wconf 85' lang='lat'><strong>37):</strong></span> <span class='ocrx_word' id='word_1_283' title='bbox 1909 2165 1987 2189; x_wconf 87' lang='lat' dir='ltr'>ma-</span> 
     </span>
     <span class='ocr_line' id='line_1_27' title="bbox 197 2208 1987 2251; baseline 0.001 -8"><span class='ocrx_word' id='word_1_284' title='bbox 197 2211 308 2243; x_wconf 77' lang='lat' dir='ltr'>iorum</span> <span class='ocrx_word' id='word_1_285' title='bbox 329 2211 363 2244; x_wconf 87' lang='lat' dir='ltr'>M</span> <span class='ocrx_word' id='word_1_286' title='bbox 387 2227 423 2233; x_wconf 88' lang='lat'>—</span> <span class='ocrx_word' id='word_1_287' title='bbox 450 2208 502 2242; x_wconf 76' lang='lat'>⁴4.</span> <span class='ocrx_word' id='word_1_288' title='bbox 528 2210 674 2242; x_wconf 82' lang='lat' dir='ltr'>accenda</span> <span class='ocrx_word' id='word_1_289' title='bbox 695 2210 729 2243; x_wconf 91' lang='lat' dir='ltr'>M</span> <span class='ocrx_word' id='word_1_290' title='bbox 754 2227 789 2233; x_wconf 92' lang='lat'>-</span> <span class='ocrx_word' id='word_1_291' title='bbox 824 2210 876 2243; x_wconf 74' lang='lat'>⁴5.</span> <span class='ocrx_word' id='word_1_292' title='bbox 901 2211 1127 2251; x_wconf 80' lang='lat' dir='ltr'>recuperande</span> <span class='ocrx_word' id='word_1_293' title='bbox 1149 2211 1183 2244; x_wconf 89' lang='lat' dir='ltr'>M</span> <span class='ocrx_word' id='word_1_294' title='bbox 1209 2227 1245 2234; x_wconf 93' lang='lat'><strong>—</strong></span> <span class='ocrx_word' id='word_1_295' title='bbox 1275 2210 1328 2243; x_wconf 72' lang='lat'>⁴6.</span> <span class='ocrx_word' id='word_1_296' title='bbox 1353 2214 1484 2244; x_wconf 81' lang='lat' dir='ltr'>eternae</span> <span class='ocrx_word' id='word_1_297' title='bbox 1506 2211 1540 2245; x_wconf 87' lang='grc' dir='ltr'><strong>Μ</strong></span> <span class='ocrx_word' id='word_1_298' title='bbox 1565 2229 1601 2234; x_wconf 97' lang='grc'>-</span> <span class='ocrx_word' id='word_1_299' title='bbox 1629 2210 1682 2244; x_wconf 81' lang='grc'>49.</span> <span class='ocrx_word' id='word_1_300' title='bbox 1706 2212 1763 2245; x_wconf 86' lang='lat' dir='ltr'>hec</span> <span class='ocrx_word' id='word_1_301' title='bbox 1786 2213 1819 2246; x_wconf 92' lang='lat' dir='ltr'>M</span> <span class='ocrx_word' id='word_1_302' title='bbox 1844 2230 1880 2235; x_wconf 90' lang='lat'>—</span> <span class='ocrx_word' id='word_1_303' title='bbox 1905 2213 1987 2246; x_wconf 84' lang='lat' dir='ltr'>reli-</span> 
     </span>
     <span class='ocr_line' id='line_1_28' title="bbox 200 2266 723 2309; baseline -0.004 -9"><span class='ocrx_word' id='word_1_304' title='bbox 200 2267 297 2309; x_wconf 64' lang='lat' dir='ltr'>gione</span> <span class='ocrx_word' id='word_1_305' title='bbox 320 2267 474 2309; x_wconf 87' lang='lat' dir='ltr'>Lipsius:</span> <span class='ocrx_word' id='word_1_306' title='bbox 502 2266 656 2308; x_wconf 67' lang='lat' dir='ltr'>religioni</span> <span class='ocrx_word' id='word_1_307' title='bbox 679 2267 723 2299; x_wconf 89' lang='grc' dir='ltr'>Μ.</span> 
     </span>
    </p>
   </div>
   <div class='ocr_carea' id='block_1_4' title="bbox 200 2366 1075 3458">
    <p class='ocr_par' dir='ltr' id='par_1_4' title="bbox 200 2366 1075 3458">
     <span class='ocr_line' id='line_1_29' title="bbox 200 2366 1068 2418; baseline 0.001 -13"><span class='ocrx_word' id='word_1_308' title='bbox 200 2381 267 2405; x_wconf 82' lang='grc' dir='ltr'>τον</span> <span class='ocrx_word' id='word_1_309' title='bbox 296 2371 368 2415; x_wconf 78' lang='grc' dir='ltr'>μὲν</span> <span class='ocrx_word' id='word_1_310' title='bbox 390 2368 684 2418; x_wconf 77' lang='grc' dir='ltr'>Καταράκατον,</span> <span class='ocrx_word' id='word_1_311' title='bbox 716 2366 847 2404; x_wconf 70' lang='grc' dir='ltr'>οἔπειτα</span> <span class='ocrx_word' id='word_1_312' title='bbox 877 2369 1068 2416; x_wconf 80' lang='grc' dir='ltr'><em>Τογόδου-</em></span> 
     </span>
     <span class='ocr_line' id='line_1_30' title="bbox 200 2420 1066 2466; baseline 0 -11"><span class='ocrx_word' id='word_1_313' title='bbox 200 2432 316 2465; x_wconf 81' lang='grc' dir='ltr'>μνον,</span> <span class='ocrx_word' id='word_1_314' title='bbox 351 2420 630 2462; x_wconf 78' lang='grc' dir='ltr'><strong><em>Κυνοβελλίνου</em></strong></span> <span class='ocrx_word' id='word_1_315' title='bbox 669 2420 829 2463; x_wconf 84' lang='grc' dir='ltr'>παῖδας,</span> <span class='ocrx_word' id='word_1_316' title='bbox 868 2421 1043 2466; x_wconf 81' lang='grc' dir='ltr'><strong><em>ἐνίκησεν</em></strong></span> <span class='ocrx_word' id='word_1_317' title='bbox 1058 2432 1066 2440; x_wconf 94' lang='grc'>·</span> 
     </span>
     <span class='ocr_line' id='line_1_31' title="bbox 201 2468 1068 2518; baseline 0 -13"><span class='ocrx_word' id='word_1_318' title='bbox 201 2468 320 2513; x_wconf 81' lang='grc' dir='ltr'><strong><em>αὐτὸς</em></strong></span> <span class='ocrx_word' id='word_1_319' title='bbox 352 2469 425 2518; x_wconf 81' lang='grc' dir='ltr'>γὰρ</span> <span class='ocrx_word' id='word_1_320' title='bbox 458 2469 664 2514; x_wconf 80' lang='grc' dir='ltr'>ἐτεθνήκει.</span> <span class='ocrx_word' id='word_1_321' title='bbox 694 2490 729 2496; x_wconf 91' lang='grc'><strong>-</strong></span> <span class='ocrx_word' id='word_1_322' title='bbox 756 2472 934 2514; x_wconf 65' lang='lat' dir='ltr'>ambigua]</span> <span class='ocrx_word' id='word_1_323' title='bbox 971 2473 1068 2505; x_wconf 92' lang='lat' dir='ltr'>dubii</span> 
     </span>
     <span class='ocr_line' id='line_1_32' title="bbox 202 2522 1070 2563; baseline -0.001 -8"><span class='ocrx_word' id='word_1_324' title='bbox 202 2523 333 2563; x_wconf 85' lang='lat' dir='ltr'>exitus,</span> <span class='ocrx_word' id='word_1_325' title='bbox 358 2523 475 2554; x_wconf 91' lang='lat' dir='ltr'>utrum</span> <span class='ocrx_word' id='word_1_326' title='bbox 500 2530 611 2563; x_wconf 90' lang='lat' dir='ltr'>penes</span> <span class='ocrx_word' id='word_1_327' title='bbox 634 2522 773 2563; x_wconf 90' lang='lat' dir='ltr'>ipsum,</span> <span class='ocrx_word' id='word_1_328' title='bbox 798 2531 843 2554; x_wconf 89' lang='lat' dir='ltr'>an</span> <span class='ocrx_word' id='word_1_329' title='bbox 866 2530 978 2563; x_wconf 90' lang='lat' dir='ltr'>penes</span> <span class='ocrx_word' id='word_1_330' title='bbox 1001 2523 1070 2554; x_wconf 88' lang='lat' dir='ltr'>Ro-</span> 
     </span>
     <span class='ocr_line' id='line_1_33' title="bbox 200 2572 1069 2613; baseline -0.002 -7"><span class='ocrx_word' id='word_1_331' title='bbox 200 2581 325 2606; x_wconf 89' lang='lat' dir='ltr'>manos</span> <span class='ocrx_word' id='word_1_332' title='bbox 356 2572 500 2605; x_wconf 90' lang='lat' dir='ltr'>victoria</span> <span class='ocrx_word' id='word_1_333' title='bbox 532 2572 671 2611; x_wconf 83' lang='lat' dir='ltr'>fuisset,</span> <span class='ocrx_word' id='word_1_334' title='bbox 708 2581 791 2604; x_wconf 91' lang='lat' dir='ltr'>cum</span> <span class='ocrx_word' id='word_1_335' title='bbox 821 2581 936 2613; x_wconf 89' lang='lat' dir='ltr'>aequo</span> <span class='ocrx_word' id='word_1_336' title='bbox 960 2573 1069 2605; x_wconf 86' lang='lat' dir='ltr'>Marte</span> 
     </span>
     <span class='ocr_line' id='line_1_34' title="bbox 201 2619 1069 2664; baseline -0.001 -10"><span class='ocrx_word' id='word_1_337' title='bbox 201 2621 341 2664; x_wconf 90' lang='lat' dir='ltr'>utrique</span> <span class='ocrx_word' id='word_1_338' title='bbox 371 2621 634 2660; x_wconf 84' lang='lat' dir='ltr'>discessissent;</span> <span class='ocrx_word' id='word_1_339' title='bbox 671 2621 735 2654; x_wconf 89' lang='lat' dir='ltr'>sed</span> <span class='ocrx_word' id='word_1_340' title='bbox 758 2619 813 2653; x_wconf 91' lang='lat' dir='ltr'>vel</span> <span class='ocrx_word' id='word_1_341' title='bbox 845 2621 913 2653; x_wconf 91' lang='lat' dir='ltr'>hoc</span> <span class='ocrx_word' id='word_1_342' title='bbox 940 2621 1069 2662; x_wconf 86' lang='lat' dir='ltr'>gloriae</span> 
     </span>
     <span class='ocr_line' id='line_1_35' title="bbox 202 2670 1070 2714; baseline -0.002 -9"><span class='ocrx_word' id='word_1_343' title='bbox 202 2670 284 2705; x_wconf 88' lang='lat' dir='ltr'>duci</span> <span class='ocrx_word' id='word_1_344' title='bbox 318 2673 465 2714; x_wconf 89' lang='lat' dir='ltr'>poterat.</span> <span class='ocrx_word' id='word_1_345' title='bbox 504 2689 539 2694; x_wconf 98' lang='lat'><strong>—</strong></span> <span class='ocrx_word' id='word_1_346' title='bbox 577 2670 670 2712; x_wconf 86' lang='lat' dir='ltr'>astu]</span> <span class='ocrx_word' id='word_1_347' title='bbox 706 2673 810 2712; x_wconf 85' lang='lat' dir='ltr'>iunge</span> <span class='ocrx_word' id='word_1_348' title='bbox 845 2679 925 2703; x_wconf 92' lang='lat' dir='ltr'>cum</span> <span class='ocrx_word' id='word_1_349' title='bbox 959 2671 1070 2704; x_wconf 91' lang='lat' dir='ltr'>verbo</span> 
     </span>
     <span class='ocr_line' id='line_1_36' title="bbox 202 2717 1071 2768; baseline -0.002 -13"><span class='ocrx_word' id='word_1_350' title='bbox 202 2722 380 2764; x_wconf 74' lang='lat' dir='ltr'>transsert3</span> <span class='ocrx_word' id='word_1_351' title='bbox 415 2717 668 2768; x_wconf 81' lang='grc' dir='ltr'><em>στρατήγημα</em></span> <span class='ocrx_word' id='word_1_352' title='bbox 691 2721 727 2754; x_wconf 91' lang='lat' dir='ltr'>in</span> <span class='ocrx_word' id='word_1_353' title='bbox 751 2730 794 2753; x_wconf 92' lang='lat' dir='ltr'>eo</span> <span class='ocrx_word' id='word_1_354' title='bbox 816 2721 947 2759; x_wconf 85' lang='lat' dir='ltr'>inerat,</span> <span class='ocrx_word' id='word_1_355' title='bbox 974 2721 1071 2762; x_wconf 91' lang='lat' dir='ltr'>quod</span> 
     </span>
     <span class='ocr_line' id='line_1_37' title="bbox 203 2770 1071 2810; baseline -0.002 -5"><span class='ocrx_word' id='word_1_356' title='bbox 203 2781 274 2805; x_wconf 90' lang='lat' dir='ltr'>non</span> <span class='ocrx_word' id='word_1_357' title='bbox 296 2773 394 2804; x_wconf 89' lang='lat' dir='ltr'>recta</span> <span class='ocrx_word' id='word_1_358' title='bbox 416 2772 471 2803; x_wconf 89' lang='lat' dir='ltr'>via</span> <span class='ocrx_word' id='word_1_359' title='bbox 503 2780 547 2803; x_wconf 87' lang='lat' dir='ltr'>ex</span> <span class='ocrx_word' id='word_1_360' title='bbox 568 2770 738 2810; x_wconf 86' lang='lat' dir='ltr'>Silurum,</span> <span class='ocrx_word' id='word_1_361' title='bbox 770 2770 834 2803; x_wconf 90' lang='lat' dir='ltr'>sed</span> <span class='ocrx_word' id='word_1_362' title='bbox 858 2780 901 2803; x_wconf 84' lang='lat' dir='ltr'>ex</span> <span class='ocrx_word' id='word_1_363' title='bbox 925 2771 1071 2803; x_wconf 89' lang='lat' dir='ltr'>Ordovi-</span> 
     </span>
     <span class='ocr_line' id='line_1_38' title="bbox 204 2820 1071 2855; baseline -0.002 0"><span class='ocrx_word' id='word_1_364' title='bbox 204 2830 286 2855; x_wconf 91' lang='lat' dir='ltr'>cum</span> <span class='ocrx_word' id='word_1_365' title='bbox 309 2821 438 2854; x_wconf 85' lang='lat' dir='ltr'>finibus</span> <span class='ocrx_word' id='word_1_366' title='bbox 460 2820 594 2854; x_wconf 90' lang='lat' dir='ltr'>bellum</span> <span class='ocrx_word' id='word_1_367' title='bbox 618 2821 782 2854; x_wconf 85' lang='lat' dir='ltr'>Romanis</span> <span class='ocrx_word' id='word_1_368' title='bbox 805 2820 929 2854; x_wconf 90' lang='lat' dir='ltr'>intulit.</span> <span class='ocrx_word' id='word_1_369' title='bbox 958 2838 994 2844; x_wconf 92' lang='lat'>—</span> <span class='ocrx_word' id='word_1_370' title='bbox 1020 2821 1071 2853; x_wconf 90' lang='lat' dir='ltr'>lo-</span> 
     </span>
     <span class='ocr_line' id='line_1_39' title="bbox 204 2871 1070 2913; baseline -0.001 -8"><span class='ocrx_word' id='word_1_371' title='bbox 204 2881 320 2905; x_wconf 81' lang='lat' dir='ltr'>corum</span> <span class='ocrx_word' id='word_1_372' title='bbox 340 2872 471 2913; x_wconf 82' lang='lat' dir='ltr'>fraude]</span> <span class='ocrx_word' id='word_1_373' title='bbox 496 2872 540 2904; x_wconf 86' lang='lat' dir='ltr'>les</span> <span class='ocrx_word' id='word_1_374' title='bbox 559 2871 671 2913; x_wconf 71' lang='lat' dir='ltr'>pieqes</span> <span class='ocrx_word' id='word_1_375' title='bbox 685 2872 731 2903; x_wconf 84' lang='lat' dir='ltr'>du</span> <span class='ocrx_word' id='word_1_376' title='bbox 746 2873 875 2904; x_wconf 80' lang='lat' dir='ltr'>terrain</span> <span class='ocrx_word' id='word_1_377' title='bbox 900 2871 1070 2910; x_wconf 82' lang='lat' dir='ltr'>Burnouf;</span> 
     </span>
     <span class='ocr_line' id='line_1_40' title="bbox 204 2921 1073 2964; baseline -0.001 -9"><span class='ocrx_word' id='word_1_378' title='bbox 204 2923 308 2956; x_wconf 82' lang='lat' dir='ltr'>durch</span> <span class='ocrx_word' id='word_1_379' title='bbox 329 2923 381 2955; x_wconf 83' lang='lat' dir='ltr'>die</span> <span class='ocrx_word' id='word_1_380' title='bbox 399 2922 502 2955; x_wconf 80' lang='lat' dir='ltr'>Tu&#39;eke</span> <span class='ocrx_word' id='word_1_381' title='bbox 524 2923 579 2954; x_wconf 82' lang='lat' dir='ltr'>des</span> <span class='ocrx_word' id='word_1_382' title='bbox 600 2923 755 2954; x_wconf 75' lang='lat' dir='ltr'>Terrains</span> <span class='ocrx_word' id='word_1_383' title='bbox 769 2921 983 2964; x_wconf 80' lang='lat' dir='ltr'>Nipperdey.</span> <span class='ocrx_word' id='word_1_384' title='bbox 1010 2922 1073 2954; x_wconf 90' lang='lat' dir='ltr'>Hic</span> 
     </span>
     <span class='ocr_line' id='line_1_41' title="bbox 205 2970 1070 3014; baseline 0 -10"><span class='ocrx_word' id='word_1_385' title='bbox 205 2981 348 3014; x_wconf 88' lang='lat' dir='ltr'>quoque</span> <span class='ocrx_word' id='word_1_386' title='bbox 360 2972 498 3004; x_wconf 87' lang='lat' dir='ltr'>Tacitus</span> <span class='ocrx_word' id='word_1_387' title='bbox 509 2970 650 3013; x_wconf 84' lang='lat' dir='ltr'>Vergilii</span> <span class='ocrx_word' id='word_1_388' title='bbox 666 2972 720 3004; x_wconf 94' lang='lat' dir='ltr'>sui</span> <span class='ocrx_word' id='word_1_389' title='bbox 737 2972 958 3004; x_wconf 89' lang='lat' dir='ltr'>meminerat.</span> <span class='ocrx_word' id='word_1_390' title='bbox 984 2972 1070 3004; x_wconf 90' lang='lat' dir='ltr'>Aen.</span> 
     </span>
     <span class='ocr_line' id='line_1_42' title="bbox 205 3021 1070 3063; baseline 0 -9"><span class='ocrx_word' id='word_1_391' title='bbox 205 3022 237 3063; x_wconf 81' lang='lat'>9,</span> <span class='ocrx_word' id='word_1_392' title='bbox 263 3021 345 3054; x_wconf 84' lang='lat'>397:</span> <span class='ocrx_word' id='word_1_393' title='bbox 381 3021 514 3054; x_wconf 82' lang='lat' dir='ltr'>Fraude</span> <span class='ocrx_word' id='word_1_394' title='bbox 543 3022 606 3054; x_wconf 86' lang='lat' dir='ltr'>loci</span> <span class='ocrx_word' id='word_1_395' title='bbox 636 3024 667 3054; x_wconf 83' lang='lat' dir='ltr'>et</span> <span class='ocrx_word' id='word_1_396' title='bbox 687 3021 855 3054; x_wconf 56' lang='lat' dir='ltr'>noctis„</span> <span class='ocrx_word' id='word_1_397' title='bbox 870 3030 1070 3062; x_wconf 79' lang='lat' dir='ltr'>oppressum.</span> 
     </span>
     <span class='ocr_line' id='line_1_43' title="bbox 210 3069 1072 3112; baseline 0 -10"><span class='ocrx_word' id='word_1_398' title='bbox 210 3088 246 3094; x_wconf 94' lang='lat'>—</span> <span class='ocrx_word' id='word_1_399' title='bbox 271 3070 463 3112; x_wconf 74' lang='lat' dir='ltr'>Ordouicas]</span> <span class='ocrx_word' id='word_1_400' title='bbox 488 3070 522 3102; x_wconf 89' lang='lat' dir='ltr'>in</span> <span class='ocrx_word' id='word_1_401' title='bbox 545 3069 809 3112; x_wconf 84' lang='lat' dir='ltr'>septentrionali</span> <span class='ocrx_word' id='word_1_402' title='bbox 831 3069 975 3110; x_wconf 90' lang='lat' dir='ltr'>Wallia,</span> <span class='ocrx_word' id='word_1_403' title='bbox 1011 3069 1072 3102; x_wconf 90' lang='lat' dir='ltr'>ubi</span> 
     </span>
     <span class='ocr_line' id='line_1_44' title="bbox 207 3119 1071 3161; baseline -0.001 -9"><span class='ocrx_word' id='word_1_404' title='bbox 207 3128 301 3152; x_wconf 90' lang='lat' dir='ltr'>nunc</span> <span class='ocrx_word' id='word_1_405' title='bbox 317 3119 503 3152; x_wconf 80' lang='lat' dir='ltr'>comitatus</span> <span class='ocrx_word' id='word_1_406' title='bbox 518 3120 758 3161; x_wconf 69' lang='lat' dir='ltr'>Montqomery,</span> <span class='ocrx_word' id='word_1_407' title='bbox 775 3120 949 3158; x_wconf 85' lang='lat' dir='ltr'>Merionet,</span> <span class='ocrx_word' id='word_1_408' title='bbox 972 3119 1071 3159; x_wconf 84' lang='lat' dir='ltr'>Flint,</span> 
     </span>
     <span class='ocr_line' id='line_1_45' title="bbox 205 3168 1072 3211; baseline 0 -9"><span class='ocrx_word' id='word_1_409' title='bbox 205 3169 345 3211; x_wconf 71' lang='lat' dir='ltr'>Denbiq.</span> <span class='ocrx_word' id='word_1_410' title='bbox 380 3170 492 3211; x_wconf 86' lang='lat' dir='ltr'>Caput</span> <span class='ocrx_word' id='word_1_411' title='bbox 514 3170 612 3211; x_wconf 82' lang='lat' dir='ltr'>regni</span> <span class='ocrx_word' id='word_1_412' title='bbox 635 3172 711 3202; x_wconf 87' lang='lat' dir='ltr'>erat</span> <span class='ocrx_word' id='word_1_413' title='bbox 735 3170 943 3208; x_wconf 89' lang='lat' dir='ltr'>Conovium,</span> <span class='ocrx_word' id='word_1_414' title='bbox 968 3168 1072 3202; x_wconf 90' lang='lat' dir='ltr'>hodie</span> 
     </span>
     <span class='ocr_line' id='line_1_46' title="bbox 208 3217 1070 3259; baseline -0.002 -7"><span class='ocrx_word' id='word_1_415' title='bbox 208 3219 373 3259; x_wconf 75' lang='lat' dir='ltr'>Conway,</span> <span class='ocrx_word' id='word_1_416' title='bbox 404 3218 449 3251; x_wconf 87' lang='lat' dir='ltr'>ad</span> <span class='ocrx_word' id='word_1_417' title='bbox 472 3218 606 3251; x_wconf 86' lang='lat' dir='ltr'>flumen</span> <span class='ocrx_word' id='word_1_418' title='bbox 629 3218 797 3251; x_wconf 90' lang='lat' dir='ltr'>Tisobim.</span> <span class='ocrx_word' id='word_1_419' title='bbox 832 3217 883 3250; x_wconf 86' lang='lat' dir='ltr'>Cf.</span> <span class='ocrx_word' id='word_1_420' title='bbox 910 3219 990 3259; x_wconf 85' lang='lat' dir='ltr'>Agr.</span> <span class='ocrx_word' id='word_1_421' title='bbox 1017 3219 1070 3252; x_wconf 73' lang='lat'>⁴8.</span> 
     </span>
     <span class='ocr_line' id='line_1_47' title="bbox 211 3266 1072 3309; baseline -0.002 -9"><span class='ocrx_word' id='word_1_422' title='bbox 211 3285 247 3291; x_wconf 92' lang='lat'>—-</span> <span class='ocrx_word' id='word_1_423' title='bbox 266 3276 386 3309; x_wconf 81' lang='lat' dir='ltr'>pacem</span> <span class='ocrx_word' id='word_1_424' title='bbox 418 3270 567 3300; x_wconf 84' lang='lat' dir='ltr'>nostram</span> <span class='ocrx_word' id='word_1_425' title='bbox 600 3266 803 3308; x_wconf 78' lang='lat' dir='ltr'>metuebant]</span> <span class='ocrx_word' id='word_1_426' title='bbox 840 3275 960 3298; x_wconf 88' lang='lat' dir='ltr'>amara</span> <span class='ocrx_word' id='word_1_427' title='bbox 991 3275 1072 3299; x_wconf 90' lang='lat' dir='ltr'>cum</span> 
     </span>
     <span class='ocr_line' id='line_1_48' title="bbox 208 3316 1073 3359; baseline -0.001 -11"><span class='ocrx_word' id='word_1_428' title='bbox 208 3317 337 3349; x_wconf 85' lang='lat' dir='ltr'>ironia:</span> <span class='ocrx_word' id='word_1_429' title='bbox 374 3325 547 3359; x_wconf 77' lang='lat' dir='ltr'>«pacem,</span> <span class='ocrx_word' id='word_1_430' title='bbox 584 3316 723 3349; x_wconf 90' lang='lat' dir='ltr'>tributis</span> <span class='ocrx_word' id='word_1_431' title='bbox 747 3317 949 3355; x_wconf 87' lang='lat' dir='ltr'>oneratam,</span> <span class='ocrx_word' id='word_1_432' title='bbox 983 3324 1073 3356; x_wconf 88' lang='lat' dir='ltr'>quae</span> 
     </span>
     <span class='ocr_line' id='line_1_49' title="bbox 209 3364 1073 3408; baseline 0 -10"><span class='ocrx_word' id='word_1_433' title='bbox 209 3374 334 3408; x_wconf 87' lang='lat' dir='ltr'>reapse</span> <span class='ocrx_word' id='word_1_434' title='bbox 358 3367 539 3399; x_wconf 88' lang='lat' dir='ltr'>servitium</span> <span class='ocrx_word' id='word_1_435' title='bbox 564 3368 682 3406; x_wconf 77' lang='lat' dir='ltr'>erat»,</span> <span class='ocrx_word' id='word_1_436' title='bbox 715 3367 754 3398; x_wconf 95' lang='lat' dir='ltr'>ut</span> <span class='ocrx_word' id='word_1_437' title='bbox 776 3368 857 3407; x_wconf 84' lang='lat' dir='ltr'>Agr.</span> <span class='ocrx_word' id='word_1_438' title='bbox 883 3366 924 3398; x_wconf 89' lang='grc'>30</span> <span class='ocrx_word' id='word_1_439' title='bbox 949 3364 1073 3407; x_wconf 84' lang='lat' dir='ltr'>Calga-</span> 
     </span>
     <span class='ocr_line' id='line_1_50' title="bbox 210 3416 1075 3458; baseline 0.001 -10"><span class='ocrx_word' id='word_1_440' title='bbox 210 3423 291 3449; x_wconf 85' lang='lat' dir='ltr'>cus:</span> <span class='ocrx_word' id='word_1_441' title='bbox 317 3416 475 3458; x_wconf 82' lang='lat' dir='ltr'>Romani,</span> <span class='ocrx_word' id='word_1_442' title='bbox 500 3417 554 3450; x_wconf 80' lang='lat' dir='ltr'>ubi</span> <span class='ocrx_word' id='word_1_443' title='bbox 577 3416 785 3449; x_wconf 72' lang='lat' dir='ltr'>solitudinem</span> <span class='ocrx_word' id='word_1_444' title='bbox 797 3416 938 3458; x_wconf 79' lang='lat' dir='ltr'>faciunt,</span> <span class='ocrx_word' id='word_1_445' title='bbox 956 3424 1075 3456; x_wconf 82' lang='lat' dir='ltr'>pacem</span> 
     </span>
    </p>
   </div>
   <div class='ocr_carea' id='block_1_5' title="bbox 1117 2373 1983 2417">
    <p class='ocr_par' dir='ltr' id='par_1_5' title="bbox 1117 2373 1983 2417">
     <span class='ocr_line' id='line_1_51' title="bbox 1117 2373 1983 2417; baseline 0.006 -12"><span class='ocrx_word' id='word_1_446' title='bbox 1117 2373 1297 2415; x_wconf 82' lang='lat' dir='ltr'>appellant.</span> <span class='ocrx_word' id='word_1_447' title='bbox 1324 2374 1404 2406; x_wconf 89' lang='lat' dir='ltr'>Sine</span> <span class='ocrx_word' id='word_1_448' title='bbox 1426 2374 1537 2407; x_wconf 86' lang='lat' dir='ltr'>ironia</span> <span class='ocrx_word' id='word_1_449' title='bbox 1556 2375 1692 2408; x_wconf 86' lang='lat' dir='ltr'>Seneca</span> <span class='ocrx_word' id='word_1_450' title='bbox 1708 2375 1753 2409; x_wconf 91' lang='lat' dir='ltr'>de</span> <span class='ocrx_word' id='word_1_451' title='bbox 1772 2375 1882 2409; x_wconf 89' lang='lat' dir='ltr'>Clem.</span> <span class='ocrx_word' id='word_1_452' title='bbox 1901 2378 1933 2417; x_wconf 75' lang='lat'>⁴,</span> <span class='ocrx_word' id='word_1_453' title='bbox 1953 2378 1983 2417; x_wconf 83' lang='grc'>4,</span> 
     </span>
    </p>
   </div>
   <div class='ocr_carea' id='block_1_6' title="bbox 1102 2424 1984 2469">
    <p class='ocr_par' dir='ltr' id='par_1_6' title="bbox 1102 2424 1984 2469">
     <span class='ocr_line' id='line_1_52' title="bbox 1102 2424 1984 2469; baseline 0.005 -14"><span class='ocrx_word' id='word_1_454' title='bbox 1102 2424 1138 2461; x_wconf 42' lang='grc' dir='ltr'>μΞ</span> <span class='ocrx_word' id='word_1_455' title='bbox 1157 2433 1200 2456; x_wconf 81' lang='lat' dir='ltr'>ex</span> <span class='ocrx_word' id='word_1_456' title='bbox 1216 2424 1364 2456; x_wconf 91' lang='lat' dir='ltr'>Neronis</span> <span class='ocrx_word' id='word_1_457' title='bbox 1387 2433 1469 2457; x_wconf 91' lang='lat' dir='ltr'>ore:</span> <span class='ocrx_word' id='word_1_458' title='bbox 1493 2425 1583 2457; x_wconf 87' lang='lat' dir='ltr'>Haec</span> <span class='ocrx_word' id='word_1_459' title='bbox 1604 2428 1652 2458; x_wconf 83' lang='lat' dir='ltr'>tot</span> <span class='ocrx_word' id='word_1_460' title='bbox 1672 2426 1767 2458; x_wconf 80' lang='lat' dir='ltr'>milia</span> <span class='ocrx_word' id='word_1_461' title='bbox 1781 2427 1984 2469; x_wconf 59' lang='lat' dir='ltr'>modiorum,</span> 
     </span>
    </p>
   </div>
   <div class='ocr_carea' id='block_1_7' title="bbox 1115 2475 2000 3459">
    <p class='ocr_par' dir='ltr' id='par_1_7' title="bbox 1115 2475 2000 3311">
     <span class='ocr_line' id='line_1_53' title="bbox 1119 2475 1987 2516; baseline 0.008 -12"><span class='ocrx_word' id='word_1_462' title='bbox 1119 2482 1204 2513; x_wconf 88' lang='lat' dir='ltr'>quae</span> <span class='ocrx_word' id='word_1_463' title='bbox 1221 2482 1299 2513; x_wconf 77' lang='lat' dir='ltr'>pax</span> <span class='ocrx_word' id='word_1_464' title='bbox 1319 2482 1395 2506; x_wconf 86' lang='lat' dir='ltr'>mea</span> <span class='ocrx_word' id='word_1_465' title='bbox 1418 2475 1624 2516; x_wconf 84' lang='lat' dir='ltr'>comprimit,</span> <span class='ocrx_word' id='word_1_466' title='bbox 1657 2477 1703 2508; x_wconf 85' lang='lat' dir='ltr'>ad</span> <span class='ocrx_word' id='word_1_467' title='bbox 1729 2480 1849 2509; x_wconf 77' lang='lat' dir='ltr'>nutum</span> <span class='ocrx_word' id='word_1_468' title='bbox 1878 2486 1987 2510; x_wconf 85' lang='lat' dir='ltr'>meum</span> 
     </span>
     <span class='ocr_line' id='line_1_54' title="bbox 1118 2523 1988 2565; baseline 0.006 -10"><span class='ocrx_word' id='word_1_469' title='bbox 1118 2523 1352 2565; x_wconf 73' lang='lat' dir='ltr'>strinyentur?</span> <span class='ocrx_word' id='word_1_470' title='bbox 1374 2523 1462 2557; x_wconf 87' lang='lat' dir='ltr'>lbid.</span> <span class='ocrx_word' id='word_1_471' title='bbox 1487 2524 1523 2564; x_wconf 77' lang='lat'>4,</span> <span class='ocrx_word' id='word_1_472' title='bbox 1552 2526 1592 2557; x_wconf 72' lang='lat'>2:</span> <span class='ocrx_word' id='word_1_473' title='bbox 1617 2526 1679 2559; x_wconf 85' lang='lat' dir='ltr'>Hie</span> <span class='ocrx_word' id='word_1_474' title='bbox 1700 2536 1796 2560; x_wconf 86' lang='lat' dir='ltr'>casus</span> <span class='ocrx_word' id='word_1_475' title='bbox 1819 2529 1988 2560; x_wconf 83' lang='lat' dir='ltr'>Romanae</span> 
     </span>
     <span class='ocr_line' id='line_1_55' title="bbox 1115 2573 1988 2619; baseline 0.006 -14"><span class='ocrx_word' id='word_1_476' title='bbox 1115 2575 1212 2613; x_wconf 81' lang='lat' dir='ltr'>pacis</span> <span class='ocrx_word' id='word_1_477' title='bbox 1234 2573 1374 2606; x_wconf 74' lang='lat' dir='ltr'>exitium</span> <span class='ocrx_word' id='word_1_478' title='bbox 1396 2575 1476 2614; x_wconf 80' lang='lat' dir='ltr'>erit,</span> <span class='ocrx_word' id='word_1_479' title='bbox 1500 2575 1552 2607; x_wconf 83' lang='lat' dir='ltr'>hie</span> <span class='ocrx_word' id='word_1_480' title='bbox 1575 2578 1660 2609; x_wconf 83' lang='lat' dir='ltr'>tanti</span> <span class='ocrx_word' id='word_1_481' title='bbox 1682 2577 1854 2618; x_wconf 78' lang='lat' dir='ltr'>fortunam</span> <span class='ocrx_word' id='word_1_482' title='bbox 1870 2577 1988 2619; x_wconf 74' lang='lat' dir='ltr'>populi</span> 
     </span>
     <span class='ocr_line' id='line_1_56' title="bbox 1118 2622 1987 2668; baseline 0.009 -15"><span class='ocrx_word' id='word_1_483' title='bbox 1118 2623 1154 2654; x_wconf 85' lang='lat' dir='ltr'>in</span> <span class='ocrx_word' id='word_1_484' title='bbox 1175 2622 1295 2655; x_wconf 86' lang='lat' dir='ltr'>ruinas</span> <span class='ocrx_word' id='word_1_485' title='bbox 1315 2627 1401 2665; x_wconf 68' lang='lat' dir='ltr'>aget.</span> <span class='ocrx_word' id='word_1_486' title='bbox 1431 2642 1466 2647; x_wconf 94' lang='lat'>—</span> <span class='ocrx_word' id='word_1_487' title='bbox 1499 2625 1593 2668; x_wconf 80' lang='lat' dir='ltr'>hinc]</span> <span class='ocrx_word' id='word_1_488' title='bbox 1624 2627 1712 2660; x_wconf 90' lang='lat' dir='ltr'>Huic</span> <span class='ocrx_word' id='word_1_489' title='bbox 1734 2627 1905 2660; x_wconf 89' lang='lat' dir='ltr'>adverbio</span> <span class='ocrx_word' id='word_1_490' title='bbox 1928 2636 1987 2660; x_wconf 86' lang='lat' dir='ltr'>re-</span> 
     </span>
     <span class='ocr_line' id='line_1_57' title="bbox 1120 2672 1984 2720; baseline 0.007 -16"><span class='ocrx_word' id='word_1_491' title='bbox 1120 2672 1296 2714; x_wconf 88' lang='lat' dir='ltr'>spondere</span> <span class='ocrx_word' id='word_1_492' title='bbox 1327 2673 1476 2707; x_wconf 87' lang='lat' dir='ltr'>deberet</span> <span class='ocrx_word' id='word_1_493' title='bbox 1508 2675 1618 2716; x_wconf 82' lang='lat' dir='ltr'>illinc,</span> <span class='ocrx_word' id='word_1_494' title='bbox 1650 2676 1696 2709; x_wconf 87' lang='lat' dir='ltr'>ab</span> <span class='ocrx_word' id='word_1_495' title='bbox 1725 2677 1834 2711; x_wconf 86' lang='lat' dir='ltr'>altera</span> <span class='ocrx_word' id='word_1_496' title='bbox 1866 2679 1984 2720; x_wconf 82' lang='lat' dir='ltr'>parte3</span> 
     </span>
     <span class='ocr_line' id='line_1_58' title="bbox 1120 2721 1987 2760; baseline 0.008 -6"><span class='ocrx_word' id='word_1_497' title='bbox 1120 2721 1184 2754; x_wconf 89' lang='lat' dir='ltr'>sed</span> <span class='ocrx_word' id='word_1_498' title='bbox 1216 2724 1390 2755; x_wconf 85' lang='lat' dir='ltr'>structura</span> <span class='ocrx_word' id='word_1_499' title='bbox 1417 2724 1550 2757; x_wconf 88' lang='lat' dir='ltr'>variata</span> <span class='ocrx_word' id='word_1_500' title='bbox 1574 2726 1639 2758; x_wconf 88' lang='lat' dir='ltr'>est.</span> <span class='ocrx_word' id='word_1_501' title='bbox 1668 2744 1704 2750; x_wconf 90' lang='lat'><strong>—</strong></span> <span class='ocrx_word' id='word_1_502' title='bbox 1734 2727 1906 2760; x_wconf 79' lang='lat' dir='ltr'>elementer</span> <span class='ocrx_word' id='word_1_503' title='bbox 1927 2736 1987 2760; x_wconf 85' lang='lat' dir='ltr'>ac-</span> 
     </span>
     <span class='ocr_line' id='line_1_59' title="bbox 1120 2772 1984 2820; baseline 0.007 -16"><span class='ocrx_word' id='word_1_504' title='bbox 1120 2772 1200 2814; x_wconf 82' lang='lat' dir='ltr'>cedi]</span> <span class='ocrx_word' id='word_1_505' title='bbox 1227 2772 1277 2805; x_wconf 84' lang='lat' dir='ltr'>Cf.</span> <span class='ocrx_word' id='word_1_506' title='bbox 1298 2772 1350 2812; x_wconf 70' lang='lat'>⁴3,</span> <span class='ocrx_word' id='word_1_507' title='bbox 1369 2773 1428 2806; x_wconf 88' lang='lat'>38:</span> <span class='ocrx_word' id='word_1_508' title='bbox 1454 2775 1552 2807; x_wconf 82' lang='lat' dir='ltr'>colles</span> <span class='ocrx_word' id='word_1_509' title='bbox 1573 2776 1746 2809; x_wconf 81' lang='lat' dir='ltr'>clementer</span> <span class='ocrx_word' id='word_1_510' title='bbox 1760 2778 1984 2820; x_wconf 62' lang='lat' dir='ltr'>adsurgentes.</span> 
     </span>
     <span class='ocr_line' id='line_1_60' title="bbox 1122 2823 2000 2869; baseline 0.009 -16"><span class='ocrx_word' id='word_1_511' title='bbox 1122 2823 1238 2854; x_wconf 90' lang='lat' dir='ltr'>Germ.</span> <span class='ocrx_word' id='word_1_512' title='bbox 1254 2823 1267 2854; x_wconf 75' lang='lat' dir='ltr'>l</span> <span class='ocrx_word' id='word_1_513' title='bbox 1284 2831 1290 2853; x_wconf 91' lang='lat'>:</span> <span class='ocrx_word' id='word_1_514' title='bbox 1309 2824 1483 2857; x_wconf 81' lang='lat' dir='ltr'>clementer</span> <span class='ocrx_word' id='word_1_515' title='bbox 1497 2824 1582 2857; x_wconf 79' lang='lat' dir='ltr'>edito</span> <span class='ocrx_word' id='word_1_516' title='bbox 1597 2827 1717 2859; x_wconf 82' lang='lat' dir='ltr'>montis</span> <span class='ocrx_word' id='word_1_517' title='bbox 1730 2827 1882 2860; x_wconf 83' lang='lat' dir='ltr'>Abnobae</span> <span class='ocrx_word' id='word_1_518' title='bbox 1895 2829 2000 2869; x_wconf 63' lang='lat' dir='ltr'>iugo..</span> 
     </span>
     <span class='ocr_line' id='line_1_61' title="bbox 1125 2872 1985 2919; baseline 0.01 -17"><span class='ocrx_word' id='word_1_519' title='bbox 1125 2889 1159 2894; x_wconf 87' lang='lat'>—-</span> <span class='ocrx_word' id='word_1_520' title='bbox 1184 2872 1302 2914; x_wconf 86' lang='lat' dir='ltr'>amnis]</span> <span class='ocrx_word' id='word_1_521' title='bbox 1328 2872 1434 2905; x_wconf 87' lang='lat' dir='ltr'>Temd.</span> <span class='ocrx_word' id='word_1_522' title='bbox 1463 2892 1498 2897; x_wconf 92' lang='lat'>—</span> <span class='ocrx_word' id='word_1_523' title='bbox 1522 2875 1609 2907; x_wconf 83' lang='lat' dir='ltr'>vado</span> <span class='ocrx_word' id='word_1_524' title='bbox 1631 2876 1766 2919; x_wconf 81' lang='lat' dir='ltr'>incerto]</span> <span class='ocrx_word' id='word_1_525' title='bbox 1790 2878 1835 2910; x_wconf 89' lang='lat' dir='ltr'>ita</span> <span class='ocrx_word' id='word_1_526' title='bbox 1859 2878 1985 2916; x_wconf 70' lang='lat' dir='ltr'>fluam,</span> 
     </span>
     <span class='ocr_line' id='line_1_62' title="bbox 1122 2921 1986 2966; baseline 0.009 -14"><span class='ocrx_word' id='word_1_527' title='bbox 1122 2922 1161 2953; x_wconf 93' lang='lat' dir='ltr'>ut</span> <span class='ocrx_word' id='word_1_528' title='bbox 1182 2921 1289 2953; x_wconf 89' lang='lat' dir='ltr'>modo</span> <span class='ocrx_word' id='word_1_529' title='bbox 1310 2921 1441 2955; x_wconf 89' lang='lat' dir='ltr'>vadum</span> <span class='ocrx_word' id='word_1_530' title='bbox 1464 2924 1680 2966; x_wconf 89' lang='lat' dir='ltr'>ostenderet,</span> <span class='ocrx_word' id='word_1_531' title='bbox 1705 2927 1812 2959; x_wconf 90' lang='lat' dir='ltr'>modo</span> <span class='ocrx_word' id='word_1_532' title='bbox 1828 2927 1862 2959; x_wconf 91' lang='lat' dir='ltr'>in</span> <span class='ocrx_word' id='word_1_533' title='bbox 1878 2926 1986 2959; x_wconf 90' lang='lat' dir='ltr'>altum</span> 
     </span>
     <span class='ocr_line' id='line_1_63' title="bbox 1122 2970 1989 3018; baseline 0.01 -16"><span class='ocrx_word' id='word_1_534' title='bbox 1122 2970 1342 3012; x_wconf 89' lang='lat' dir='ltr'>dehisceret,</span> <span class='ocrx_word' id='word_1_535' title='bbox 1367 2981 1546 3015; x_wconf 88' lang='lat' dir='ltr'>saepeque</span> <span class='ocrx_word' id='word_1_536' title='bbox 1571 2983 1632 3008; x_wconf 89' lang='lat' dir='ltr'>eos</span> <span class='ocrx_word' id='word_1_537' title='bbox 1655 2975 1807 3018; x_wconf 81' lang='lat' dir='ltr'>falleret,</span> <span class='ocrx_word' id='word_1_538' title='bbox 1833 2977 1891 3018; x_wconf 89' lang='lat' dir='ltr'>qui</span> <span class='ocrx_word' id='word_1_539' title='bbox 1915 2986 1989 3010; x_wconf 87' lang='lat' dir='ltr'>am-</span> 
     </span>
     <span class='ocr_line' id='line_1_64' title="bbox 1122 3021 1988 3067; baseline 0.01 -16"><span class='ocrx_word' id='word_1_540' title='bbox 1122 3028 1206 3052; x_wconf 90' lang='lat' dir='ltr'>nem</span> <span class='ocrx_word' id='word_1_541' title='bbox 1229 3021 1426 3063; x_wconf 85' lang='lat' dir='ltr'>transgredi</span> <span class='ocrx_word' id='word_1_542' title='bbox 1450 3023 1643 3057; x_wconf 87' lang='lat' dir='ltr'>tentabant.</span> <span class='ocrx_word' id='word_1_543' title='bbox 1665 3043 1700 3049; x_wconf 93' lang='lat'>-</span> <span class='ocrx_word' id='word_1_544' title='bbox 1721 3035 1787 3067; x_wconf 83' lang='lat' dir='ltr'>pro</span> <span class='ocrx_word' id='word_1_545' title='bbox 1801 3027 1988 3059; x_wconf 82' lang='lat' dir='ltr'>munimen-</span> 
     </span>
     <span class='ocr_line' id='line_1_65' title="bbox 1121 3070 1988 3114; baseline 0.009 -13"><span class='ocrx_word' id='word_1_546' title='bbox 1121 3070 1177 3110; x_wconf 82' lang='lat' dir='ltr'>tis]</span> <span class='ocrx_word' id='word_1_547' title='bbox 1213 3071 1292 3103; x_wconf 92' lang='lat' dir='ltr'>ante</span> <span class='ocrx_word' id='word_1_548' title='bbox 1327 3074 1562 3114; x_wconf 84' lang='lat' dir='ltr'>munimenta,</span> <span class='ocrx_word' id='word_1_549' title='bbox 1599 3076 1679 3107; x_wconf 89' lang='lat' dir='ltr'>ante</span> <span class='ocrx_word' id='word_1_550' title='bbox 1713 3075 1787 3109; x_wconf 87' lang='lat' dir='ltr'>illas</span> <span class='ocrx_word' id='word_1_551' title='bbox 1821 3085 1988 3109; x_wconf 89' lang='lat' dir='ltr'>saxorum</span> 
     </span>
     <span class='ocr_line' id='line_1_66' title="bbox 1122 3122 1988 3172; baseline 0.009 -21"><span class='ocrx_word' id='word_1_552' title='bbox 1122 3127 1329 3172; x_wconf 82' lang='lat' dir='ltr'>compages3</span> <span class='ocrx_word' id='word_1_553' title='bbox 1355 3122 1394 3154; x_wconf 91' lang='lat' dir='ltr'>ut</span> <span class='ocrx_word' id='word_1_554' title='bbox 1415 3122 1454 3162; x_wconf 74' lang='lat'>2,</span> <span class='ocrx_word' id='word_1_555' title='bbox 1479 3122 1522 3155; x_wconf 90' lang='lat'>80</span> <span class='ocrx_word' id='word_1_556' title='bbox 1538 3124 1573 3155; x_wconf 94' lang='lat' dir='ltr'>et</span> <span class='ocrx_word' id='word_1_557' title='bbox 1595 3124 1627 3164; x_wconf 88' lang='lat'>3,</span> <span class='ocrx_word' id='word_1_558' title='bbox 1646 3125 1699 3156; x_wconf 74' lang='lat'>20.</span> <span class='ocrx_word' id='word_1_559' title='bbox 1727 3125 1818 3157; x_wconf 88' lang='lat' dir='ltr'>Cave</span> <span class='ocrx_word' id='word_1_560' title='bbox 1835 3125 1988 3167; x_wconf 89' lang='lat' dir='ltr'>explices</span> 
     </span>
     <span class='ocr_line' id='line_1_67' title="bbox 1121 3170 1989 3217; baseline 0.01 -18"><span class='ocrx_word' id='word_1_561' title='bbox 1121 3177 1191 3200; x_wconf 76' lang='lat' dir='ltr'>vice</span> <span class='ocrx_word' id='word_1_562' title='bbox 1212 3170 1511 3212; x_wconf 82' lang='lat' dir='ltr'>munimentorum,</span> <span class='ocrx_word' id='word_1_563' title='bbox 1536 3174 1574 3205; x_wconf 93' lang='lat' dir='ltr'>ut</span> <span class='ocrx_word' id='word_1_564' title='bbox 1597 3174 1651 3206; x_wconf 92' lang='lat' dir='ltr'>est</span> <span class='ocrx_word' id='word_1_565' title='bbox 1674 3175 1733 3213; x_wconf 73' lang='lat'>⁴2,</span> <span class='ocrx_word' id='word_1_566' title='bbox 1760 3173 1819 3207; x_wconf 74' lang='lat'>44:</span> <span class='ocrx_word' id='word_1_567' title='bbox 1851 3175 1989 3217; x_wconf 78' lang='lat' dir='ltr'>flumine</span> 
     </span>
     <span class='ocr_line' id='line_1_68' title="bbox 1124 3217 1987 3266; baseline 0.008 -16"><span class='ocrx_word' id='word_1_568' title='bbox 1124 3217 1245 3251; x_wconf 80' lang='lat' dir='ltr'>Corma</span> <span class='ocrx_word' id='word_1_569' title='bbox 1260 3228 1326 3260; x_wconf 80' lang='lat' dir='ltr'>pro</span> <span class='ocrx_word' id='word_1_570' title='bbox 1348 3221 1550 3254; x_wconf 84' lang='lat' dir='ltr'>munimento</span> <span class='ocrx_word' id='word_1_571' title='bbox 1574 3222 1634 3254; x_wconf 72' lang='lat' dir='ltr'>uti.</span> <span class='ocrx_word' id='word_1_572' title='bbox 1661 3222 1721 3263; x_wconf 72' lang='lat'>⁴4,</span> <span class='ocrx_word' id='word_1_573' title='bbox 1740 3222 1800 3255; x_wconf 86' lang='lat'>37:</span> <span class='ocrx_word' id='word_1_574' title='bbox 1826 3224 1911 3266; x_wconf 66' lang='lat' dir='ltr'>legio</span> <span class='ocrx_word' id='word_1_575' title='bbox 1926 3234 1987 3258; x_wconf 89' lang='lat' dir='ltr'>an-</span> 
     </span>
     <span class='ocr_line' id='line_1_69' title="bbox 1121 3268 1820 3311; baseline 0.007 -12"><span class='ocrx_word' id='word_1_576' title='bbox 1121 3268 1252 3308; x_wconf 70' lang='lat' dir='ltr'>qustias</span> <span class='ocrx_word' id='word_1_577' title='bbox 1273 3269 1336 3301; x_wconf 81' lang='lat' dir='ltr'>loci</span> <span class='ocrx_word' id='word_1_578' title='bbox 1353 3279 1419 3311; x_wconf 78' lang='lat' dir='ltr'>pro</span> <span class='ocrx_word' id='word_1_579' title='bbox 1441 3272 1643 3303; x_wconf 81' lang='lat' dir='ltr'>munimento</span> <span class='ocrx_word' id='word_1_580' title='bbox 1665 3271 1820 3305; x_wconf 83' lang='lat' dir='ltr'>retinens.</span> 
     </span>
    </p>

    <p class='ocr_par' dir='ltr' id='par_1_8' title="bbox 1124 3316 1988 3459">
     <span class='ocr_line' id='line_1_70' title="bbox 1167 3316 1988 3365; baseline 0.009 -16"><span class='ocrx_word' id='word_1_581' title='bbox 1167 3316 1219 3350; x_wconf 76' lang='lat'>34.</span> <span class='ocrx_word' id='word_1_582' title='bbox 1244 3319 1359 3360; x_wconf 73' lang='lat' dir='ltr'>qentili</span> <span class='ocrx_word' id='word_1_583' title='bbox 1374 3329 1405 3360; x_wconf 82' lang='lat' dir='ltr'>q.</span> <span class='ocrx_word' id='word_1_584' title='bbox 1423 3321 1581 3362; x_wconf 72' lang='lat' dir='ltr'>reliqione</span> <span class='ocrx_word' id='word_1_585' title='bbox 1596 3319 1766 3363; x_wconf 63' lang='lat' dir='ltr'>obstringi]</span> <span class='ocrx_word' id='word_1_586' title='bbox 1792 3330 1877 3355; x_wconf 89' lang='lat' dir='ltr'>suae</span> <span class='ocrx_word' id='word_1_587' title='bbox 1893 3323 1988 3365; x_wconf 87' lang='lat' dir='ltr'>quis-</span> 
     </span>
     <span class='ocr_line' id='line_1_71' title="bbox 1124 3368 1983 3413; baseline 0.007 -14"><span class='ocrx_word' id='word_1_588' title='bbox 1124 3375 1193 3407; x_wconf 88' lang='lat' dir='ltr'>que</span> <span class='ocrx_word' id='word_1_589' title='bbox 1225 3368 1338 3409; x_wconf 80' lang='lat' dir='ltr'>gentis</span> <span class='ocrx_word' id='word_1_590' title='bbox 1368 3378 1467 3402; x_wconf 91' lang='lat' dir='ltr'>more</span> <span class='ocrx_word' id='word_1_591' title='bbox 1490 3370 1627 3409; x_wconf 86' lang='lat' dir='ltr'>iurare;</span> <span class='ocrx_word' id='word_1_592' title='bbox 1659 3378 1742 3403; x_wconf 89' lang='lat' dir='ltr'>nam</span> <span class='ocrx_word' id='word_1_593' title='bbox 1763 3371 1881 3413; x_wconf 65' lang='lat' dir='ltr'>religio</span> <span class='ocrx_word' id='word_1_594' title='bbox 1902 3373 1936 3405; x_wconf 88' lang='lat' dir='ltr'>h.</span> <span class='ocrx_word' id='word_1_595' title='bbox 1962 3372 1983 3405; x_wconf 90' lang='lat' dir='ltr'>l.</span> 
     </span>
     <span class='ocr_line' id='line_1_72' title="bbox 1124 3415 1983 3459; baseline 0.006 -10"><span class='ocrx_word' id='word_1_596' title='bbox 1124 3415 1285 3459; x_wconf 83' lang='lat' dir='ltr'>religiosa</span> <span class='ocrx_word' id='word_1_597' title='bbox 1298 3420 1514 3453; x_wconf 85' lang='lat' dir='ltr'>asseveratio</span> <span class='ocrx_word' id='word_1_598' title='bbox 1527 3427 1609 3453; x_wconf 87' lang='lat' dir='ltr'>cum</span> <span class='ocrx_word' id='word_1_599' title='bbox 1625 3420 1700 3453; x_wconf 88' lang='lat' dir='ltr'>iure</span> <span class='ocrx_word' id='word_1_600' title='bbox 1716 3420 1865 3455; x_wconf 87' lang='lat' dir='ltr'>iurando</span> <span class='ocrx_word' id='word_1_601' title='bbox 1880 3422 1983 3456; x_wconf 79' lang='lat' dir='ltr'>facta.</span> 
     </span>
    </p>
   </div>
  </div>
 </body>
</html>
