2254 3770
351 288 434 333 296
827 287 873 330 Ρ.
905 285 1154 331 CORNELII
1174 286 1354 331 'TACITI
1379 286 1651 334 :ANNALIUM

352 394 450 439 sidii
480 393 731 439 stationibus
751 392 959 450 cingebat,
989 392 1130 438 donec
1157 392 1300 437 Parthi
1327 393 1680 439 contumeliarum
1707 395 1942 442 insolentes
1961 397 2144 443 circum

352 470 552 515 sisterent
571 483 729 527 regem,
752 474 982 526 poscerent
997 468 1222 526 proelium.
1253 475 1382 527 atque
1404 468 1484 513 illis
1504 470 1596 514 sola
1615 471 1658 513 in
1679 471 1824 530 equite
1845 472 1943 516 vis:v
1959 472 2143 518 Phara'sa

350 557 499 590 manes
521 552 563 589 et
591 544 736 603 pedite
756 543 937 588 valebat.
966 557 1065 588 nam
1094 543 1240 589 Hiberi
1270 544 1508 604 Albanique
1529 545 1741 591 saltuosos
1767 546 1888 591 locos
1907 548 2144 594 incolentes

352 621 533 665 duritiae
563 619 882 678 patientiaeque
909 619 1046 677 magis
1075 621 1316 664 insuevere.
1348 619 1573 680 feruntque
1595 635 1643 665 se
1664 622 1878 667 Thessalis
1893 630 2026 676 ortos,
2058 635 2146 684 qua

319 702 602 754 stempestate
631 696 727 739 Iaso
758 701 855 753 post
884 701 1075 739 avectam
1104 695 1298 739 Medeam
1329 696 1583 755 genitosque
1609 711 1663 741 ex
1691 711 1742 741 ea
1770 697 1942 750 liberos,
1974 700 2146 746 inanem

349 786 450 817 mox
491 771 653 829 regiam
697 772 854 815 Aeetae
888 783 1136 830 vacuosque
1167 771 1349 815 Colchos
1384 772 1595 829 repetivit.
1639 772 1858 832 multaque
1887 774 1943 818 de
1973 775 2146 820 nomine

350 849 444 893 eius
466 853 508 891 et
527 845 720 891 oraclum
739 845 879 890 Phrixi
902 846 1138 899 celebrant3
1169 861 1251 892 nec
1280 847 1510 906 quisquam
1540 848 1673 892 ariete
1703 849 2018 901 sacrificaveritt
2050 863 2147 901 cmv

350 924 438 967 dito
468 922 637 966 vexisse
666 921 879 973 Phrixum,
911 921 1002 965 sive
1033 922 1074 965 id
1106 921 1261 966 animal
1291 936 1368 966 seu
1403 924 1521 967 navis
1551 924 1718 981 insigne
1739 924 1826 968 fuit.
1858 932 2049 970 ceterum
2068 925 2147 971 de·-

351 1005 467 1043 recta
488 998 701 1056 utrimque
722 999 815 1041 acie
836 997 1017 1041 Parthus
1036 998 1262 1056 imperium
1283 998 1482 1048 Orientis,
1516 998 1813 1044 claritudinem
1831 1001 2144 1052 Arsacidarum,

299 1086 337 1117 4ο
350 1082 584 1132 contraque
603 1073 835 1131 ignobilem
856 1058 1064 1117 Hiberum
1083 1074 1379 1118 mercennario
1400 1074 1531 1118 milite
1551 1074 1812 1128 disserebat3
1828 1075 2146 1122 Pharasmanes

348 1152 538 1208 integros
559 1156 697 1193 semet
716 1163 739 1193 a
760 1149 956 1193 Parthico
979 1149 1209 1200 dominatu,
1242 1157 1400 1208 quanto
1428 1150 1589 1194 maiora
1618 1157 1823 1208 peterent,
1854 1151 1952 1209 plus
1973 1151 2147 1196 decoris

349 1227 533 1271 victores
555 1232 638 1276 aut,
670 1225 705 1268 si
725 1231 846 1282 terga
865 1224 1027 1275 darent,
1059 1224 1203 1284 flagitii
1225 1231 1354 1284 atque
1376 1225 1554 1283 periculi
1576 1225 1749 1269 laturos.
1781 1226 1906 1270 simul
1929 1227 2147 1272 horridam

350 1316 527 1346 suorum
559 1301 712 1350 aciem,
752 1300 866 1357 picta
894 1314 1001 1344 auro
1031 1300 1253 1344 Medorum
1285 1300 1468 1357 agmina,
1509 1300 1609 1345 hinc
1638 1301 1772 1352 viros,
1800 1302 1910 1346 inde
1939 1302 2147 1359 praedam

351 1377 592 1422 ostendere.
627 1376 709 1433 (35)
740 1376 960 1420 enimvero
991 1376 1105 1434 apud
1137 1376 1352 1420 Sarmatas
1383 1389 1467 1419 non
1498 1390 1583 1419 una
1614 1390 1697 1420 vox
1716 1376 1860 1421 ducis:
1892 1379 2148 1437 sequisque

301 1464 337 1495 ⁴5
351 1452 567 1498 stimulant
606 1466 660 1496 ne
697 1465 883 1510 pugnam
919 1465 1000 1509 per
1036 1452 1208 1509 sagittas
1243 1451 1454 1495 sinerent:
1492 1452 1654 1509 impetu
1684 1458 1727 1496 et
1755 1453 1999 1497 comminus⁴
2020 1466 2148 1512 prae-⁵

349 1528 622 1574 veniendum.
654 1527 797 1571 variae
827 1527 926 1571 hinc
956 1526 1201 1571 bellantium
1231 1527 1412 1585 species.
1445 1541 1543 1570 cum
1567 1527 1748 1571 Parthus
1767 1529 1892 1587 sequi
1910 1528 1980 1572 vel
1996 1529 2146 1586 fugere

350 1606 443 1663 pari
465 1602 571 1647 <arte
587 1609 744 1646 suetus
774 1602 1032 1646 distraheret
1059 1609 1232 1653 turmas,
1264 1602 1447 1660 spatium
1478 1602 1632 1646 ictibus
1654 1611 1895 1661 quaereret,
1926 1605 2147 1650 Sarmatae
2174 1635 2175 1638 =

351 1680 512 1724 omisso
543 1693 658 1729 arcu,
691 1692 778 1737 quo
810 1678 984 1722 brevius
1015 1677 1167 1729 valent,
1201 1679 1336 1722 contis
1367 1677 1606 1737 gladiisque
1637 1685 1830 1732 ruerent;
1862 1681 1990 1724 modo
2011 1694 2148 1739 eque-

417 1835 449 1867 6.
475 1807 571 1867 aecae
592 1833 625 1866 M
651 1848 687 1854 -
713 1831 747 1864 8.
772 1831 903 1863 derecta
928 1829 1099 1863 Halmius:
1125 1831 1252 1863 directa
1275 1831 1319 1863 M.
1345 1830 1432 1863 vide
1456 1830 1502 1863 ad
1524 1831 1557 1871 ε,
1582 1830 1637 1864 45.
1663 1809 1723 1863 u'bi
1746 1831 1838 1864 adde
1862 1832 1948 1866 nist.
1973 1808 2145 1879 massi.

350 1892 404 1924 25.
430 1891 484 1923 58.
510 1891 543 1929 5,
569 1888 622 1921 23.
660 1887 711 1921 Cf.
737 1887 1002 1920 Lachmannum
1027 1887 1072 1919 ad
1096 1888 1235 1920 Lucret.
1260 1896 1295 1929 p.
1322 1887 1397 1920 247.
1427 1905 1462 1911 -
1501 1888 1554 1919 45.
1579 1888 1720 1929 sagittas
1746 1889 1890 1921 sinerent
1921 1889 1986 1926 Mz,
2006 1890 2149 1932 sagittas

350 1947 473 1980 inirent
501 1944 706 1978 Beroaldus.
738 1963 782 1968 --
817 1944 870 1976 46.
902 1945 1019 1984 speties
1048 1945 1081 1977 M
1115 1962 1150 1968 —-
1189 1944 1240 1976 48.
1270 1945 1441 1977 inruerent
1471 1945 1645 1977 Heinsius.
1679 1963 1716 1968 —
1752 1945 1910 1986 equestris
1936 1945 2144 1980 Rhenanus:

351 2005 472 2045 equites
493 2006 558 2035 tres
580 2003 625 2035 M.

1273 2127 1450 2166 Amnenia3
1476 2127 1509 2162 2.
1524 2126 1584 2159 76:
1603 2134 1716 2159 vacua
1724 2128 1916 2168 provincia,
1933 2136 2026 2169 quae
2043 2137 2146 2171 prae-
2171 2110 2175 2113 ,

1275 2179 1389 2211 sidem
1414 2187 1484 2211 non
1515 2175 1640 2215 habet;
1677 2178 1715 2216 2,
1740 2177 1802 2210 46:
1837 2187 1965 2212 vacuas
1989 2180 2144 2222 lemonta,

349 2130 448 2162 Iason
481 2127 696 2170 Argonautas
727 2136 804 2159 cum
835 2128 968 2169 maynis
998 2128 1096 2160 rebus
1127 2127 1225 2169 qeslis

350 2180 529 2212 incolumes
560 2178 765 2218 reduxisset,
800 2187 920 2210 rursus
953 2187 975 2210 a
1010 2178 1116 2210 Peliae
1147 2178 1225 2219 filiis

353 2230 518 2263 Thessalia
539 2237 667 2270 maqna
688 2229 722 2260 vi
749 2229 866 2269 pulsus
887 2237 965 2260 cum
990 2229 1115 2270 inqenli
1135 2228 1224 2260 niul-

351 2280 510 2320 titudine,
547 2288 635 2320 quae
668 2280 713 2312 ad
748 2280 878 2320 famam
910 2280 1044 2311 virtutis
1077 2280 1148 2312 eius
1180 2287 1225 2311 ea>

351 2331 501 2364 omnibus
534 2330 685 2372 gentibus
719 2330 837 2363 cotidie
870 2330 1071 2372 confluebat,
1109 2331 1226 2362 comite

353 2383 468 2415 Medea
490 2389 617 2420 umore,
648 2382 751 2422 quam
771 2381 983 2421 repudiatam
1011 2380 1224 2412 miseratione

351 2433 463 2464 exsilii
486 2440 624 2463 rursum
645 2434 831 2471 receperat,
865 2434 896 2463 et
918 2432 1045 2471 Medio,
1065 2431 1224 2472 privigno

351 2482 393 2514 ab
415 2483 532 2522 Aeaeo,
557 2489 634 2522 reqe
652 2481 918 2520 Atheniensium,
943 2482 1066 2522 yenito,
1092 2481 1226 2513 Colchos

350 2534 501 2573 repetivit
523 2540 737 2572 socerumque
758 2533 892 2564 Aeetam
906 2541 1009 2573 regno
1019 2532 1154 2572 pulsum
1169 2541 1224 2564 re-

350 2584 466 2615 stituit.
485 2583 614 2623 Mayna
630 2582 745 2614 deinde
760 2582 845 2614 bella
859 2590 936 2614 cum
948 2583 1099 2623 finitimis
1113 2583 1223 2623 gessit,

351 2636 531 2674 captasque
565 2633 715 2664 civitates
744 2634 872 2673 partim
904 2642 1007 2674 reqno
1041 2634 1145 2665 soceri
1179 2634 1224 2665 ad

352 2685 546 2717 abolendam
576 2684 759 2723 superioris
788 2684 928 2715 militiae
950 2683 1129 2723 iniuriam,
1156 2693 1224 2723 qua

350 2738 381 2767 et
411 2734 517 2776 filiam
550 2733 621 2765 eius
655 2734 804 2765 Medeam
837 2733 1027 2765 obduruerat
1055 2737 1087 2766 et
1117 2733 1224 2775 fllium

350 2785 543 2827 Aeyialeum
571 2784 647 2825 (qui
671 2782 746 2816 aliis
770 2783 965 2825 Absyrtus)
998 2785 1222 2826 interfecerat,

351 2836 528 2874 adimam
559 2835 686 2875 parlim
702 2835 851 2875 populis,
878 2843 960 2876 quos
981 2844 1091 2867 secum
1113 2836 1223 2867 addu-

350 2889 463 2925 aeerat,
489 2885 686 2925 assiqnavit.
707 2901 727 2908 -
740 2902 759 2908 -
775 2885 857 2917 Cum
872 2884 1008 2917 Albanis
1021 2885 1136 2926 foedus
1147 2894 1224 2925 per-

350 2938 462 2976 cussit,
480 2936 536 2976 qui·
550 2935 724 2967 Herculem
739 2944 782 2967 ex
799 2936 899 2967 Italia
909 2935 951 2967 ab
961 2935 1088 2968 Albano
1100 2938 1221 2975 monte,

349 2995 425 3018 cum
448 2986 597 3025 Geryone
619 2986 781 3016 exstincto
804 2989 959 3017 armenta
980 2986 1051 3017 eius
1066 2994 1130 3026 per
1152 2985 1222 3017 Ita-

349 3037 432 3069 liam
448 3036 711 3078 duceret,secuti
727 3036 901 3074 dicuntum·
929 3036 1050 3076 quique
1064 3045 1224 3069 memores

348 3087 486 3120 Italicae
514 3085 655 3127 oriyinis
686 3086 870 3117 exercitum
893 3085 951 3118 Cn.
976 3087 1119 3126 Pompeii
1142 3086 1222 3118 bello

349 3136 576 3169 Mithridatico
607 3135 731 3167 fratres
763 3136 961 3168 salutavere.
1002 3137 1040 3168 ln
1064 3136 1118 3169 his
1142 3137 1221 3177 qui-

350 3187 442 3219 dem·
463 3185 594 3218 ultimis
623 3185 723 3220 facile
759 3194 930 3226 agnoscas
961 3195 1089 3219 recens
1121 3195 1220 3219 com-

350 3238 510 3270 mentum
535 3236 751 3269 Albanorum
774 3236 944 3278 ipsorum,
971 3245 1041 3278 quo
1063 3238 1219 3279 Pompeii

350 3287 492 3319 victoris
512 3285 800 3319 benevolentiam
821 3286 1025 3327 captabant,
1052 3288 1117 3319 nisi
1134 3297 1218 3320 vero

350 3338 422 3368 tota
454 3345 511 3370 res
543 3337 726 3369 dumtaxat
747 3345 767 3368 a
790 3336 954 3369 Romanis
978 3337 1127 3369 conficta
1151 3339 1215 3370 est.

352 3403 388 3408 —
414 3387 558 3428 inanem]
587 3388 697 3420 Aeeta
720 3388 873 3419 mortuo.
901 3402 937 3409 -
969 3387 1103 3429 vacuos]
1135 3387 1215 3428 quia

349 3445 433 3479 rege
455 3445 498 3470 ac
513 3437 656 3471 domino
673 3437 852 3471 carebant.
877 3435 929 3470 Cf.
948 3436 1002 3476 ⁴2,
1020 3437 1078 3469 50:
1106 3446 1218 3470 vacua

1275 2230 1366 2262 duee
1391 2229 1557 2270 privatas.
1585 2244 1622 2250 —-
1653 2227 1832 2268 invitaque·
1850 2229 2042 2264 «ie-nomino
2062 2230 2151 2273 eius}

1275 2279 1349 2312 scil.
1374 2279 1570 2316 nominata,
1595 2276 1672 2309 loca
1696 2277 1751 2309 vel
1776 2277 1926 2320 templa.
1944 2278 2072 2312 Strabo
2084 2281 2148 2319 444

1274 2330 1312 2368 4,
1335 2331 1354 2362 8
1378 2339 1413 2372 p.
1431 2329 1514 2362 503:
1539 2326 1699 2371 Λέγεται
1720 2326 1752 2359 δ’
1774 2323 1929 2363 Ιάσονα
1949 2327 2053 2372 pter&

1273 2381 1392 2422 μένου
1415 2376 1484 2411 τοῦ
1505 2376 1696 2410 Θετταλοῦ
1720 2375 1819 2410 κατὰ
1842 2376 1911 2411 τὸν
1932 2376 2062 2414 πλοῦν
2070 2329 2148 2414 τις,

1274 2428 1335 2462 ἐπὶ
1359 2425 1450 2469 τοὺς
1472 2426 1649 2468 Κόλχους
1665 2424 1839 2474 ὁρμῆσαι
1853 2429 1971 2487 μέχρι
1982 2427 2055 2472 τῆς
2065 2430 2146 2464 Κα-

1274 2481 1390 2521 σπίας
1412 2476 1624 2522 θαλάττης
1649 2481 1714 2511 καὶ
1738 2477 1808 2522 τήν
1830 2489 1871 2512 τε
1889 2475 2055 2527 Ἰβηρίαν
2076 2482 2144 2516 καὶ

1273 2528 1344 2573 τὴν
1373 2528 1571 2570 Ἀλβανίαν
1606 2529 1794 2570 ἐπελθεῖν,
1831 2531 1896 2564 καὶ
1930 2529 2057 2565 πολλὰ
2075 2531 2147 2575 τῆς

1270 2577 1462 2637 Αριιενιας
1492 2581 1558 2613 καὶ
1585 2578 1656 2622 τῆς
1684 2556 1849 2624 Μηδίας,
1881 2592 1935 2622 ως
1960 2586 2148 2631 μαρτυρεῖ

1273 2641 1321 2663 τα
1358 2640 1399 2664 τε
1433 2627 1601 2663 Ἰασόνια
1640 2633 1704 2662 καὶ
1741 2627 1840 2663 ἀλλα
1884 2626 2146 2676 ὑπομνήματα

1274 2681 1400 2715 πλείω.
1437 2682 1590 2714 Iustinus
1614 2681 1674 2720 42,
1700 2681 1740 2713 3:
1776 2683 1891 2715 Iasoni
1924 2686 2013 2716 totus
2041 2685 2148 2725 [orm'o

1274 2733 1389 2764 Oriens
1410 2735 1447 2764 ut
1469 2732 1635 2763 conditori
1658 2706 1787 2763 divinos
1801 2732 1943 2764 honores
1957 2733 2145 2775 {annuaque

1272 2783 1449 2815 constituit.
1472 2798 1508 2804 —-
1537 2783 1653 2822 ariete]
1677 2781 1804 2814 Strabo
1821 2784 1875 2821 44,
1893 2784 1926 2822 2.
1945 2785 1987 2818 47
2010 2793 2046 2827 p.
2064 2785 2144 2826 498,ι

1274 2833 1333 2865 ubi
1351 2832 1556 2865 Colchidem
1570 2831 1758 2864 describit:
1773 2829 2003 2894 ’Τπεέρκειτείιιε
2011 2833 2054 2868 δὲ
2067 2833 2145 2869 τῶδ

1273 2882 1484 2923 λεχθέντων
1507 2879 1691 2925 ποταμῶν
1711 2880 1903 2924 (Γλαύκου
1920 2887 1984 2918 καὶ
1994 2882 2144 2930 Ἵππου)

1273 2934 1313 2967 ἐν
1344 2931 1390 2980 τῇ
1414 2931 1593 2978 Μοσχικῇ
1623 2930 1668 2965 τὸ
1691 2931 1761 2976 τῆς
1782 2934 2003 2977 Λευκοθέας
2027 2935 2140 2984 ἱερὸν,

1273 2981 1412 3041 Φρίξου
1458 2981 1618 3029 ἵδρυμα,
1658 2984 1724 3015 καὶ
1759 2986 1943 3027 μαντεῖον
1980 2987 2141 3028 ἐκείνου,

1272 3030 1372 3068 ὅπου
1395 3030 1503 3081 κριὸς
1525 3030 1572 3066 οὐ
1597 3031 1742 3067 θύεται.
1763 3052 1799 3059 -
1824 3039 2054 3070 mercennario
2074 3040 2143 3072 nti·-

1270 3085 1336 3127 lite]
1362 3086 1534 3127 n‘proptei
1552 3083 1588 3116 id
1605 3085 1733 3126 ipsum,
1760 3085 1855 3127 quod
1873 3087 1948 3119 eius
1965 3089 2142 3121 exercitus

1272 3145 1292 3168 e
1309 3134 1566 3167 mercennariis
1583 3136 1797 3167 constaret.»
1817 3153 1853 3159 -
1872 3137 2061 3179 disserebat]
2084 3137 2142 3170 Sic

1271 3186 1357 3219 Hist.
1376 3185 1409 3223 4,
1429 3185 1489 3217 69:
1515 3185 1620 3217 Iulius
1633 3186 1767 3226 Auspooe
1787 3186 1856 3218 vim
1877 3187 2062 3220 Romanam
2070 3196 2141 3229 poa

1269 3236 1378 3276 cisque
1401 3235 1487 3268 bona
1509 3236 1706 3276 dissertans,
1739 3235 1869 3268 multus
1893 3236 1928 3269 in
1953 3237 2004 3270 eis
2027 3244 2139 3280 expo⁴

1270 3286 1406 3319 nendis.
1434 3285 1485 3318 Cf.
1505 3287 1536 3324 4,
1554 3286 1593 3318 4;
1612 3286 1698 3319 bona
1712 3286 2083 3321 libertatis—disserere.
2099 3300 2138 3313 -·-

1267 3334 1450 3377 Medorum]
1468 3336 1621 3369 lustinus
1637 3336 1691 3375 44,
1708 3337 1749 3368 2:
1771 3336 1872 3368 Vestis
1887 3337 1966 3369 olim
1981 3337 2138 3379 (Parthis)

1266 3388 1318 3419 sui
1339 3387 1443 3420 moris
1449 3395 1462 3426 ;
1480 3389 1702 3428 posteaquam
1714 3394 1880 3420 accessere
1901 3396 1991 3429 opes,
2013 3390 2052 3420 ut
2065 3388 2141 3421 Mo-

1266 3438 1332 3479 dis,
1350 3438 1526 3480 perlucida
1548 3446 1591 3470 ac
1610 3437 1729 3481 fluida.
2132 3455 2133 3459 =
