2254 3770
159 3281 169 3308 i

736 293 892 338 LIBER
919 294 984 339 iv.
1043 293 1146 351 cap.
1174 294 1241 337 50.
1271 282 1339 337 5⁴.
1368 294 1436 339 52.
1907 289 1990 336 243

211 401 386 445 vulnera
422 401 661 458 inprovisa;
701 414 877 444 suorum
916 406 1045 458 atque
1085 399 1270 443 hostium
1291 381 1515 458 'ignoratio
1546 405 1590 443 et
1616 398 1771 443 montis
1801 397 1990 442 anfractu

209 487 490 535 repercussae
520 475 636 519 velut
664 488 690 520 a
718 483 839 532 tergo
870 488 1000 520 voces
1020 474 1130 518 adeo
1151 481 1304 519 cuncta
1323 475 1581 519 miscuerant
1599 480 1647 518 ut
1665 472 1877 533 quaedam
1895 484 1991 517 mu·-

208 552 394 595 nimenta
422 551 599 595 Romani
630 551 753 609 quasi
781 557 986 609 perrupta
1005 550 1237 594 omiserint.
1267 564 1410 608 neque
1430 556 1572 595 tamen
1591 563 1824 609 pervasere
1842 549 1989 593 hostes

206 627 287 671 nisi
317 626 549 670 admodum
578 626 724 684 pauci:
757 631 946 677 ceteros,
978 625 1145 669 deiecto
1174 626 1492 683 promptissimo
1523 639 1698 685 quoque
1728 632 1800 669 aut
1829 624 1987 676 saucio,

206 701 433 760 adpetente
463 702 549 745 iam
576 701 672 745 luce
701 708 868 745 trusere
896 701 939 744 in
963 714 1130 744 summa
1150 700 1330 752 castelli,
1362 701 1436 745 ubi
1455 701 1628 745 tandem
1647 707 1796 745 coacta
1815 700 2021 744 deditio.5

207 784 250 821 et
277 777 472 835 proxima
501 783 652 834 sponte
682 776 915 820 incolarum
943 783 1130 834 recepta.
1171 775 1364 834 reliquis,
1397 791 1483 835 quo
1505 777 1644 821 minus
1663 778 1706 821 vi
1729 783 1803 820 aut
1821 774 1988 820 obsidio

207 852 521 910 subigerentur,
552 858 824 909 praematura
852 852 1006 895 montis
1036 852 1184 895 Haemi
1214 857 1258 895 et
1286 865 1415 895 saeva
1444 852 1613 910 hiemps
1642 852 1852 896 subvenit.

320 927 401 984 (52)
437 929 489 970 At
517 929 676 971 Romae
706 933 916 971 commota
951 926 1156 985 principis
1185 926 1332 978 domo,
1373 934 1419 970 ut
1446 928 1582 972 series
1611 927 1738 971 futuri
1767 928 1811 971 in
1839 926 1990 985 Agrip-

205 1002 350 1060 pinam
369 1003 483 1046 exitii
504 1002 720 1060 inciperet,
743 1002 919 1047 Claudia
939 1002 1134 1053 Pulchra,
1167 1002 1341 1046 sobrina
1361 1003 1466 1054 eius,
1488 1004 1737 1061 postulatur,
1759 1009 1990 1048 accusante

205 1078 389 1122 Domitio
409 1078 518 1122 Afro.
549 1078 586 1121 is
615 1090 768 1122 recens
797 1084 1014 1135 praetura,
1047 1077 1242 1122 modicus
1270 1078 1524 1136 dignationis
1545 1085 1587 1123 et
1606 1093 1782 1138 quoquo
1802 1079 1990 1123 facinore
2003 1089 2041 1120 ιο

203 1166 419 1212 properus
448 1153 709 1204 clarescere,
742 1154 905 1197 crimen
933 1153 1227 1211 inpudicitiae,
1264 1153 1504 1198 adulterum
1532 1155 1752 1206 Furnium,
1782 1153 1991 1198 veneficia

204 1229 247 1272 in
276 1229 514 1287 principem
544 1236 586 1273 et
615 1228 866 1272 devotiones
895 1228 1149 1272 obiectabat.
1193 1229 1425 1287 Agrippina
1454 1242 1626 1288 semper
1654 1237 1791 1282 atrox,
1829 1237 1918 1273 tum
1948 1236 1991 1274 et

203 1304 397 1362 periculo
425 1305 694 1362 propinquae
723 1317 924 1354 accensa,
956 1304 1094 1361 pergit
1122 1304 1176 1348 ad
1206 1304 1440 1356 Tiberium,
1473 1319 1525 1350 ac
1552 1305 1660 1350 forte
1681 1305 1990 1350 sacrificantem

203 1380 311 1438 patri
342 1380 544 1438 repperit.
575 1394 662 1438 quo
691 1379 810 1423 initio
839 1379 1036 1430 invidiae,
1069 1393 1154 1423 non
1174 1380 1371 1424 eiusdem
1390 1380 1448 1424 ait
1474 1387 1659 1425 mactare
1680 1381 1780 1425 divo
1799 1383 1989 1438 Augusto

203 1455 396 1500 victimas
426 1460 469 1499 et
496 1462 694 1513 posteros
724 1455 818 1499 eius
848 1454 1059 1498 insectari.
1104 1468 1190 1498 non
1219 1456 1261 1497 in
1292 1455 1456 1514 effigies
1485 1462 1623 1501 mutas
1644 1456 1834 1500 divinum
1864 1457 2041 1514 spiri-⁴5

202 1537 293 1575 tum
329 1531 609 1583 transfusum3
648 1544 696 1574 se
732 1531 959 1588 imaginem
987 1542 1150 1584 veram,
1189 1529 1362 1574 caelesti
1392 1533 1598 1590 sanguine
1628 1538 1785 1584 ortam,
1825 1532 1990 1576 intelle-

203 1619 307 1664 gere
337 1606 584 1658 discrimen,
617 1606 838 1664 suscipere
868 1605 1032 1649 sordes.
1078 1606 1231 1649 frustra
1259 1605 1486 1651 Pulchram
1514 1607 1767 1665 praescribi,
1800 1608 1867 1652 cui
1897 1607 1990 1651 sola

204 1682 318 1726 exitii
349 1694 479 1727 causa
508 1682 561 1726 sit
588 1681 999 1740 quod‚Agrippinam
1019 1680 1145 1725 stulte
1166 1695 1344 1739 prorsus
1365 1682 1420 1726 ad
1441 1682 1599 1727 cultum
1620 1683 1836 1741 delegerit,
1860 1682 1990 1727 oblita

206 1758 356 1802 Sosiae
387 1757 443 1802 ob
474 1758 626 1802 eadem
656 1756 864 1801 adflictae.
896 1756 1040 1800 audita
1067 1755 1176 1801 haec
1200 1770 1340 1801 raram
1360 1757 1514 1802 occulti
1533 1759 1722 1816 pectoris
1741 1772 1892 1803 vocem
1913 1758 1990 1802 eli—

204 1833 357 1887 c'uere3
388 1839 716 1891 correptamque
746 1832 912 1876 Graeco
941 1845 1071 1876 versu
1108 1832 1328 1876 admonuit
1355 1847 1441 1877 non
1470 1833 1570 1878 ideo
1598 1833 1731 1887 laedi,
1774 1835 1875 1893 quia
1903 1847 2039 1882 non2o

265 1960 298 1995 4.
322 1961 553 1994 nisadmodum
574 1961 609 1994 M
633 1978 670 1983 —
699 1960 820 1992 deiecto
843 1958 1008 1992 Orellius:
1039 1959 1159 1992 delecto
1181 1968 1235 2002 pr.
1260 1960 1311 1999 M,
1337 1960 1438 1993 deleto
1462 1969 1553 1993 corr.
1578 1962 1623 1995 M.
1657 1960 1709 1994 Cr.
1734 1970 1809 1994 var.
1835 1961 1915 1995 lect.
1942 1961 1987 1994 ad

201 2028 233 2052 c.
257 2019 312 2052 25.
337 2017 391 2052 44.
417 2018 470 2052 48.
498 2036 534 2041 —
572 2019 604 2051 6.
629 2020 742 2058 sponte
768 2018 919 2049 incorum
947 2017 981 2049 M
1013 2015 1162 2058 (asponte
1190 2017 1387 2050 incolarum.
1421 2018 1494 2050 Hac
1516 2017 1692 2051 locutione
1715 2019 1825 2050 utitur
1847 2019 1987 2052 Tacitus

199 2074 289 2108 libro
311 2074 410 2108 xm»
441 2075 592 2117 margo);
623 2078 736 2116 sponte
757 2075 906 2115 ipsorum
931 2073 1056 2106 Haase.
1084 2091 1120 2098 ——
1154 2073 1208 2107 43.
1229 2076 1388 2115 propium
1410 2075 1445 2108 M
1469 2092 1505 2099 -
1539 2075 1593 2109 ⁴4.
1617 2075 1763 2116 repperit
1783 2076 1834 2108 M:
1864 2075 1989 2116 reperit

199 2131 392 2165 Ernestius.
421 2148 458 2155 —
495 2131 549 2164 ⁴6.
574 2139 609 2164 sc
637 2131 816 2174 imaginem
843 2131 1021 2165 Muretus:
1055 2130 1110 2163 sed
1138 2130 1305 2173 maqinem
1326 2139 1380 2174 pr.
1404 2131 1458 2171 M;
1491 2131 1548 2165 sed
1568 2132 1749 2175 imaginem
1770 2140 1863 2165 corr.
1887 2131 1923 2166 M
1946 2148 1984 2156 -

199 2185 364 2231 sanquine
387 2188 432 2222 M.

199 2288 281 2322 liam
305 2297 386 2321 eam
408 2287 516 2321 fuisse
535 2289 635 2330 putat
650 2288 749 2330 Appii
766 2287 897 2321 Claudii
914 2286 1064 2326 Pulchri,

200 2339 261 2380 qui
294 2341 375 2380 post
408 2335 701 2380 adoptionem·in
724 2340 867 2379 gentem
889 2337 1065 2370 Valeriam

200 2389 346 2421 vocatus
379 2390 436 2421 est
469 2389 517 2421 M.
557 2388 707 2420 Valerius
735 2388 879 2421 Messala
900 2387 1068 2420 Barbatus

198 2436 388 2478 Appianas,
420 2437 572 2471 consulis
595 2447 627 2470 a.
651 2447 687 2470 u.
713 2437 796 2477 742,
822 2439 940 2479 itaque
965 2446 1067 2470 soro-

198 2495 276 2520 rem
309 2485 478 2521 Messalae
508 2487 670 2527 Barbati,
702 2487 908 2521 Messalinae
943 2489 1063 2529 patris,

198 2535 306 2570 filiam
336 2536 520 2571 Marcellae
555 2537 699 2571 maioris
728 2539 764 2570 et
794 2539 939 2580 neptem
962 2538 1066 2570 Octa-

198 2586 296 2627 viae,
320 2588 465 2630 Augusti
487 2589 638 2629 sororis,
662 2588 780 2629 itaque
804 2587 984 2620 sobrinam
1000 2586 1066 2629 (se-

198 2636 306 2669 conda
325 2637 462 2680 σιιρὶηα)
484 2638 713 2680 Agrippinae,
740 2646 782 2669 ex
799 2637 844 2670 M.
862 2637 1013 2679 Agrippa
1030 2638 1065 2669 et

197 2685 282 2719 Iulia
304 2687 450 2729 Augusti
473 2686 559 2728 filia,
583 2688 699 2720 natae.
726 2686 778 2719 Cf.
802 2695 834 2719 c.
860 2686 914 2719 66.
941 2703 979 2710 —
1004 2695 1065 2719 ac-

197 2738 335 2770 cusante
358 2737 504 2770 Domitio
532 2737 625 2779 Afro]
655 2737 720 2769 Dio
742 2735 796 2776 59,
823 2736 883 2768 ⁴9:
919 2732 1065 2779 ἤχθετο

197 2782 301 2830 αὐτῷ
330 2786 494 2828 (Domitio
521 2786 617 2827 Afro)
644 2786 711 2819 καὶ
743 2782 867 2827 ἄλλως
889 2782 913 2818 ὃ
934 2784 1062 2827 Γάϊος,

199 2830 260 2869 ὅτι
293 2835 354 2870 ἐπὶ
386 2835 456 2870 τοῦ
486 2835 662 2883 Τιβερίου
688 2834 871 2881 γυναικός
890 2846 994 2877 τινος
1015 2835 1062 2883 τῇ

193 2881 411 2934 Ἀγριππίνῃ
432 2885 479 2934 τῇ
502 2887 619 2934 μητρὶ
644 2883 764 2920 αὐτοῦ
788 2886 1064 2933 προσηκούσης

197 2935 463 2983 κατηγορήκει.
506 2935 636 2970 Consul
669 2937 838 2970 suffectus
874 2938 929 2969 est
961 2945 994 2969 a.
1025 2945 1062 2969 u.

197 2987 274 3020 792.
318 2987 527 3020 curatorem
558 2995 731 3029 aquarum
764 2986 872 3019 fuisse
903 2985 948 3018 ab
973 2995 1063 3018 anno

197 3035 263 3070 802
280 3044 394 3078 usque
409 3035 455 3069 ad
475 3044 508 3069 a.
522 3037 586 3070 8⁴2
603 3036 685 3078 (quo
701 3044 795 3069 anno
810 3037 971 3068 mortuns
987 3037 1060 3075 est3

198 3084 242 3120 cf.
270 3086 328 3127 ⁴4,
354 3085 406 3127 49)
435 3085 541 3118 docet
568 3085 753 3119 Frontinus
777 3085 822 3118 de
845 3084 1003 3126 Aquaed.
1030 3093 1061 3117 c.

198 3135 274 3169 ⁴02.
307 3136 482 3169 Memorat
509 3142 592 3168 eum
623 3136 729 3168 etiam
754 3134 884 3168 Plinius
915 3134 1003 3176 Epp.
1028 3134 1061 3175 8,

198 3183 257 3227 ⁴8,
281 3185 302 3219 5
325 3193 403 3228 sqq.
439 3203 475 3210 -
510 3192 624 3218 recens
647 3184 828 3226 praetura]
863 3183 914 3216 Ci'.
940 3184 972 3223 4,
997 3182 1060 3216 4⁴2

197 3242 311 3269 recem
332 3234 446 3268 doloro
459 3235 570 3268 etira.
596 3234 650 3274 45,
667 3234 725 3267 59ι
750 3233 919 3274 stipendiis
935 3240 1060 3265 recens.

201 3300 237 3308 —
254 3284 455 3326 devotiones]
470 3283 624 3326 magicas
639 3283 893 3316 incantationes
909 3281 954 3314 ad
969 3289 1063 3314 mor-

198 3332 272 3368 tem
293 3334 461 3378 principis
484 3332 765 3368 accelerandam.
793 3349 830 3357 —
854 3331 970 3372 atrox]
991 3331 1062 3364 mi-

199 3388 269 3416 nax
289 3390 332 3417 ac
353 3382 469 3426 ferox,
500 3383 571 3417 iras
593 3381 772 3416 occultare
795 3381 969 3416 nesciens.
1005 3381 1062 3413 Sic

1116 2287 1198 2319 ERN.
1231 2287 1282 2320 Cf.
1308 2286 1353 2320 de
1375 2287 1565 2329 Agrippina
1582 2289 1613 2328 l,
1631 2287 1692 2320 33:
1713 2288 1818 2329 paulo
1840 2297 1985 2321 commo-

1115 2338 1193 2369 tior.
1229 2338 1267 2377 2,
1294 2338 1351 2370 72:
1383 2341 1520 2370 exueret
1540 2339 1711 2379 ferociam.
1740 2357 1776 2362 —
1808 2340 1985 2381 μῆρα--

1114 2387 1270 2429 repperit]
1294 2387 1382 2420 Vide
1404 2387 1450 2420 ad
1476 2389 1505 2427 ⁴,
1527 2387 1579 2420 39.
1606 2404 1643 2411 -—
1677 2397 1741 2429 quo
1768 2389 1863 2421 initio
1895 2389 1985 2420 invi-

1116 2437 1199 2478 diae]
1223 2436 1276 2469 Ab
1300 2437 1369 2470 hoc
1391 2437 1467 2479 ipso
1491 2437 1664 2470 sacrificio
1687 2438 1823 2471 initium
1842 2438 1984 2471 dicendi

1117 2495 1170 2527 ea,
1189 2495 1281 2528 quae
1297 2487 1464 2519 invidiam
1476 2487 1614 2520 Tiberio
1630 2487 1800 2528 facerent,
1818 2489 1981 2530 sumpsit.

1119 2554 1155 2560 —
1172 2545 1206 2569 se
1226 2537 1406 2578 imaginem
1425 2537 1553 2578 veram]
1577 2538 1652 2570 Hoc
1675 2538 1759 2570 dicit
1773 2538 1980 2579 Agrippina:

1117 2594 1184 2618 «se
1207 2587 1324 2619 vivam
1344 2587 1491 2628 Augusti
1513 2587 1719 2628 imaginem,
1752 2596 1875 2620 veram
1906 2590 1982 2619 eius

1114 2635 1272 2678 prolem,
1301 2654 1336 2660 —-
1370 2645 1441 2669 non
1471 2636 1548 2670 sine
1576 2637 1705 2670 invidia
1730 2638 1766 2670 in
1789 2637 1980 2677 Tiberium,

1115 2685 1204 2719 illius
1227 2685 1338 2719 filium
1360 2685 1543 2719 dumtaxat
1564 2686 1768 2729 adoptivum
1793 2704 1830 2710 —
1849 2687 1981 2720 sentire

1115 2737 1222 2776 atque
1250 2734 1445 2777 intelligere
1474 2735 1682 2776 discrimen,
1718 2737 1754 2769 in
1785 2745 1855 2778 quo
1885 2737 1979 2778 ipsa,

1115 2794 1185 2818 non
1208 2784 1323 2818 solum
1346 2785 1507 2825 sobrina,
1532 2788 1731 2818 versetur.»
1758 2803 1795 2810 -
1819 2788 1983 2826 suscipere

1112 2835 1234 2877 sordes]
1258 2844 1297 2868 se
1318 2836 1458 2868 vestem
1481 2835 1679 2876 sordidam,
1714 2836 1914 2878 supplicum
1938 2844 1981 2868 ac

1113 2884 1307 2926 lugentium
1335 2884 1513 2925 habitum,
1545 2885 1702 2918 induisse
1732 2886 1779 2919 ob
1810 2885 1980 2919 Pulchrae

1114 2933 1322 2976 periculum.
1343 2949 1380 2958 —·
1398 2934 1595 2977 praescribi]
1619 2935 1794 2977 praetexi,
1821 2934 1980 2967 obtentui

1113 2984 1218 3016 sumi.
1253 2984 1309 3016 Sic
1333 2983 1387 3023 Η,
1412 2984 1471 3016 ⁴6:
1506 2983 1637 3025 frustra
1662 2984 1849 3017 Arminium
1870 2992 1980 3024 prae-

1112 3033 1221 3065 scribi.
1261 3033 1346 3065 Hist.
1371 3032 1405 3073 3,
1431 3033 1491 3066 43:
1521 3035 1766 3075 praescriptum
1790 3033 1980 3074 Vespasiani

1112 3091 1241 3115 nomen.
1276 3083 1379 3116 Caes.
1403 3083 1442 3116 B.
1468 3085 1506 3116 G.
1526 3084 1559 3124 3,
1576 3084 1636 3116 32:
1661 3087 1701 3116 uc
1721 3084 1857 3116 honesta
1873 3091 1979 3124 prae-

1111 3132 1286 3172 scriptione
1306 3140 1378 3164 rom
1398 3133 1626 3174 turpissimam
1647 3135 1779 3174 tegeret.
1803 3149 1840 3156 —
1865 3131 1980 3166 Sosiae

1112 3181 1152 3213 ob
1172 3182 1289 3215 eadem
1310 3182 1474 3225 adflictae]
1499 3183 1551 3216 Cf.
1575 3192 1607 3215 c.
1633 3183 1687 3215 ⁴9.
1714 3198 1751 3207 -
1775 3185 1980 3223 correptam-

1113 3240 1176 3272 que
1196 3233 1324 3266 Graeco
1345 3241 1444 3266 versa
1465 3233 1637 3266 admonuit
1655 3232 1737 3274 cet.]
1761 3232 1814 3265 cf.
1831 3233 1978 3266 sueton.

1112 3280 1187 3315 Tib.
1212 3282 1274 3315 53:
1306 3283 1439 3315 Nurum
1467 3283 1706 3324 Ayripptnam,
1737 3285 1815 3322 post
1837 3285 1979 3316 mortam

1110 3331 1228 3364 mariti
1255 3331 1391 3365 libemus
1412 3332 1571 3373 quiddam
1593 3334 1760 3371 questam,
1788 3338 1892 3364 manu
1911 3340 1979 3372 ap-

1104 3380 1277 3421 prehendit
1291 3381 1484 3423 Graocoque
1499 3389 1598 3413 versu
1621 3380 1678 3412 «Si
1692 3389 1760 3413 non
1772 3380 1976 3414 donuinam»

157 3434 170 3470 ,Ξ
201 3430 304 3465 &aa
330 3432 462 3467 mimus
489 3432 626 3468 vacuom
658 3431 778 3466 norat.
811 3430 850 3465 C.
874 3431 913 3472 2,
944 3430 977 3471 4,
1003 3428 1058 3463 24.
1108 3430 1217 3471 enauit
1249 3431 1391 3473 «filiola,
1425 3430 1588 3463 <niumm
1611 3431 1643 3462 to
1674 3429 1826 3471 occipere
1856 3431 1977 3464 existi-
