2254 3770
755 278 910 322 LIBER
938 277 969 321 1.
1000 277 1100 334 Cap.
1130 276 1198 320 28.
1228 276 1295 320 29.
1325 276 1393 320 30.
1422 275 1490 318 34.
1957 273 2012 316 29

236 405 262 435 a
281 387 599 434 centurionibus
628 393 701 431 aut
729 386 1038 445 praetoriarum
1057 383 1294 428 cohortium
1315 382 1516 426 militibus
1538 381 1670 434 caesi3
1700 379 1909 439 quosdam
1933 380 2013 437 ipsi

235 464 455 523 manipuli,
486 463 790 507 documentum
808 460 926 512 fidei,
948 459 1175 504 tradidere.
1205 464 1382 502 auxerat
1400 457 1579 501 militum
1599 470 1724 501 curas
1743 462 2015 514 praematura

233 541 418 598 hiemps,
452 539 657 583 imbribus
689 537 898 582 continuis
927 535 1125 592 adeoque
1156 534 1313 584 saevis,
1345 539 1391 576 ut
1410 547 1495 576 non
1516 532 1662 590 egredi
1682 531 1881 580 tentoria,
1913 544 2015 574 con-

233 615 400 674 gregari
432 614 540 658 inter
568 628 636 664 se,
669 613 737 657 vix
756 612 881 656 tutari
902 612 1021 683 signa
1042 616 1236 668 possent,
1268 614 1380 666 quae
1402 608 1570 652 turbine
1589 614 1718 665 atque
1739 606 1854 650 unda
1874 612 2014 663 rapta-

231 691 397 735 bantur.
455 689 636 733 durabat
664 695 707 732 et
734 687 917 731 formido
948 685 1144 730 caelestis
1172 685 1284 735 irae,
1324 698 1405 728 nec
1442 683 1596 727 frustra
1624 682 1832 727 adversus
1861 681 2046 739 impioss

233 766 468 811 hebescere
507 765 668 816 sidera,
711 777 838 807 ruere
880 768 1177 820 tempestates:
1218 774 1302 803 non
1343 759 1446 802 aliut
1485 758 1693 803 malorum
1730 758 2015 802 levamentum

233 856 363 900 quam
391 841 428 885 si
457 840 699 898 linquerent
730 845 870 883 castra
907 837 1085 881 infausta
1126 842 1438 893 temerataque,
1477 841 1520 878 et
1558 833 1683 878 soluti
1720 833 1888 892 piaculo
1925 833 2015 877 suis

233 918 418 975 quisque
450 915 637 959 hibernis
667 914 962 959 redderentur.
993 912 1177 970 primum
1207 918 1374 961 octava,
1406 910 1506 953 dein
1535 911 1681 968 quinta
1702 909 1884 954 decuma
1902 908 2014 966 legio

233 992 416 1037 rediere.
448 1005 641 1035 nonanus
671 988 958 1048 opperiendas
988 987 1142 1031 Tiberii
1173 985 1378 1044 epistulas
1409 985 1712 1036 clamitaverat,
1750 999 1848 1028 mox
1887 984 2030 1030 deso-'

231 1068 341 1112 latus
372 1067 553 1111 aliorum
581 1065 846 1110 discessione
876 1064 1166 1107 imminentem
1195 1062 1495 1106 necessitatem
1523 1067 1675 1119 sponte
1695 1061 1928 1119 praevenit.
1973 1066 2066 1105 etio

231 1144 398 1187 Drusus
434 1157 519 1186 non
556 1147 778 1199 expectato
814 1139 1050 1197 legatorum
1078 1151 1297 1196 regressu,
1329 1137 1430 1196 quia
1458 1136 1702 1195 praesentia
1731 1137 1833 1180 satis
1863 1150 2016 1181 conse-

231 1218 398 1270 derant,
431 1218 473 1261 in
502 1217 657 1261 urbem
686 1216 822 1260 rediit.

344 1293 425 1351 (34)
457 1292 599 1337 Isdem
626 1293 758 1336 ferme
788 1291 943 1335 diebus
972 1289 1111 1333 isdem
1137 1288 1279 1333 causis
1299 1288 1579 1333 Germanicae
1599 1287 1789 1346 legiones
1809 1287 2013 1338 turbatae,

232 1377 391 1428 quanto
421 1368 585 1427 plures,
619 1375 732 1411 tanto
762 1366 1005 1418 violentius,
1038 1372 1080 1409 et
1107 1378 1261 1422 magna
1285 1355 1363 1422 spe
1383 1364 1474 1407 fore
1493 1370 1539 1407 ut
1559 1363 1837 1408 Germanicus
1859 1363 2017 1407 Caesar

232 1444 460 1503 imperium
496 1444 669 1488 alterius
706 1443 792 1501 pati
834 1441 1031 1499 nequiret
1069 1440 1277 1497 daretque
1317 1453 1365 1483 se
1403 1438 1644 1496 legionibus
1674 1438 1714 1482 vi
1750 1453 1828 1482 sua
1863 1445 2066 1483 cunctais

232 1520 442 1565 tracturis.
487 1519 574 1563 duo
612 1525 716 1577 aput
751 1518 889 1576 ripam
916 1516 1050 1561 Rheni
1081 1515 1295 1560 exercitus
1324 1521 1464 1558 erant:
1506 1514 1575 1559 cui
1604 1528 1760 1558 nomen
1790 1514 2014 1572 superiori,

233 1595 314 1640 sub
347 1597 392 1640 C.
414 1594 516 1639 Silio
545 1594 705 1652 legat03
735 1593 979 1637 inferiorem
1008 1594 1053 1636 A.
1078 1590 1262 1635 Caecina
1290 1589 1480 1634 curabat.
1519 1590 1710 1648 regimen
1731 1604 1923 1634 summae
1954 1589 2016 1634 rei

233 1685 367 1730 penes
398 1670 714 1720 Germanicum,
746 1667 913 1726 agendo
944 1666 1175 1712 Galliarum
1203 1665 1352 1710 censui
1382 1672 1471 1709 tum
1499 1665 1717 1709 intentum.
1761 1665 1839 1710 sed
1859 1664 2016 1723 quibus

234 1746 362 1791 Silius
391 1745 713 1797 moderabatur,
743 1750 886 1788 mente
917 1742 1114 1800 ambigua
1144 1741 1354 1785 fortunam
1383 1740 1605 1785 seditionis
1635 1740 1799 1785 alienae
1820 1740 2018 1799 specula-

232 1822 405 1866 bantur:
435 1820 644 1865 inferioris
675 1819 886 1864 exercitus
915 1817 1038 1861 miles
1068 1818 1110 1860 in
1140 1816 1305 1861 rabiem
1332 1816 1559 1874 prolapsus
1590 1822 1671 1868 est,
1705 1823 1798 1860 orto
1819 1815 1873 1860 ab
1894 1823 2018 1860 unet-
2029 1828 2067 1859 20

233 1897 502 1942 vicesimanis
532 1895 832 1954 quintanisque
861 1894 999 1943 initio,
1031 1899 1074 1936 et
1102 1892 1245 1936 tractis
1274 1892 1410 1950 prima
1440 1905 1615 1950 quoque
1645 1905 1697 1936 ac
1724 1892 1930 1937 vicesima
1955 1891 2018 1936 le-

235 1972 451 2031 gionibus:
488 1985 587 2015 nam
615 1970 754 2014 isdem
783 1969 956 2013 aestivis
986 1968 1028 2012 in
1056 1967 1212 2012 finibus
1243 1967 1448 2014 Ubiorum
1477 1966 1743 2011 habebantur
1777 1982 1857 2027 per
1884 1968 2017 2012 otium

276 2068 307 2102 3.
332 2069 413 2100 adeo
436 2068 555 2113 (1qu
586 2066 659 2109 (que
688 2064 826 2107 margo)
859 2082 896 2088 -
927 2064 959 2098 4.
983 2063 1204 2105 replebantur
1225 2064 1259 2097 M
1291 2081 1328 2086 —
1365 2064 1419 2096 40.
1443 2064 1599 2105 pervenit
1619 2064 1653 2097 M
1682 2062 1783 2105 (prae
1813 2063 1952 2106 margo)
1978 2081 2014 2088 -

232 2126 286 2158 44.
311 2125 494 2166 ligatorum
514 2124 548 2158 M
573 2142 610 2147 —
635 2124 852 2156 consederant
872 2122 1080 2154 Rhenanus:
1105 2121 1315 2154 considerant
1335 2121 1380 2154 M.
1399 2120 1451 2154 Cf.
1470 2121 1501 2162 4,
1526 2121 1581 2153 76.
1607 2120 1640 2160 3,
1665 2120 1719 2153 64.
1745 2120 1778 2160 6,
1802 2119 1857 2154 47.
1882 2121 1936 2161 42,
1960 2121 2015 2153 56.

233 2182 288 2222 46,
311 2181 367 2213 27.
391 2182 547 2222 Wagner
569 2180 615 2213 ad
636 2180 741 2221 Verg.
766 2178 839 2212 Ecl.
857 2179 889 2219 7,
915 2179 947 2211 4.
974 2196 1010 2202 -
1037 2177 1090 2210 43.
1114 2178 1211 2210 Istem
1231 2177 1333 2219 ferme
1355 2177 1389 2211 M
1415 2194 1451 2200 -—
1477 2177 1531 2209 46.
1555 2177 1718 2209 tractaris
1738 2176 2016 2210 Freinshemius:

231 2240 405 2270 tracturus
425 2237 459 2270 M
484 2254 521 2260 —-
551 2237 603 2269 47.
630 2229 674 2270 G7.
696 2237 731 2269 M
755 2254 792 2260 -
819 2236 890 2278 filio
911 2236 1016 2277 liqato
1038 2235 1072 2268 M
1095 2234 1196 2277 (Silio
1216 2234 1340 2275 Legato
1362 2232 1501 2275 margo)
1531 2251 1568 2257 —
1604 2234 1659 2266 20.
1687 2236 1767 2266 unet
1786 2235 1860 2267 uice
1879 2235 2019 2267 simanis

232 2294 267 2328 M
290 2293 607 2336 (Vndevicesimanis
628 2291 768 2335 margo)
802 2310 838 2316 —
863 2293 917 2326 24.
943 2292 1143 2325 auicessima
1165 2291 1198 2325 M
1219 2289 1334 2323 littera
1357 2299 1375 2323 c
1396 2290 1489 2323 inter
1510 2299 1534 2322 a
1557 2291 1593 2322 et
1612 2299 1638 2323 u
1658 2291 1910 2333 superscripta.

1149 2381 1184 2404 n.
1210 2370 1296 2405 6442
1318 2372 1390 2404 not.
1415 2372 1448 2405 3.
1472 2370 1548 2405 Vol.
1571 2372 1630 2404 111.
1660 2380 1696 2414 p.
1721 2371 1785 2405 283
1809 2372 1845 2405 et
1866 2381 1901 2414 p.
1927 2372 2016 2413 590.)

232 2375 364 2416 quippe
380 2375 523 2421 numina
538 2373 716 2416 legionum
732 2376 845 2407 erant.
865 2390 900 2396 —
925 2372 1100 2415 hebescere]
1151 2421 1192 2455 Cf
1284 2422 1325 2454 72
1362 2422 1383 2454 2
1422 2422 1442 2454 6
1479 2421 1499 2454 3
1544 2421 1586 2454 42
1623 2421 1645 2455 4
1683 2421 1723 2455 ⁴8
1761 2423 1798 2455 Η
1834 2422 1875 2455 35
1975 2422 2003 2455 Δ

1194 2430 1258 2454 .c.
1330 2445 1519 2462 ...ι
1590 2445 1736 2462 ·‚·
1808 2439 2016 2462 ··-·

233 2425 278 2457 de
302 2424 430 2457 eadem
451 2433 491 2456 re
513 2433 619 2466 supra
642 2425 852 2466 languescere
875 2432 906 2456 c.
924 2423 978 2456 28.
997 2440 1033 2446 -
1051 2432 1102 2455 so-

231 2475 293 2508 luti
312 2473 456 2516 piaculo]
477 2474 648 2515 piaculum
666 2474 690 2506 h
720 2473 743 2507 l.
762 2476 818 2507 est
831 2473 948 2507 scelus
963 2472 1101 2515 piaculo

231 2524 476 2567 purgandum,
500 2525 552 2556 die
573 2524 695 2556 Sibnde.
733 2523 785 2557 Cf.
807 2523 956 2556 Ennium
980 2523 1015 2556 in
1034 2523 1102 2555 Te—

231 2573 337 2616 lepho
367 2582 423 2615 ap.
455 2574 598 2606 Festum
627 2582 656 2606 s.
682 2582 717 2606 v.
740 2574 864 2606 Mutire
895 2582 929 2615 p.
955 2572 1018 2606 445
1042 2572 1098 2605 ed.

231 2622 346 2657 Miill.:
370 2623 488 2656 Palam
507 2624 630 2656 mutire
649 2623 772 2664 plebeio
789 2623 962 2663 piaculum
984 2626 1041 2655 est.
1062 2640 1098 2647 -

232 2674 406 2714 desolatus]
431 2672 527 2706 solus
550 2671 709 2711 relictus,
733 2672 935 2715 μονωθεὶς.
969 2672 1019 2705 Cf.
1046 2673 1099 2711 42,

231 2723 286 2756 26.
311 2724 364 2763 46,
389 2723 448 2756 3οε
471 2724 544 2764 filia
564 2723 704 2755 viduata
726 2723 949 2764 desolataque.

276 2772 331 2805 34.
346 2773 563 2806 Germanicae
579 2772 719 2814 legiones
734 2773 901 2814 turbatae]
912 2771 963 2805 Cf.
977 2770 1099 2804 Vellei.

233 2823 306 2855 Pat.
322 2823 356 2862 2,
374 2823 450 2855 425.
475 2823 618 2855 Sueton.
637 2822 712 2855 Tib.
731 2823 785 2855 25.
811 2823 875 2855 Dio
891 2823 945 2862 57,
965 2822 997 2855 5.
1016 2840 1051 2845 —
1069 2821 1103 2853 vi

233 2880 298 2904 sua
311 2881 341 2903 c.
354 2872 522 2912 tractaris]
541 2872 636 2904 Sicut
651 2874 810 2905 extremo
826 2873 894 2904 hoc
910 2872 1024 2913 capite
1039 2880 1103 2903 sua

234 2921 280 2953 ad
296 2920 422 2953 milites
433 2923 581 2963 spectat,
599 2923 645 2954 ita
658 2922 716 2954 hic
727 2930 883 2963 quoque,
908 2922 937 2954 si
953 2921 998 2953 ad
1014 2922 1120 2953 Ger-·

233 2971 414 3003 manicum
436 2972 629 3011 spectaret,
654 2972 773 3003 tamen
794 2971 919 3003 suavis
934 2972 1029 3003 esset
1045 2979 1099 3009 ea,

234 3028 340 3062 quam
371 3019 415 3051 ab
448 3020 604 3061 exercitu
632 3022 869 3059 mutuaretur,
902 3020 1006 3060 igitur
1031 3029 1101 3052 non

232 3079 307 3110 sua,
331 3069 397 3102 sed
418 3069 540 3101 aliena.
567 3069 653 3101 Tam
672 3069 837 3111 ambigue
861 3078 931 3102 non
948 3068 1100 3110 loquun-

234 3122 292 3152 tur
310 3122 465 3157 veteres,
491 3126 558 3150 nec
573 3120 722 3159 possunt
736 3119 825 3151 haec
842 3127 884 3150 ex
901 3120 1100 3151 nostrarum

233 3168 431 3209 linguarum
447 3168 537 3200 vitiis
560 3166 723 3206 iudicari,
749 3176 858 3208 quare
875 3169 913 3198 ut
927 3164 1098 3204 omittam,

234 3210 405 3259 quantum
417 3217 574 3258 legiones
584 3215 827 3257 praevalentes
839 3224 983 3248 suarum
992 3225 1100 3258 opum

234 3266 362 3300 fiducia
385 3267 513 3300 deceat
537 3264 604 3307 (illa
627 3266 722 3298 enim
736 3274 863 3307 maana
876 3275 948 3306 spes
963 3267 1018 3298 est
1032 3267 1101 3298 mi-

232 3315 364 3357 litum),
406 3317 452 3349 ad
484 3315 713 3349 Freinshemii
749 3315 987 3347 coniecturam
1024 3317 1100 3357 ipsa

234 3367 448 3399 constructio
478 3374 542 3398 nos
570 3365 675 3397 trahit
696 3364 731 3397 vi
753 3365 1034 3398 sua.w01.r.—
1061 3365 1097 3398 C.

234 3415 328 3456 Silio]
355 3417 392 3449 Ρ.
411 3415 435 3449 f.
453 3416 491 3448 P.
514 3423 549 3447 ιι.
569 3422 644 3447 cos.
662 3422 694 3447 a.
713 3422 748 3447 u.
766 3413 841 3447 766.
867 3414 989 3456 (Inscr.
1006 3415 1096 3448 Latt.

1150 2472 1302 2514 Caecina]
1317 2472 1468 2513 Sevems.
1494 2471 1544 2505 Cf.
1559 2471 1593 2511 3,
1606 2472 1660 2505 48.
1670 2471 1724 2504 33.
1743 2489 1779 2495 -
1795 2473 1923 2514 agendo
1935 2472 2018 2506 Gal-

1146 2523 1274 2556 liamm
1287 2523 1407 2568 censui]
1425 2523 1613 2556 Suetonius
1629 2523 1732 2556 Caes.
1750 2532 1781 2556 c.
1794 2524 1837 2556 25
1848 2533 1861 2557 τ,
1883 2523 2017 2556 Omnem

1150 2572 1296 2605 Galliam
1310 2572 1410 2605 --in
1428 2573 1622 2614 provinciae
1645 2573 1790 2614 formam
1812 2573 1949 2615 redegit,
1973 2574 2018 2606 ei-

1150 2631 1212 2663 que
1234 2623 1503 2664 quadrinqenties
1523 2623 1559 2655 in
1580 2623 1725 2664 sinyulos
1747 2633 1853 2656 annos
1866 2623 2018 2664 stipendii

1148 2672 1280 2705 nomine
1300 2672 1481 2713 imposuit.·
1504 2673 1647 2715 Eutrop.
1671 2673 1703 2713 6,
1722 2673 1782 2705 47ε
1807 2672 1937 2706 Galliae
1958 2681 2018 2705 au-

1149 2725 1213 2754 tem
1242 2721 1357 2754 tributi
1385 2722 1517 2755 nomine
1538 2731 1688 2755 annuum
1709 2722 1886 2763 imperavit
1906 2725 2020 2755 sester-

1149 2773 1232 2804 tium
1247 2771 1527 2813 quadringenties.
1549 2772 1600 2804 Cf.
1618 2773 1682 2804 Dio
1698 2772 1754 2812 53,
1771 2772 1825 2805 22.
1843 2773 1915 2805 LiV.
1934 2772 2016 2814 epit.

1150 2821 1224 2855 434.
1265 2821 1434 2854 Claudius
1462 2823 1497 2854 in
1520 2822 1682 2855 Oratione
1706 2822 1816 2863 Lugd.
1841 2821 1926 2855 Tab.
1949 2822 2014 2854 11.:

1149 2880 1224 2903 cum
1247 2871 1365 2913 (pater
1379 2879 1482 2904 meus
1497 2871 1648 2913 Drusus)
1671 2880 1695 2903 a
1709 2881 1822 2904 census
1842 2881 1926 2904 novo
1948 2875 2019 2903 lum

1149 2929 1246 2961 opere
1275 2924 1306 2953 et
1333 2921 1504 2953 inadsueta
1527 2920 1632 2953 Gallis
1653 2922 1699 2954 ad
1720 2921 1839 2954 bellum
1859 2924 2020 2953 avocatus

1149 2973 1238 3002 esset.
1268 2985 1303 2992 —
1336 2970 1634 3012 unetvicesimanis]
1664 2971 1769 3012 Legio
1799 2971 1872 3004 XXI
1894 2971 2019 3011 Rapax

1147 3020 1257 3052 Inscr.
1290 3019 1379 3052 Latt.
1414 3028 1448 3052 n.
1479 3018 1574 3053 4549.
1603 3020 1700 3054 3378.
1737 3021 1865 3054 Gallica
1895 3021 2019 3061 Rapav

1149 3077 1182 3100 n.
1208 3067 1285 3101 444.
1313 3084 1350 3092 -
1377 3069 1620 3112 quintanisque]
1642 3070 1724 3112 Leg.
1745 3070 1785 3102 V.
1808 3070 1959 3102 Alaudae
1979 3079 2015 3103 n.

1147 3117 1243 3150 6675.
1268 3118 1404 3160 (postea
1426 3120 1641 3153 Macedonica
1662 3129 1697 3152 n.
1723 3119 1819 3152 3439.
1843 3119 1954 3162 6938.)
1978 3137 2015 3145 -

1142 3167 1267 3207 prima]
1302 3168 1384 3209 Leg.
1408 3169 1436 3201 1.
1461 3169 1663 3202 Germanica
1692 3178 1726 3201 n.
1755 3168 1858 3209 3389,
1894 3171 2016 3211 postea

1147 3217 1313 3249 Mineruia
1327 3218 1426 3251 2406.
1449 3219 1616 3251 Mineruia
1637 3219 1697 3250 Pia
1717 3217 1836 3250 Fidelis
1858 3219 1954 3252 4767.
1975 3235 2012 3243 -

1146 3266 1312 3309 vicesima]
1345 3267 1427 3308 Leg.
1453 3268 1524 3300 XX.
1553 3268 1686 3300 Valeria
1714 3267 1838 3299 Victrioe
1859 3276 1895 3300 n.
1916 3268 2014 3302 2002.

1151 3333 1186 3340 -
1221 3316 1388 3358 Ubiorum]
1419 3325 1571 3358 quorum
1605 3315 1775 3358 oppidum
1809 3317 2015 3358 primarium

1147 3366 1192 3407 (c.
1223 3365 1277 3399 36.
1310 3366 1378 3407 37.)
1412 3367 1537 3408 postea
1576 3365 1718 3398 Colonia
1750 3367 2014 3409 Agrippinensis

1147 3415 1342 3448 vocabatur
1364 3414 1410 3448 ab
1433 3415 1623 3457 Agrippina
1647 3413 1798 3458 Claudii,
1829 3416 1924 3450 unde
1947 3417 2013 3460 ipsi
