2254 3770
282 269 370 347 '⁴62
772 304 818 347 P.
850 302 1101 348 CORNELII
1131 305 1300 349 TACITI
1329 305 1598 350 ANNALIUM

288 408 343 453 de
374 410 426 453 iis
448 423 562 468 quae
591 410 645 455 ad
666 409 841 454 domum
861 424 982 455 suam
1004 411 1278 469 pertinerent.
1302 412 1459 456 exemit
1479 413 1606 456 etiam
1625 413 1822 465 Drusum,
1854 412 2076 458 consulem

287 483 577 543 designatum,
610 485 820 530 dicendae
857 486 994 544 primo
1032 486 1128 531 loco
1159 488 1417 541 sententiae;
1458 487 1576 546 quod
1605 487 1675 532 alii
1705 488 1828 533 civile
1859 488 2073 538 rebantur,

286 575 340 605 ne
371 562 525 606 ceteris
556 560 823 611 adsentiendi
854 562 1089 606 necessitas
1118 562 1255 612 fieret,
1295 562 1471 621 quidam
1500 562 1555 606 ad
1585 564 1804 608 saevitiam
1831 564 2075 609 trahebant:

285 650 429 695 neque
460 637 573 682 enim
602 651 827 682 cessurum
855 638 935 682 nisi
966 638 1194 682 damnandi
1225 638 1378 685 officio,
1412 639 1493 696 (23)
1514 639 1676 697 Lepida
1706 639 1904 684 ludorum
1923 639 2076 684 diebus

252 713 359 771 squi
390 713 676 771 cognitionem
704 714 1031 766 intervenerant,
1063 713 1275 758 theatrum
1299 727 1398 757 oum
1428 704 1552 758 claris
1582 714 1748 759 feminis
1778 716 1984 773 ingressa,
2015 714 2077 758 la-

284 789 543 833 mentatione
573 788 704 833 flebili
733 789 919 834 maiores
950 803 1053 833 suos
1078 789 1196 833 ciens
1227 790 1454 847 ipsumque
1475 790 1736 848 Pompeium,
1769 791 1892 835 cuius
1912 805 1964 835 ea
1983 804 2078 834 mo-

283 865 471 921 nimenta
491 871 533 909 et
554 864 771 909 adstantes
802 865 1009 924 imagines
1030 865 1289 916 visebantur,
1322 871 1486 908 tantum
1514 866 1835 911 misericordiae
1864 865 2077 924 permovit

281 946 329 983 ut
348 939 471 984 effusi
502 940 545 983 in
573 940 771 985 lacrimas
798 954 927 985 saeva
947 947 989 984 et
1009 940 1261 984 detestanda
1281 940 1474 993 Quirinio
1499 941 1773 993 clamitarent,
1805 942 1928 986 cuius
1949 955 2075 986 sene-

283 1022 376 1060 ctae
418 1022 547 1075 atque
593 1016 760 1061 orbitati
802 1023 845 1060 et
888 1016 1221 1060 obscurissimae
1266 1015 1411 1060 domui
1456 1016 1665 1062 destinata
1708 1017 1927 1076 quondam
1967 1031 2076 1061 uxor

231 1099 267 1131 ⁴0
280 1091 325 1139 L.
356 1092 529 1136 Caesari
560 1106 611 1137 ac
641 1091 740 1136 divo
770 1093 961 1150 Augusto
1000 1106 1133 1135 nurus
1174 1091 1420 1135 dederetur.
1459 1091 1558 1136 dein
1595 1094 1814 1137 tormentis
1850 1107 2076 1138 servorum

280 1167 489 1226 patefacta
518 1174 616 1212 sunt
644 1167 813 1225 flagitia,
846 1168 1037 1225 itumque
1069 1167 1111 1210 in
1141 1167 1395 1211 sententiam
1414 1166 1580 1212 Rubelli
1599 1167 1759 1218 Blandi,
1791 1183 1817 1212 a
1845 1182 1932 1227 quo
1962 1181 2075 1227 aqua

280 1250 409 1302 atque
439 1243 525 1302 igni
557 1243 797 1288 arcebatur.
829 1242 930 1287 huic
961 1244 1125 1286 Drusus
1163 1243 1370 1294 adsensit,
1410 1257 1674 1302 quamquam
1701 1243 1771 1288 alii
1801 1244 1944 1288 mitius
1974 1257 2076 1288 cen-

279 1319 478 1364 suissent.
509 1333 611 1364 mox
640 1320 815 1370 Scauro,
848 1319 922 1377 qui
950 1318 1082 1362 filiam
1112 1332 1165 1362 ex
1195 1332 1249 1363 ea
1277 1326 1500 1377 genuerat,
1536 1318 1682 1364 datum
1711 1333 1766 1364 ne
1794 1319 1910 1364 bona
1936 1318 2076 1378 publi-

279 1401 490 1439 carentur.
521 1401 611 1438 tum
633 1394 808 1439 demum
828 1394 995 1452 aperuit
1016 1393 1209 1438 Tiberius
1231 1401 1482 1453 conpertum
1503 1395 1585 1439 sibi
1606 1395 1734 1440 etiam
1754 1409 1808 1439 ex
1826 1396 1872 1439 P.
1895 1394 2075 1449 Quirinii

227 1478 263 1508 ⁴⁵
278 1471 415 1516 servis
444 1484 613 1515 veneno
644 1484 744 1515 eum
773 1484 799 1514 a
828 1469 990 1528 Lepida
1017 1470 1210 1527 petitum.

391 1547 473 1604 (24)
504 1545 750 1590 Inlustrium
779 1545 985 1589 domuum
1014 1545 1198 1590 adversa
1229 1546 1400 1603 (etenim
1429 1546 1543 1590 haud
1572 1546 1750 1591 multum
1771 1545 1941 1590 distanti
1968 1552 2076 1590 tem-

275 1636 381 1680 pore
413 1621 629 1681 Calpurnii
660 1622 880 1672 Pisonem,
921 1620 1086 1665 Aemilii
1124 1621 1332 1680 Lepidam
1370 1622 1612 1679 amiserant)
1650 1621 1810 1667 solacio
1841 1621 1996 1667 adfecit
2024 1621 2073 1665 D.

342 1732 373 1765 4.
399 1731 485 1772 Diis,
511 1738 690 1773 superscr.
708 1728 771 1762 litt.
790 1739 818 1771 e,
845 1730 879 1764 M
903 1729 965 1771 (De
987 1730 1027 1762 iis
1050 1730 1182 1771 margo)
1203 1747 1239 1753 —
1265 1730 1297 1763 2.
1316 1731 1441 1764 sentiae
1464 1731 1498 1764 M
1518 1749 1554 1754 -
1580 1731 1614 1763 6.
1638 1730 1742 1763 sciens
1762 1731 1797 1764 M
1820 1730 1919 1771 (ciens
1939 1729 2072 1772 margo)

278 1804 314 1810 —
341 1787 374 1820 7.
398 1788 645 1821 misericordiae
667 1787 825 1829 Lipsius:
859 1786 1091 1819 misericordia
1114 1788 1147 1821 M
1174 1804 1209 1810 —
1244 1787 1276 1820 8.
1304 1788 1443 1829 Quirino
1465 1787 1631 1829 Ryckius.
1660 1805 1695 1811 —-
1732 1788 1785 1820 44.
1808 1787 2076 1830 Ῑιαρὶιίαιαηιᾳαο

275 1844 310 1878 Μ
333 1844 489 1886 (itumque
511 1843 646 1886 margo)
673 1860 709 1867 -
743 1844 797 1876 42.
823 1843 932 1884 adque
953 1844 988 1877 M
1014 1861 1050 1867 —
1077 1843 1130 1877 44.
1158 1844 1290 1885 Quirini
1311 1845 1477 1887 Ryckius.
1506 1862 1542 1868 -
1573 1844 1627 1877 46.
1651 1845 1769 1878 etenim
1791 1845 1989 1879 Mercerus:
2015 1842 2075 1876 ad-

273 1901 362 1934 enim
383 1910 438 1944 pr.
463 1902 515 1941 M?
541 1901 665 1935 atenim
688 1909 780 1934 corr.
805 1901 839 1935 M
865 1918 902 1925 -
929 1901 982 1933 47.
1008 1901 1126 1934 solatio
1149 1901 1184 1933 h.
1209 1900 1232 1934 l.
1257 1903 1303 1936 Μ.

274 1995 351 2029 tum
384 1995 469 2029 viris
502 1994 716 2036 illustribus,
751 1995 791 2027 ut
823 1994 986 2028 videmus
1015 1995 1149 2028 factum

275 2054 355 2079 esse
384 2047 421 2079 in
446 2045 613 2079 Catilinae
646 2046 907 2086 coniuratione,
943 2047 1151 2079 remanent-

274 2105 345 2139 que
390 2097 466 2130 eius
514 2106 600 2131 usus
645 2097 792 2138 vestigia
832 2097 938 2130 etiam
975 2097 1041 2130 sub
1080 2098 1148 2130 im-

272 2147 511 2190 peratoribus.
548 2148 612 2181 VSic
645 2149 734 2180 Ann.
768 2148 806 2188 6,
832 2147 852 2180 3
885 2146 1012 2180 Gallius
1039 2152 1150 2181 custo-

274 2198 366 2230 ditur
393 2197 543 2230 domibus
575 2198 851 2240 magistratuum.
897 2198 984 2230 Hist.
1011 2198 1051 2238 3,
1086 2199 1146 2231 ta:

271 2248 396 2281 Bassus
427 2247 568 2291 (classis
598 2247 809 2280 Ravennatis
839 2247 1056 2289 praefectus)
1088 2248 1149 2280 ho-

272 2301 396 2331 norata
418 2299 571 2331 custodia
585 2297 718 2331 Atriam
731 2299 966 2340 pervectus—-
981 2298 1051 2330 illic
1071 2298 1149 2330 vin-

272 2349 372 2382 citur.
405 2349 548 2382 Sueton.
573 2347 686 2381 viteli.
720 2348 760 2382 2:
797 2348 832 2380 P.
863 2347 1009 2380 Vitellius
1029 2348 1065 2380 in
1088 2356 1149 2380 cu-

272 2399 416 2432 stodiam
447 2398 552 2439 fratri
581 2398 689 2430 datus.
726 2415 762 2421 —-
798 2396 963 2430 consulem
993 2398 1149 2439 desiyna-

272 2448 353 2491 tum]
377 2449 524 2491 Appian.
551 2449 589 2481 B.
617 2449 655 2482 C.
682 2449 719 2489 2,
745 2449 786 2480 5.
820 2444 982 2488 Σιλανὸς
1004 2447 1076 2491 μὲν
1098 2445 1146 2491 δὴ

273 2497 421 2556 πρῶτος
454 2494 597 2557 «ἔλεγεν,
634 2494 679 2539 ὃς
713 2497 752 2539 ἐς
779 2494 825 2530 τὸ
854 2496 995 2541 μέλλον
1023 2493 1146 2545 ιη’ρηιτο

272 2544 485 2583 ὑπατεύειν.
528 2540 601 2581 ὦδε
630 2545 702 2595 γὰρ
727 2545 921 2591 Ῥωμαίων
953 2544 975 2581 ὁ
998 2546 1146 2591 μέλλων

272 2594 500 2633 ὑπατεύσειν
529 2595 679 2644 πρῶτον
703 2597 858 2642 ἐσφέρει
885 2594 1055 2641 γνώμην.
1092 2598 1143 2632 Cf

272 2658 304 2684 c
331 2650 383 2682 47.
409 2648 463 2682 49.
490 2649 544 2689 44,
593 2647 685 2689 4.4,
710 2647 763 2681 48.
786 2665 822 2671 --
847 2657 951 2689 neque
973 2649 1060 2681 enim
1082 2657 1148 2681 ces-

270 2709 388 2733 surum
409 2700 474 2732 nisi
497 2700 529 2732 ἀ.
556 2649 600 2740 a]
635 2708 705 2731 non
730 2698 823 2731 enim
848 2698 1014 2731 daturum
1037 2699 1144 2732 fuisse

271 2749 328 2784 alii
344 2750 500 2794 priorem
518 2749 714 2782 sententiae
733 2749 905 2782 dicendae
925 2748 1055 2790 locum,
1079 2750 1146 2783 nisi

272 2800 318 2834 ad
362 2798 570 2832 invidiosam
608 2807 753 2832 causam
792 2798 994 2832 damnandi.
1037 2800 1142 2831 Gaon.

270 2848 387 2884 Altera
419 2849 510 2882 haec
532 2848 681 2882 aliorum
704 2850 911 2881 senatorum
935 2849 1012 2881 erat
1033 2849 1144 2880 inter-

270 2900 437 2943 pretatio,
464 2898 625 2932 damnari
648 2898 736 2932 velle
760 2898 930 2941 Lepidam
949 2897 1141 2939 Tiberium,

271 2949 371 2983 cuius
397 2950 516 2982 tamen
548 2950 743 2982 sententiae
773 2949 929 2991 primum
959 2950 1142 2981 auctorem

270 2999 378 3034 nollet
403 3007 484 3033 esse
515 2998 637 3032 filium.
670 2999 752 3032 Em«.
792 2999 844 3032 De
876 2999 1008 3033 omisso
1030 2998 1141 3032 verbo

266 3051 369 3094 fuisse
390 3049 471 3084 vide
494 3049 541 3082 ad
564 3050 602 3090 2,
627 3049 682 3082 34.

311 3150 366 3184 23.
384 3148 550 3189 luder-uon]
567 3146 786 3189 Intelligendi
806 3147 954 3182 sortasse
971 3148 1053 3181 sunt
1068 3146 1140 3181 ludi

267 3201 383 3243 magni
407 3199 552 3234 Romani
569 3197 726 3242 (Kalend.
744 3199 914 3232 Amitern.
934 3200 1043 3232 Inscr.
1063 3199 1136 3232 Lat.

266 3251 307 3284 11.
334 3260 368 3293 p.
386 3250 461 3284 398.
486 3249 685 3284 Mommsen
707 3248 734 3282 Ι.
751 3248 789 3281 R.
808 3249 848 3281 N.
868 3257 902 3281 n.
921 3248 1052 3289 5750),
1079 3249 1139 3290 qui

266 3300 482 3343 incipiebant
514 3299 627 3343 pridie
661 3300 747 3333 Non.
786 3297 1000 3340 septembr,
1037 3299 1139 3331 finie-

265 3348 395 3383 bantur
428 3350 540 3394 pridie
575 3349 669 3383 ldus.
711 3347 776 3381 Alii
810 3348 890 3380 divo
922 3350 1077 3389 Augusto
1103 3350 1138 3380 et

265 3399 438 3433 Fortunae
467 3399 619 3439 Reduci,
652 3398 760 3432 Genio
789 3396 949 3440 publico,
988 3398 1136 3430 Faustae

264 3449 431 3483 Felicitati
453 3452 519 3484 cet.
546 3447 819 3484 celebrabantur
842 3456 873 3481 a.
899 3446 934 3481 d.
961 3447 1018 3480 111.
1043 3448 1133 3481 Non.

1199 1996 1341 2030 Octobr.
1374 2005 1488 2038 usque
1519 1995 1566 2028 ad
1593 2005 1625 2028 a.
1656 1995 1692 2029 d.
1722 1995 1779 2028 IV.
1809 1995 1892 2030 Idus
1927 1994 2070 2029 Octobr.

1200 2045 1295 2087 (ibid.
1321 2055 1356 2088 p.
1377 2045 1451 2088 400)
1476 2046 1597 2087 utique
1622 2048 1658 2079 et
1680 2046 1715 2078 in
1739 2046 1833 2089 circo
1857 2047 1894 2078 et
1914 2046 1950 2079 in
1973 2045 2072 2078 thea-

1197 2097 1264 2129 tro.
1283 2114 1317 2119 —-
1337 2105 1377 2129 ea
1391 2095 1604 2138 monimenta]
1621 2096 1739 2138 ipsum
1755 2096 1947 2136 theatrum,
1973 2094 2070 2138 quod

1198 2147 1386 2190 Pompeius
1410 2148 1538 2180 iterum
1562 2145 1685 2179 consul
1708 2146 1891 2179 dedicarat
1917 2154 1949 2178 a.
1973 2154 2008 2179 u.
2036 2154 2068 2178 c.

1198 2197 1280 2234 699;
1312 2198 1420 2240 idque
1451 2197 1496 2230 ab
1529 2206 1571 2230 eo
1602 2197 1768 2230 theatrum
1788 2197 1932 2238 Pompeii
1956 2195 2071 2229 deno-

1198 2248 1372 2280 minatum
1395 2249 1482 2281 erat.
1521 2247 1572 2280 Cf.
1592 2256 1622 2280 c.
1642 2248 1696 2280 72.
1732 2248 1937 2280 Monimenta
1960 2254 2069 2288 saepe

1198 2297 1362 2330 dicuntur
1407 2297 1565 2330 aedificia
1611 2296 1754 2340 publica
1799 2295 1945 2330 alicuius
1984 2304 2069 2329 cura

1196 2349 1385 2390 sumptuve
1411 2348 1577 2390 (maxime
1602 2356 1646 2379 ex
1662 2346 1850 2388 manubiis)
1876 2347 2067 2379 exstructa.

1199 2414 1235 2421 -
1269 2401 1398 2431 tantum
1426 2398 1676 2431 misericordiae
1700 2396 1876 2439 permovit]
1910 2396 2000 2429 Vide
2023 2395 2071 2429 ad

1197 2448 1228 2488 4,
1253 2448 1307 2480 24.
1336 2466 1372 2471 —
1410 2448 1663 2481 obscurissimae
1697 2447 1819 2490 domui]
1856 2445 1944 2480 Vide
1980 2446 2070 2480 infra

1195 2506 1227 2530 c.
1253 2497 1307 2531 48.
1327 2515 1363 2521 -
1389 2498 1516 2531 Rubelli
1537 2498 1670 2540 Blandi]
1695 2497 1746 2531 Cf.
1765 2506 1796 2530 c.
1815 2497 1870 2537 5⁴,
1894 2496 1956 2530 ubi
1981 2505 2069 2531 con-

1195 2546 1321 2581 sularis
1338 2547 1476 2581 dicitur.
1503 2549 1554 2581 De
1571 2548 1647 2581 eius
1664 2546 1848 2581 consulatu
1865 2545 1952 2579 Guil.
1971 2546 2067 2580 Hen-

1195 2607 1260 2631 zen
1294 2597 1340 2631 ad
1372 2599 1500 2632 Inscrr.
1537 2599 1625 2631 Latt.
1650 2597 1720 2631 vol.
1745 2598 1810 2638 111,
1845 2605 1881 2639 p.
1906 2594 1971 2629 496
2006 2595 2068 2638 (ex

1194 2647 1318 2682 litteris
1334 2657 1354 2681 a
1368 2648 1559 2690 Borghesio
1571 2647 1717 2689 missis):
1737 2645 1954 2680 «Rubellium
1968 2644 2068 2679 Blan-

1195 2698 1280 2731 dum
1311 2700 1391 2732 ante
1421 2707 1553 2731 annum
1576 2698 1640 2731 772
1665 2697 1779 2730 fasces
1803 2704 1875 2729 non
1897 2694 2064 2738 gessisse,

1194 2757 1214 2780 e
1248 2748 1344 2782 fastis
1377 2747 1574 2782 Antiatibus
1607 2755 1702 2780 nunc
1735 2747 1834 2789 patet
1867 2745 1923 2788 (n.
1947 2743 2063 2786 6442).

1194 2799 1284 2831 Cum
1307 2807 1392 2831 vero
1416 2799 1507 2831 inter
1530 2796 1734 2831 consulares
1758 2805 1790 2829 a.
1815 2794 1880 2828 774
1903 2803 1924 2827 a
1945 2793 2064 2828 Tacito

1193 2848 1413 2889 nominetur,
1446 2857 1538 2881 anno
1568 2849 1689 2880 autem
1720 2846 1784 2879 772
1815 2847 1852 2879 P.
1877 2844 2064 2879 Petronius

1192 2898 1300 2932 Balbo
1334 2898 1503 2932 suffectus
1537 2905 1621 2930 cum
1651 2895 1766 2930 Silano
1798 2893 1921 2928 consul
1945 2893 2061 2936 fuerit,

1191 2948 1350 2982 Rubellio
1389 2957 1452 2982 sex
1490 2948 1625 2980 tantum
1663 2954 1807 2979 menses
1845 2945 2063 2988 posteriores

1191 2999 1273 3032 anni
1304 2998 1366 3032 773
1397 2998 1552 3038 restant,
1585 2996 1715 3039 quibus
1738 3004 1822 3029 cum
1845 2995 1957 3028 Annio
1981 2993 2063 3027 Pol-

1190 3047 1283 3082 lione
1300 3046 1415 3082 iasc'es
1431 3047 1574 3090 gessit.»
1604 3047 1685 3080 Eius
1707 3047 1828 3088 pater,
1852 3046 1892 3078 ut
1906 3043 2059 3086 videtur,

1191 3100 1244 3132 est
1274 3099 1310 3132 in
1339 3106 1486 3132 nummo
1518 3095 1664 3139 (Eckhel
1693 3096 1735 3129 D.
1767 3096 1808 3128 N.
1833 3095 1866 3134 5,
1890 3094 1985 3136 295):
2022 3094 2058 3128 C.

1189 3149 1434 3182 RVBELLIVS.
1459 3146 1671 3180 BLANDVS.
1696 3146 1732 3179 S.
1757 3145 1792 3179 G.
1816 3144 1932 3178 IIIVIR
1954 3143 1993 3177 A.
2018 3143 2058 3178 A.

1188 3199 1227 3232 A.
1247 3199 1283 3232 F.
1301 3199 1338 3231 F.
1366 3197 1416 3232 Cf.
1436 3197 1468 3238 6,
1486 3197 1540 3230 27.
1559 3196 1613 3230 45.
1635 3212 1672 3219 —
1698 3193 1840 3236 Scauro]
1865 3194 2056 3228 Mamerco.

1190 3248 1241 3281 Cf.
1268 3248 1299 3290 4,
1319 3248 1371 3281 43.
1408 3247 1495 3281 Huic
1518 3245 1621 3288 igitur
1636 3246 1718 3288 post
1733 3243 1920 3288 repudium
1936 3253 1956 3277 a
1973 3244 2060 3284 Qui-

1189 3298 1277 3330 rinio
1301 3298 1451 3331 missum
1476 3296 1605 3339 Lepida
1629 3295 1809 3338 nupserat.
1831 3309 1866 3317 —
1893 3301 1986 3334 aqua
2006 3297 2058 3327 at-

1188 3356 1251 3388 que
1271 3349 1341 3390 iqni
1363 3345 1553 3388 arcebatur]
1579 3346 1630 3378 Ita
1651 3345 1757 3378 etiam
1782 3352 1814 3377 c.
1839 3341 1881 3377 50
1905 3351 1969 3386 pro
1992 3351 2056 3377 so-

1186 3397 1245 3430 lita
1279 3396 1429 3430 formula
1460 3403 1552 3438 aqua
1581 3398 1681 3436 atquo
1708 3394 1779 3437 iani
1801 3393 1996 3426 interdicere
2018 3402 2051 3428 c.

1185 3447 1227 3481 38
1251 3448 1287 3480 et
1309 3447 1363 3481 68.
1399 3445 1612 3491 imperfecto
1635 3444 1760 3486 utitur,
1793 3443 1875 3487 quia
1898 3442 2052 3479 verbum
