2254 3770
281 280 365 330 272
758 287 804 331 Ρ.
836 286 1086 331 CORNELII
1115 287 1286 332 TACITI
1315 288 1584 334 ANNALIUM

281 398 323 435 et
352 391 492 435 Trioni
523 391 668 437 dilatio
699 393 818 459 exitii,
844 395 1050 451 quaesita.
1095 394 1295 438 Haterius
1330 394 1507 439 invisior
1540 394 1636 446 fuit,
1676 395 1778 454 quia
1816 409 1967 440 somno
2002 402 2074 440 aut

278 466 517 512 libidinosis
546 468 699 526 vigiliis
729 469 946 514 marcidus
977 477 1019 514 et
1039 470 1095 515 ob
1126 470 1349 529 segnitiam
1370 471 1566 528 quamvis
1588 470 1808 516 crudelem
1836 471 2073 530 principem

278 557 362 587 non
394 551 587 588 metuens
618 544 866 589 inlustribus
887 546 988 590 viris
1018 546 1254 605 perniciem
1284 546 1395 590 inter
1425 560 1605 604 ganeam
1636 560 1686 592 ac
1716 554 1863 606 stupra
1893 546 2074 591 medita-

277 618 417 663 batur.

245 706 264 738 5
391 695 447 752 (5)
476 695 597 739 Exim
633 696 753 740 Cotta
791 695 1063 749 Messalinus,
1105 697 1384 742 saevissimae
1417 697 1627 756 cuiusque
1658 698 1893 742 sententiae
1923 703 2076 742 auctor

276 784 418 829 eoque
450 771 683 815 inveterata
714 771 888 824 invidia,
921 772 994 816 ubi
1024 773 1209 831 primum
1244 773 1421 818 facultas
1453 772 1570 825 data,
1612 775 1804 832 arguitur
1843 773 2072 832 pleraque:

276 845 424 890 Gaiam
462 846 694 890 Caesarem
732 847 856 905 quasi
895 851 1081 892 incertae
1118 848 1348 900 virilitatis,
1389 856 1431 893 et
1468 863 1564 893 cum
1600 848 1670 893 die
1700 849 1828 893 natali
1859 851 2074 907 Augustae

274 922 383 966 inter
408 922 656 967 sacerdotes
678 923 936 982 epularetur,
969 924 1269 969 novendialem
1290 939 1387 969 eam
1408 939 1559 970 cenam
1579 925 1760 979 dixisse3
1792 939 2072 984 querensque

274 997 329 1042 de
359 998 547 1056 potentia
579 998 639 1042 M’.
669 999 819 1057 Lepidi
850 1014 901 1044 ac
929 1001 974 1044 L.
1005 1000 1206 1050 Arruntii,
1246 1014 1344 1045 cum
1374 1000 1532 1062 quibus
1563 1001 1618 1045 ob
1649 1015 1741 1045 rem
1776 1001 2070 1060 pecuniariam

225 1081 262 1116 io
275 1073 551 1132 disceptabat,
588 1074 828 1120 addidisse:
875 1075 999 1120 «illos
1030 1076 1205 1134 quidem
1236 1083 1423 1129 senatus,
1455 1091 1525 1121 me
1555 1083 1698 1121 autem
1729 1077 1918 1121 tuebitur
1946 1077 2069 1122 Tibe-

273 1149 406 1194 riolus
441 1165 606 1195 meus.»
660 1165 773 1209 quae
813 1158 966 1197 cuncta
1003 1166 1028 1196 a
1065 1152 1324 1210 primoribus
1355 1152 1536 1197 civitatis
1575 1153 1890 1204 revincebatur,
1931 1153 2071 1211 iisque

272 1226 525 1270 instantibus
546 1226 599 1271 ad
624 1227 927 1285 imperatorem
946 1228 1206 1286 provocavit.
1252 1242 1333 1272 nec
1351 1227 1483 1271 multo
1504 1234 1603 1286 post
1622 1227 1787 1273 litterae
1808 1228 2069 1280 adferuntur,

272 1302 431 1360 quibus
471 1302 511 1346 in
547 1302 723 1347 modum
754 1302 1032 1355 defensionis,
1073 1304 1254 1362 repetito
1284 1304 1395 1348 inter
1424 1318 1472 1348 se
1503 1309 1632 1362 atque
1665 1304 1830 1349 Cottam
1860 1304 2071 1349 amicitiae

270 1378 482 1436 principio
513 1378 766 1437 crebrisque
797 1379 891 1423 eius
921 1379 1072 1424 officiis
1103 1381 1460 1431 commemoratis,
1493 1394 1547 1424 ne
1577 1380 1711 1424 verba
1739 1394 1873 1438 prave
1904 1379 2069 1424 detorta

221 1464 258 1495 45
272 1468 356 1498 neu
394 1453 679 1499 convivalium
719 1454 958 1499 fabularum
996 1455 1244 1514 simplicitas
1281 1456 1324 1500 in
1361 1456 1522 1501 crimen
1560 1455 1791 1500 duceretur
1828 1455 2069 1514 postulavit.

273 1532 326 1588 (6)
358 1531 523 1588 insigne
553 1531 694 1575 visum
723 1537 789 1575 est
820 1545 970 1575 earum
991 1532 1187 1576 Caesaris
1218 1532 1455 1577 litterarum
1485 1532 1672 1586 initium3
1703 1546 1801 1575 nam
1827 1530 1894 1576 his
1923 1531 2069 1576 verbis

271 1621 451 1651 exorsus
482 1613 567 1651 est:
603 1606 732 1665 «quid
763 1607 949 1651 scribam
979 1607 1112 1660 vobis,
1145 1614 1289 1667 patres
1320 1608 1563 1666 conscripti,
1595 1614 1667 1652 aut
1686 1622 1774 1667 quo
1803 1607 1933 1652 modo
1963 1607 2069 1652 scri-

269 1683 369 1728 bam
399 1689 472 1727 aut
500 1682 606 1741 quid
636 1683 809 1727 omnino
839 1697 925 1728 non
955 1683 1139 1729 scribam
1171 1683 1252 1729 hoc
1284 1690 1498 1742 tempore,
1540 1683 1583 1728 di
1616 1698 1686 1729 me
1717 1684 1915 1742 deaeque
1942 1683 2068 1742 peius

333 1850 365 1884 3.
388 1849 575 1892 permitiem
598 1858 653 1892 pr.
678 1850 730 1889 M;
752 1849 930 1891 pernitiem
953 1858 1046 1883 corr.
1064 1851 1097 1884 M
1123 1867 1159 1874 —
1185 1851 1217 1883 7.
1244 1850 1368 1883 Gaiam
1390 1850 1568 1883 Caesarem
1591 1850 1687 1891 quasi
1710 1850 1856 1883 incertae
1879 1849 2067 1883 Freinshe-

269 1908 378 1941 mius:
405 1908 440 1941 C.
465 1916 635 1940 caesarem
658 1908 754 1948 quasi
776 1907 905 1940 incerta
927 1908 979 1946 M;
1013 1907 1048 1941 C.
1074 1907 1248 1941 Caesarem
1271 1908 1368 1947 quasi
1389 1908 1533 1941 incestae
1555 1908 1762 1947 Rhenanus;
1792 1906 1915 1940 Gaiam
1937 1906 2062 1939 Caesa—

265 1974 338 1998 rem
359 1964 457 2007 quasi
477 1964 623 1997 incestae
644 1963 860 2006 Nipperdey.
888 1981 923 1986 —
955 1963 988 1997 8.
1014 1972 1217 2009 querensque
1239 1965 1272 1998 M
1303 1982 1339 1987 —
1371 1964 1403 1997 9.
1429 1965 1488 1997 Μ’.
1514 1964 1671 2006 Lipsius:
1698 1965 1746 1997 M.
1772 1963 1806 1996 M
1831 1980 1868 1986 -
1893 1963 1946 1996 44.
1973 1971 2065 2004 quae

265 2025 385 2055 cuncta
406 2021 477 2054 lac.
504 2020 715 2053 Gronovius:
741 2029 845 2060 neque
866 2023 986 2053 cuncta
1008 2021 1058 2059 M;
1083 2029 1188 2061 neque
1209 2023 1384 2053 cunctatus
1398 2019 1609 2059 Beroaldus;
1634 2028 1741 2061 eaque
1755 2023 1874 2052 cuncta
1888 2019 2058 2053 Pichena.

268 2097 305 2102 —
330 2076 543 2111 evincebatur
564 2075 834 2110 Weissenborn.
863 2095 899 2101 —
930 2076 983 2110 43.
1009 2077 1160 2110 amicitia
1181 2077 1215 2111 M
1240 2094 1275 2100 —
1309 2077 1362 2109 47.
1388 2077 1422 2110 Ρ.
1448 2077 1484 2110 C.
1510 2078 1541 2110 M
1569 2094 1605 2100 —
1643 2085 1708 2117 qno
1729 2076 1827 2109 modo
1849 2075 2058 2109 Suetonius:

265 2135 399 2177 quando
423 2134 455 2168 M
480 2151 516 2156 —
545 2132 597 2166 48.
623 2133 745 2166 dimide
766 2141 895 2174 aequae
916 2133 961 2167 M.

267 2311 303 2318 —-
328 2290 453 2334 somno]
478 2290 612 2325 desidia
635 2291 743 2333 atque
766 2291 909 2332 inertia,
935 2292 974 2324 ut
996 2291 1084 2325 Hist.
1102 2291 1135 2332 2,

264 2342 323 2377 90:
349 2351 463 2376 somno
485 2345 516 2375 et
537 2342 623 2375 luxu
642 2342 815 2383 pudendus
836 2341 975 2375 incessit.

306 2393 339 2427 ὅ.
365 2393 462 2427 Cotta
475 2392 684 2433 Messalinus]
710 2391 760 2425 Cf.
780 2392 812 2432 ὅ,
830 2391 870 2425 3:
889 2391 1137 2433 promptissimo

263 2444 358 2477 Cotta
372 2442 550 2476 Messalino
572 2451 648 2475 cum
670 2442 778 2475 atroci
790 2442 960 2475 sententia.
985 2441 1075 2475 Vide
1091 2441 1137 2475 ad

262 2495 302 2534 2,
328 2493 380 2527 32.
410 2511 446 2517 —
467 2492 638 2535 pleraque]
665 2491 859 2534 «permulta
884 2493 920 2525 et
941 2493 1072 2525 varia.»
1097 2509 1133 2515 —

263 2544 387 2578 Gaiam
410 2543 587 2577 Caesarem
601 2560 650 2566 -—
666 2542 801 2583 dimisse]
825 2542 925 2576 Cotta
950 2543 988 2576 C.
1008 2543 1137 2576 Caesa-

261 2603 341 2629 rem
364 2594 488 2628 Gaiam
507 2592 706 2636 appellasse
723 2592 880 2633 videtur,
905 2594 944 2626 ut
967 2593 1043 2626 eius
1065 2593 1135 2626 im-

261 2644 467 2688 pudicitiam
492 2643 534 2684 (c.
560 2643 590 2685 9)
623 2644 761 2676 notaret
790 2644 896 2685 atque
921 2651 1005 2675 eum
1028 2643 1134 2676 etiam

261 2693 449 2729 muliebria
470 2701 617 2736 passum
633 2701 713 2726 esse
729 2692 953 2734 significaret.
980 2692 1031 2726 Cf.
1050 2693 1135 2726 Sue-

260 2746 333 2779 ton.
359 2742 465 2785 Calig.
492 2743 552 2776 36:
584 2743 768 2784 pudicitiae
796 2751 902 2785 neque
927 2752 1008 2776 suae
1029 2752 1135 2786 neque

260 2794 390 2828 alienae
407 2792 563 2834 pepercit.
589 2791 765 2831 Similiter,
783 2791 848 2825 sed
864 2790 910 2824 ob
927 2790 1031 2825 aliam
1048 2801 1134 2825 cau-

260 2853 355 2884 sam,
388 2841 483 2886 apud
511 2842 721 2875 Ciceronem
745 2841 789 2874 de
813 2842 958 2874 Oratore
981 2842 1002 2875 2
1025 2841 1045 2884 S
1068 2842 1132 2876 277

262 2896 301 2935 Q.
320 2894 477 2937 Opimius
499 2891 647 2934 Egilium
670 2892 816 2934 Egiliam
839 2893 987 2926 vocavit.
1012 2910 1047 2916 —
1076 2893 1132 2925 in-

259 2948 369 2978 certae
389 2942 571 2984 virilitatis]
596 2943 726 2984 quippe
743 2943 803 2984 qui
819 2942 927 2976 modo
942 2943 1007 2976 viri
1022 2942 1130 2976 modo

259 2995 412 3028 feminae
434 2994 556 3037 partes
578 2993 712 3034 ageret.
741 2992 795 3025 Ad
818 2992 930 3025 verba
954 2992 997 3026 cf.
1017 3002 1048 3027 c.
1066 2993 1126 3027 3⁴:

258 3045 368 3079 Abdus
397 3045 570 3086 ademptae
598 3041 779 3075 virilitatis.
816 3043 952 3076 Seneca
976 3042 1020 3076 de
1044 3052 1131 3086 pro-

259 3095 330 3129 vid.
356 3095 394 3136 3,
422 3094 483 3127 ⁴3:
515 3091 662 3126 exoletus
692 3092 806 3124 omnia
833 3093 907 3134 pati
932 3093 1046 3125 doctus
1066 3102 1130 3127 ea:-

258 3148 365 3178 sectae
384 3144 556 3177 virilitatis
577 3145 637 3176 aut
658 3140 787 3174 dubiae.
808 3158 843 3164 -—
870 3142 922 3175 die
939 3142 1050 3175 natali
1063 3142 1130 3176 Aa·

258 3193 391 3236 gastae]
426 3203 471 3227 iv.
504 3191 577 3226 Kal.
614 3189 797 3225 Octobres.
837 3191 915 3224 Vid.
952 3193 1127 3225 Letronne

258 3243 400 3277 Recueil
434 3243 499 3276 des
526 3241 753 3284 inscriptions
786 3239 856 3273 vol.
882 3241 913 3281 Ι,
944 3250 980 3284 p.
1005 3241 1059 3275 85.
1088 3261 1123 3266 —

257 3291 667 3332 novendialem-cenam]
703 3298 794 3332 quae
827 3298 922 3323 nono
952 3291 1009 3324 die
1047 3292 1127 3334 post

258 3342 432 3376 celebrari
454 3341 610 3383 solebat,
635 3349 745 3384 quam
767 3339 905 3373 cineres
921 3340 1075 3374 defuncti
1091 3342 1125 3374 in

258 3391 463 3436 sepulcrum
495 3390 580 3425 illati
613 3390 762 3424 fuerant.
805 3389 881 3430 Quo
915 3398 1023 3423 sensu
1056 3390 1125 3423 hoc

258 3441 386 3476 dixerit
408 3441 527 3484 Cotta,
551 3439 758 3483 ambignum
783 3437 892 3474 credo
907 3439 990 3482 quia
1004 3440 1125 3482 Augu-

1189 2292 1263 2325 stae
1293 2291 1371 2324 dies
1401 2289 1544 2331 natalis,
1576 2290 1652 2324 eius
1677 2298 1768 2332 quae
1793 2288 1973 2334 Tiberium
1994 2297 2061 2332 pe-

1187 2341 1339 2384 pererit,
1363 2339 1476 2374 fatalis
1501 2341 1537 2373 et
1559 2340 1728 2373 exitiosus
1750 2339 1802 2372 rei
1825 2348 1860 2383 p.
1882 2339 2060 2373 Romanae

1187 2392 1291 2424 fuerit
1314 2392 1350 2424 et
1372 2391 1548 2424 maestitia
1569 2390 1703 2423 maiore
1720 2398 1828 2432 quam
1850 2388 1982 2423 laetitia
1997 2388 2060 2423 ob-

1187 2440 1338 2475 eundus.
1363 2442 1471 2474 Domi.
1504 2439 1594 2474 Audi
1610 2441 1731 2473 tamen
1747 2440 1856 2473 etiam
1871 2439 2055 2482 Ritterum,

1186 2492 1287 2524 cuius
1309 2491 1523 2525 seutentiam
1546 2489 1732 2533 amplexus
1758 2491 1813 2524 est
1834 2489 2056 2533 Nipperdey:

1187 2541 1310 2574 «Cotta
1339 2542 1394 2575 his
1415 2540 1538 2575 verbis
1568 2540 1752 2583 professus
1777 2541 1854 2574 erat
1875 2548 1915 2574 se
1938 2541 2059 2583 Augu-

1185 2592 1277 2625 stam
1312 2600 1377 2634 pro
1411 2592 1491 2624 diva
1519 2600 1591 2624 non
1624 2589 1758 2623 habere
1792 2590 1834 2631 (ὅ,
1859 2590 1910 2632 2),
1946 2590 2057 2624 immo

1185 2642 1260 2675 eius
1284 2642 1494 2675 memoriam
1518 2650 1588 2674 non
1611 2639 1687 2673 aliis
1712 2638 1886 2674 celebrari
1910 2639 2056 2673 honori-

1183 2691 1267 2733 bus,
1294 2700 1402 2733 quam
1426 2691 1486 2733 qui
1510 2691 1638 2724 ceteris
1666 2689 1870 2724 hominibus
1892 2689 2056 2725 tribuan-

1182 2743 1252 2774 tur.
1277 2741 1328 2774 Cf.
1349 2741 1401 2782 46,
1420 2741 1483 2774 22:
1508 2741 1651 2774 eiusdem
1673 2740 1778 2773 animi
1799 2742 1846 2772 est
1865 2740 2055 2782 Poppaeam

1182 2791 1296 2825 divam
1316 2801 1383 2824 non
1404 2791 1555 2831 credere,
1581 2791 1674 2824 caius
1687 2790 1722 2823 in
1739 2793 1817 2822 acta
1831 2790 1902 2822 divi
1914 2790 2055 2833 Auqusti

1182 2844 1213 2874 et
1235 2840 1305 2874 divi
1325 2841 1403 2874 Iulii
1423 2850 1490 2873 non
1512 2841 1663 2873 iurare.»
1684 2858 1718 2862 —
1743 2839 1803 2873 Μ’.
1821 2840 1946 2882 Lepidi]
1962 2839 2052 2874 Vide

1181 2890 1228 2923 ad
1251 2891 1283 2932 3,
1309 2891 1363 2924 35.
1390 2908 1425 2913 -
1458 2891 1496 2923 L.
1521 2888 1690 2931 Arruntii]
1723 2888 1774 2922 Cf.
1801 2890 1832 2931 4,
1859 2890 1911 2923 43.
1938 2889 1970 2931 3,
1995 2891 2050 2924 44.

1181 2941 1235 2981 44,
1261 2941 1280 2973 6
1304 2949 1359 2983 sq.
1384 2957 1420 2964 —
1454 2940 1703 2980 revincebatur]
1738 2939 1813 2972 Hoc
1842 2939 1954 2973 verbo
1984 2949 2051 2983 pro

1178 2990 1360 3024 usitatiore
1382 2990 1576 3023 convincere
1598 2989 1706 3022 utitur
1729 2989 1800 3022 iam
1816 2989 1999 3023 Lucretius
2014 2989 2048 3032 4,

1178 3039 1242 3074 489
1266 3041 1302 3073 et
1325 3040 1448 3074 Cicero
1471 3048 1535 3082 pro
1558 3039 1664 3073 Arch.
1690 3047 1722 3072 c.
1747 3039 1780 3079 6,
1810 3047 1852 3072 ac
1874 3040 2050 3082 posterio-

1178 3098 1238 3123 res
1262 3099 1422 3133 quoque;
1448 3090 1499 3123 sic
1522 3090 1558 3122 in
1579 3088 1751 3122 mendacio
1765 3088 1933 3122 revincere
1955 3089 2008 3122 Fr.
2027 3088 2047 3122 3

1178 3140 1198 3183 5
1224 3141 1264 3173 45
1298 3140 1343 3173 de
1379 3148 1475 3183 susp.
1507 3140 1569 3174 tut.
1596 3139 1651 3180 26,
1677 3138 1730 3172 40.
1767 3154 1803 3162 —
1838 3138 2046 3183 fabularum]

1178 3190 1517 3231 confabulationum,
1543 3197 1761 3223 sermonum.
1782 3206 1818 3212 —
1843 3189 2046 3233 simplicitas]

1177 3250 1260 3274 cum
1283 3242 1319 3274 in
1343 3241 1509 3274 conviviis
1526 3241 1632 3273 etiam
1648 3238 1831 3272 liberiores
1846 3239 1912 3272 ioci
1927 3237 2045 3273 locum

1175 3289 1346 3330 habeant,
1373 3299 1441 3324 nec
1462 3290 1651 3333 quisquam
1667 3290 1781 3322 tectus
1798 3290 1905 3330 atque
1921 3290 2047 3323 cautus

1176 3349 1257 3374 esse
1279 3339 1379 3377 velit:
1417 3340 1647 3383 Arqlosiqkeit.
1676 3354 1712 3362 —
1743 3339 1778 3372 in
1799 3339 1924 3372 crimen
1945 3340 2046 3373 duco-

1173 3390 1279 3433 retur]
1303 3390 1353 3424 Cf.
1372 3388 1509 3424 Sallust.
1527 3391 1599 3432 lug.
1618 3388 1679 3423 85:
1704 3397 1746 3422 ne
1761 3388 1836 3432 quis
1849 3389 2044 3423 modestiam

1172 3441 1210 3474 in
1231 3440 1464 3475 conscientiam
1486 3440 1629 3474 duceret.

2246 2878 2254 3111 -‘—-.*..„
2252 2831 2254 2862 -.
2252 2790 2254 2809 ,Λ
2252 2758 2254 2767 -
2252 2719 2254 2723 λ
