2254 3770
226 254 310 299 204-
707 260 752 303 Ρ.
785 257 1037 303 CORNELII
1065 258 1236 302 TACITI
1264 256 1533 302 ANNALIUM

344 516 388 560 C.
420 515 564 558 Asinio
597 515 640 559 C.
672 513 850 558 Antistio
881 512 967 558 cos.
1005 528 1143 558 nonus
1174 513 1342 558 Tiberio
1378 527 1515 557 annus
1546 520 1638 558 erat
1667 515 1930 574 compositae
1960 515 2025 560 rei

230 590 440 649 publicae.
473 589 663 634 florentis
684 589 838 633 domus
860 591 971 647 (nam
992 589 1231 634 Germanici
1254 595 1435 633 mortem
1455 589 1564 633 inter
1581 604 1791 649 prospera
1811 590 2024 648 ducebat),

231 680 330 710 cum
360 673 537 724 repente
567 665 740 709 turbare
771 665 939 708 fortuna
969 665 1128 723 coepit,
1164 665 1332 709 saevire
1362 665 1456 723 ipse
1486 671 1559 709 aut
1588 665 1879 710 saevientibus
1909 666 2025 710 vires

230 741 456 799 praebere.
502 741 664 784 initium
695 747 738 784 et
767 754 899 784 causa
927 755 1062 799 penes
1089 739 1255 784 Aelium
1276 740 1489 791 Seianum,
1522 739 1769 785 cohortibus
1799 741 2026 800 praetoriis

197 817 512 876 spraefectum,
553 816 675 859 cuius
706 816 760 860 de
791 817 979 874 potentia
1009 830 1139 874 supra
1169 817 1427 859 memoravi:
1468 830 1582 864 nunc
1611 816 1836 874 originem,
1868 830 2026 868 mores,

232 899 274 936 et
303 906 390 950 quo
421 891 607 935 facinore
638 892 970 936 dominationem
1002 899 1168 950 raptum
1201 891 1315 942 ierit,
1348 891 1586 949 expediam.
1631 892 1798 950 genitus
1827 892 2028 938 Vulsiniis

230 974 352 1025 patre
383 967 482 1011 Seio
504 966 725 1018 Strabone,
757 969 902 1026 equite
925 969 1125 1018 Romano,
1159 974 1201 1010 et
1229 967 1366 1024 prima
1397 967 1569 1011 iuventa
1599 968 1643 1012 C.
1667 968 1910 1019 Caesarem,
1942 967 2028 1012 divi

231 1042 408 1099 Augusti
450 1050 668 1100 nepotem,
711 1050 915 1094 sectatus,
957 1057 1042 1087 non
1079 1043 1170 1086 sine
1202 1056 1375 1087 rumore
1405 1042 1572 1100 Apicio,
1611 1042 1729 1086 diviti
1759 1049 1802 1087 et
1830 1042 2026 1102 prodigo,

231 1125 427 1176 stuprum
457 1132 566 1162 veno
597 1118 790 1170 dedisse,
833 1133 934 1162 mox
971 1118 1188 1162 Tiberium
1223 1118 1353 1161 variis
1390 1118 1552 1162 artibus
1589 1118 1792 1170 devinxit,
1837 1118 1947 1163 adeo
1985 1124 2031 1163 ut

181 1209 218 1239 io
233 1193 463 1242 obscurum
495 1194 726 1238 adversum
755 1194 861 1238 alios
892 1194 974 1238 sibi
1011 1195 1083 1237 uni
1126 1194 1341 1238 incautum
1377 1194 1668 1252 intectumque
1699 1193 1905 1245 efficeret,
1945 1207 2031 1238 non

231 1275 319 1312 tam
356 1269 544 1313 sollertia
585 1270 759 1329 (quippe
798 1270 937 1314 isdem
964 1269 1138 1319 ⁴artibus
1174 1270 1313 1313 victus
1344 1269 1420 1324 est)
1453 1283 1583 1328 quam
1613 1268 1743 1313 deum
1773 1269 1838 1313 ira
1866 1269 1910 1312 in
1939 1283 2031 1314 rem

232 1347 476 1396 Romanam,
506 1345 629 1390 cuius
650 1346 741 1404 pari
763 1346 891 1390 exitio
910 1346 1043 1404 viguit
1063 1345 1319 1403 ceciditque.
1351 1358 1509 1402 corpus
1533 1343 1591 1387 illi
1611 1343 1807 1388 laborum
1829 1343 2028 1398 tolerans,

233 1421 400 1465 animus
437 1420 597 1475 audax3
635 1422 700 1465 sui
736 1421 963 1480 obtegens,
1001 1422 1043 1464 in
1079 1421 1184 1464 alios
1216 1420 1480 1473 criminator3
1523 1420 1638 1464 iuxta
1669 1419 1856 1464 adulatio
1888 1426 1931 1465 et
1961 1435 2034 1465 su-

301 1543 332 1575 4.
356 1542 412 1576 ΑΒ
435 1542 630 1575 EXCESSV
649 1543 743 1575 DIVI
761 1541 982 1582 AVGVSTI.))
996 1543 1035 1576 G.
1061 1544 1156 1576 asino
1178 1543 1213 1576 M
1231 1560 1267 1565 —
1293 1541 1325 1575 4.
1347 1551 1430 1583 pene
1450 1541 1590 1575 saelium
1606 1542 1639 1575 M
1653 1559 1697 1565 —
1713 1541 1744 1574 6.
1761 1541 1840 1575 ierit
1854 1541 2032 1575 Pichena:

231 1600 320 1641 perit
341 1600 391 1639 Μς
418 1600 607 1640 captaverit
631 1608 773 1641 margo;
798 1600 896 1633 iverit
919 1600 1046 1632 Haase.
1075 1618 1110 1623 —
1136 1599 1168 1632 8.
1193 1599 1315 1641 uulqus
1338 1598 1419 1630 sinis
1441 1599 1476 1632 M
1499 1598 1668 1639 (Vulsiniis
1689 1597 1837 1639 margo).

278 1700 310 1733 4.
337 1700 372 1733 C.
396 1699 521 1742 Asinio]
547 1698 632 1733 Plin.
658 1699 699 1732 33
723 1699 742 1742 S
763 1700 821 1733 32:
851 1699 956 1733 Tiberi
979 1701 1109 1733 demum
1160 1699 1266 1732 animi
1296 1707 1456 1741 compage
1478 1698 1647 1739 corporis,
1679 1698 1885 1740 sinyularem
1905 1697 2037 1739 princi-

227 1751 442 1793 principatus
462 1759 549 1782 nono
572 1759 661 1782 anno
681 1750 715 1782 in
730 1751 893 1783 unitatem
906 1751 995 1783 venit
1009 1759 1108 1793 eque-

233 1805 300 1834 ster
322 1802 403 1834 ordo
426 1801 671 1842 anulorumque
693 1802 888 1834 auctoritati
908 1802 1020 1843 forma
1034 1810 1110 1834 con-

233 1854 351 1885 stituta
373 1855 420 1886 est
443 1853 478 1886 C.
495 1852 608 1885 Asinio
629 1853 773 1886 Pollione
789 1852 823 1886 C.
841 1853 980 1885 Antistio
1000 1853 1108 1885 Vetere

234 1904 315 1937 coss.
347 1912 435 1936 anno
463 1903 556 1936 urbis
578 1904 731 1936 conditae
751 1904 952 1937 DCCLXXV
972 1903 1026 1945 (ex
1049 1912 1109 1935 ra-

233 1955 328 1987 tione
352 1954 524 1987 fastorum
549 1953 848 1996 Capitolinorum).
880 1955 930 1987 De
953 1954 1108 1986 Antistiis

233 2013 268 2037 v.
287 2003 407 2037 Vellei.
427 2004 464 2044 2,
483 2004 537 2037 43.
559 2021 595 2027 --
622 2004 737 2047 nonus]
761 2006 908 2045 quartus
930 2006 1013 2037 noni
1027 2005 1109 2036 anni

235 2056 370 2088 mensis
387 2054 468 2087 inde
486 2055 638 2089 amorte
654 2055 798 2096 Augusti
814 2055 900 2088 XIV.
920 2054 991 2087 Kal.
1011 2055 1107 2097 Sept.

234 2113 267 2138 a.
286 2105 361 2137 767.
388 2105 542 2137 szmsu.
558 2111 598 2127 ’-
622 2104 751 2138 Aelium
773 2105 942 2148 Seianum]
967 2107 1108 2139 Patrem

235 2154 360 2188 habuit
389 2155 509 2187 Seium
532 2154 744 2188 Strabonem
769 2156 812 2196 (4,
837 2156 856 2188 7
881 2157 917 2188 et
939 2156 1012 2197 24),
1045 2156 1127 2198 sed¹

235 2206 271 2238 in
303 2205 533 2247 adoptionem
563 2205 665 2239 datus
696 2204 798 2238 alicui
822 2215 865 2239 ex
887 2206 993 2240 Aeliis
1018 2206 1108 2248 (vide

236 2255 282 2288 ad
299 2257 331 2295 5,
350 2256 380 2296 8)
406 2255 521 2288 dictus
545 2256 679 2288 mutato
703 2256 922 2298 inflexoque,
948 2259 987 2289 ut
1006 2256 1108 2297 solet,

235 2307 345 2349 patris
375 2307 516 2339 nomine
547 2308 581 2339 L.
608 2306 726 2340 Aelius
755 2308 914 2341 Seianus.
951 2308 990 2341 Id
1014 2309 1110 2341 enim

236 2366 455 2399 praenomen
488 2356 533 2389 illi
564 2357 627 2389 Dio
652 2357 712 2390 dat
734 2359 788 2398 57,
815 2358 855 2391 49
880 2360 914 2391 et
937 2359 970 2391 in
995 2360 1109 2392 antica

235 2408 335 2449 parte
359 2407 495 2439 nummi
520 2408 592 2439 est:
621 2408 669 2439 TI.
696 2407 868 2441 CAESAR.
890 2409 992 2442 DIVI.
1010 2410 1109 2453 AVG.

236 2458 273 2491 F.
298 2457 537 2495 AVGVSTVS;
563 2458 598 2489 in
623 2467 766 2491 aversa:
792 2458 996 2492 AVGVSTA.
1021 2461 1111 2492 BIL-

236 2507 357 2540 BILIS.
385 2506 433 2538 TI.
452 2506 654 2540 CAESARE.
677 2508 711 2540 V.
733 2509 905 2549 (quintum
930 2518 1003 2542 cos.
1023 2518 1055 2542 a.
1074 2519 1108 2542 u.

238 2566 269 2590 c.
299 2557 381 2598 784)
418 2558 453 2589 L.
478 2558 617 2590 AELIO.
650 2558 818 2591 SEIANO.
853 2577 888 2582 —
927 2560 1113 2593 cohortibus

232 2607 415 2648 praetoriis
431 2607 650 2649 praefectum]
674 2610 774 2641 Anno
798 2618 832 2641 u.
853 2610 915 2642 767
933 2611 1022 2652 patri
1046 2619 1111 2643 suo

238 2659 272 2691 in
297 2657 518 2700 praefectura
537 2657 669 2700 collega
687 2659 789 2692 datus
807 2661 861 2693 est
878 2661 920 2701 (4,
940 2660 993 2694 24.
1014 2661 1045 2700 6,
1064 2662 1110 2702 8),

238 2709 303 2742 sed
327 2708 383 2741 illo
409 2710 558 2751 Aegypti
589 2709 884 2745 administrationi
912 2713 1113 2753 praeposito

239 2759 336 2793 solus
360 2759 526 2792 cohortes
549 2761 746 2801 praetorias
770 2762 878 2793 rexit:
903 2762 968 2794 Dio
984 2763 1037 2802 57,
1058 2762 1110 2795 49.

242 2829 277 2834 -
304 2819 410 2851 supra
430 2810 623 2852 memoravi]
651 2811 702 2844 Cf.
730 2813 760 2851 4,
787 2812 840 2845 24.
860 2812 912 2844 69.
932 2812 964 2853 3,
983 2812 1036 2845 29.
1056 2813 1111 2845 35.

239 2861 293 2893 72.
334 2878 369 2883 -
411 2868 474 2900 quo
510 2860 670 2902 facinore]
715 2870 803 2894 nece
842 2863 963 2902 Drusi,
1005 2871 1112 2903 quem

237 2920 377 2944 veneno
407 2910 556 2943 sustulit.
592 2912 677 2943 Lips.
708 2930 743 2935 —-
776 2916 913 2953 raptum
935 2913 1025 2954 ierit]
1060 2911 1110 2945 Cf.

239 2962 327 2995 Hist.
352 2962 391 3000 2,
425 2960 463 2992 6:
503 2961 658 2993 Othonem
691 2971 744 2994 res
777 2963 945 2995 Romanas
978 2966 1114 3002 raptum

238 3012 288 3043 ire
310 3011 484 3053 vulgatum
505 3014 563 3042 est.
593 3028 627 3033 -
659 3012 821 3054 Vulsiniis]
855 3012 984 3054 oppido
1009 3013 1114 3045 Etru-

239 3062 332 3099 riae.
360 3051 465 3094 hodie
487 3061 639 3094 Bolsena.
668 3079 704 3084 -—
731 3063 837 3102 equite
860 3064 1007 3095 Romano
1031 3063 1111 3105 cet.]

241 3112 291 3145 Cf.
317 3111 437 3144 Vellei.
462 3113 503 3151 2,
531 3112 611 3144 427:
651 3112 695 3144 Ti.
723 3112 846 3144 Caesar
869 3114 1028 3146 Seianum
1050 3113 1114 3146 Ae-

239 3164 338 3203 lium,
361 3164 513 3204 principe
535 3163 695 3203 equestris
718 3163 844 3195 ordinis
861 3168 961 3204 patre
983 3167 1112 3203 natum,

239 3218 389 3246 materno
410 3223 488 3246 vero
511 3222 628 3255 genere
651 3213 759 3254 (lunio
784 3213 816 3253 3,
842 3213 894 3246 35.
918 3215 970 3254 72)
994 3215 1115 3246 claris-

239 3266 341 3296 simas
373 3267 561 3304 veteresque
591 3267 621 3295 et
649 3263 788 3304 insignis
816 3263 992 3295 honoribus
1023 3273 1114 3296 com-

238 3313 376 3353 plexum
397 3314 563 3355 familias,
588 3312 757 3345 habentem
779 3313 965 3344 consularis
978 3313 1112 3353 fratres,

240 3363 470 3402 consobrinos,
504 3364 724 3403 avunculum,
756 3364 864 3403 ipsum
889 3372 968 3394 vero
991 3363 1116 3395 laboris

242 3422 285 3445 ac
304 3414 382 3455 fidei
402 3414 671 3456 capacissimum,
696 3413 873 3455 sufficiente
888 3412 988 3445 etiam
1003 3412 1115 3455 viqori

1156 1752 1288 1792 paliwm
1321 1758 1458 1791 operum
1491 1749 1679 1782 adiutorem
1711 1749 1747 1781 in
1777 1749 1892 1782 omnia
1921 1748 2038 1781 habuit

1160 1804 1261 1840 atque
1293 1799 1406 1840 habet,
1449 1800 1562 1831 virum
1606 1798 1792 1832 severitatis
1825 1799 2035 1840 laetissimae,

1158 1851 1339 1884 hilaritatis
1371 1851 1524 1891 priscae,
1561 1853 1640 1883 actu
1672 1850 1784 1883 otiosis
1816 1850 2034 1890 simillimum,

1159 1902 1241 1934 nihil
1262 1901 1323 1934 sibi
1344 1902 1569 1934 vindicantem
1590 1910 1693 1942 eoque
1715 1901 1945 1942 adsequenlem
1964 1909 2038 1933 om-

1158 1953 1235 1993 nia,
1268 1961 1459 1992 semperque
1486 1952 1579 1993 infra
1618 1952 1765 1984 aliorum
1794 1951 2039 1984 aestimationes

1159 2012 1192 2035 se
1212 2003 1414 2043 metientem,
1438 2002 1534 2034 vultu
1547 2002 1682 2044 vitaque
1702 2002 1935 2043 tranquillum,
1959 2001 2039 2034 ani-

1158 2062 1212 2086 mo
1234 2062 1434 2086 exsomnem.
1463 2070 1499 2076 —
1526 2052 1560 2086 C.
1588 2052 1777 2095 Caesarem]
1804 2052 1855 2086 Cf.
1882 2053 1914 2093 4,
1938 2052 1971 2085 3.
1997 2069 2034 2075 -

1157 2104 1291 2146 Apicio,
1317 2103 1411 2135 diviti
1433 2106 1464 2136 et
1481 2102 1634 2144 prodigo]
1661 2103 1724 2136 Dio
1747 2103 1802 2142 57,
1829 2103 1889 2135 ⁴9:
1915 2102 2036 2146 Σηϊα-

1159 2152 1228 2196 νός
1241 2179 1250 2195 ,
1285 2151 1442 2188 παιδικά
1470 2162 1562 2186 ποτε
1585 2150 1745 2200 Μάρκου
1769 2152 1915 2193 Γαβίου
1934 2149 2039 2186 Ἀπι-

1159 2206 1246 2238 κίου
1263 2201 1482 2249 γενόμενος,
1503 2199 1671 2236 Ἀπικίου
1688 2203 1849 2243 ἐκείνου,
1877 2199 1922 2244 ὃς
1941 2200 2039 2236 πάν-

1160 2265 1229 2296 τας
1251 2251 1485 2301 ἀνθρώπους
1507 2249 1657 2298 ἀσωτίᾳ
1687 2249 1945 2300 ὑπερεβάλετο
1969 2248 2039 2286 οὕ-

1160 2317 1235 2348 τως
1258 2301 1377 2346 ὥστε,
1406 2302 1535 2348 ἐπειδὴ
1564 2305 1706 2347 μαθεῖν
1733 2304 1825 2338 ποτὲ
1848 2301 2038 2347 ἐθελήσας

1163 2354 1241 2392 ὅσα
1270 2367 1311 2390 τε
1342 2353 1417 2400 ἤδη
1440 2353 1702 2389 καταναλώκει
1725 2355 1791 2389 καὶ
1814 2350 1892 2388 ὅσα
1915 2351 1964 2388 ἔτ’
1986 2351 2041 2388 εἶ-

1162 2419 1249 2449 χεν,
1280 2404 1379 2452 ἔγνω
1411 2402 1471 2440 ὅτι
1493 2405 1690 2440 διακόσιαι
1712 2407 1778 2440 καὶ.
1801 2402 2040 2449 πεντήκοντα
2097 2409 2101 2412 ’

1162 2456 1266 2503 αὐτῷ
1297 2456 1478 2505 μυριάδες
1510 2454 1567 2490 ἔτι
1590 2459 1769 2504 περιεῖεν,
1799 2454 1976 2500 ἐλυπήθη
1998 2465 2040 2489 τε

1163 2506 1215 2551 ὦς
1237 2510 1303 2542 καὶ
1326 2506 1423 2552 λιμῷ
1445 2505 1687 2551 τελευτήσειν
1701 2505 1852 2550 μέλλων
1866 2507 1932 2539 καὶ
1948 2505 2041 2540 ἑαυ-

1162 2557 1230 2593 τὸν
1252 2558 1477 2606 διέφθειρεν.
1504 2559 1640 2591 Seneca
1657 2556 1798 2591 Consol.
1817 2556 1863 2589 ad
1879 2555 2040 2589 Helviam

1165 2612 1224 2643 4οε
1253 2612 1387 2651 Apicius
1408 2613 1525 2642 nostra
1546 2610 1709 2642 memoria
1729 2609 1836 2648 viceil,
1862 2607 1920 2650 qui
1941 2607 1977 2639 in
1999 2616 2040 2640 ea

1163 2661 1262 2700 urbe,
1293 2669 1337 2693 ex
1359 2669 1427 2701 qua
1449 2660 1631 2700 aliquando
1654 2658 1837 2699 philosophi
1859 2659 1898 2689 ut
1918 2665 2040 2689 corm-

1160 2714 1272 2752 ptores
1303 2711 1483 2742 iuventutis
1515 2709 1608 2742 abire
1637 2709 1717 2740 iussi
1738 2711 1832 2748 sunt,
1867 2707 2040 2739 scientiam

1160 2761 1304 2802 popinae
1314 2761 1483 2801 professus
1497 2759 1674 2800 disciplina
1684 2767 1747 2790 sua
1758 2757 1904 2790 seculum
1914 2757 2037 2798 infecit.

1165 2810 1294 2844 Plinius
1312 2810 1352 2842 40
1377 2810 1397 2851 g
1414 2809 1495 2842 433:
1513 2808 1756 2849 Phoenicopteri
1771 2808 1924 2848 linquam
1936 2815 2042 2848 prae·

1162 2861 1252 2901 cipui
1284 2861 1414 2901 saporis
1446 2868 1512 2891 esse
1543 2859 1678 2899 Apicius
1711 2857 1844 2896 docuit,
1880 2860 2038 2898 nepotum

1164 2911 1310 2943 omnium
1339 2910 1517 2942 altissimus
1546 2917 1679 2950 yur-908.
1708 2925 1743 2930 —
1779 2907 1882 2939 isdem
1912 2906 2042 2940 artibus

1163 2959 1283 3001 victus]
1313 2960 1391 2993 Pari
1414 2959 1558 2997 astutia,
1592 2966 1661 2999 qua
1685 2955 1864 2989 Tiberium
1889 2956 1957 2989 sibi
1980 2957 2041 2989 uni

1165 3012 1346 3043 incautum
1378 3010 1620 3049 intectumque
1650 3007 1835 3045 effecerat,
1868 3015 1952 3039 eum
1974 3015 2042 3048 po-

1165 3064 1240 3095 stea
1273 3061 1414 3102 decepit
1443 3059 1691 3101 oppressitque
1720 3056 1881 3090 Tiberius
1904 3065 1936 3089 a.
1962 3056 2039 3090 784.

1166 3112 1218 3145 Cf.
1246 3113 1308 3144 Dio
1324 3111 1378 3150 58,
1405 3110 1424 3144 4
1442 3118 1544 3151 seqq.
1570 3110 1711 3141 Sueton.
1730 3107 1806 3140 Tib.
1825 3107 1879 3139 65.
1900 3124 1936 3131 —
1959 3108 2040 3147 pari

1164 3163 1268 3196 exitio
1300 3162 1407 3204 viguit
1440 3159 1636 3201 ceciditque]
1671 3160 1764 3192 Dum
1793 3157 1888 3190 enim
1919 3157 2039 3198 viguit,

1165 3213 1304 3246 Tiberio
1328 3211 1392 3245 fuit
1413 3211 1580 3244 saevitiae
1605 3211 1747 3248 auctor,
1772 3209 1962 3250 postquam
1983 3216 2042 3240 ce-

1166 3263 1268 3302 cidit,
1294 3261 1454 3295 Tiberius
1478 3270 1543 3294 suo
1574 3260 1713 3301 ingenio
1738 3266 1823 3291 usus
1845 3256 1902 3290 vel
1925 3256 2042 3290 scele-

1166 3314 1253 3347 stior
1282 3313 1412 3349 evasit·,
1450 3311 1493 3344 cf.
1520 3311 1559 3350 6,
1585 3311 1621 3343 54
1652 3310 1739 3342 extr.
1768 3324 1803 3331 —
1842 3316 1962 3348 corpus
1991 3307 2042 3340 illi

1166 3363 1319 3395 laborum
1353 3362 1517 3401 tolerans,
1553 3360 1686 3392 animus
1716 3359 1835 3391 audax
1865 3357 1951 3400 cet]
1985 3356 2038 3390 Cf.

1166 3412 1303 3447 Sallust.
1330 3411 1429 3446 Catil.
1455 3413 1493 3444 5:
1518 3418 1638 3453 corpus
1655 3410 1786 3453 patiens
1807 3408 1956 3448 inediae,
1982 3407 2039 3440 al-
