2254 3770
331 311 413 355 566

809 312 854 355 P.
887 310 1137 355 CORNELII
1166 309 1337 355 TACITI
1366 310 1634 357 ANNALIUM

335 493 456 544 dedi,
490 506 577 550 quo
606 492 736 536 modo
767 493 802 536 si
833 492 1083 550 sanguinem
1114 498 1156 536 et
1174 492 1302 536 vitam
1330 492 1641 550 poposcissent.
1671 492 1854 537 viderint
1883 493 1967 546 isti,
1999 499 2119 539 ante·
2168 484 2170 486 ¹

336 569 416 612 1130
444 567 545 611 1111111
577 568 726 624 ignoti,
759 581 846 626 quo
875 567 1048 612 nomine
1069 567 1169 619 sint,
1202 580 1311 625 quas
1330 573 1444 611 artes
1465 573 1718 612 exerceant:
1749 567 1863 612 nulla
1883 568 1983 612 mihi
2005 569 2123 627 prin-

337 639 444 701 cipis
474 643 633 687 mentio
665 643 744 686 nisi
776 644 886 686 inter
917 644 1088 686 numina
1117 643 1203 686 suit.
1234 643 1371 687 nescit
1400 649 1541 687 tamen
1561 643 1825 688 miserrimus
1845 650 1992 702 pater;
2022 650 2066 689 et
2084 643 2121 688 si

306 720 501 763 1101110011
539 725 623 769 031,
665 718 756 762 3013
787 717 994 776 deliqui».

1056 718 1138 775 (32)
1174 718 1388 777 loquentis
1418 717 1558 763 adhuc
1587 717 1718 763 verba
1748 719 1905 777 excipit
1933 719 2124 764 Soranus

337 794 658 853 proclamatque
689 807 774 837 non
804 793 918 837 illam
948 794 989 837 in
1021 794 1283 852 provinciam
1313 807 1460 838 secum
1487 793 1740 852 profectam,
1772 808 1859 838 non
1877 793 2026 838 Plauto
2045 807 2126 853 per

338 876 519 914 aetatem
550 869 669 913 nosci
700 869 911 926 potuisse,
950 883 1035 912 non
1065 869 1312 914 criminibus
1343 869 1479 913 mariti
1510 882 1738 913 conexam:
1778 869 1934 914 nimiae
1963 875 2124 914 tantum

338 946 506 1004 pietatis
536 958 655 989 ream
686 950 955 1002 separarent,
988 951 1117 1003 atque
1147 945 1240 1003 ipse
1271 958 1588 1003 quamcumque
1615 951 1772 988 sortem
1793 944 1969 989 subiret.
2000 944 2126 989 simul

338 1022 380 1064 in
410 1020 632 1078 amplexus
663 1020 927 1064 occurrentis
958 1019 1069 1064 filiae
1098 1019 1270 1071 ruebat,
1303 1020 1383 1063 nisi
1415 1019 1620 1064 interiecti
1641 1019 1813 1064 lictores
1833 1020 2028 1079 utrisque
2048 1019 2127 1065 ob-

288 1110 324 1139 1ο
338 1097 553 1140 3111133001.
599 1109 699 1139 111οΧ
735 1095 859 1138 datus
900 1095 1079 1139 testibus
1118 1095 1261 1147 locus;
1295 1102 1338 1139 et
1367 1102 1572 1154 quantum
1602 1095 1920 1140 misericordiae
1950 1095 2128 1140 saevitia

338 1171 623 1216 accusationis
660 1177 949 1229 permoverat,
993 1178 1156 1215 tantum
1185 1171 1274 1215 irae
1304 1172 1349 1215 P.
1381 1171 1581 1228 Egnatius
1610 1171 1740 1215 testis.
1759 1171 1953 1215 concivit.
1994 1170 2128 1216 cliens

337 1247 407 1291 1110
436 1247 587 1291 Sorani
618 1252 661 1290 et
689 1253 789 1290 tunc
819 1253 988 1304 emptus
1009 1247 1063 1291 ad
1085 1246 1416 1305 opprimendum
1436 1247 1621 1290 amicum
1643 1246 1937 1291 auctoritatem
1958 1243 2128 1291 Stoicae

339 1329 483 1367 sectae
526 1322 818 1380 praeferebat,
858 1321 1007 1366 habitu
1047 1329 1090 1366 et
1128 1335 1204 1366 ore
1242 1322 1294 1366 ad
1336 1321 1656 1380 exprimendam
1696 1322 1922 1380 imaginem
1962 1321 2130 1366 honesti

339 1398 572 1448 exercitus,
607 1403 798 1442 ceterum
827 1398 969 1441 animo
1000 1397 1278 1456 perfidiosus,
1317 1397 1547 1448 subdolus,
1578 1397 1801 1441 avaritiam
1830 1411 1882 1441 ac
1911 1397 2131 1442 libidinem

290 1484 325 1514 ⁴5
339 1473 580 1525 occultans;
613 1486 725 1531 quae
756 1479 984 1531 postquam
1012 1473 1197 1531 pecunia
1217 1472 1385 1517 reclusa
1405 1479 1520 1524 sunt,
1552 1472 1670 1517 dedit
1690 1472 1933 1531 exemplum
1952 1486 2133 1531 praeca-

340 1549 464 1593 vendi
477 1583 485 1600 ,

537 1562 624 1607 quo
662 1548 791 1592 modo
836 1548 1058 1592 fraudibus
1099 1548 1309 1592 involutos
1351 1556 1423 1592 aut
1466 1547 1636 1606 flagitiis
1674 1547 2024 1600 commaculatos,
2069 1547 2133 1593 sic

403 1670 435 1703 2.
462 1670 535 1702 dedi
559 1670 603 1701 G:
629 1669 719 1702 dedit
740 1670 774 1703 M
799 1687 833 1692 —
867 1669 899 1701 3.
925 1669 1024 1702 michi
1039 1687 1087 1694 ——
1102 1670 1201 1703 michi
1224 1671 1256 1703 M
1284 1688 1317 1693 -
1349 1670 1380 1702 6.
1405 1670 1522 1702 Plauto
1546 1671 1591 1702 G:
1624 1669 1755 1711 plautio
1778 1670 1810 1703 M
1837 1687 1869 1693 ——
1898 1669 1931 1702 9.
1955 1669 2135 1703 interiectis

338 1727 372 1760 M
397 1744 432 1749 —
461 1726 514 1758 ⁴0.
539 1726 659 1758 seuitia
681 1726 715 1759 M
739 1743 774 1748 —
812 1725 865 1759 ⁴4.
891 1726 1057 1759 exercitus
1080 1726 1235 1759 Faernus
1259 1727 1294 1759 et
1318 1726 1474 1768 Lipsius:
1508 1729 1540 1759 et
1561 1725 1702 1759 exerciti
1725 1726 1758 1759 M
1783 1744 1818 1750 -
1845 1724 1998 1758 subdolus
2019 1725 2072 1759 M:
2101 1729 2134 1760 ot

338 1783 492 1816 subdolus
515 1781 583 1815 alii.
615 1800 647 1806 —
675 1782 728 1814 16.
753 1782 917 1815 involutos
939 1781 1083 1816 seclusit
1106 1781 1321 1825 Nipperdey.

338 1904 487 1939 ¹‹Jemmas
520 1899 550 1928 et
582 1899 702 1936 vestes,
739 1904 824 1936 quae
858 1895 1029 1937 dignitatis
1064 1895 1210 1937 1113191110

338 1949 447 1979 erant.

382 1997 435 2029 32.
453 2000 659 2038 separarent,
683 2000 784 2037 atque
796 1998 866 2038 ipse
881 1997 962 2038 cet]
988 1998 1119 2029 Sensus
1137 1997 1207 2029 est:

337 2048 544 2088 separarent
567 2046 674 2079 modo
699 2054 843 2078 causam
867 2045 958 2078 filiae
983 2055 1002 2078 a
1025 2054 1108 2078 sua:
1134 2048 1210 2078 tum

337 2106 377 2130 se
400 2096 501 2130 facile
525 2106 567 2130 ac
596 2097 748 2130 libenter
770 2105 896 2130 omnes
924 2105 1058 2139 poenas
1081 2095 1210 2129 tolera-

338 2150 468 2180 turum.
496 2147 725 2180 Observanda
744 2146 914 2189 elegantia
937 2148 976 2179 in·
989 2148 1078 2188 part.
1097 2150 1209 2187 atque,

338 2199 378 2230 ut
406 2199 440 2230 in
471 2197 528 2231 illo
559 2198 759 2231 archimimi
792 2197 887 2239 apud
910 2198 1116 2230 Suetonium
1139 2196 1212 2228 Ve-

338 2257 431 2290 spas.
458 2245 517 2281 ⁴9:
544 2251 674 2280 eentum
697 2247 758 2280 sibi
780 2247 929 2281 sestertia
951 2248 1088 2286 darent,
1117 2255 1158 2278 ac
1180 2255 1213 2278 se

337 2299 389 2331 vel
410 2299 446 2330 in
471 2298 609 2331 Tiberim
628 2299 827 2338 proicerent.
854 2298 934 2330 Emi.
964 2316 999 2321 —
1037 2298 1069 2330 P.
1095 2297 1212 2338 Egna-

338 2349 414 2390 tius]
439 2350 499 2390 qui
523 2350 608 2382 Hist.
636 2348 667 2389 4,
693 2349 733 2382 to
758 2351 794 2381 et
815 2348 857 2381 40
882 2349 913 2381 P.
935 2349 1026 2381 Celer
1049 2348 1213 2380 nomina·

338 2401 407 2432 tur.
433 2401 484 2432 De
509 2408 551 2432 eo
574 2399 747 2432 Iuvenalis
771 2399 802 2438 3,
830 2399 911 2431 ⁴46:
945 2399 1073 2431 Stoicus
1095 2398 1215 2431 occidit

338 2451 486 2483 Baream
505 2451 633 2483 delator
648 2451 793 2483 amicum
809 2450 1080 2490 Discipulumque
1099 2457 1211 2489 senem,

338 2501 418 2542 ripa
432 2501 577 2533 nutritus
591 2502 628 2533 in
639 2501 711 2540 illa,
724 2500 775 2533 Ad
787 2510 888 2541 quam
902 2501 1068 2542 Goryonei
1079 2500 1213 2540 delapsa

339 2555 385 2583 est
411 2552 516 2592 pinna
546 2551 668 2583 caballi
698 2551 847 2592 (Beryti,
878 2550 968 2583 urbe
999 2550 1210 2590 Phoenicia).

340 2601 403 2634 Dio
439 2601 492 2641 62,
529 2602 591 2633 26:
633 2599 702 2634 τοῦ
736 2611 778 2644 γε
806 2599 988 2647 Σωρανοῦ
1018 2598 1212 2640 Πούπλιος

337 2648 530 2694 Ἐγνάτιος
572 2650 686 2696 Κέλερ
722 2649 944 2692 φιλόσοφος
976 2649 1213 2692 κατεψευδο-

340 2698 596 2748 μαρτύρησεν.
637 2699 707 2734 δύο
736 2698 810 2748 γὰρ
839 2698 988 2748 ἀνδρῶν
1019 2698 1214 2734 συνόντων

342 2749 458 2796 αὐτῷ,
483 2752 660 2786 Κασπίου
685 2762 724 2785 τε
740 2749 1059 2796 Ἀσκληπιοδότου
1075 2751 1214 2784 Νικαέ-

341 2814 393 2845 ως
416 2803 481 2835 καὶ
505 2802 652 2836 εκείνου
675 2803 888 2849 Βηρυτίου,
921 2799 944 2835 ὁ
967 2802 1039 2845 μὲν
1059 2798 1215 2844 Ἀσκλη-

343 2851 522 2910 mddozof
539 2849 612 2892 οὐχ
630 2847 734 2893 ὅπως
750 2853 906 2886 κατεῖπέ
917 2862 953 2885 τι
968 2849 1102 2892 αὐτοῦ,
1117 2848 1215 2884 ἀλλὰ

342 2904 408 2937 καὶ
435 2898 659 2936 τούναντίον
691 2902 979 2947 καλοκαγαθίαν
1010 2902 1050 2935 οἱ
1075 2911 1215 2960 προσε-

343 2952 577 3002 μάρτυρησε,
602 2954 668 2986 καὶ
690 2951 753 2986 διὰ
779 2951 895 2987 τοῦτο
917 2951 1002 2986 τότε
1023 2952 1096 2995 μὲν
1118 2948 1215 2993 ἐφυ-

343 3016 420 3050 γεν,
450 3002 612 3050 ὕστερον
642 3002 683 3037 δὲ
706 3003 766 3037 επὶ
792 3002 943 3044 Γάλβου
968 3002 1166 3046 κατήχθη·
1192 2999 1215 3034 ὅ

344 3055 385 3089 δὲ
407 3052 454 3098 δὴ
478 3052 676 3096 Πούπλιος
706 3054 768 3087 ἐπὶ
800 3053 872 3096 μὲν
891 3052 948 3111 τῇ
973 3054 1217 3097 συκοφαντία

345 3107 409 3139 καὶ
440 3102 624 3152 χρήματα
653 3104 719 3137 καὶ
746 3102 860 3146 τιμὰς
891 3098 1024 3144 ἑλαβε,
1057 3101 1155 3146 μετὰ
1177 3101 1217 3136 δὲ

345 3154 461 3190 τοῦτο
476 3153 678 3202 ἐξωρίσθη.
698 3154 750 3188 Cf.
769 3153 884 3187 Schol.
899 3155 1019 3187 luven.
1034 3154 1124 3194 ad6,
1138 3155 1214 3186 552:

346 3207 528 3249 Egnatium
552 3205 782 3246 philosophum
810 3205 994 3246 significat,
1026 3205 1084 3246 qm·
1112 3204 1219 3247 filiam

346 3258 477 3290 Bareae
499 3257 641 3296 Sorani,
668 3263 871 3296 quamquam
894 3255 962 3294 ipse
984 3255 1029 3287 ad
1050 3255 1220 3297 maqicam

348 3308 537 3340 discendam
559 3309 640 3339 esset
667 3307 834 3345 hortatus,
866 3304 979 3336 detulit
999 3305 1136 3337 Neroni.
1173 3303 1220 3336 Ob

350 3367 451 3399 quam
471 3366 543 3390 rem
564 3358 652 3390 mori
673 3365 749 3390 cum
757 3359 859 3397 patre
871 3356 964 3388 iussa
978 3358 1025 3387 est
1039 3364 1062 3386 a
1076 3356 1216 3387 Nerone.

350 3407 448 3440 Idem
480 3407 525 3440 ad
548 3408 580 3447 ⁴,
606 3406 666 3440 33:
702 3405 844 3448 magni
877 3405 1044 3438 delator
1076 3405 1218 3445 amici]

351 3458 519 3490 Soranum
546 3457 691 3490 Baream
713 3455 805 3490 Celer
830 3454 1040 3496 philosophus
1061 3455 1221 3495 mayi'stor

1260 1895 1364 1937 ipsius
1387 1895 1478 1936 apud
1492 1896 1656 1928 Neronem
1679 1896 1797 1927 scelere
1812 1894 1988 1928 delationis
2001 1894 2132 1934 occidit,

1261 1949 1292 1979 et
1325 1947 1394 1987 ipse
1418 1948 1533 1987 postea
1561 1946 1620 1978 sub
1651 1947 1848 1987 Vespasiano
1874 1945 1914 1978 ob
1939 1945 2000 1979 11οο
2024 1946 2134 1987 ipsum

1262 1997 1414 2031 Musonio
1430 1996 1513 2037 Rufo
1529 2001 1706 2029 accusante
1721 1998 1899 2028 damnatus
1912 1999 1970 2029 est.
1990 2011 2026 2020 -
2044 1996 2134 2029 ima-

1261 2047 1380 2089 ginem]
1405 2047 1564 2088 speciem
1581 2048 1775 2079 externam.
1795 2064 1830 2069 —
1853 2055 1938 2087 quae
1957 2049 2136 2088 postquam

1258 2106 1294 2138 p.
1312 2097 1443 2129 reclusa
1465 2096 1552 2138 sunt]
1576 2097 1600 2128 i.
1618 2105 1650 2129 e.
1675 2098 1865 2139 postquam
1886 2096 2038 2138 pecunia
2054 2103 2136 2129 001·-

1262 2147 1386 2188 ruptus
1415 2147 1451 2179 et
1482 2145 1654 2188 impulsus
1678 2147 1733 2179 est
1758 2147 1798 2178 ut
1819 2154 1859 2179 se
1882 2144 1990 2179 talem
2012 2146 2136 2179 osten-

1263 2196 1365 2229 deret
1386 2195 1499 2238 qualis
1516 2197 1602 2228 erat.
1632 2195 1834 2228 Louandre:
1858 2195 2001 2237 l’arqent
2014 2195 2076 2228 mit
2089 2204 2137 2228 aa

1255 2248 1339 2288 jour
1360 2250 1434 2279 tous
1455 2256 1505 2279 ses
1526 2247 1623 2279 vices.

1307 2297 1360 2330 33.
1395 2297 1502 2331 Cassii
1532 2297 1762 2338 Asclepiodoti]
1795 2297 2011 2330 Nicaeensis.
2046 2296 2135 2330 Vide

1264 2347 1381 2380 locum
1405 2347 1524 2380 Dionis
1548 2346 1592 2379 ad
1616 2355 1646 2379 c.
1665 2346 1707 2379 32
1726 2345 1895 2379 adlatum.
1915 2364 1952 2370 —
1970 2347 2138 2388 aequitate

1264 2397 1371 2439 deum]
1396 2397 1602 2438 Aequitatem
1616 2398 1720 2429 vocat
1743 2396 1987 2430 indifferenter
2005 2395 2135 2439 aliquid

1265 2447 1376 2488 ferre,
1403 2446 1485 2480 1111111
1510 2447 1554 2480 ad
1578 2447 1612 2480 id
1629 2447 1858 2480 commoveri.
1886 2448 1912 2479 1.
1931 2447 1965 2480 F.
1985 2448 2134 2480 Gnouov.

1264 2499 1352 2531 Nam
1382 2497 1417 2530 di
1446 2497 1540 2530 bona
1565 2498 1602 2530 et
1630 2496 1740 2537 mala,
1778 2497 1927 2530 honesta
1955 2498 1991 2529 et
2020 2496 2137 2539 turpia

1265 2548 1419 2581 facinora
1442 2547 1637 2590 3000311101·
1659 2547 1866 2586 admittunt,
1895 2546 1972 2580 fleri
1995 2547 2134 2585 sinunt;

1265 2599 1362 2640 quod
1378 2599 1456 2640 quis
1473 2598 1639 2640 negabit?
1656 2599 1751 2631 Inest
1765 2599 1886 2631 tamen
1902 2598 2025 2631 nescio
2036 2597 2138 2631 0111113

1266 2649 1438 2682 maeroris
1461 2649 1497 2681 in
1519 2649 1587 2681 hac
1610 2650 1783 2682 sententia
1802 2648 2020 2691 significatio,
2045 2656 2138 2690 quse

1266 2700 1433 2733 historiae
1468 2699 1623 2741 dignitati
1658 2707 1885 2741 nequaquam
1914 2699 2135 2732 adversatur.

1267 2751 1404 2793 Optime
1429 2752 1621 2784 Gutmann:
1647 2759 1683 2783 so
1705 2750 1846 2782 3011011011
1869 2750 1922 2783 die
1944 2749 2059 2783 Gottor
2077 2750 2140 2782 nuit

1267 2802 1470 2834 Gleichmuth
1485 2802 1550 2842 auf
1558 2804 1636 2843 aute
1650 2801 1719 2834 wid
1734 2801 1808 2834 bo'se
1825 2798 1957 2834 Thalen.¹
1973 2817 2010 2824 —
2029 2799 2140 2833 Helvi-

1266 2853 1339 2884 dius
1353 2856 1383 2885 et
1397 2853 1560 2884 Paconius
1572 2851 1672 2884 Italia
1683 2851 1901 2894 depelluntur]
1918 2852 1970 2885 De
1985 2851 2138 2884 Paconio

1267 2902 1455 2944 Agrippino
1478 2902 1558 2935 vide
1581 2901 1627 2934 ad
1642 2910 1672 2934 c.
1692 2902 1746 2935 28.
1774 2901 1920 2935 Helvidii
1942 2900 2050 2934 Prisci
2073 2908 2138 2933 ex-

1267 2952 1382 2986 silium
1417 2954 1675 2986 commemorat
1707 2951 1823 2985 Schol.
1860 2953 1981 2985 Iuven.
2016 2951 2049 2992 4,
2073 2949 2135 2983 36:

1266 3003 1435 3036 Helvidius
1450 3006 1526 3044 post
1541 3003 1807 3043 damnationem,
1827 3006 1866 3036 ut
1880 3002 1989 3043 inquit
2001 2999 2136 3041 Probus,

1267 3054 1372 3086 soceri
1407 3054 1498 3086 Paeti
1533 3053 1694 3086 Thraseae
1729 3053 1908 3086 interdicta
1941 3051 2004 3084 sibi
2039 3049 2138 3084 ltalia

1267 3104 1476 3145 Apolloniam
1490 3104 1657 3144 concessit,
1681 3104 1737 3136 sed
1754 3106 1830 3144 post
1848 3102 2055 3143 intersectum
2067 3101 2138 3134 No·-

1267 3163 1382 3186 ronem
1414 3154 1583 3186 restitutus
1615 3162 1638 3186 a
1673 3152 1780 3187 Galba
1809 3161 1876 3186 11011
1907 3151 2007 3184 alitor
2035 3157 2139 3191 quam
2206 3175 2209 3178 .

1268 3204 1369 3236 libero
1392 3204 1538 3236 civitatis
1558 3206 1651 3236 statu
1664 3204 1740 3245 eyit.
1762 3220 1797 3226 -
1821 3200 1924 3244 patri]
1947 3209 2056 3243 quem
2070 3207 2139 3233 00-

1270 3254 1354 3286 tavit
1382 3252 1556 3286 Iuvenalis
1585 3252 1623 3293 4,
1653 3253 1716 3285 ⁴07
1746 3260 1825 3294 sqq.
1857 3252 1897 3283 ut
1923 3250 2072 3284 Neronis
2102 3250 2139 3283 et

1270 3304 1455 3337 Domitiani
1477 3302 1698 3345 voluptatum
1720 3302 1932 3335 ministrum.
1958 3299 2009 3333 Cf.
2026 3299 2140 3342 inpri-

1270 3354 1337 3386 mis
1352 3361 1387 3385 v.
1407 3353 1488 3385 ⁴36:
1513 3355 1654 3385 noverat
1674 3351 1729 3384 ille
1742 3351 1932 3384 Luam-iam
1945 3349 2067 3390 inperii
2078 3357 2139 3382 w-
2200 3363 2209 3398 f

1269 3406 1370 3435 terem
1391 3405 1565 3443 noctesque
1582 3401 1724 3434 Neronis
1743 3401 1818 3433 Iam
1829 3399 1955 3432 modias
1968 3398 2138 3439 atiaonqw
2204 3406 2207 3411 *

1268 3453 1402 3494 famem,
1419 3461 1496 3485 cam
1504 3452 1619 3493 pulmo
1633 3451 1775 3484 Falerno
1786 3449 1936 3483 Ardent.
1960 3448 2055 3482 Nulli
2065 3455 2140 3482 mo-
2195 3459 2207 3478 ι·
