2254 3770
290 268 372 316 292
765 273 810 316 Ρ.
843 271 1092 316 CORNELII
1120 272 1291 318 TACITI
1319 273 1587 320 ANNALIUM

289 378 485 424 labefecit
501 378 625 422 rhaud
652 378 794 422 minus
813 377 1000 422 validum
1020 379 1075 423 ad
1096 380 1221 423 exitia
1242 380 1449 425 Macronis
1469 381 1628 432 odium,
1647 380 1734 441 'qui
1753 383 1930 428 easdem
1957 390 2072 428 artes

288 454 496 499 occultius
517 454 766 507 exercebat3
797 453 1093 513 detuleratque
1124 463 1420 512 argumentum
1448 457 1695 515 tragoediae
1725 473 1750 503 a
1774 460 1937 504 Scauro
1967 459 2074 504 scri-'-

286 536 409 589 ptaez'
429 530 584 574 additis
613 529 812 574 versibus
842 530 916 588 qui
946 530 1231 574 in'Tiberium
1263 530 1557 576 flecterentur.
1587 547 1738 578 verum
1757 534 1810 578 ab
1831 534 2011 586 Servilio
2031 541 2074 579 et

287 605 484 650 Cornelio
515 604 836 650 accusatoribus
866 605 1123 649 adulterium
1152 606 1306 658 Liviae,
1338 621 1559 666 magorum
1590 622 1712 653 sacra
1737 610 2072 654 obiectabantur.

253 682 492 732 ⁵Scaurus,
531 687 578 724 ut
612 680 787 739 dignum
822 681 1040 725 veteribus
1074 679 1636 731 Aemiliissfdamnationem
1673 685 1834 736 anteiit,
1878 684 2072 730 hortante

286 757 429 802 Sextia
457 770 604 807 uxore,
636 770 750 815 quae
778 756 1096 800 incitamentum
1125 757 1274 801 mortis
1295 763 1348 801 -et
1375 759 1592 817 particeps
1622 758 1711 803 fuit.
1760 771 1763 775 ·

398 833 479 890 (30)
510 833 570 877 Ac
588 838 731 877 tamen
755 838 1041 881 accusatores,
1074 833 1108 876 si
1131 832 1307 877 facultas
1328 833 1546 885 incideret,
1578 835 1730 893 poenis
1750 835 2070 889 adliciebantur,

282 914 330 952 ut
358 908 564 953 Servilius
595 907 917 966 Corneliusque
936 907 1103 966 perdito
1134 908 1296 952 Scauro
1320 908 1482 959 famosi,
1502 910 1871 969 quia-'pecuniam
1901 923 1926 955 a
1944 912 2071 957 Vario

281 984 437 1042 Ligure
457 983 725 1028 omittendae
755 983 979 1028 delationis
1015 990 1234 1042 ceperant,
1274 984 1317 1027 in
1355 985 1516 1029 insulas
1553 986 1896 1046 interdicto-igni
1926 988 2070 1047 -atque

231 1075 268 1106 io
283 1074 394 1119 aqua
415 1060 573 1104 demoti
602 1066 713 1104 sunt.
751 1059 1005 1104 et·Abudius
1024 1061 1151 1110 Ruso,
1183 1060 1351 1105 functus
1381 1060 1606 1113 aedilitate,
1637 1062 1740 1106 dum
1759 1063 1937 1108 Lentulo
1958 1062 2072 1108 Gae-

280 1136 427 1187 tulico,
458 1136 546 1180 'sub
576 1139 663 1194 quo
699 1129 855 1193 legioni
895 1135 1154 1193 praefuerat,
1195 1135 1435 1193 periculum
1473 1136 1659 1189 facessit,
1700 1138 1818 1196 quod
1849 1138 1892 1189 »is
1922 1139 2066 1184 Seiani

278 1211 410 1255 filium
432 1225 639 1270 generum
658 1211 927 1264 destinasset,
947 1210 1058 1254 ultro
1079 1211 1303 1255 damnatur
1319 1219 1448 1270 atque
1470 1211 1576 1256 urbe
1596 1211 1791 1270 exigitur.
1817 1214 2070 1259 Gaetulicus

279 1301 331 1332 ea
360 1293 612 1346 tempestate
642 1286 878 1345 superioris
908 1287 1160 1331 Germaniae
1190 1286 1381 1346 legiones
1403 1288 1582 1332 curabat
1610 1289 1852 1348 mirumque
1879 1289 2070 1334 amorem

279 1363 511 1408 adsecutus
541 1369 653 1416 erat3
688 1362 850 1406 effusae
881 1362 1150 1413 clementiae,
1183 1362 1378 1408 modicus
1408 1363 1708 1408 severitateet
1736 1365 1931 1422 proximo
1961 1379 2071 1424 quo-

228 1453 265 1484 ⁴5
279 1453 364 1498 que
379 1439 589 1484 *exercitui
607 1452 687 1496 per
708 1439 751 1482 L.
774 1439 1007 1496 Apronium
1026 1452 1226 1483 socerum
1255 1452 1340 1483 non
1358 1439 1573 1497 ingratus.
1605 1439 1720 1485 unde
1736 1440 1850 1484 fama
1867 1448 2070 1486 constans

279 1529 432 1559 ausum
470 1515 637 1559 mittere
675 1514 727 1558 ad
766 1514 996 1558 Caesarem
1030 1511 1208 1562 litteras.
1249 1514 1509 1559 adfinitatem
1547 1515 1628 1559 sibi
1659 1529 1756 1560 cum
1793 1516 1960 1561 Seiano
1984 1516 2070 1561 bau

278 1597 445 1650 sponte,
483 1590 560 1635 sed
601 1590 778 1635 consilio
818 1590 973 1634 Tiberii
1013 1597 1227 1648 coeptam3
1268 1591 1447 1649 perinde
1484 1604 1694 1649 se-quam
1731 1590 1946 1636 Tiberium
1985 1591 2068 1636 falli

276 1659 481 1725 potuisse,
511 1680 656 1724 neque
686 1680 879 1710 errorem
909 1665 1094 1710 eundem
1125 1665 1180 1708 illi
1211 1666 1303 1710 sine
1333 1667 1494 1717 fraude,
1527 1666 1620 1710 aliis
1651 1666 2067 1713 exitiohabendum.

278 1743 359 1786 sibi
389 1735 520 1787 fidem
549 1742 756 1799 integram
785 1748 843 1793 et,
883 1742 918 1785 si
949 1741 1073 1785 nullis
1108 1741 1273 1786 insidiis
1304 1750 1545 1800 peteretur,
1586 1756 1852 1787 mansuram:
1890 1751 2067 1789 succes4

346 1852 377 1885 3.
403 1851 445 1884 ab
468 1850 679 1885 Beroaldus:
706 1852 751 1884 ad
773 1851 807 1885 M
833 1869 868 1875 —-
894 1852 926 1884 5.
952 1851 1067 1883 anteiit
1089 1849 1245 1884 Halmius
1269 1850 1358 1893 (coll.
1384 1850 1437 1891 43,
1463 1851 1505 1883 30
1529 1851 1566 1883 et
1588 1851 1641 1891 45,
1666 1851 1740 1892 38):
1769 1853 1871 1886 anteit
1893 1853 1937 1886 Μ.
1971 1851 2063 1886 -Vide

275 1918 351 1944 var.
376 1908 457 1942 lect.
483 1907 527 1941 ad
552 1908 583 1948 4,
607 1908 663 1941 25.
684 1926 720 1931 —
745 1908 898 1940 hortante
919 1907 1037 1939 Sextia
1053 1907 1207 1949 Lipsius:
1232 1907 1400 1940 hortantes
1421 1907 1528 1939 exitia
1543 1907 1577 1940 M
1594 1924 1630 1931 —
1656 1907 1689 1940 9.
1707 1908 1864 1942 delationi
1885 1909 2063 1943 Heinsius.

279 1985 315 1990 —
341 1966 395 1999 40.
422 1966 506 1999 Ruso
528 1965 580 1998 M:
607 1964 689 2006 Rufo
711 1963 828 2005 vulgo.
855 1964 923 2006 (Sic
945 1962 1179 2005 Sallust.1ug.
1206 1963 1270 1997 404
1293 1963 1485 2005 legendum
1508 1965 1564 1996 est
1585 1963 1641 1997 Gn.
1666 1964 1805 1997 Octavio
1827 1964 1979 2007 Rusone,
1975 1973 2065 1999 uon

275 2023 418 2066 Rusone,
451 2030 519 2055 nec
541 2019 649 2063 Rufo.)
677 2038 713 2043 —
750 2020 803 2052 44.
828 2019 857 2052 is
879 2020 993 2052 Seiani
1014 2019 1225 2053 Beroaldus:
1253 2021 1314 2053 isse
1336 2021 1406 2053 lani
1427 2021 1461 2054 M
1486 2038 1522 2043 —
1555 2019 1607 2053 44.
1633 2021 1817 2054 severitatis
1840 2021 1996 2056 Ursinus.
2023 2039 2060 2045 —

276 2079 330 2123 46.
355 2080 536 2120 hausponte
560 2076 808 2119 (superscripta
833 2075 946 2109 littera
971 2075 1001 2118 d)
1026 2076 1070 2110 M.

278 2167 402 2209 (veni)
427 2167 482 2199 sed
501 2166 576 2199 vent
599 2167 667 2198 cet.
694 2165 949 2207 -traaoedvao
972 2174 994 2198 a
1015 2165 1145 2198 Scauro
1195 2175 1265 2205 tam
1285 2154 1425 2213 infelicis
1445 2172 1581 2214 inqente.
1601 2187 1636 2194 —
1649 2171 1786 2218 Liviae]
1810 2171 1916 2205 Drusi
1931 2173 2062 2213 uxoris,

275 2217 433 2259 scriptae}
453 2217 527 2249 Dio
539 2216 603 2255 58,
628 2215 691 2249 24:
716 2215 923 2275 Μαμέρκος
945 2213 985 2248 δὲ
1008 2213 1055 2258 δὴ
1079 2213 1145 2248 At·-

276 2267 402 2311 μίλιος
435 2265 612 2314 Σκαῦρος
639 2264 726 2310 μήτ’
756 2262 876 2313 ἄρξας
904 2270 1016 2301 τινῶν
1046 2265 1145 2310 μήτε

276 2318 548 2367 δωροδοκήσας
571 2315 671 2352 ἑάλω
694 2328 735 2351 τε
761 2317 825 2352 διὰ
846 2318 1057 2366 τραγῳδίαν
1078 2321 1144 2353 καὶ

277 2368 478 2414 παθήματι
500 2368 697 2415 δεινοτέρῳ
721 2361 771 2402 οὗ
785 2370 1006 2429 συνέγραψε
1022 2372 1145 2417 περιέ·-

277 2430 404 2455 πεσεν
435 2416 583 2478 Ἀτρεὺς
604 2419 677 2463 μὲν
698 2417 744 2452 τὸ
760 2414 951 2464 ποίημα”’
925 2430 994 2464 ην·
1021 2421 1144 2479 παρη..

275 2482 333 2506 νει
365 2470 406 2505 δὲ
439 2481 516 2504 των
549 2467 776 2528 ἀρχομένων
809 2472 882 2504 τινὶ
917 2468 976 2504 ὑπ
1009 2468 1142 2513 αὐτοῦ,

275 2519 387 2556 κατὰ
403 2518 472 2554 τὸν
505 2517 732 2567 Εὐριπίδην,
769 2519 831 2554 ἵνα
858 2518 930 2564 τὴν
958 2520 1027 2555 τοῦ
1050 2533 1145 2569 κρα-

276 2573 436 2614 τοῦντος
451 2567 639 2612 ἀβουλίαν
655 2572 766 2628 φέρῃ.
792 2569 930 2615 μαθών
947 2566 1016 2606 οὖν
1027 2571 1144 2606 τοῦτο

277 2619 301 2655 ὁ
324 2621 499 2680 Τιβέριος
521 2621 582 2662 ἐφ’
603 2619 724 2666 ἑαυτῷ
741 2631 782 2654 τε
797 2619 841 2655 τὸ
857 2617 949 2664 ἔπος
965 2622 1145 2678 εἰρῆσθαι

277 2681 371 2716 εφη,
402 2667 549 2730 Ἀτρεὺς
585 2668 648 2704 διὰ
680 2669 751 2715 τὴν
783 2672 1032 2715 μιαιφονίαν
1037 2670 1144 2706 εἶναι

276 2719 656 2782 προσποιησάμενος,
687 2722 751 2755 καὶ
783 2718 951 2756 ὑπειπών
980 2717 1049 2756 ὄπ’
1057 2723 1142 2757 Καὶ

275 2770 349 2818 ε’γώ
371 2766 442 2806 οὖν
465 2769 608 2805 Αιαντα
629 2768 766 2805 αὐτὸν
771 2771 939 2830 ποιησω,
971 2770 1143 2831 ἀνάγκην

277 2823 318 2856 οἱ
349 2820 591 2883 προσήγαγεν
622 2819 795 2856 meroem
830 2818 1056 2857 ἀπολέσθαι.
1096 2819 1143 2857 οὗ

275 2871 356 2917 μὴν
377 2873 444 2906 καὶ
466 2871 528 2906 επὶ
549 2869 672 2917 τούτῳ
694 2871 962 2933 κατηγορήθη,
974 2870 1066 2907 ἀλλ’
1091 2870 1144 2917 ὦς

275 2920 346 2966 τὴν
368 2921 572 2956 Λιουίλλαν
598 2921 875 2966 μεμοιχευκώς.
908 2924 978 2966 (Cf.
998 2924 1140 2957 Sueton.

276 2972 352 3006 Tib.
378 2973 441 3006 64.
473 2972 641 3006 obiectum
663 2976 709 3005 est
732 2975 869 3014 poetae,
901 2975 990 3015 quod
1010 2974 1046 3007 in
1068 2975 1143 3007 tra-

275 3025 394 3066 yoedia
404 3018 681 3066 Αρωποηνιοηοηι
693 3023 825 3064 probris
839 3024 1043 3067 lacessisset.)
1060 3025 1144 3058 Ver-

277 3072 407 3107 siculus
429 3072 486 3106 ille
513 3081 557 3106 ex
586 3072 758 3115 Euripidis
785 3073 915 3107 Phoen.
949 3074 1030 3107 396:
1067 3073 1144 3116 Τὰς

276 3122 352 3156 τῶν
379 3121 620 3170 κρατούντων
647 3118 818 3166 ἀμαθίας
847 3124 976 3170 φέρειν
1007 3120 1142 3172 χρεῶν.

277 3173 347 3207 iam
371 3173 453 3207 olim
476 3173 654 3207 adhibitus
671 3174 725 3206 est
738 3181 757 3205 a
776 3173 946 3207 Cicerone
962 3175 1006 3207 ad
1022 3177 1090 3208 Att.
1107 3176 1140 3214 2,

276 3224 331 3256 25.
345 3241 381 3248 -
395 3224 535 3256 Servilio
551 3226 580 3256 οι
592 3222 753 3265 Comelio]
765 3222 929 3255 Alterutri
945 3233 1142 3266 cognomen

279 3274 354 3305 erat
375 3272 490 3307 Tusci.
522 3274 658 3306 Seneca
681 3273 780 3307 suas.
797 3273 818 3305 2
841 3281 876 3315 p.
894 3273 930 3305 2⁴
959 3275 1054 3316 Bip.:
1083 3276 1144 3308 Tu—

277 3329 352 3355 scus
380 3323 452 3363 ille,
485 3323 542 3364 qut
572 3323 740 3356 Scaurum
756 3320 989 3368 'filmercmm
1020 3324 1055 3356 in
1078 3333 1143 3365 quo

277 3368 484 3405 scaurorum
513 3373 647 3414 familia
678 3371 827 3406 extincta
859 3375 927 3412 est,
962 3373 1144 3406 maiestatis

275 3416 372 3455 mm
401 3421 547 3463 fecerat,
581 3422 676 3455 honio
709 3429 812 3464 quam
845 3421 986 3463 improbi
1019 3423 1140 3463 animi,

1195 2222 1324 2255 Tiberii
1348 2230 1468 2256 nurus.
1483 2222 1546 2255 va.
1571 2221 1603 2261 4.
1629 2222 1661 2254 3.
1689 2240 1726 2246 -
1756 2221 2063 2264 maqorum1¹quos

1195 2271 1431 2305 consultasset
1453 2273 1498 2305 de
1526 2272 1693 2314 principis
1716 2272 1788 2304 vita
1808 2271 1863 2305 vel
1887 2272 2063 2306 etiamne

1195 2331 1258 2356 sua
1282 2328 1365 2365 spe:
1391 2321 1427 2355 id
1449 2323 1546 2364 quod
1569 2321 1695 2364 capital
1719 2323 1805 2355 erat.
1831 2321 1883 2355 Cf.
1899 2322 2022 2362 asu.-
2047 2327 2062 2342 “·

1219 2373 1290 2406 ³³30.
1317 2373 1418 2406 Vario
1433 2371 1565 2414 Liquere]
1589 2366 1746 2417 Aquiliae
1763 2370 1947 2405 adultero:¹
1960 2371 2011 2405 Cf.
2029 2371 2063 2413 4»,

1193 2423 1247 2457 42.
1268 2442 1304 2447 -
1326 2422 1487 2464 Abudius]
1508 2423 1723 2468 corruptum
1737 2423 1807 2469 noc
1823 2423 2065 2456 nomen-non·-

1194 2473 1296 2507 nullis
1310 2474 1434 2506 'visum
1458 2469 1693 2512 est3'·verum·
1719 2471 1813 2515 apud
1836 2472 2064 2506 muratorium

1194 2525 1358 2567 quattuor
1379 2523 1538 2566 'reperies
1560 2523 1713 2556 Abudios.
1742 2540 1778 2547 -
1815 2521 1952 2570 Lentulo
1974 2521 2065 2556 Gae-

1193 2574 1304 2617 tulico]
1336 2572 1475 2607 consuli·
1492 2581 1526 2605 a.
1551 2581 1587 2605 u.
1613 2572 1688 2605 779.
1723 2571 1979 2612 Cf.=*;·‘=46.⁴—
2002 2571 2065 2605 So-

1191 2623 1403 2666 iantjtlium]
1426 2622 1513 2656 Vide
1535 2622 1583 2655 ed
1605 2623 1638 2661 5,
1663 2622 1695 2655 8.
1724 2631 1761 2646 ’-’-
1785 2621 1887 2662 ultro]
1907 2629 1981 2654 uon
2002 2628 2065 2655 so-

1193 2673 1266 2707 lum
1282 2683 1352 2707 non
1371 2674 1529 2716 perfecit,
1546 2674 1585 2706 ut
1601 2670 1808 2706 Gaetulicus
1815 2666 2062 2712 damnaretur,

1193 2724 1257 2757 sed
1284 2726 1391 2765 ultro,
1428 2725 1574 2766 insuper
1612 2722 1708 2765 (noch
1742 2721 1957 2763 obmaretn),
1986 2722 2063 2765 ipse

1193 2773 1390 2807 damnatur.
1417 2772 1468 2806 Cf.
1487 2774 1520 2813 6,
1538 2773 1596 2806 34·
1616 2773 1778 2813 ultroque
1797 2772 1979 2812 potentium
1993 2770 2064 2804 ’Μ-

1193 2823 1253 2856 bot.
1287 2838 1323 2848 —-
1357 2825 1547 2863 mirumque
1580 2824 1728 2855 unior-em
1761 2822 1936 2869 adsecutus
1972 2820 2062 2865 erat]

1194 2873 1245 2906 Ob
1270 2867 1449 2916 idipsum
1474 2870 1717 2915 quinquennio·
1745 2873 1827 2914 post
1857 2880 1877 2904 a
1908 2870 2061 2913 caligula

1193 2923 1500 2956 interfectus-est.
1539 2922 1612 2955 Dio·
1635 2922 1689 2961 59,
1714 2921 1776 2968 ᾌΞι
1812 2918 2062 2955 Γαιτούλικον

1192 2971 1423 3013 Λέντουλον,
1458 2969 1506 3004 τά
1534 2981 1575 3004 τε
1591 2967 1702 3003 ’ἄλλα
1720 2966 1937 3014 ἐὐδόκιμον
1967 2967 2062 3004 ὄντα

1192 3024 1257 3056 καὶ
1284 3021 1354 3067 ὶτῆς
1376 3023 1588 3070 Γερμανίας
1618 3020 1710 3055 δέκα
1731 3017 1856 3055 ἔτεσιν
1877 3016 2061 3068 ἄρξαντα.

1192 3071 1422 3108 ἀπέκτεινεν.
1455 3073 1507 3108 Cf.
1532 3074 1678 3106 sueton.
1699 3071 1822 3106 Claud.
1848 3072 1880 3105 9.
1914 3072 1963 3104 Ex
1984 3072 2061 3106 Uti-2

1192 3124 1270 3157 riuii
1292 3124 1359 3158 Atti
1382 3124 1431 3157 αι’
1454 3123 1578 3170 fratelli
1599 3122 1718 3156 Amuli
1740 3121 1813 3155 tab.
1829 3120 2060 3164 vuapparot

1191 3174 1318 3207 fratres
1341 3173 1485 3207 Arvales
1507 3175 1541 3206 α.
1567 3171 1600 3206 d.
1626 3180 1668 3206 rt.
1694 3173 1734 3206 Κ.
1759 3170 1915 3205 Novem.
1940 3171 1980 3204 οὺ
2001 3171 2058 3204 αο-

1191 3227 1278 3257 tecta
1309 3224 1442 3267 nefor-iu>
1474 3224 1616 3257 consilia
1648 3223 1706 3256 On.
1738 3221 1867 3255 Lentulo·
1893 3220 2058 3254 amanet

1192 3274 1294 3307 alicui
1310 3274 1378 3308 deo
1401 3273 1602 3307 immolasse
1625 3267 1825 3306 hostias.—
1787 3271 2059 3314 -Mpmq

1191 3324 1364 3366 exerctmt]
1389 3324 1596 3357 Germaniae
1618 3320 1802 3356 inferioris.
1823 3332 1867 3345 ⁵-
1891 3321 1929 3353 L.
1947 3320 2057 3363 Apro-

1191 3373 1667 3418 niumJC.,.f45632⁴.
1700 3365 1906 3413 4,”73..44
1932 3371 2055 3404 49.-··

1190 3423 1351 3457 indictum
1370 3423 1526 3466 morus]
1535 3421 1618 3457 sibi
1631 3420 1724 3455 ultro
1746 3395 1970 3462 sumendae,-
1986 3419 2056 3454 nisi
