2254 3770
821 296 866 339 P.
898 294 1148 341 CORNELII
1175 296 1346 342 TACITI
1374 296 1641 343 ANNALIUM

460 401 543 459 (47)
573 401 745 447 Interim
784 402 943 446 Romae
984 401 1133 447 futuris
1175 402 1300 447 etiam
1338 409 1436 461 post
1474 402 1688 448 Tiberium
1722 402 1926 448 caedibus
1955 403 2118 450 semina
2179 404 2183 408 '

347 476 622 522 iaciebantur.
665 476 834 522 Laelius
862 476 1020 522 Balbus
1049 478 1260 529 Acutiam‚
1292 479 1336 522 P.
1358 478 1508 524 Vitellii
1528 477 1743 537 quondam
1766 492 1956 528 uxorem,
1986 479 2118 523 maie-

346 552 466 597 statis
494 552 804 610 postulaverat;
834 566 921 611 qua
941 552 1137 597 damnata
1156 567 1253 597 cum
1282 553 1521 611 praemium
1543 553 1779 598 accusatori
1800 553 2116 605 decerneretur,

345 628 492 671 Iunius
527 627 658 679 Otho,
693 627 888 672 tribunus
925 627 1087 685 plebei,
1125 628 1375 672 intercessit.
1419 628 1534 673 unde
1569 628 1650 673 illis
1683 628 1798 680 odia,
1834 643 1934 673 mox
1962 628 2118 674 Othoni

313 702 531 747 sexitium.
572 702 673 748 dein
700 703 928 747 multorum
970 703 1187 748 amoribus
1230 703 1391 748 famosa
1431 703 1653 754 Albucilla,
1695 704 1763 748 cui
1807 704 2119 748 matrimonium

346 792 444 822 cum
473 778 610 822 Satrio
641 777 860 831 Secundo,
898 779 1200 824 coniurationis
1229 779 1388 830 indice,
1427 778 1582 831 fuerat,
1621 778 1809 824 defertur
1836 779 2047 837 inpietatis
2075 779 2119 823 in

343 853 600 912 principem;
640 853 972 899 conectebantur
1006 860 1053 898 ut
1081 853 1241 899 conscii
1271 859 1314 899 et
1345 853 1526 898 adulteri
1556 854 1650 898 eius
1681 854 1755 899 Cn.
1786 854 2011 906 Domitius,
2050 853 2120 899 Vi-

344 928 440 973 bius
485 929 671 978 Marsus,
716 930 762 973 L.
798 929 1032 973 Arruntius.
1083 929 1138 973 de
1181 928 1431 974 claritudine
1473 930 1643 974 Domitii
1687 942 1819 988 supra
1861 929 2118 974 memoravi:

342 1004 507 1048 Marsus
536 1018 710 1063 quoque
749 1005 926 1049 vetustis
962 1004 1197 1049 honoribus
1227 1011 1269 1049 et
1298 1004 1485 1048 inlustris
1514 1004 1664 1049 studiis
1695 1010 1797 1049 erat.
1842 1005 1920 1049 sed
1949 1005 2119 1050 testium

291 1090 329 1122 ιο
342 1079 679 1138 interrogationi,
720 1081 940 1124 tormentis
977 1094 1200 1124 servorum
1238 1080 1479 1124 Macronem
1517 1079 1788 1138 praesedisse
1827 1079 2118 1125 commentarii

341 1154 397 1201 ad
427 1162 622 1200 senatum
649 1155 768 1199 missi
797 1155 1005 1207 ferebant,
1047 1155 1274 1214 nullaeque
1303 1155 1345 1199 in
1375 1169 1451 1200 eos
1484 1155 1751 1214 imperatoris
1784 1155 1949 1201 litterae
1978 1154 2120 1214 suspi-

340 1229 501 1274 tionem
530 1230 687 1275 dabant
719 1230 905 1275 invalido
936 1244 986 1275 ac
1021 1231 1198 1275 fortasse
1237 1231 1384 1288 ignaro
1420 1231 1518 1275 ficta
1552 1230 1757 1289 pleraque
1787 1231 1843 1275 ob
1880 1230 2119 1275 inimicitias

340 1306 550 1350 Macronis
578 1312 700 1350 notas
729 1306 771 1350 in
790 1306 1046 1350 Arruntium.
1095 1306 1175 1362 (48)
1202 1306 1327 1364 igitur
1346 1306 1555 1350 Domitius
1576 1305 1867 1351 defensionem
1895 1305 2118 1356 meditans,

339 1380 504 1425 Marsus
533 1386 751 1440 tamquam
779 1381 966 1426 inediam
986 1381 1294 1432 destinavisset,
1325 1381 1568 1439 produxere
1587 1381 1734 1425 vitam:
1774 1382 1994 1425 Arruntius
2015 1394 2120 1427 cun-

288 1467 325 1499 ⁴5
339 1456 567 1501 ctationem
595 1462 639 1501 et
671 1470 813 1502 moras
848 1456 1125 1501 suadentibus
1160 1457 1309 1500 amicis
1342 1470 1428 1500 non
1457 1456 1610 1501 eadem
1639 1456 1837 1500 omnibus
1865 1456 2023 1501 decora
2049 1469 2120 1501 re-

338 1531 530 1590 spondit,
567 1531 649 1577 sibi
688 1532 791 1577 satis
829 1532 997 1583 aetatis,
1040 1545 1181 1590 neque
1221 1531 1335 1576 aliud
1374 1531 1677 1590 paenitendum
1705 1545 1834 1590 quam
1861 1531 1980 1590 quod
2008 1531 2119 1577 inter

338 1606 523 1651 ludibria
552 1613 596 1651 et
623 1606 816 1664 pericula
844 1607 1011 1651 anxiam
1040 1613 1257 1651 senectam
1283 1606 1560 1658 toleravisset,
1592 1607 1665 1650 diu
1686 1607 1853 1658 Seiano,
1889 1619 2004 1652 nunc
2031 1607 2118 1651 Ma-

339 1682 475 1734 croni,
516 1695 687 1740 semper
725 1681 851 1726 alicui
880 1682 1116 1740 potentium
1144 1682 1325 1733 invisus,
1365 1696 1451 1726 non
1480 1681 1623 1740 culpa,
1663 1682 1742 1726 sed
1780 1687 1827 1726 ut
1865 1680 2118 1740 flagitiorum

336 1758 561 1816 inpatiens.
598 1771 701 1801 sane
730 1770 893 1815 paucos
915 1764 958 1802 et
977 1772 1203 1816 supremos
1233 1757 1436 1816 principis
1459 1757 1552 1802 dies
1578 1771 1709 1815 posse
1729 1757 1872 1801 vitari:
1903 1770 2035 1816 quem
2060 1755 2116 1800 ad

284 1845 322 1878 20
335 1833 512 1877 modum
541 1846 770 1877 evasurum
800 1833 1054 1876 imminentis
1089 1833 1335 1877 iuventam?
1374 1847 1446 1885 an,
1483 1847 1582 1878 cum
1611 1832 1804 1877 Tiberius
1833 1839 1931 1891 post
1959 1838 2115 1876 tantam

335 1923 479 1953 rerum
501 1907 806 1966 experientiam
825 1907 867 1952 vi
888 1907 1187 1952 dominationis
1208 1907 1437 1952 convulsus
1457 1914 1501 1953 et
1518 1913 1704 1952 mutatus
1725 1907 1788 1959 sit,
1821 1907 1865 1953 C.
1889 1908 2117 1953 Caesarem

333 1983 405 2028 vix
441 1983 558 2028 finita
594 1982 793 2040 pueritia,
835 1983 1029 2041 ignarum
1064 1983 1253 2027 omnium
1289 1989 1362 2027 aut
1399 1983 1597 2042 pessimis
1636 1982 1900 2035 innutritum,
1937 1981 2117 2028 meliora

333 2058 646 2118 capessiturum
676 2058 873 2102 Macrone
903 2057 1046 2103 duce?
1076 2059 1149 2118 qui
1180 2065 1225 2104 ut
1254 2058 1443 2104 deterior
1470 2057 1523 2103 ad
1555 2057 1884 2118 opprimendum
1913 2058 2114 2104 Seianum

344 293 430 339 306

396 2193 430 2226 2.
455 2192 573 2226 laetius
594 2191 629 2226 M
652 2191 795 2233 (Laelius
816 2191 949 2233 margo)
975 2208 1011 2215 —
1047 2191 1185 2225 amorim
1206 2193 1240 2227 M
1276 2209 1312 2217 —
1347 2191 1381 2226 4.
1406 2191 1499 2225 ormo
1528 2192 1562 2226 M
1591 2208 1628 2215 —
1664 2191 1696 2224 ὅ.
1722 2191 1863 2225 emittm
1889 2190 2111 2234 Nipperdey:

329 2249 472 2283 emiliam
493 2249 527 2283 M
552 2265 588 2273 -
614 2248 646 2281 7.
672 2247 745 2290 cm]
770 2247 806 2281 C.
822 2248 867 2281 N.
883 2248 918 2282 M
942 2266 978 2272 -
1005 2248 1058 2281 40.
1079 2249 1258 2290 praesidiis
1278 2258 1313 2283 se
1326 2250 1377 2288 M3
1401 2248 1596 2290 praesidisse
1617 2246 1830 2281 Doederlein
1853 2245 1932 2281 coll.
1950 2247 1983 2289 4,
1999 2247 2054 2281 30.
2072 2263 2110 2271 -

330 2305 384 2339 44.
407 2304 577 2339 inaediam
598 2305 633 2339 Μ
657 2321 695 2330 -
731 2305 785 2338 47.
807 2304 1013 2346 ρθήοαὶανία
1034 2306 1080 2340 Μ.
1112 2305 1164 2339 Cf.
1190 2307 1222 2348 4,
1247 2305 1307 2340 44:
1343 2305 1489 2339 donaria
1515 2305 1691 2339 militaria.
1726 2322 1764 2328 —
1795 2303 1849 2338 49.
1873 2302 1994 2347 simma
2015 2303 2050 2338 Μ
2072 2319 2109 2327 -

328 2362 383 2396 23.
407 2363 632 2405 capesiturwn
652 2362 699 2397 Μ.

328 2496 351 2520 a
378 2486 546 2530 triqesimo
579 2486 700 2520 aetatis
728 2495 817 2520 anno
845 2486 1014 2520 arbitratu
1042 2496 1117 2520 eam
1138 2495 1197 2521 suo

325 2538 473 2578 rexerit,
495 2537 566 2570 sine
588 2537 777 2570 adiumento
791 2537 966 2570 consiliove
980 2538 1193 2571 medicorum.

370 2586 427 2621 47.
449 2586 583 2620 Laelius
612 2586 751 2629 Balbus]
786 2585 890 2620 Filius
920 2587 1059 2620 videtur
1088 2587 1195 2621 fuisse

326 2636 368 2669 D.
393 2634 499 2670 Laelii
527 2636 569 2670 D.
601 2635 625 2669 f.
650 2637 691 2670 D.
717 2645 750 2670 n.
775 2635 894 2678 Balbi,
926 2636 1195 2679 quindecimviri

325 2686 435 2721 sacris
458 2685 628 2720 faciundis
652 2695 683 2720 a.
709 2696 745 2720 u.
771 2687 847 2728 737,
885 2685 1036 2720 consulis
1059 2696 1091 2720 a.
1117 2687 1192 2721 748.

324 2737 377 2770 De
405 2737 480 2771 eius
513 2737 638 2779 poenis
668 2737 749 2771 vide
780 2746 812 2771 c.
841 2737 895 2771 48.
930 2755 966 2761 —
1000 2739 1034 2772 P.
1064 2738 1193 2779 Vitellia]

325 2786 377 2820 Cf.
403 2787 435 2827 4,
460 2787 514 2820 70.
550 2787 588 2828 2,
613 2786 666 2820 74.
705 2788 737 2828 ὅ,
762 2787 794 2822 8.
824 2805 860 2812 —
897 2788 1014 2821 Iunius
1037 2788 1118 2821 Otho
1148 2791 1191 2821 tr.

317 2835 383 2881 pl.]
415 2836 505 2870 lunii
533 2836 678 2870 Othonis
707 2837 881 2879 praetoris
911 2837 967 2879 (3,
992 2836 1053 2879 66)
1088 2837 1191 2872 filius.

327 2903 363 2910 --
387 2886 475 2920 unde
495 2885 562 2920 illis
584 2887 680 2931 odia]
712 2887 748 2920 id
779 2889 834 2921 est
861 2886 970 2921 Balbo
995 2889 1031 2922 et
1054 2888 1191 2930 Othoni,

322 2937 407 2980 ipsis
429 2937 521 2970 inter
542 2945 642 2975 sese;
669 2945 760 2979 quae
784 2937 914 2971 Balbus
931 2940 1121 2972 exsecutus
1138 2940 1194 2973 est

322 2987 525 3022 accusando
537 2988 573 3020 et
584 2986 786 3021 damnando
800 2989 986 3022 Othonem.
1001 2990 1026 3022 1.
1037 2990 1073 3022 F.
1085 2991 1189 3023 Gnou.

324 3054 361 3061 —
378 3036 530 3080 exitium]
555 3036 605 3072 Cf.
627 3037 749 3080 capitis
765 3037 921 3072 initium:
945 3038 1071 3080 futuris
1091 3040 1192 3074 etiam

315 3089 393 3127 post
415 3085 579 3120 Tiberium
602 3086 807 3120 caedibus
828 3088 954 3121 semina
968 3088 1189 3123 iaciebantur.

324 3153 360 3159 -
379 3135 492 3169 Satrio
506 3134 667 3178 secando]
691 3134 750 3169 Ille
774 3135 870 3169 idem
894 3138 967 3177 est,
1001 3138 1061 3179 qui
1083 3137 1123 3179 4,
1147 3137 1190 3173 34

321 3184 431 3219 cliens
446 3185 574 3229 Seiani,
593 3186 628 3220 et
642 3194 748 3226 nunc,
766 3186 805 3218 ut
820 3188 978 3228 apparet,
997 3188 1073 3221 eius
1089 3197 1191 3222 ever-

320 3242 391 3268 sor.
415 3235 503 3268 ers.
536 3234 588 3269 Cf.
614 3235 647 3276 6,
670 3234 704 3269 8.
723 3251 760 3258 —-
787 3234 900 3268 Vibius
916 3236 1059 3278 Marsus]
1083 3237 1133 3271 Cf.
1152 3239 1185 3279 2,

321 3284 374 3318 74.
399 3285 454 3318 79.
479 3285 518 3328 4,
542 3285 596 3319 56.
623 3286 676 3326 44,
703 3284 755 3318 40.
782 3302 819 3309 -
853 3285 890 3318 L.
915 3285 1108 3329 Arruntius]
1133 3287 1185 3321 Cf.

323 3334 355 3375 4,
380 3334 433 3368 43.
459 3333 500 3377 4,
524 3335 556 3368 7.
577 3352 615 3360 -
639 3334 753 3377 supra]
774 3333 806 3376 4,
824 3334 877 3368 75.
897 3352 932 3358 —
959 3337 1088 3379 studiis]
1112 3337 1187 3371 elo—

321 3385 498 3426 quentiae.
530 3403 566 3410 —-
604 3386 796 3419 Macronem
824 3385 1041 3427 praesedisse]
1076 3387 1187 3420 Exer-

321 3428 427 3467 cebat
448 3432 505 3467 ille
527 3435 704 3470 tormenta
729 3442 801 3470 non
823 3441 868 3471 ex
891 3435 1036 3470 senatus
1062 3437 1184 3470 aucto-

1246 2487 1367 2528 ritate,
1392 2486 1458 2520 sed
1481 2496 1501 2520 e
1524 2495 1589 2520 sua
1604 2486 1640 2519 et
1654 2484 1783 2519 Tiberii
1797 2482 1988 2519 voluntate.
2013 2483 2110 2524 Quae

1245 2538 1453 2578 extorserat,
1478 2536 1523 2569 ad
1539 2539 1703 2570 senatum
1719 2534 1950 2568 mittebantur
1962 2535 1999 2568 in
2014 2542 2113 2568 com-

1245 2587 1426 2621 mentariis
1445 2586 1637 2628 designata,
1655 2585 1756 2628 quasi
1774 2594 1813 2618 re
1829 2585 1914 2618 satis
1931 2583 2110 2627 explorata

1245 2639 1281 2671 et
1303 2638 1349 2672 ad
1371 2637 1583 2671 sententiam
1597 2636 1784 2670 ferendam
1798 2636 2019 2678 praeparata.
2043 2635 2110 2670 Dio

1244 2689 1298 2730 58,
1323 2688 1385 2722 24:
1410 2685 1556 2731 ἀφείθη
1578 2686 1649 2730 μὲν
1670 2683 1744 2734 γὰρ
1764 2684 1840 2720 τῶν
1863 2685 2110 2731 αἰτιριθέντων

1243 2736 1330 2772 τότε
1353 2733 1494 2780 οὐδείς,
1519 2735 1657 2779 πάντες
1678 2736 1709 2770 δ’
1734 2733 1961 2780 ἡλίσκοντο,
1984 2734 2110 2779 οἱμὲν

1243 2789 1396 2831 πλείους
1418 2788 1462 2823 ἐκ
1482 2787 1558 2822 τῶν
1582 2786 1652 2822 τοῦ
1676 2786 1850 2834 Τιβερίου
1873 2783 2108 2834 γραμμάτων

1242 2841 1309 2874 καὶ
1330 2839 1375 2874 ἐκ
1395 2838 1470 2874 τῶν
1492 2837 1561 2874 τοῦ
1583 2836 1794 2886 Μάκρωνος
1816 2835 2001 2879 βασάνων
2025 2835 2106 2870 κτλ.

1243 2891 1383 2924 ἯΛιτιῑ.

1284 2939 1339 2973 48.
1364 2938 1552 2981 convulsus]
1574 2946 1720 2981 prorsus
1742 2936 1962 2971 abalienatus
1978 2936 2024 2970 ab
2038 2936 2108 2970 ho-

1241 2991 1378 3023 nestate
1402 2997 1445 3023 ac
1459 2989 1587 3022 virtute
1611 2989 1649 3022 et
1669 2988 1810 3031 penitus
1827 2987 2027 3030 corruptus.
2051 2985 2105 3021 Cf.

1240 3039 1273 3080 4,
1290 3038 1345 3073 40.
1366 3057 1402 3064 —
1418 3038 1582 3073 Albucilla
1596 3055 1615 3062 -
1626 3055 1646 3062 -
1659 3038 1696 3071 in
1717 3046 1885 3071 carcerem
1898 3035 2017 3079 fertur]
2040 3035 2105 3070 Dio

1239 3090 1295 3131 58,
1320 3090 1381 3123 27:
1405 3086 1502 3134 γυνή
1526 3098 1582 3130 τις
1606 3085 1747 3131 ἑαυτὴν
1769 3085 1951 3136 τρώσασα
1971 3085 2106 3121 ἐσεκο-

1238 3139 1364 3183 μίσθη
1385 3148 1426 3173 τε
1447 3138 1488 3181 ἐς
1510 3135 1556 3172 τὸ
1578 3136 1793 3184 συνέδριον,
1816 3137 1884 3171 καὶ
1903 3134 2051 3170 ἐκεῖθεν
2063 3133 2105 3176 ἐς

1237 3186 1284 3223 τὸ
1305 3186 1569 3235 δεσμωτήριον
1590 3183 1813 3228 ἀπαχθεῖσα
1833 3182 2037 3220 ἀπέθανεν.
2064 3201 2102 3209 -

1239 3239 1414 3273 Carsidius
1435 3238 1607 3282 Sacerdos]
1632 3237 1683 3271 Cf.
1707 3236 1749 3278 4,
1774 3236 1828 3270 43.

1281 3288 1336 3323 49.
1361 3289 1530 3321 consulam·
1543 3286 1686 3330 familia]
1711 3285 1813 3320 Filius
1828 3284 1930 3327 igitur
1944 3283 2008 3318 fuit
2021 3284 2101 3319 Sex.

1236 3338 1368 3380 Papinii
1395 3337 1535 3378 Allenii,
1570 3337 1630 3378 qui
1662 3333 1784 3370 consul
1806 3335 1898 3368 anno'
1920 3333 2104 3376 superiore

1235 3387 1349 3422 fuerat
1373 3388 1419 3429 (c.
1444 3387 1524 3429 40);
1561 3395 1677 3430 neque
1708 3393 1794 3419 vero
1824 3383 1859 3416 in
1882 3383 1991 3418 Fastis
2013 3381 2104 3419 ullus

1235 3435 1322 3471 alius
1334 3437 1497 3479 Papinius
1509 3435 1739 3470 memoratur.
1755 3449 1790 3458 -
1804 3431 1991 3476 informem]
2004 3432 2102 3474 igno-
