2254 3770
247 291 330 322 XVI

246 384 541 428 admirabilem
561 379 765 427 Codicem
786 381 894 426 dicit
913 382 1175 426 Holstenius
1199 383 1243 425 in
1264 381 1440 426 schedis
1459 380 1573 424 Mss-
1604 381 1657 424 In
1678 382 1892 439 principio
1912 382 2024 427 haec

247 461 412 519 legitur
439 460 613 502 notula:
646 457 714 502 De
735 456 895 501 XXII
924 458 1067 502 banco
1093 471 1155 501 ecc
1185 461 1322 516 parte
1343 458 1607 501 occidentis.
1658 453 1898 503 Cornelius
1923 458 2024 504 Ta-

249 539 369 580 citus
414 539 462 578 et
506 532 658 593 Opera
689 532 877 592 Apuleii
912 536 997 577 cet.
1073 531 1336 578 Conventus
1388 532 1443 577 S.
1476 532 1631 575 Marci
1679 533 1736 575 de
1779 532 2024 579 Florentia

252 608 439 655 Ordinis
468 608 858 654 Praedicatorum
886 610 942 652 de
971 609 1230 653 hereditate
1256 607 1446 654 Nicolai
1463 606 1620 652 Nicoli
1641 606 1908 653 Florentini
1935 612 2026 653 viri

248 686 513 730 doctissimi.

360 758 548 805 Constat
593 761 712 804 foliis
759 757 938 816 scriptis
980 756 1138 805 CXCI.
1206 761 1259 803 In
1304 759 1445 804 Catal.
1488 758 1739 803 Montfauc·
1783 760 1865 805 sub
1911 772 2025 803 num.

246 835 466 881 XXVIII.
483 833 514 888 ¹)

725 915 983 963 Com-mnus
1013 918 1224 962 TAemus.
1268 913 1373 961 Con.
1403 916 1480 960 IV.
1493 912 1525 968 ²)

358 997 513 1044 Codex
542 1001 611 1043 est
641 1000 984 1058 anepigraphus,
1014 1000 1094 1043 sed
1123 1000 1323 1043 continet
1352 995 1543 1042 Cornelii
1565 997 1707 1041 Taciti
1730 998 2022 1042 Historiarum

245 1075 302 1119 ab
345 1087 533 1119 excessu
573 1075 675 1128 Divi
715 1076 911 1134 Augusti
948 1068 1084 1119 libro's
1124 1076 1238 1118 VIII
1280 1076 1336 1118 ab
1372 1074 1600 1117 undecimo
1630 1086 1768 1131 usque
1797 1073 1854 1117 ad
1883 1076 2022 1117 totum

245 1149 455 1193 decimum
487 1153 711 1204 octavum,
747 1154 796 1193 ut
826 1153 869 1194 in
901 1165 1002 1194 mox
1032 1153 1255 1195 recensita
1286 1150 1479 1193 editione
1507 1148 1722 1193 Romana.
1736 1145 1766 1202 ³)
1815 1150 1870 1193 In
1891 1149 2024 1194 *calce

243 1226 342 1270 libri
367 1225 493 1270 XVI.
513 1228 559 1269 in
588 1228 784 1284 margine
814 1227 1070 1270 adnotatum
1100 1229 1191 1269 est:
1232 1226 1326 1269 «hic
1355 1226 1582 1281 plurimum
1613 1225 1796 1269 deficit)

356 1301 511 1346 Codex
547 1303 904 1347 membranaceus
933 1303 1023 1346 Ms.
1053 1303 1096 1345 in
1129 1302 1163 1344 4
1192 1304 1358 1344 minore
1387 1298 1489 1346 Sec.
1515 1300 1617 1355 XV,
1648 1302 1772 1344 euius
1802 1302 2025 1357 postrema

244 1375 394 1420 decem
431 1378 538 1421 folia
573 1379 660 1421 alia
697 1391 825 1422 manu
854 1379 1060 1435 suppleta
1090 1380 1204 1421 sunt.
1253 1378 1440 1421 Constat
1470 1376 1589 1419 foliis
1618 1377 1798 1433 scriptis
1826 1373 1924 1420 CII.
1970 1375 2024 1418 In

243 1452 384 1496 Catal.
414 1453 665 1498 Montfauc.
694 1455 776 1497 sub
805 1467 918 1496 num·
951 1453 1147 1497 XXVII.

742 1545 999 1592 Columnas
1030 1547 1240 1592 Tacrms.
1287 1547 1394 1591 Con.
1423 1544 1518 1598 Vs)

355 1628 546 1672 Cornelii
587 1629 728 1673 Taciti
758 1630 1051 1673 Historiarum
1092 1630 1147 1674 ab
1179 1642 1367 1674 excessu
1396 1629 1500 1672 Divi
1533 1628 1727 1688 Augusti
1757 1627 1857 1672 libri
1886 1626 1963 1671 XI.
1994 1639 2022 1671 a

241 1703 491 1763 fragmento
531 1706 702 1748 scilicet
740 1706 839 1749 libri
869 1704 1083 1749 undecimi
1114 1717 1253 1761 usque
1282 1704 1339 1747 ad
1368 1707 1506 1747 totum
1536 1704 1794 1763 vigesimum
1824 1705 2020 1760 primum,

232 1783 289 1821 vut
319 1780 366 1821 in
394 1781 530 1823 citata
551 1779 743 1823 editione
763 1780 980 1824 Romana.
1023 1781 1078 1823 In
1099 1780 1182 1823 fine
1203 1782 1448 1836 sequuntur
1468 1779 1679 1836 quaedam
1700 1776 2022 1838 anepigrapha,

241 1867 422 1910 quorum
460 1856 625 1898 initium
667 1858 756 1899 est:
798 1854 876 1899 Illi
909 1859 1086 1900 veteres
1114 1856 1313 1899 ‘militiae
1343 1857 1447 1915 cet.⁷
1481 1868 1679 1912 quaeque
1709 1855 1936 1911 pertinent
1964 1853 2019 1897 ad

181 1972 186 1976 .
238 1930 393 1973 librum
423 1930 489 1974 IV
519 1930 712 1973 eiusdem
742 1930 885 1974 Taciti
916 1931 1208 1974 Historiarum
1239 1932 1296 1975 ab
1327 1943 1514 1975 excessu
1534 1930 1747 1987 Neronis,
1777 1931 1891 1972 utin
1912 1928 2020 1973 Cod.

237 2003 412 2048 XXIV.
442 2005 509 2048 Pl.
530 2005 687 2049 LXIII
717 2019 851 2062 supra
883 2018 983 2065 pag.
1004 2002 1110 2049 696
1143 2001 1175 2059 §
1196 2006 1257 2049 II.
1303 2006 1410 2049 Tum
1440 2006 1585 2049 rubris
1604 2006 1840 2049 maioribus
1858 2005 2020 2048 litteris
2089 2059 2095 2071 ι

236 2080 422 2141 legitur:
459 2077 704 2124 Oomvamr
737 2079 919 2124 TAclm
948 2079 1112 2124 LIBER
1144 2080 1288 2124 XXI.
1323 2094 1571 2124 Expmcm.

351 2153 505 2200 Codex
533 2157 891 2201 membranaceus
919 2155 1010 2207 Ms,
1029 2157 1074 2199 in
1095 2156 1130 2199 4
1152 2153 1255 2201 Sec.
1274 2156 1364 2201 XV
1390 2157 1689 2211 nitidissimus,
1718 2167 1815 2200 cum
1845 2155 2019 2212 pictura

237 2231 283 2273 in
326 2233 564 2288 principio,
604 2233 800 2276 auctoris
837 2231 985 2291 effigie
1024 2232 1069 2274 in
1107 2232 1256 2276 littera
1295 2234 1472 2288 initiali,
1513 2231 1723 2276 Medieeo
1767 2234 2019 2288 stemmate,

160 2340 181 2355 .
239 2306 357 2363 quod
393 2308 500 2350 alati
530 2309 738 2364 quattuor
776 2308 947 2363 pueruli
975 2308 1249 2364 sustentant,
1290 2311 1334 2351 et
1364 2309 1603 2352 initialibus
1632 2306 1781 2350 itidem
1810 2307 2016 2352 librorum

239 2385 426 2426 omnium
455 2383 667 2427 coloratis
697 2385 742 2426 et
771 2384 951 2427 auratis.
998 2380 1186 2428 Constat
1214 2384 1333 2428 foliis
1351 2385 1530 2441 scriptis
1550 2381 1763 2429 CCXLV.
1792 2384 1846 2428 In
1876 2384 2017 2429 Cata-

237 2459 344 2518 logo
373 2458 686 2503 Montfaueon.
715 2459 798 2504 sub
827 2473 940 2503 num.
969 2458 1143 2504 XXVI.

239 2583 400 2619 eximiam
426 2583 669 2617 difficultatem
696 2583 942 2626 neglexerunt,
970 2584 1082 2618 codici
1107 2583 1270 2619 Medieeo
1295 2583 1463 2618 lectiones
1489 2583 1728 2618 tribuerentur
1749 2583 1794 2618 ab
1819 2585 1895 2626 ipso
1919 2591 2017 2625 pror-

237 2652 296 2677 sus
320 2644 468 2678 alienae.
507 2643 615 2677 ΒΑιτ.

329 2700 364 2745 1)
400 2703 455 2735 Ad
492 2703 654 2736 Tacitum
692 2704 851 2744 primitus
886 2702 1110 2744 pertinebant
1141 2702 1222 2735 tolia
1245 2702 1303 2736 CV
1328 2704 1363 2735 in
1390 2702 1449 2736 roi.
1476 2705 1627 2741 maiore,
1656 2711 1751 2736 nune
1775 2702 2016 2737 tantummodo

238 2761 343 2802 (31113
372 2766 456 2796 sunt
481 2765 598 2797 autem
625 2762 783 2805 plagulae
804 2762 905 2802 XIII,
934 2766 968 2796 et
993 2765 1138 2804 quartae
1164 2762 1320 2796 decimae
1346 2761 1415 2806 duo
1441 2771 1537 2796 nunc
1561 2762 1665 2802 folin
1693 2763 1834 2804 plagula
1859 2762 2015 2797 secunda
2095 2766 2098 2771 '

237 2831 300 2864 pro
325 2828 403 2855 octo
428 2821 519 2856 tonis
543 2831 614 2856 non
639 2822 746 2856 habet
769 2822 836 2855 nisi
861 2826 1020 2863 septem;
1058 2822 1155 2856 deest
1179 2831 1261 2856 vero
1287 2823 1495 2863 septimum,
1523 2822 1616 2863 ideo,
1646 2824 1791 2863 opinor,
1826 2824 1909 2865 qula
1932 2823 2016 2857 seri-

238 2885 317 2924 ptor
340 2881 504 2916 librarius
529 2889 570 2916 ea
595 2882 796 2915 membrana
821 2883 871 2915 uti
897 2890 967 2915 non
994 2886 1150 2922 poterim
1190 2881 1347 2916 detectus
1379 2884 1472 2915 enim
1509 2882 1557 2914 ibi
1582 2882 1696 2917 nunus
1722 2887 1795 2923 est;
1834 2887 1955 2916 contra
1978 2883 2015 2916 in

238 2946 358 2977 octava
383 2941 519 2984 pinguia
545 2950 639 2975 nunc
664 2941 792 2975 desunt
815 2941 898 2975 folia
922 2943 1063 2975 tertium
1087 2945 1122 2975 et
1145 2944 1295 2981 sextum,
1323 2949 1413 2983 quae
1439 2942 1607 2975 continua
1625 2942 1772 2976 ruerant.
1809 2941 1916 2975 Primi
1941 2941 2014 2976 folii

238 3004 347 3043 prima
373 3001 498 3044 pagina
521 3009 630 3036 vacua
653 3005 725 3040 θοις
752 3002 874 3034 ultima
899 3004 1016 3035 autem
1043 3001 1166 3043 pagine
1191 3001 1348 3042 plagulae
1373 3004 1489 3035 sextae
1507 3002 1599 3034 haud
1618 3011 1760 3044 prorsus
1781 3006 1943 3045 quartam
1957 3000 2014 3034 eui

237 3066 372 3103 partem
406 3060 546 3103 implet,
585 3061 751 3102 quoniam
786 3060 927 3102 qutdem
964 3065 1132 3097 quantum
1168 3068 1262 3093 nunc
1286 3064 1395 3094 exstat
1418 3060 1605 3094 Annalium
1632 3062 1680 3095 ibi
1705 3063 1844 3096 desinit.
1885 3060 2012 3094 Itidem

157 3163 159 3165 Ι
238 3122 358 3154 ultime
384 3121 541 3163 plagulae
567 3125 711 3161 quartae
739 3120 896 3154 decimae
923 3121 1069 3162 pagina,
1099 3126 1191 3162 quae
1216 3119 1258 3152 ad
1284 3119 1444 3153 Tacitum
1468 3122 1632 3162 pertinet,
1658 3122 1751 3155 haud
1776 3129 1916 3163 prorsus
1941 3122 2011 3154 tres

237 3185 353 3220 partes
381 3180 514 3221 impiet.
553 3178 683 3214 Omnes
707 3183 825 3213 autem
852 3181 997 3222 paginae
1015 3187 1077 3220 per
1093 3179 1194 3214 binae
1213 3179 1390 3214 columnae
1408 3181 1512 3215 modo
1530 3180 1674 3224 XXXV,
1701 3182 1806 3216 modo
1824 3177 2012 3215 XXXVIII

237 3247 401 3274 versuum
427 3240 645 3280 conscriptae
669 3243 763 3272 sunt.
801 3239 909 3272 Bur.

327 3295 364 3338 2)
388 3298 418 3331 Α
441 3298 542 3332 nobis
566 3302 709 3333 vocatur
732 3307 769 3331 a·

330 3357 368 3397 3)
394 3356 535 3391 Scilicet
560 3358 669 3392 editio
695 3356 904 3392 Beroaidina
930 3355 1106 3391 Bendinio
1131 3360 1183 3392 est
1206 3356 1299 3391 Piut.
1324 3355 1485 3392 LXVIII.
1511 3357 1597 3393 cod.
1625 3358 1688 3392 111.

328 3414 364 3459 4)
386 3415 495 3451 Nobi·
521 3421 575 3453 ent
597 3416 629 3452 b.
