2254 3770
732 619 787 667 P.
832 615 1255 668 CORNELII
1301 613 1610 664 TAclTl

611 746 1743 809 ANNALIUM

821 886 887 926 AB
914 884 1151 926 EXCESSU
1175 884 1279 924 DIVI
1303 882 1522 924 AUGUSTI

899 999 1055 1043 LIBER
1089 997 1451 1044 DUODECIMUS.

851 1252 1273 1296 BREVIARIUM
1308 1255 1502 1296 LIBRI.

281 1348 356 1385 cap.
378 1346 407 1376 4.
427 1345 457 1376 2.
485 1342 639 1373 Claudius
659 1342 701 1372 de
721 1342 928 1372 matrimonio
949 1350 1026 1372 cum
1052 1343 1178 1373 libertis
1203 1344 1371 1374 deliberat.
1404 1344 1433 1374 3.
1456 1345 1644 1385 Agrippina,
1672 1346 1855 1377 Germanici
1874 1348 1980 1378 fratris
1998 1349 2072 1378 eius

319 1398 400 1434 fllia,
432 1395 503 1425 aliis
523 1394 683 1431 praelata,
713 1392 747 1422 Ι..
770 1393 895 1432 Silano,
927 1395 980 1423 cui
1010 1394 1175 1431 desponsa
1194 1395 1342 1432 Octavia,
1374 1396 1509 1426 insidias
1535 1398 1647 1435 struit,
1672 1396 1701 1427 4.
1723 1398 1912 1428 administro
1932 1399 2070 1436 Vitellio,

319 1447 422 1479 5-7.
444 1447 539 1477 cuius
561 1445 684 1475 artibus
704 1445 828 1474 inducti
853 1448 987 1475 senatus
1015 1446 1225 1482 populusque
1244 1447 1389 1477 incestas
1409 1448 1537 1484 nuptias
1557 1449 1706 1485 probant.
1736 1449 1766 1478 8.
1786 1449 1914 1479 Silanus
1934 1452 2071 1480 mortem
2131 1465 2135 1471 ·

320 1499 382 1529 sibi
403 1497 589 1527 consciscit.
619 1495 747 1525 Seneca
767 1495 808 1525 ab
829 1496 945 1525 exsilio
965 1495 1069 1525 redux
1088 1497 1204 1526 studiis
1227 1496 1366 1526 Neronis
1387 1501 1527 1534 praeest.
1559 1497 1588 1528 9.
1610 1499 1666 1528 Cui
1686 1499 1908 1536 despondetur
1928 1499 2071 1531 Octavia.

359 1549 405 1579 40.
426 1547 532 1577 Parthi
553 1553 666 1583 regem
686 1545 788 1575 Roma
806 1547 920 1582 petunt
938 1545 1170 1576 Meherdatem.
1200 1547 1245 1576 44.
1267 1547 1370 1583 Quem
1390 1548 1525 1577 missum
1546 1555 1565 1578 a
1585 1548 1716 1578 Claudio
1731 1549 1861 1579 Cassius
1882 1550 1914 1579 in
1935 1557 2072 1588 regnum

322 1601 446 1630 ducere
467 1599 612 1627 conatur.
652 1596 701 1626 42.
722 1595 767 1626 43.
791 1596 904 1625 Obstat
922 1596 1011 1625 fraus
1030 1597 1146 1626 Acbari
1167 1599 1199 1626 et
1218 1596 1321 1626 Izatis.
1356 1596 1403 1627 44.
1424 1598 1536 1627 Victus
1555 1599 1760 1628 Meherdates
1780 1599 1905 1628 Gotarzi
1925 1599 2071 1630 traditur.

322 1651 391 1680 Hoc
410 1651 538 1678 mortuo
562 1653 700 1683 regnum
720 1646 752 1674 in
774 1645 959 1680 vononem,
986 1645 1062 1675 dein
1082 1645 1276 1685 Vologesem
1300 1649 1500 1677 transfertur.
1541 1648 1588 1678 45.
1608 1649 1798 1687 Mithridati,
1826 1657 1963 1686 regnum
1982 1650 2072 1680 Ponti

322 1701 511 1738 reciperare
530 1698 619 1734 nim,
647 1696 782 1726 Romani
807 1696 963 1725 resistunt
983 1699 1016 1725 et
1038 1696 1132 1733 Cotys
1153 1699 1186 1726 et
1205 1696 1368 1727 Eunones.
1409 1698 1456 1727 46.
1478 1698 1563 1735 Uspe
1582 1700 1665 1728 urbe
1689 1702 1799 1738 capta,
1828 1699 1875 1729 47.
1897 1700 1943 1731 48.
1965 1700 2073 1730 Zorsi-

322 1761 383 1784 nes
405 1750 525 1782 deserit
549 1748 785 1785 Mithridatem,
813 1747 870 1784 qui
895 1748 1034 1784 supplex
1058 1747 1199 1782 Eunoni,
1231 1748 1371 1778 19-24.
1393 1756 1453 1786 per
1472 1757 1550 1779 eum
1569 1757 1588 1779 a
1607 1751 1756 1787 principe
1775 1751 1903 1780 veniam
1924 1751 2074 1788 impetrat

322 1805 525 1838 Romamque
543 1799 746 1836 perducitur.

360 1854 408 1884 22.
429 1852 623 1889 Agrippinae
643 1849 767 1879 artibus
787 1848 885 1879 Lollia
905 1849 1024 1879 cedere
1046 1849 1133 1878 Italia
1154 1850 1300 1887 iubetur,
1328 1850 1499 1887 Calpurnia
1520 1851 1725 1887 pervertitur.
1761 1852 1808 1882 23.
1831 1852 1946 1882 Salutis
1967 1859 2074 1889 augu-

323 1907 421 1936 rium.
457 1903 642 1933 Pomerium
661 1901 752 1930 urbis
772 1901 943 1937 prolatum.
984 1900 1032 1931 24.
1052 1901 1282 1939 Memorantur,
1304 1902 1360 1938 qui
1381 1901 1458 1930 olim
1477 1903 1677 1939 protulerint.
1716 1902 1762 1933 25.
1784 1903 1869 1932 Nero
1883 1902 2042 1933 Domitius
2055 1911 2074 1934 a

325 1955 456 1986 Claudio
477 1954 649 1990 adoptatur
669 1952 860 1981 auctoritate
879 1952 1041 1982 Pallantis.
1071 1952 1119 1983 26.
1141 1952 1343 1982 Britannicus
1364 1953 1555 1991 depressus.
1585 1952 1632 1983 27.
1646 1954 1692 1983 28.
1709 1954 1839 1983 Colonia
1853 1954 1884 1983 in
1901 1953 1999 1983 Ubios
2012 1953 2076 1983 de-

324 2008 434 2037 ducta.
464 2004 563 2034 Chatti
584 2003 752 2032 latrocinia
772 2003 931 2039 agitantes
950 2004 1135 2033 vincuntur.
1165 2004 1213 2034 29.
1234 2003 1280 2034 30.
1304 2003 1445 2033 Vannius
1465 2004 1646 2034 Suevorum
1667 2012 1727 2034 rex
1746 2012 1765 2034 a
1784 2006 1853 2034 suis
1871 2005 1999 2042 pulsus.

361 2056 408 2086 34.
431 2055 466 2085 ln
485 2054 648 2084 Britannia
662 2053 832 2082 turbantes
846 2054 991 2090 reprimit
1005 2054 1152 2084 Ostorius
1165 2054 1292 2089 lcenos,
1314 2054 1361 2084 32.
1377 2054 1559 2092 Decangos,
1580 2054 1756 2091 Brigantes.
1786 2054 1918 2084 33-35.
1935 2054 2075 2085 Silurum

323 2114 436 2143 regem
463 2106 650 2135 Caratacum
675 2103 786 2134 vincit.
825 2103 873 2133 36.
895 2103 924 2133 Is
951 2104 1084 2135 Romam
1111 2106 1305 2144 perductus,
1342 2104 1390 2134 37.
1411 2107 1559 2135 mascule
1579 2106 1750 2136 Caesarem
1769 2106 1945 2143 alloquitur
1963 2109 1996 2136 et
2013 2114 2075 2136 ve—

323 2159 409 2187 niam
436 2156 595 2192 impetrat.
635 2154 682 2184 38.
704 2153 751 2184 39.
781 2154 922 2184 Britanni
950 2156 1036 2185 vires
1061 2159 1222 2193 reparant.
1265 2157 1411 2186 Ostorius
1437 2157 1579 2186 obtentis
1607 2157 1760 2193 triumphi
1789 2156 1971 2193 insignibus
1996 2156 2073 2186 obit.

324 2209 371 2240 40.
392 2209 428 2238 Ei
446 2206 560 2236 Didius
580 2206 749 2236 suffectus.
780 2205 905 2235 Bellum
926 2206 1116 2237 Intestinum
1136 2208 1263 2237 Venutii
1284 2210 1316 2237 et
1335 2208 1589 2238 Cartimanduae.

362 2258 410 2289 44.
435 2257 556 2286 Neroni
582 2256 685 2285 virilis
711 2258 783 2292 toga
808 2258 1002 2293 maturatur,
1034 2258 1219 2294 posthabito
1246 2257 1438 2287 Britannico.
1476 2256 1524 2287 42.
1546 2257 1665 2287 Burrus
1693 2258 1854 2294 praetorio
1877 2259 2074 2295 praefectus.

324 2310 517 2347 Agrippinae
536 2307 728 2343 arrogantia.
759 2307 885 2336 Vitellio
905 2302 1000 2338 favet·
1040 2307 1087 2338 43.
1108 2309 1254 2346 Prodigia
1274 2309 1404 2338 Romae.
1437 2308 1557 2338 Caritas
1579 2316 1738 2339 annonae.

364 2359 502 2390 44-47.
530 2358 655 2388 Bellum
680 2357 851 2387 Armenios
880 2358 963 2387 inter
982 2361 1014 2387 et
1034 2358 1182 2388 Hiberos.
1223 2359 1426 2388 Radamistus
1446 2358 1672 2389 Pharasmanis
1698 2359 1784 2388 filius
1804 2359 1944 2389 Hiberus
1963 2360 2077 2397 specle

327 2411 470 2441 foederis
489 2409 705 2438 Mithridatem
725 2410 856 2446 invadit,
871 2410 987 2439 vinclis
1007 2413 1130 2447 onerat,
1151 2410 1315 2440 interimit.
1342 2410 1390 2440 48.
1411 2410 1593 2446 Quadratus
1614 2410 1725 2447 Syriae
1745 2418 1878 2448 praeses
1898 2411 1941 2440 de
1953 2412 2078 2442 ultione

329 2461 498 2490 deliberat.
522 2457 569 2489 49.
589 2459 760 2494 Paelignus
773 2459 994 2489 Radamistum
1013 2463 1137 2490 temere
1156 2461 1283 2498 regium
1302 2461 1428 2498 insigne
1448 2468 1580 2490 sumere
1592 2461 1746 2490 hortatur.
1778 2460 1825 2492 50.
1842 2460 1947 2490 Parthi
1960 2461 2078 2491 Arme-

330 2512 417 2541 niam
438 2510 603 2540 invadunt.
635 2509 683 2538 54.
706 2509 912 2538 Radamistus
931 2517 949 2539 a
970 2511 1038 2539 suis
1056 2510 1197 2547 pellitur.
1219 2511 1362 2540 Zenobia
1376 2511 1496 2540 coniux
1515 2512 1556 2541 ab
1571 2519 1611 2541 eo
1624 2511 1792 2540 vulnerata
1806 2518 1904 2547 aegre
1917 2514 2075 2541 servatur.

367 2560 414 2591 52.
442 2560 557 2589 Furius
583 2559 814 2589 Scribonianus
839 2561 1013 2597 relegatus.
1053 2559 1108 2590 SC.
1135 2561 1178 2590 de
1203 2561 1451 2590 mathematicis.
1490 2560 1536 2590 53.
1565 2560 1618 2590 SC.
1647 2561 1858 2591 Claudianum
1887 2561 1928 2590 de
1948 2561 2077 2591 feminis

332 2619 418 2649 quae
445 2610 550 2640 servis
576 2609 861 2645 coniungerentur.
894 2610 1040 2639 Adulatio
1067 2611 1099 2640 in
1122 2611 1310 2642 Pallantem.
1348 2610 1396 2640 54.
1418 2610 1508 2640 Felix
1527 2613 1559 2640 et
1578 2609 1745 2641 Ventidius
1764 2612 1896 2641 turbant
1913 2611 2077 2642 iudaeam.

333 2662 514 2698 Quadratus
535 2660 677 2696 quietem
698 2660 817 2690 reddit.
849 2659 896 2691 55.
916 2660 1021 2690 Motus
1042 2662 1075 2691 in
1094 2661 1202 2691 Cilicia
1221 2661 1314 2690 sedat
1332 2668 1391 2691 rex
1409 2661 1597 2691 Antiochus.

369 2711 417 2741 56.
438 2711 485 2741 57.
514 2710 619 2740 Lacus
643 2710 786 2739 Fucinus
814 2711 956 2740 emissus
982 2713 1015 2740 et
1041 2711 1074 2740 in
1100 2719 1142 2740 eo
1170 2712 1285 2741 navale
1310 2712 1534 2748 spectaculum
1561 2714 1594 2741 et
1619 2712 1804 2741 convivium
1824 2718 1900 2741 cum
1920 2711 2077 2749 periculo.

333 2764 380 2794 58.
403 2762 489 2792 Nero
519 2762 609 2790 ducit
635 2761 811 2791 Octaviam.
851 2762 898 2791 59.
929 2761 1071 2791 Statilius
1098 2762 1221 2792 Taurus
1247 2769 1395 2792 eversus.
1435 2762 1481 2792 60.
1502 2762 1750 2793 procuratorum
1770 2763 1802 2792 in
1822 2762 1996 2800 provinciis
2017 2770 2080 2793 au-

329 2813 460 2843 ctoritas
480 2813 585 2841 aucta.
618 2811 665 2840 64.
688 2811 759 2841 Cois
780 2818 942 2842 concessa
964 2813 1160 2842 immunitas.
1192 2812 1241 2843 62.
1261 2812 1308 2842 63.
1329 2812 1490 2849 Byzantiis
1511 2813 1664 2842 tributum
1683 2813 1723 2842 ad
1743 2816 1873 2851 tempus
1891 2814 2077 2844 remissum.

329 2864 407 2894 Eius
429 2863 520 2893 urbis
545 2863 638 2891 situs.

366 2912 413 2943 64.
435 2912 583 2948 Prodigia
603 2912 796 2943 Claudianae
815 2913 918 2944 necis.
950 2913 998 2946 65.
1017 2913 1158 2951 Lepidae
1177 2921 1265 2943 mors
1279 2914 1409 2943 indicta.
1431 2913 1574 2943 Narcissi
1588 2914 1712 2943 liberae
1724 2921 1834 2944 voces.
1857 2913 1904 2944 66.
1919 2914 1966 2945 67.
1983 2915 2080 2945 Clau-

329 2964 422 2994 dium
446 2963 618 3000 Agrippina
643 2970 771 2992 veneno
797 2963 891 2996 tollit.
930 2964 976 2995 68.
1006 2963 1090 2994 Nero
1119 2965 1297 3002 primordia
1325 2964 1451 3001 imperii
1477 2964 1572 3001 capit.
1612 2963 1660 2993 69.
1682 2964 1790 2994 Funus
1816 2968 1849 2995 et
1876 2965 2079 2996 consecratio

330 3015 464 3046 Claudii.

369 3065 466 3096 Gesta
485 3067 569 3096 haec
588 3065 680 3095 annis
702 3072 780 3102 sex,
809 3065 841 3094 C.
863 3066 1017 3103 Pompeio
1043 3066 1078 3102 Q.
1100 3066 1255 3104 Veranio,
1285 3066 1317 3096 C.
1337 3066 1470 3096 Antistio
1495 3066 1536 3096 M.
1561 3065 1673 3095 Suillio
1693 3066 1791 3104 Rufo,
1823 3066 1867 3096 Ti.
1889 3065 2021 3096 Claudio
2041 3063 2078 3096 V.

331 3117 400 3147 Ser.
423 3116 571 3149 Cornelio
593 3115 701 3153 Orfito,
722 3115 755 3144 P.
778 3115 923 3146 Cornelio
945 3117 1033 3148 Sulla
1052 3117 1085 3148 L.
1108 3117 1215 3147 Salvio
1237 3117 1381 3154 Othone,
1403 3116 1438 3146 D.
1460 3116 1551 3148 lunio
1572 3116 1679 3147 Silano
1699 3117 1734 3154 Q.
1750 3116 1889 3156 BaterIo,
1909 3116 1952 3148 M.
1966 3115 2078 3146 Asinio

331 3168 481 3198 Marcello
501 3167 552 3197 M‘.
573 3166 673 3196 Acilio
693 3166 804 3196 Aviola
824 3173 909 3197 coss.
