2254 3770
328 314 410 359 5⁴4
805 318 850 362 P.
883 317 1134 362 CORNELII
1164 318 1335 363 TACITI
1364 319 1632 364 ANNALIUM

329 437 472 482 neque
513 430 653 468 tamen
685 424 773 468 sisti
814 424 968 482 potuit,
1011 425 1114 484 quin
1145 432 1187 469 et
1216 424 1423 469 Palatium
1452 432 1495 470 et
1523 426 1677 470 domus
1707 433 1750 471 et
1777 433 1931 471 cuncta
1959 426 2121 471 circum

328 498 612 544 haurirentur.
657 499 737 543 sed
767 499 974 544 solacium
1014 500 1174 559 populo
1206 501 1429 544 exturbato
1459 514 1510 545 30
1541 502 1719 561 profugo
1749 501 2121 573 campgffls

329 588 380 619 30
409 581 684 619 monumenta
713 576 945 634 Agrippae
987 575 1133 620 hortos
1163 576 1267 636 quin
1297 576 1803 638 eUQ-ffllOE-Qtv
1845 584 1889 621 et
1917 577 2123 622 subitaria

328 650 524 694 aedificia
563 651 765 702 extruxit,
769 665 949 711 quae
957 650 1267 695 multitudinem
1290 665 1513 712 inopem
1523 666 1613 696 300
1578 653 1788 731 Ν3010111
1829 652 2122 710 subvectaque

295 720 525 769 sutensilia
556 714 624 770 3Β
632 709 759 770 Ostia
774 732 816 770 et
834 727 1090 785 propinquis
1110 727 1370 784 municipiis,
1404 716 2123 802 PretfflfflQQfflR-Qmm

326 815 467 859 usque
498 800 552 844 ad
584 808 727 846 ternos
748 816 959 852 nummos.
991 816 1103 860 quae
1125 816 1386 861 quamquam
1407 802 1662 861 popularia
1651 818 1694 846 in
1717 803 1878 846 irritum
1900 802 2121 852 cadebant.

327 877 427 939 quia
457 883 722 943 pervaserat
737 891 888 935 rumor,
899 877 2158 947 ipsQ-LQQPQQ

326 953 1507 1022 CRHIQQQ
1531 955 1773 1011 praesentia
1803 953 1915 997 mala
1944 952 2123 997 vetustis

325 1012 520 1071 cladibus
551 1027 891 1072 adsimulantem.
939 1028 1020 1084 (40)
1052 1035 1172 1072 sexto
1203 1029 1375 1072 demum
1397 1028 1468 1072 die
1499 1029 1614 1087 apud
1645 1029 1752 1072 imas
1784 1028 1995 1087 Esquilias
2025 1028 2122 1071 finis

274 1116 311 1146 10
325 1102 523 1147 incendio
553 1103 704 1155 factus,
739 1103 926 1161 prorutis
956 1117 1035 1161 per
1066 1104 1305 1147 inmensum
1326 1103 1545 1156 aedificiis,
1579 1111 1624 1147 ut
1644 1105 1871 1149 continuae
1891 1103 2120 1148 violentiae

323 1191 501 1237 campus
532 1185 575 1222 et
603 1178 721 1223 velut
750 1193 933 1223 vacuum
963 1178 1130 1223 caelum
1164 1186 1424 1224 occurreret.
1470 1179 1656 1224 necdum
1685 1180 1850 1238 positus
1882 1186 2046 1231 metus,
2080 1185 2124 1223 et

322 1253 449 1299 rediit
477 1253 592 1298 haud
621 1254 758 1298 levius
789 1269 960 1298 rursum
991 1262 1210 1313 grassatus
1242 1255 1369 1313 ignis,
1401 1255 1557 1313 patulis
1585 1256 1721 1312 magis
1742 1255 1863 1299 urbis
1885 1254 2015 1307 locis;
2046 1267 2123 1298 eo-

322 1344 408 1388 que
438 1337 603 1387 strages
635 1330 854 1374 hominum
883 1330 1039 1382 minor,
1071 1329 1251 1374 delubra
1282 1330 1412 1374 deum
1443 1338 1485 1375 et
1516 1331 1707 1389 porticus
1735 1331 1979 1375 amoenitati
2005 1329 2124 1374 dica-

387 1458 419 1490 4.
445 1457 558 1490 domos
580 1457 613 1491 Μ
638 1475 674 1480 -
702 1457 734 1490 3.
760 1460 850 1490 ortos
871 1457 905 1491 M
932 1475 967 1480 —
994 1456 1026 1490 4.
1052 1457 1183 1500 edificia
1205 1458 1238 1491 M
1264 1476 1300 1482 —
1328 1459 1577 1499 suuectaqueM
1596 1477 1631 1482 -
1657 1460 1689 1491 5.
1710 1457 1930 1500 ptiumqueM
1949 1475 1984 1480 —
2012 1457 2043 1490 6.
2062 1465 2125 1498 que

321 1514 355 1547 M
380 1530 415 1537 —
442 1514 476 1546 7.
500 1514 631 1546 rumori
654 1514 725 1555 ipso
748 1514 782 1547 M
807 1531 843 1536 —
869 1513 902 1547 8.
919 1522 1053 1546 scenam
1073 1515 1105 1547 M
1124 1533 1160 1537 -—
1186 1514 1218 1546 9.
1237 1515 1404 1555 exquilias
1419 1516 1452 1549 M
1473 1534 1506 1539 —
1536 1515 1588 1548 40.
1613 1515 1765 1555 prorutis
1787 1516 1811 1547 1.
1832 1515 1886 1548 Fr.
1905 1513 2120 1547 Gronovius:

314 1571 489 1611 proruptis
511 1571 556 1604 M.
584 1570 635 1603 Cf.
663 1571 716 1611 42,
742 1570 796 1604 43.
827 1587 861 1594 -
888 1571 1026 1611 edificiis
1048 1571 1081 1603 M
1106 1588 1141 1594 —
1170 1571 1223 1603 44.
1248 1571 1347 1604 uelud
1370 1573 1404 1606 M
1429 1590 1464 1595 ——
1487 1572 1616 1613 positus
1636 1575 1741 1604 metus
1763 1574 1794 1604 et
1816 1572 1870 1604 Fr.
1894 1569 2022 1603 Iacob:
2050 1571 2125 1610 post

318 1629 424 1659 metus
446 1629 506 1658 aut
528 1627 561 1659 M
587 1644 623 1650 —
651 1627 704 1659 42.
729 1627 828 1660 rediit
852 1627 942 1659 haud
965 1625 1122 1660 Halmius
1148 1627 1238 1669 (post
1262 1628 1451 1667 Ritterum,
1478 1629 1539 1670 qui
1562 1628 1703 1670 scripsit
1725 1628 1811 1661 redit
1832 1627 1953 1668 haud):
1978 1625 2124 1658 rediebat

319 1683 354 1716 M
380 1701 415 1706 —
441 1682 545 1715 levius
573 1682 731 1725 Lipsius:
765 1682 843 1715 lebis
864 1683 899 1716 M
929 1682 1081 1724 (necdum
1109 1684 1236 1724 positus
1257 1687 1363 1717 metus
1385 1684 1476 1716 haud
1498 1685 1601 1717 levius
1623 1684 1778 1717 redibat:
1807 1691 1944 1716 rursum
1965 1683 2124 1715 Bezzen—

319 1737 468 1781 berger;
498 1739 637 1772 necdum
663 1740 792 1780 positus
819 1742 925 1772 metus
955 1742 1074 1772 auctus
1094 1739 1245 1772 redibat:
1276 1749 1393 1773 saevus
1413 1750 1552 1774 rursum
1576 1741 1710 1779 Haase;
1742 1740 1882 1773 necdum
1899 1739 2012 1782 posito
2033 1741 2124 1771 melu

317 1795 447 1828 redibat
468 1795 571 1828 levius
592 1804 731 1828 rursum
753 1794 932 1837 Hillerus.)
960 1814 994 1819 -
1022 1795 1074 1828 43.
1102 1793 1157 1829 dm
1178 1797 1211 1830 M
1238 1815 1272 1820 —
1299 1798 1413 1830 dicata
1434 1798 1554 1831 elatius
1576 1798 1620 1831 M.

317 1909 481 1949 sitoriam,
505 1918 588 1941 mox
600 1909 751 1942 incendio
768 1909 978 1950 absumptam
997 1910 1199 1942 restitutam-

319 1968 382 2000 que
409 1968 582 1992 auream
613 1959 703 2002 (vide
733 1959 823 1993 infra
851 1969 882 1992 0.
908 1960 967 2001 42)
997 1961 1194 1993 nominavit.

318 2010 477 2042 Priorem
495 2018 578 2052 ergo
603 2019 698 2042 nunc
722 2008 886 2051 intellige.
914 2011 1001 2043 L1ps.
1022 2029 1058 2034 —
1076 2019 1197 2043 monu-

318 2063 431 2093 menta
451 2059 632 2103 Agrippae]
658 2059 846 2102 magnifica
864 2061 897 2093 in
915 2069 1041 2103 campo
1058 2061 1195 2101 Martio,

319 2111 521 2153 Vipsaniam
538 2112 713 2153 porticum
730 2111 826 2151 (Hist.
848 2112 879 2151 4,
898 2111 963 2152 34),
991 2110 1195 2153 sepulcrum

320 2161 396 2202 (Dio
415 2160 469 2200 54,
489 2161 562 2202 28),
588 2161 767 2201 thermas,
793 2162 917 2203 saepta
943 2160 1024 2193 [ulia
1050 2161 1124 2201 (Dio
1139 2161 1194 2200 53,

318 2211 392 2253 23),
419 2212 655 2245 diribitorium
678 2212 753 2253 (Dio
777 2212 832 2253 55,
857 2212 889 2245 8.
916 2211 1002 2244 Plin.
1029 2212 1069 2244 N.
1093 2211 1133 2244 H.
1155 2211 1196 2244 46

318 2261 338 2303 ἓ
361 2262 438 2296 204.
464 2262 506 2295 36
530 2262 660 2304 5402),
685 2261 869 2295 basilicam
892 2262 1046 2304 Neptuni
1069 2270 1098 2294 s.
1117 2270 1196 2303 por-

318 2312 429 2345 ticum
445 2314 742 2354 Argonautarum,
761 2312 958 2345 Pantheum
975 2312 1052 2354 (Dio
1070 2311 1124 2350 53,
1139 2312 1192 2344 27.

317 2361 403 2396 Plin.
429 2363 470 2395 N.
496 2363 536 2395 H.
564 2361 606 2395 34
630 2361 649 2403 ἓ
674 2362 726 2395 43.
753 2362 795 2395 36
822 2362 841 2404 g
866 2362 933 2403 38).
962 2380 996 2384 —
1029 2361 1194 2402 utensilia]

318 2411 461 2445 cibaria.
494 2411 582 2444 Vide
613 2411 659 2444 ad
683 2413 714 2453 4,
740 2412 794 2444 70.
823 2429 860 2435 —
895 2414 1005 2444 ternos
1033 2410 1195 2452 nummos]

318 2462 353 2494 in
377 2461 549 2494 modium.
575 2460 733 2503 intellige
751 2463 872 2494 autem
890 2460 935 2494 de
955 2461 1110 2493 universi
1126 2460 1196 2492 fru-

318 2512 428 2544 menti
451 2511 585 2553 pretio‚
618 2521 690 2545 non
714 2511 832 2545 solum
856 2512 900 2544 de
926 2511 1104 2544 frumento
1128 2520 1196 2553 pu-

316 2560 430 2600 blico;
457 2569 541 2593 nam
557 2561 683 2601 etiam,
710 2562 770 2603 qui
785 2562 855 2594 hoc
871 2570 941 2594 non
959 2560 1192 2603 accipiebant,

316 2613 398 2654 post
420 2612 555 2644 tantam
578 2610 818 2645 calamitatem
842 2620 907 2654 per
929 2613 1072 2653 tempus
1096 2611 1193 2643 certe

317 2661 460 2704 aliquod
483 2661 695 2695 sublevandi
718 2664 830 2695 erant.
855 2680 890 2685 -
909 2662 1063 2694 cecinisse
1076 2661 1195 2693 Troia-

317 2721 398 2745 nwm
402 2712 614 2769 excidium]
624 2713 688 2745 Dio
713 2712 766 2752 62,
793 2713 853 2745 48·
892 2708 914 2744 ὁ
938 2707 1103 2758 Νέρων0
1093 2707 1133 2752 ἐς
1155 2720 1195 2744 τε

316 2760 362 2796 τὸ
393 2772 515 2810 ακρον
546 2760 614 2796 τοῦ
647 2761 856 2804 παλατίου,
893 2757 987 2795 ὅθεν
1024 2760 1195 2820 μάλιστα

318 2810 493 2847 σύνοπτα
511 2810 558 2846 τὰ
577 2810 700 2845 πολλὰ
715 2811 791 2845 τῶν
807 2814 1024 2856 καιομένων
1040 2805 1101 2856 ἦν,
1127 2808 1194 2844 ἀν-

317 2862 431 2907 ῆλθε,
461 2864 527 2896 καὶ
558 2860 629 2906 τὴν
662 2860 805 2905 σκευὴν
833 2860 904 2906 τὴν
934 2859 1194 2921 κιθαρωδικῆν

317 2911 447 2955 λαβών
469 2907 565 2971 ᾖσεν
580 2908 737 2954 ἅλωσιν,
763 2909 816 2955 ὦς
830 2913 902 2956 μὲν
918 2908 1040 2954 αὐτὸς
1054 2909 1193 2957 ἑλεγεν,

312 2960 445 3004 Ἰλίου,
470 2974 528 3005 ως
550 2961 591 2996 δὲ
614 2961 780 3009 ἑωρᾶτο,
809 2961 969 3006 Ῥώμης.
1007 2964 1194 2996 Suetonius

318 3023 349 3047 0.
375 3013 436 3046 38:
469 3014 538 3046 Hoc
567 3014 757 3046 incendium
779 3022 796 3045 e
822 3017 916 3046 turre
938 3013 1196 3045 Maecenatiana

311 3067 530 3106 prospectans
545 3063 715 3104 laetusque
728 3065 899 3105 flammae,
924 3067 961 3095 ut
976 3062 1099 3104 aiebat,
1121 3063 1196 3104 pul-

316 3115 518 3155 chritudine,
552 3115 682 3147 halosin
715 3114 767 3146 Ilii
803 3114 838 3146 in
871 3114 927 3146 illo
957 3122 1016 3146 suo
1045 3114 1194 3147 scaenico

316 3165 432 3198 babitu
454 3164 655 3197 decantavit.

359 3214 414 3248 40.
446 3217 539 3247 seoeto
570 3214 701 3247 demum
729 3213 782 3246 die
812 3212 894 3254 cet.]
930 3214 974 3245 At
1006 3214 1193 3246 Suetonius

315 3265 361 3306 (0.
388 3263 440 3305 38)
472 3263 520 3296 ait
544 3272 607 3304 per
636 3271 696 3296 sex
719 3262 786 3295 dies
806 3265 1001 3303 septemque
1022 3266 1132 3309 noctes
1154 3271 1195 3296 ea

315 3314 410 3346 clade
431 3315 615 3353 saevitum.
623 3314 784 3354 Uterque
807 3310 911 3356 longe
937 3310 1010 3343 abit
1033 3321 1052 3344 a
1071 3302 1204 3355 lapide

316 3364 451 3407 prisco,
478 3363 538 3406 qui
562 3371 721 3401 novenos
738 3355 999 3405 commemorat
1015 3360 1103 3400 dies,
1129 3364 1199 3396 Ro·—

317 3421 397 3446 mae
422 3412 468 3445 ad
490 3412 671 3446 basilicam
695 3412 787 3445 Petri
810 3411 1188 3453 (inscr.1.ut.n;736):

316 3463 406 3496 Haec
438 3470 522 3496 area
537 3478 587 3488 --
602 3463 755 3496 dedicata
781 3464 827 3495 est
854 3469 898 3494 ece
925 3464 1002 3494 voto
1031 3464 1190 3502 suscepto,

1246 1910 1334 1950 quod
1357 1910 1415 1943 diu
1436 1913 1510 1943 erat
1534 1910 1717 1951 neglectum
1730 1918 1791 1942 nec
1804 1908 1987 1948 redditum,
2012 1907 2124 1940 ineen-

1244 1961 1378 1993 diorum
1399 1961 1622 1993 arcendorum
1643 1968 1768 1999 causa,
1805 1959 1939 2001 quando
1959 1957 2041 1990 urbs
2055 1965 2145 2002 Α

1245 2019 1268 2041 n
1289 2019 1362 2042 vem
1385 2010 1453 2042 dies
1472 2010 1556 2042 arsit
1569 2009 1772 2042 Neronianis
1785 2007 1998 2049 temporibus.
2024 2007 2121 2040 Con-

1247 2019 1640 2092 emamus
1663 2059 1797 2101 potest,
1823 2058 1906 2099 quia
1925 2065 2008 2090 mox
2023 2055 2122 2089 addit

1246 2112 1365 2152 ignem
1394 2111 1550 2151 redisse,
1582 2111 1739 2152 primum
1762 2111 1801 2142 ut
1830 2108 2034 2142 incendium
2057 2115 2122 2140 sex

1245 2161 1386 2193 dierum
1409 2160 1531 2199 fuerit,
1557 2159 1708 2193 alterum
1726 2160 1844 2192 trium.
1870 2159 1958 2191 Lirs.
1978 2175 2015 2180 —
2035 2164 2122 2198 pro-

1244 2210 1339 2252 rutis]
1366 2210 1452 2243 Vide
1476 2211 1501 2243 1.
1520 2211 1574 2243 Fr.
1593 2210 1806 2243 Gronovium
1831 2208 1877 2241 ad
1901 2209 1932 2248 4,
1951 2207 2005 2241 68.
2031 2207 2123 2240 Dra-

1244 2260 1350 2293 kenb.
1377 2260 1423 2293 ad
1448 2260 1520 2293 Liv.
1546 2260 1579 2298 l,
1604 2260 1658 2292 29.
1689 2277 1724 2283 -
1758 2259 1896 2292 delubra
1917 2258 2014 2290 deum
2037 2255 2122 2297 eeu]

1245 2311 1473 2343 Rhetoricum
1490 2310 1646 2343 colorem
1664 2310 1718 2342 his
1735 2318 1804 2342 non
1820 2308 1912 2342 111310
1926 2306 2026 2341 dedit
2035 2307 2123 2339 Bur-

1244 2361 1347 2394 nouf:
1384 2362 1471 2393 mais
1500 2361 1545 2393 les
1575 2360 1709 2400 temples
1738 2360 1794 2392 des
1816 2360 1936 2398 dieu-v,
1967 2357 2055 2390 mais
2075 2356 2122 2389 les

1240 2412 1412 2452 perliques
1434 2411 1573 2444 destines
1594 2410 1618 2443 a
1638 2409 1833 2452 l'ayrement
1864 2407 2038 2441 luisset-ont
2055 2414 2122 2439 une

1240 2462 1318 2503 plus
1339 2465 1431 2494 vaste
1445 2461 1554 2493 ruine.
1576 2478 1612 2483 —
1632 2460 1785 2502 praediis
1802 2459 1948 2501 Tigillini
1961 2457 2122 2491 Aemilia-

1243 2513 1307 2553 nis]
1340 2520 1431 2553 quae
1463 2512 1497 2544 in
1520 2510 1723 2544 Aemilianis
1748 2511 1861 2552 posita
1885 2509 2006 2548 erant,
2040 2506 2120 2540 loco

1244 2563 1290 2595 ad
1318 2568 1484 2604 campum
1515 2562 1678 2595 Martium
1709 2562 1808 2593 extra
1831 2558 1971 2592 urbem.
2009 2557 2120 2590 vnn-o

1244 2614 1282 2646 R.
1309 2612 1346 2645 R.
1372 2612 1410 2653 3,
1439 2612 1480 2644 2.
1521 2620 1637 2644 eorum
1670 2611 1844 2652 aedificia,
1880 2609 1939 2650 qui
1971 2607 2122 2640 habitant

1244 2666 1345 2695 eoetra
1361 2665 1500 2703 portam
1513 2662 1769 2694 Flumentanam
1789 2664 1852 2694 aut
1865 2660 1900 2692 in
1913 2657 2118 2692 Aemilianis.

1244 2714 1388 2746 Sueton.
1416 2711 1538 2746 Claud.
1566 2712 1628 2744 ⁴8:
1659 2720 1736 2744 cum
1759 2710 1947 2744 Aemiliana
1971 2708 2122 2750 pertina-

1243 2764 1315 2796 cius
1344 2763 1521 2802 arderent,
1551 2762 1588 2794 in
1611 2761 1797 2794 diribitorio
1819 2760 1948 2793 duabus
1972 2757 2122 2792 noctibus

1242 2813 1376 2846 mansit.
1402 2814 1453 2845 De
1477 2811 1632 2854 Tigillino
1657 2811 1701 2844 ci.
1721 2811 1774 2851 ⁴4,
1792 2812 1846 2844 54.
1869 2828 1905 2834 -
1931 2808 2122 2842 embolim-

1244 2873 1306 2904 que
1329 2863 1411 2906 cet]
1438 2862 1610 2905 Sulpicius
1634 2863 1787 2895 Severus
1807 2862 1904 2894 Sacr.
1923 2859 2009 2892 nist.
2025 2858 2059 2898 2,
2076 2857 2119 2891 2⁹

1244 2914 1423 2946 mutuatus
1447 2913 1515 2945 hoc
1539 2913 1593 2945 est
1615 2920 1635 2944 a
1660 2912 1799 2944 Tacito:
1825 2911 1890 2943 Sed
1911 2910 2024 2950 opinio
2046 2915 2121 2941 om-

1243 2964 1337 2996 nium
1359 2962 1522 2995 invidiam
1544 2962 1686 2995 incendii
1706 2962 1742 2994 in
1753 2961 1940 3002 principem
1951 2962 2121 2999 retorque-

1244 3014 1318 3054 bat,
1351 3013 1610 3053 credebaturque
1641 3012 1825 3053 imperator
1853 3010 1998 3053 gloriam
2021 3009 2120 3041 inno-

1242 3063 1375 3096 vandae
1397 3062 1489 3101 urbis
1512 3063 1689 3103 quaesisse.

1286 3112 1341 3146 4⁴.
1367 3113 1526 3145 domuum
1550 3115 1581 3144 et
1602 3110 1802 3151 insularum]
1825 3109 1914 3142 Vide
1938 3107 1985 3142 ad
2007 3116 2039 3142 0.
2060 3107 2116 3141 38.

1243 3163 1431 3196 Suetonius
1448 3172 1480 3196 0.
1498 3162 1557 3195 38:
1586 3162 1673 3194 Tunc
1692 3164 1830 3202 praeter
1849 3161 2044 3193 immam
2056 3166 2119 3190 nu-

1241 3222 1372 3246 merum
1386 3213 1575 3246 insularum
1589 3213 1705 3245 domus
1717 3212 1906 3252 priscorum
1925 3209 2048 3242 dueum
2060 3217 2119 3241 ao*-

1243 3266 1356 3297 serwnt
1377 3262 1546 3296 hostilibus
1570 3263 1679 3295 adhuc
1695 3261 1810 3303 spoliis
1831 3261 2017 3294 adornatae
2037 3259 2118 3292 doo-

1242 3321 1384 3353 rumque
1405 3313 1501 3345 aedes
1523 3311 1565 3344 ab
1587 3311 1720 3354 regibus
1742 3319 1784 3343 ac
1806 3309 1922 3343 daim
1935 3308 2067 3341 Punicis
2086 3310 2119 3341 el

1244 3362 1383 3396 Gallicis
1410 3362 1499 3395 bellis
1529 3364 1625 3394 votae
1648 3361 1883 3399 mutaeque
1904 3361 1936 3391 et
1957 3357 2119 3398 quidquid

1241 3412 1412 3445 visendum
1433 3414 1534 3452 atque
1556 3409 1827 3443 munerabiloeae
1841 3408 2044 3447 antiquitate
2058 3407 2119 3440 du-

1243 3464 1395 3494 raverat.
1423 3478 1459 3485 —
1492 3460 1581 3501 quod
1602 3459 1742 3492 Servius
1766 3457 1889 3490 Minis
1909 3456 2034 3500 Lunae]
2058 3455 2118 3489 Li-

2247 2278 2254 2332 i
