2254 3770
733 263 888 308 LIBER
917 264 967 307 ΙΙ.
1027 263 1128 320 Cap.
1158 264 1225 306 50.
1256 262 1323 306 511.
1355 263 1421 308 52.
1461 332 1463 334 Ι
1895 261 1975 305 443

185 372 397 424 desertor,
427 385 561 430 vagos
589 371 774 430 primum
804 377 847 415 et
876 369 1107 414 latrociniis
1137 375 1283 414 suetos
1314 370 1367 414 ad
1398 368 1602 428 praedam
1634 375 1676 413 et
1703 373 1850 426 raptus
1872 382 1975 413 con-

184 462 379 507 gregare,
411 447 509 491 dein
539 461 658 492 more
688 447 860 491 militiae
890 460 971 504 per
1000 445 1152 490 vexilla
1184 452 1226 490 et
1257 452 1419 490 turmas
1441 458 1722 504 componere,
1754 451 1973 503 postremo

184 538 266 568 non
283 523 528 568 inconditae
558 523 709 567 turbae
742 522 818 567 sed
840 521 1190 566 Musulamiorum
1212 521 1299 564 dux
1329 521 1490 566 haberi.
1540 521 1681 566 valida
1712 534 1763 565 ea
1794 534 1900 579 gens
1931 525 1975 564 et

183 598 481 644 solitudinibus
517 598 679 643 Africae
720 598 979 656 propinqua,
1020 596 1138 641 nullo
1175 597 1304 641 etiam
1345 603 1434 642 tum
1472 597 1642 642 urbium
1684 596 1818 648 cultu,
1860 595 1974 654 cepit

182 688 297 719 arma
338 674 596 732 Maurosque
634 673 804 718 accolas
844 673 884 716 in
928 673 1086 718 bellum
1121 673 1256 716 traxit.
1308 672 1394 716 dux
1435 680 1478 717 et
1513 673 1578 717 his
1609 673 1814 731 Mazippa.
1864 672 1972 716 divi·
2004 684 2024 714 5

180 763 342 808 susque
371 751 606 801 exercitus,
638 756 684 792 ut
709 749 949 793 Tacfarinas
980 748 1113 793 lectos
1143 749 1260 792 viros
1291 755 1333 792 et
1357 750 1594 793 Romanum
1624 749 1666 792 in
1695 748 1870 792 modum
1903 762 1972 792 ar-

179 832 316 870 matos
345 825 496 870 castris
534 825 745 876 attineret,
790 824 1040 883 disciplinae
1081 830 1124 868 et
1162 824 1352 882 imperiis
1383 831 1623 874 suesceret,
1664 825 1855 882 Mazippa
1885 823 1969 868 levi

180 915 276 946 cum
307 901 431 959 copia
460 900 658 945 incendia
690 906 734 944 et
764 900 921 944 caedes
952 907 994 944 et
1017 906 1227 944 terrorem
1248 900 1552 945 circumferret.
1603 900 1970 959 conpulerantque

179 975 404 1027 Cinithios,
447 976 558 1020 haud
591 976 876 1034 spernendam
906 976 1142 1026 nationem,
1174 975 1216 1018 in
1247 976 1420 1028 eadem,
1455 990 1554 1021 cum
1583 977 1736 1020 Furius
1767 975 1969 1021 Camillus

178 1066 258 1110 pro
288 1051 466 1097 consule
495 1052 660 1096 Africae
690 1052 921 1110 legionem,
966 1058 1008 1096 et
1037 1051 1154 1110 quod
1192 1051 1273 1095 sub
1311 1051 1441 1110 signis
1483 1052 1717 1103 sociorum,
1757 1052 1799 1095 in
1835 1066 1969 1095 unum
1984 1060 2021 1090 ⁴0

180 1127 414 1172 conductos
435 1127 488 1171 ad
509 1127 675 1171 hostem
697 1127 831 1179 duxit,
863 1127 1074 1172 modicam
1095 1141 1279 1178 manum,
1302 1127 1338 1170 si
1358 1127 1669 1172 multitudinem
1688 1127 1968 1172 Numidarum

180 1209 308 1262 atque
338 1204 583 1247 Maurorum
613 1210 853 1262 spectares:
891 1203 969 1247 sed
999 1202 1101 1246 nihil
1132 1217 1271 1261 aeque
1303 1203 1535 1247 cavebatur
1564 1217 1691 1262 quam
1722 1217 1777 1247 ne
1808 1202 1968 1247 bellum

180 1285 292 1323 metu
331 1278 566 1323 eluderent.
618 1293 695 1337 spe
724 1280 928 1324 victoriae
969 1278 1129 1322 inducti
1161 1285 1259 1322 sunt
1287 1285 1333 1323 ut
1361 1279 1646 1324 vincerentur.
1699 1279 1827 1337 igitur
1854 1278 1967 1338 legio

178 1354 339 1406 medio,
371 1354 489 1399 leves
520 1354 719 1399 cohortes
749 1355 949 1413 duaeque
970 1354 1062 1398 alae
1083 1355 1126 1397 in
1147 1355 1349 1399 cornibus
1369 1354 1575 1399 locantur.
1625 1369 1706 1400 nec
1727 1355 1967 1400 Tacfarinas

179 1444 367 1488 pugnam
395 1430 656 1475 detrectavit.
705 1430 784 1475 susi
815 1430 1041 1483 Numidae,
1079 1430 1322 1489 multosque
1358 1438 1457 1489 post
1486 1445 1620 1475 annos
1650 1431 1778 1475 Furio
1806 1430 1967 1475 nomini
1981 1440 2019 1470 ⁴5

242 1569 275 1602 3.
298 1569 433 1602 musula
452 1569 621 1602 maiorum
642 1570 694 1607 M:
718 1570 985 1603 Musulamorum
1007 1578 1143 1612 margo.
1175 1569 1226 1603 Cf.
1251 1569 1284 1612 4,
1308 1569 1363 1604 24.
1391 1587 1429 1595 -
1456 1571 1570 1604 Valide
1592 1580 1695 1613 agens
1715 1572 1750 1605 M
1773 1571 1908 1614 (Valida
1927 1580 1970 1605 ea

177 1635 257 1669 qens
278 1626 415 1668 margo)
442 1644 479 1651 —-
515 1627 547 1660 7.
571 1627 764 1668 disciplinae
790 1628 959 1661 Pichena:
985 1628 1162 1669 disciplina
1184 1628 1218 1661 M
1241 1645 1278 1651 —
1311 1627 1343 1660 9.
1373 1628 1530 1662 Cinithios
1550 1627 1760 1662 Beroaldus:
1796 1629 1914 1662 enitios
1934 1628 1970 1663 M

180 1683 208 1725 (α
220 1692 265 1717 an
286 1683 505 1725 cyniphios‘ln
530 1683 664 1725 margo)
692 1701 728 1708 -
755 1684 808 1718 44.
832 1693 971 1717 manum
992 1684 1239 1717 similitudinem
1259 1684 1305 1718 Μ.

178 1802 357 1836 seeundum
391 1802 479 1835 hane
511 1802 614 1845 leqem
650 1802 800 1843 habebit,
842 1803 1046 1845 praefertor.
1096 1806 1147 1836 ret
1168 1803 1316 1836 militiae.
1357 1803 1417 1844 43,
1441 1801 1501 1835 42τ
1534 1802 1652 1836 studiis
1672 1802 1832 1836 inertibus
1861 1805 1892 1836 et
1911 1802 1969 1835 iu-

181 1853 287 1895 (Bach
314 1853 396 1885 Hist.
421 1853 557 1894 iurispr.
583 1854 621 1886 Β.
651 1862 686 1896 p.
716 1853 807 1895 343.)
842 1853 893 1887 Cf.
918 1854 957 1895 3,
990 1854 1046 1887 25.
1095 1862 1215 1887 venum
1236 1853 1413 1895 inperitiae
1438 1856 1576 1886 suetum.
1626 1854 1685 1894 45,
1717 1853 1777 1886 34ε
1809 1856 1970 1886 externae

179 1902 234 1936 28.
261 1903 314 1943 45,
333 1902 385 1936 49.
411 1902 496 1936 Plin.
514 1903 602 1946 Epp.
621 1904 654 1944 7,
679 1904 737 1936 ⁴6:
763 1904 821 1937 Ille
845 1903 1048 1944 (Calestrius

179 1952 271 1994 Tiro)
299 1961 352 1986 me
378 1953 413 1986 in
444 1953 617 1986 tribunatu
645 1954 824 1987 liberorum
851 1955 926 1988 iure
944 1964 1050 1996 prae-

181 2003 284 2036 cessit.
346 2003 452 2045 (Quid
490 2004 526 2036 in
562 2004 761 2047 municipiis
798 2005 883 2039 iuris
920 2005 1047 2046 fuerit,

180 2052 286 2086 docet
307 2052 426 2086 tabula
449 2053 654 2087 Malacitana
679 2054 747 2095 (ed.
770 2055 914 2088 Henzen
937 2056 1048 2089 Inscr.

180 2104 268 2136 Latt.
298 2103 376 2136 Vol.
401 2104 458 2136 111.
493 2113 529 2147 p.
560 2104 625 2138 525
653 2113 688 2137 n.
721 2104 832 2147 742⁴.)
871 2114 948 2148 cap.
985 2107 1047 2139 56:

180 2153 218 2186 R.
237 2153 323 2194 Quid
341 2154 381 2186 de
394 2154 444 2186 his
454 2154 530 2196 fieri
545 2157 712 2196 oporteat,
737 2155 796 2196 qui
809 2157 1050 2198 suffragiorum

178 2212 316 2236 numero
334 2213 437 2245 pares
457 2208 565 2237 erunt.
590 2222 642 2230 --
658 2213 727 2245 qua
748 2205 783 2238 in
805 2206 904 2238 curia
916 2207 1050 2239 totidem

178 2253 344 2296 sum-apia
376 2254 441 2287 duo
470 2254 623 2295 pluresve
654 2254 846 2297 habuerint,
886 2257 1048 2290 maritum

179 2304 277 2345 quive
303 2304 505 2336 maritorum
532 2313 670 2338 numero
700 2306 763 2338 erit
792 2306 910 2339 caelibi
932 2306 1051 2339 liberos

180 2362 248 2385 non
270 2353 400 2386 habenti
422 2354 479 2395 qui
500 2355 702 2388 maritorum
723 2365 862 2389 numero
884 2366 950 2389 non
973 2357 1048 2398 erit,

178 2403 348 2437 habentem
375 2403 492 2436 liberos
519 2414 587 2437 non
608 2405 758 2447 habenti,
790 2407 904 2447 plures
931 2406 1050 2440 liberos

178 2453 348 2486 habentem
374 2454 552 2494 pauciores
576 2455 708 2488 habenti
725 2457 895 2499 praeferto
925 2457 965 2499 (is
988 2457 1049 2499 qui

179 2511 223 2536 ea
239 2504 379 2537 comitia
396 2503 551 2546 habebit)
573 2506 785 2547 prioremque
801 2508 973 2548 nuntiato,
998 2508 1048 2540 ita

178 2557 216 2586 ut
237 2554 306 2586 bini
327 2554 421 2587 liberi
438 2558 516 2596 post
537 2564 654 2589 nomen
684 2557 862 2598 inpositum
891 2561 950 2590 aut
977 2558 1049 2590 sin-

178 2603 249 2646 9¹uli
277 2603 417 2645 puberes
451 2605 564 2638 amissi
597 2606 703 2640 virive
731 2611 879 2648 potentes
907 2608 1049 2641 amissae

173 2662 240 2695 pro
262 2654 400 2696 singulis
422 2655 595 2696 sospitibus
614 2658 854 2699 numerentur.)

221 2704 275 2736 52.
295 2713 359 2745 per
378 2705 503 2738 vet-illa
524 2709 556 2738 et
577 2708 722 2751 turmas]
746 2717 812 2750 per
831 2707 956 2741 vexilla
980 2718 1048 2751 pe-

177 2751 308 2794 ditem,
348 2755 504 2796 equitem
545 2765 610 2798 per
648 2758 793 2791 turmas.
841 2758 1048 2791 Aemulatur

176 2802 355 2844 superbus
385 2804 534 2837 Numida
562 2805 724 2840 ordinem
747 2806 864 2841 militis
890 2807 1047 2850 legiona-

175 2852 236 2884 rii:
262 2852 311 2885 ibi
335 2854 431 2886 enim
445 2855 572 2887 vexilla
595 2857 630 2888 et
645 2860 795 2898 turmae,
820 2857 915 2900 apud
930 2858 1046 2891 socios

175 2902 274 2943 siqua
294 2903 368 2936 sive
390 2904 538 2937 cohortes
561 2906 597 2938 et
619 2907 706 2939 alae.
736 2907 822 2940 Inde
845 2916 928 2940 mox
950 2909 1047 2941 lectos

174 2952 266 2984 viros
285 2955 316 2985 et
331 2953 517 2986 Romanum
530 2955 566 2987 in
579 2957 715 2989 modum
730 2961 891 2990 armatos.
909 2959 1043 3003 βιττκιι.

181 3017 218 3025 -
243 3002 532 3047 Musulamiorum]
557 3006 651 3038 Pone
669 3006 800 3039 Cirtam
817 3007 863 3040 ad
877 3009 1046 3041 Austrum

176 3051 244 3084 sub
267 3051 367 3085 Audo
391 3054 510 3086 monte
539 3062 620 3088 eam
642 3058 784 3097 gentem
815 3056 907 3090 locat
928 3057 1046 3090 Ptole-

176 3109 302 3135 maeus
323 3100 602 3146 Μισουλάμους
623 3113 756 3139 vocans
771 3105 804 3146 4,
829 3106 862 3147 3,
886 3106 946 3145 21η
971 3115 1047 3139 ma-

177 3152 229 3191 gis
244 3151 290 3184 ad
305 3160 475 3186 occasum
491 3154 650 3194 Tacitus,
668 3156 796 3189 Mauris
812 3156 1042 3198 propinquos.

177 3199 218 3233 In
246 3209 307 3234 ora
338 3203 575 3236 Mauretaniae
604 3204 777 3236 maritima
806 3204 1045 3238 Musulubium

179 3249 322 3285 Horrea.
349 3253 468 3286 Onam„
494 3272 538 3278 —
565 3254 770 3295 Maurosque
791 3256 939 3296 accolas]
974 3264 1045 3288 non

181 3307 304 3335 omnes
319 3303 471 3343 Mauros,
493 3303 557 3336 sed
574 3312 649 3343 eos,
667 3305 727 3346 qui
742 3304 968 3338 Musulamios
984 3314 1047 3338 ac-

182 3347 355 3384 colebant.
368 3369 413 3376 —
427 3353 619 3394 disciplinae
633 3356 664 3386 et
678 3354 836 3397 imperiis]
860 3355 911 3388 De
928 3354 1045 3388 dativo

183 3395 227 3430 ef.
249 3399 283 3440 4,
306 3399 366 3433 3⁴:
390 3401 547 3436 lasciviae
566 3406 672 3438 sueta.
712 3404 744 3444 2,
770 3403 831 3439 44:
857 3408 897 3438 ut
916 3413 1044 3439 suesce-

249 3465 390 3502 'ncirus
409 3469 438 3503 1.

1096 1905 1271 1946 superbiae
1285 1907 1387 1938 sueto.
1413 1904 1500 1937 Hist.
1518 1905 1552 1945 2,
1579 1904 1641 1937 32:
1667 1913 1812 1946 corpora
1826 1905 1970 1937 militum

1097 1958 1158 1987 aut
1177 1955 1297 1988 Italiae
1327 1957 1422 1988 sueta
1455 1957 1515 1987 aut
1548 1954 1700 1987 aestibus.
1728 1972 1764 1978 -
1796 1953 1967 1996 suesceret]

1097 2006 1279 2038 transitive
1324 2014 1391 2048 pro
1436 2005 1683 2047 adsuefaceret,
1737 2005 1838 2038 cuius
1882 2013 1969 2038 usus

1098 2054 1260 2098 exempla
1291 2055 1394 2088 affert
1415 2054 1593 2088 Bentleius
1623 2055 1670 2088 ad
1692 2055 1813 2089 Horat.
1838 2056 1908 2088 Sat.
1935 2056 1967 2097 4,

1098 2105 1130 2146 4,
1151 2107 1238 2155 405ἰ
1259 2104 1354 2138 nullo
1370 2106 1463 2139 enim
1479 2107 1584 2148 pacto
1600 2114 1683 2138 cum
1699 2105 1774 2139 aliis
1790 2105 1836 2139 ad
1851 2106 1970 2148 ipsum

1098 2155 1355 2189 Tacfarinatem
1377 2155 1501 2188 referri
1524 2156 1654 2198 potest.
1674 2173 1711 2180 -
1737 2156 1801 2189 levi
1821 2165 1898 2188 cum
1917 2164 1971 2188 co-

1092 2206 1166 2247 pia]
1195 2205 1299 2248 Apud
1321 2206 1455 2239 Livium
1485 2205 1642 2248 aliosque
1673 2206 1843 2239 usitatum
1865 2214 1971 2238 voca-

1097 2255 1220 2289 bulum
1245 2257 1299 2289 est
1322 2256 1401 2289 levis
1422 2260 1620 2295 armatura;
1646 2256 1712 2289 sed
1734 2256 1847 2289 verbo
1871 2256 1969 2296 copia

1097 2314 1196 2339 num.
1214 2306 1302 2348 sing.
1322 2308 1521 2339 armaturae
1547 2307 1583 2339 et
1599 2306 1817 2339 exercituum
1835 2305 1970 2348 signifi-

1098 2357 1234 2390 catione
1258 2357 1368 2389 utitur
1389 2357 1529 2390 Tacitus
1553 2357 1659 2389 etiam
1677 2355 1709 2397 4,
1735 2356 1755 2390 4
1772 2357 1808 2389 et
1822 2357 1877 2389 27.
1915 2356 1967 2389 Cf.

1098 2407 1222 2439 Cicero
1246 2415 1310 2448 pro
1333 2408 1477 2439 Murena
1501 2408 1520 2449 ἓ
1544 2407 1597 2439 78.
1625 2407 1814 2449 Pompeius
1837 2406 1872 2439 in
1896 2406 1969 2448 epi-

1097 2456 1196 2490 stulis
1227 2456 1272 2488 ad
1302 2457 1369 2489 Att.
1403 2457 1440 2497 8,
1473 2457 1515 2489 ⁴2
1545 2457 1591 2495 A,
1624 2457 1654 2489 4.
1680 2457 1712 2490 3.
1738 2456 1771 2490 4.
1805 2457 1849 2496 C,
1877 2457 1907 2489 4.
1932 2457 1967 2489 2.

1101 2523 1137 2530 -
1157 2506 1324 2548 Cinithios]
1348 2507 1590 2540 Memorantur
1605 2507 1712 2539 etiam
1728 2515 1749 2538 a
1764 2505 1968 2539 Ptolemaeo

1097 2555 1130 2595 4,
1156 2557 1188 2595 3,
1213 2557 1275 2588 22:
1301 2553 1383 2589 εἶτα
1404 2556 1518 2602 μέχρι
1540 2556 1611 2599 τῆς
1632 2553 1773 2603 μικρᾶς
1794 2553 1968 2602 Σύρτεως

1097 2604 1322 2646 Μάχυνοι.
1370 2607 1436 2639 καὶ
1473 2603 1535 2639 ὑπ’
1572 2603 1697 2649 ,αὐτὴν
1734 2606 1965 2648 Κινίθιοι,

1096 2657 1163 2690 καὶ
1196 2653 1517 2703 ἆνατολικώτεροι
1549 2657 1665 2703 μέχρι
1695 2654 1766 2689 τοῦ
1788 2654 1965 2697 Κινύφου

1098 2706 1275 2750 ποταμοῦ
1299 2707 1337 2740 N
1340 2708 1456 2751 ιγίτι
1464 2716 1547 2750 μοι
1570 2707 1636 2739 καὶ
1659 2707 1744 2753 περὶ
1763 2704 1883 2740 αὐτὸν
1897 2704 1966 2740 τὸν

1098 2754 1274 2800 ποταμὸν
1296 2755 1598 2800 Λωτοφάγοι.
1631 2756 1681 2790 Cf.
1707 2756 1793 2790 Plin.
1810 2759 1850 2790 N.
1869 2758 1909 2790 H.
1930 2758 1964 2798 5,

1096 2807 1115 2849 S
1139 2808 1192 2840 302
1227 2826 1263 2831 —
1293 2808 1417 2840 Furius
1446 2806 1623 2849 Camillus]
1655 2807 1699 2840 M.
1726 2807 1849 2839 Furius
1877 2808 1913 2840 P.
1939 2806 1963 2839 f.

1095 2860 1132 2891 P.
1158 2867 1193 2890 n.
1221 2856 1404 2898 Camillus,
1442 2856 1562 2890 consul
1594 2865 1625 2888 a.
1659 2864 1694 2888 u.
1723 2857 1800 2889 764.
1834 2873 1870 2879 -
1900 2865 1965 2897 pro

1094 2908 1240 2950 consule]
1274 2906 1442 2940 Additum
1475 2906 1677 2949 provinciae
1711 2914 1842 2939 nomen
1873 2906 1963 2939 adeo

1093 2957 1271 2990 insolitum
1294 2955 1483 2988 videbatur
1497 2956 1676 2995 Ernestio,
1701 2957 1741 2988 ut
1762 2957 1966 2989 restitueret

1093 3007 1198 3050 Lipsii
1216 3006 1408 3047 proconsul.
1453 3006 1498 3038 At
1519 3005 1564 3038 cf.
1589 3005 1630 3046 3,
1655 3005 1715 3038 38:
1749 3014 1814 3046 pro
1834 3005 1965 3037 consule

1094 3057 1220 3090 Cretae.
1239 3055 1271 3096 4,
1297 3055 1355 3088 73:
1382 3055 1552 3097 inferioris
1567 3056 1769 3088 Germaniae
1787 3064 1852 3096 pro
1863 3063 1965 3095 prae-

1093 3111 1174 3140 tore.
1215 3106 1278 3148 (Ab
1314 3104 1389 3138 aliis
1423 3106 1607 3148 genetivus
1634 3105 1769 3147 Africae
1803 3113 1884 3138 cum
1915 3105 1963 3137 le-

1092 3151 1223 3199 gionem
1244 3156 1413 3197 iungitur,
1450 3164 1557 3196 quem
1587 3154 1633 3187 ad
1665 3154 1811 3187 modum
1835 3153 1963 3187 eadem

1094 3205 1184 3247 legio
1215 3206 1282 3246 (111.
1312 3205 1478 3246 Augusta)
1513 3204 1643 3237 dicitur
1670 3204 1755 3245 legio
1783 3204 1820 3235 in
1847 3203 1966 3245 Africa

1095 3256 1181 3288 Hist.
1206 3256 1248 3296 2,
1272 3255 1325 3288 97.
1365 3253 1404 3295 4,
1435 3253 1492 3289 48.
1514 3253 1584 3295 49.)
1617 3272 1653 3291 -,
1685 3253 1721 3285 in
1749 3261 1853 3285 unum
1881 3262 1964 3286 con-

1093 3304 1222 3347 ductos]
1254 3313 1319 3347 pro
1341 3307 1529 3337 contractos
1549 3304 1663 3335 rarius
1687 3311 1773 3335 sane
1797 3303 1868 3343 est,
1897 3303 1963 3336 sed

1093 3355 1270 3397 reperitur
1299 3355 1405 3387 etiam
1429 3353 1467 3394 4,
1497 3352 1552 3386 47.
1584 3369 1622 3376 -
1658 3360 1700 3384 ne
1730 3351 1847 3384 bellum
1874 3356 1966 3386 metu

1090 3403 1267 3446 eluderent]
1290 3403 1313 3437 i.
1331 3412 1364 3437 e.
1384 3412 1429 3437 ne
1452 3401 1585 3436 bellum
1607 3401 1732 3434 hostes
1752 3404 1844 3435 metu
1855 3403 1966 3436 evita-

1646 3466 1676 3510 8
