2254 3770
729 229 885 274 LIBER
913 228 1016 275 xlv.
1061 229 1160 288 Cap.
1191 229 1258 274 44.
1289 229 1356 274 45.
1386 229 1454 274 46.
1893 230 1970 277 474

196 339 307 382 inter
333 343 536 382 nocentes
565 351 707 396 agere.
749 342 948 396 suspecta
977 335 1211 380 maioribus
1239 337 1394 381 nostris
1429 336 1600 381 fuerunt
1627 337 1797 396 ingenia
1827 351 1976 382 servo-

195 428 291 457 rum
325 412 451 457 etiam
490 426 588 456 cum
622 413 665 456 in
703 413 815 470 agris
851 418 925 456 aut
952 411 1150 455 domibus
1186 411 1324 456 isdem
1360 418 1641 457 nascerentur
1669 413 1974 472 caritatemque

194 484 463 533 dominorum
491 488 630 532 statim
661 488 914 546 acciperent.
958 493 1186 546 postquam
1213 501 1317 531 vero
1346 488 1538 532 nationes
1574 488 1617 531 in
1646 487 1814 532 familiis
1842 489 1975 532 habe-

193 578 305 615 mus,
337 563 494 621 quibus
524 563 680 608 diversi
711 564 838 616 ritus,
870 569 1045 607 externa
1074 576 1196 607 saera
1226 569 1298 606 aut
1318 563 1433 607 nulla
1453 570 1572 615 sunt,
1605 563 1831 608 colluviem
1851 564 1973 608 istam

192 652 276 682 non
307 639 388 682 nisi
418 645 535 683 metu
564 639 823 683 coercueris.
861 645 903 683 at
932 637 1106 696 quidam
1136 638 1326 683 insontes
1356 639 1569 697 peribunt.
1598 653 1695 683 nam
1727 645 1769 684 et
1797 653 1850 684 ex
1878 640 2005 685 fusos

192 714 381 758 exercitu
401 727 499 758 cum
519 713 710 758 decimus
730 714 915 773 quisque
933 713 1030 758 fusti
1049 713 1214 765 feritur,
1244 714 1371 758 etiam
1391 715 1550 759 strenui
1572 715 1815 759 sortiuntur.
1847 715 1975 759 habet

189 788 350 848 aliquid
380 803 435 834 ex
459 789 608 847 iniquo
637 802 763 833 omne
793 803 991 847 magnum
1021 788 1281 847 exemplum,
1323 790 1439 848 quod
1471 796 1616 846 contra
1645 789 1835 849 singulos
1863 790 1974 835 utili-

188 870 274 909 tate
302 864 473 923 publica
503 864 787 922 rependitur.»
835 865 916 922 (45)
947 864 1183 909 sententiae
1205 864 1340 908 Cassii
1369 871 1415 909 ut
1444 879 1573 910 nemo
1599 880 1712 909 unus
1734 871 1879 910 contra
1907 866 1972 911 ire

188 953 320 984 ausus
358 945 443 991 est,
483 940 541 983 ita
579 939 781 984 dissonae
819 953 948 984 voces
986 939 1305 997 respondebant
1333 954 1558 984 numerum
1588 947 1660 984 aut
1687 947 1871 986 aetatem
1899 949 1973 986 aut

188 1029 336 1060 sexum
380 1028 432 1059 ac
473 1014 755 1073 plurimorum
797 1014 1015 1059 indubiam
1057 1015 1341 1060 innocentiam
1384 1016 1689 1060 miserantium.
1734 1017 2018 1075 praevaluitio

187 1097 330 1135 tamen
364 1104 466 1148 pars
495 1104 609 1148 quae
646 1090 903 1148 supplicium
932 1090 1203 1135 decernebat.
1249 1091 1328 1135 sed
1358 1091 1643 1149 obtemperari
1673 1106 1759 1137 non
1790 1099 1967 1151 poterat,

188 1165 439 1224 conglobata
472 1165 739 1210 multitudine
779 1172 820 1210 et
855 1180 955 1210 saxa
993 1179 1045 1211 ac
1071 1166 1187 1211 faces
1216 1167 1414 1211 minante.
1458 1173 1547 1211 tum
1579 1168 1738 1212 Caesar
1766 1168 1969 1226 populum

187 1241 328 1286 edicto
357 1241 568 1299 increpuit
596 1247 725 1299 atque
757 1255 883 1286 omne
913 1242 1013 1293 iter,
1054 1256 1141 1300 quo
1171 1241 1355 1286 damnati
1386 1242 1443 1286 ad.
1478 1257 1661 1301 poenam
1690 1243 1967 1296 ducebantur,

186 1316 436 1361 militaribus
477 1316 704 1374 praesidiis
733 1317 905 1375 saepsit.
946 1324 1171 1361 censuerat
1200 1318 1430 1375 Cingonius
1459 1319 1590 1363 Varro
1620 1325 1665 1363 ut
1692 1319 1832 1363 liberti
1861 1334 1969 1378 quo-

186 1405 290 1450 que,
329 1392 403 1450 qui
433 1391 515 1435 sub
543 1391 700 1436 eodem
739 1398 851 1436 tecto
882 1392 1079 1447 fuissent,
1116 1393 1235 1437 Italia
1265 1393 1602 1451 deportarentur.
1647 1394 1690 1437 id
1720 1408 1746 1438 a
1773 1395 2016 1453 principem

184 1466 445 1525 prohibitum
476 1473 558 1517 est,
590 1480 645 1510 ne
674 1481 768 1511 mos
797 1467 1013 1526 antiquus,
1046 1482 1176 1526 quem
1204 1468 1500 1513 misericordia
1523 1483 1608 1513 non
1628 1469 1857 1522 minuerat,
1889 1485 1969 1529 per

184 1542 402 1587 saevitiam
431 1542 733 1586 intenderetur.

296 1617 378 1674 (46)
420 1618 648 1661 Damnatus
684 1617 822 1662 isdem
859 1617 1106 1663 consulibus
1144 1619 1383 1678 Tarquitius
1422 1619 1594 1665 Priscus
1633 1608 1968 1678 repetundarum

234 1738 282 1786 (⁴.
307 1740 445 1783 agerent
465 1746 519 1779 pr.
544 1738 578 1771 M
602 1755 638 1760 —
668 1736 744 1779 fuer*
769 1738 800 1780 (i.
820 1747 851 1771 e.
869 1738 1015 1781 fuerunt)
1031 1739 1084 1773 M:
1111 1738 1205 1781 fuere
1226 1738 1341 1781 vulgo.
1371 1757 1406 1762 —
1439 1740 1471 1773 2.
1496 1740 1583 1773 idem
1606 1740 1640 1774 M
1663 1758 1699 1764 -
1726 1740 1757 1774 6.
1782 1742 1912 1774 ueritur
1933 1743 1966 1777 M

186 1809 224 1817 —
249 1793 282 1826 9.
307 1794 436 1826 dissone
458 1794 492 1827 Μ
517 1811 552 1817 —-
579 1797 686 1827 aetate
708 1795 742 1828 M
768 1813 803 1819 —
831 1795 883 1828 40.
907 1795 1132 1828 innocentium
1154 1796 1188 1829 M
1205 1812 1240 1819 —
1269 1795 1321 1828 43.
1343 1805 1464 1842 penam
1479 1797 1513 1830 Μ
1531 1815 1567 1821 -
1592 1796 1645 1830 44.
1663 1797 1842 1839 Cinyonius
1859 1798 1967 1832 Varro

182 1849 389 1882 Rhenanus:
414 1849 588 1891 cinyontus
609 1850 711 1884 barro
734 1851 766 1884 M
786 1869 820 1875 -
847 1852 900 1884 47.
925 1852 1076 1885 seuitiam
1098 1852 1132 1885 M
1152 1869 1187 1875 -
1211 1852 1436 1886 intenderetur
1456 1853 1665 1887 Rhenanus:
1689 1854 1918 1888 incenderetur
1931 1856 1966 1890 M

185 1923 222 1930 ψ
247 1906 300 1939 48.
325 1906 411 1939 idem
432 1906 478 1939 M.

181 2017 410 2061 proverbium
433 2017 527 2061 apud
550 2019 724 2052 Senecam
747 2020 809 2062 Ep.
832 2019 891 2053 47:
918 2020 1049 2053 totidem

180 2069 286 2101 hostes
307 2076 375 2102 esse
397 2071 474 2109 quot
495 2077 623 2110 servm,
655 2069 730 2110 vel,
762 2071 801 2102 ut
826 2071 941 2112 ipsum
965 2079 1049 2112 pro-

180 2118 341 2152 verbium
365 2118 459 2161 apud
481 2119 623 2152 Festum
648 2119 693 2161 (p.
719 2120 776 2152 264
806 2119 934 2161 Muell.)
962 2120 1047 2153 bre-

180 2169 275 2202 vius:
308 2169 393 2210 Quot
413 2169 519 2209 servi,
554 2172 601 2201 tot
622 2170 737 2202 hostes.
765 2187 802 2194 -
827 2180 967 2203 cum--
981 2180 1048 2203 na-

178 2219 357 2261 scerentur]
381 2227 470 2260 quos
491 2228 613 2253 vernas
634 2219 832 2260 vocabant,
865 2222 1047 2263 oppositos

179 2269 349 2310 empticiis.
375 2269 482 2302 Corn.
499 2270 586 2311 Nep.
605 2270 672 2302 Att.
692 2270 746 2310 43,
760 2270 798 2303 4:
819 2279 922 2312 neque
937 2275 1047 2305 tamen

179 2319 299 2352 hortem
321 2326 519 2359 quemquam
539 2319 605 2351 nisi
628 2320 715 2352 domi
737 2323 856 2353 natum
869 2321 994 2353 habuit.
1007 2339 1043 2345 —

178 2367 339 2410 nationes]
377 2368 443 2401 «Et
471 2377 536 2410 per
565 2369 743 2410 nationes,
779 2370 874 2403 unde
907 2371 1046 2404 oriundi

180 2419 293 2457 erant,
318 2411 360 2450 ins
370 2417 537 2451 domibus
553 2418 892 2460 congregabantur.»
917 2420 1043 2453 Duum«.

179 2468 314 2501 Seneca
337 2467 399 2509 Ep.
425 2467 478 2507 95,
503 2467 564 2501 24:
597 2468 739 2501 Transeo
767 2470 906 2511 aymina
933 2470 1047 2503 emole-

179 2521 289 2551 torum
316 2526 380 2559 per
404 2519 555 2551 nationes
577 2519 764 2560 coloresque
787 2520 962 2561 descripta.
999 2520 1044 2553 de

178 2569 280 2602 Brev.
312 2569 405 2601 vitae
437 2569 497 2601 ⁴2:
533 2569 628 2602 illum
655 2572 693 2602 tu
721 2570 862 2603 otioswn
882 2579 1044 2603 vocas--

179 2619 238 2661 qui
261 2618 450 2651 vinctorum
478 2627 616 2651 suorum
644 2628 760 2661 qreyes
788 2620 824 2652 in
845 2623 993 2653 aetatum
1015 2624 1046 2654 et

178 2668 326 2701 colorum
343 2669 449 2710 par-ia
471 2669 630 2702 deducit?
654 2669 705 2702 Cf.
730 2671 820 2703 Ann.
846 2670 878 2707 3,
903 2671 963 2704 53:
987 2671 1044 2713 sa-

176 2718 351 2752 miliurum
364 2727 541 2752 numerum
556 2722 587 2752 et
600 2719 805 2752 nationes.—
822 2729 903 2752 noem
913 2723 944 2753 et
959 2721 1042 2763 cet.]

176 2767 386 2802 Referuntur
399 2768 490 2801 haec
505 2768 551 2801 ad
563 2769 775 2803 sententiam
791 2778 1040 2812 suppressam:

178 2820 356 2861 «pereant
378 2827 482 2857 sane;
513 2817 597 2851 nihil
627 2820 663 2851 iu
685 2819 754 2861 hoc
776 2828 963 2853 servorum
985 2821 1042 2853 in-

177 2867 331 2900 sontium
359 2868 502 2901 interitu
530 2868 716 2902 inauditi».
745 2869 778 2909 (α
790 2870 955 2911 Proprius
978 2869 1042 2902 ali-

177 2917 257 2959 quis
280 2917 408 2950 harum
431 2917 680 2959 particularum
703 2918 798 2960 (nam
819 2919 863 2961 et)
886 2928 971 2953 usus
988 2922 1043 2954 est

177 2966 272 3008 apud
294 2967 486 3008 scriptores
509 2966 613 3009 paulo
630 2967 813 3001 inferiores
829 2970 956 3009 aetate,
981 2970 1042 3011 qui

178 3017 253 3049 tum
282 3025 343 3049 eas
366 3019 517 3059 ponunt,
547 3026 629 3051 cum
652 3018 706 3057 id,
739 3018 835 3061 quod
858 3028 878 3051 a
902 3019 1040 3053 diversa

176 3068 276 3109 parte
299 3075 364 3108 pro
388 3069 595 3108 argumento
618 3069 777 3110 ponitur,
810 3078 936 3102 verum
960 3078 1039 3103 esse

178 3116 397 3155 concedunt,
428 3116 493 3150 sed
523 3119 653 3159 negant
676 3119 867 3159 quicquam
891 3127 934 3151 eo
955 3127 1041 3161 pro-

176 3166 272 3207 bari,
306 3176 386 3200 cum
415 3167 522 3200 etiam
549 3168 584 3200 in
611 3167 686 3201 aliis
709 3168 818 3201 rebus
841 3167 954 3202 simile
977 3169 1040 3202 ali-

178 3216 262 3258 quid
286 3216 359 3255 fiat,
387 3216 446 3249 ubi
469 3215 525 3248 illa
548 3218 801 3258 argumentatio
824 3226 895 3250 non
910 3217 1037 3259 valeat,

178 3266 239 3297 aut
260 3264 389 3307 aliquid
412 3265 615 3298 adiunctum
639 3266 700 3305 sit,
727 3266 822 3307 quod
845 3275 924 3300 eam
940 3277 1041 3301 ever-

178 3315 239 3348 tat.
272 3317 392 3358 ltaque
415 3316 568 3349 eandem
591 3317 662 3350 vim
684 3316 819 3350 habent
840 3317 907 3351 hae
929 3320 1040 3360 parti-

179 3363 296 3407 culae,
322 3374 430 3408 quam
453 3365 548 3409 apud
571 3366 781 3400 Ciceronem
810 3367 846 3400 in
866 3366 1038 3404 similibus

1097 2019 1182 2054 locis
1205 2024 1236 2054 et
1258 2021 1389 2063 quidem
1413 2020 1468 2064 (de
1485 2021 1594 2055 Finib.
1614 2023 1627 2055 4
1657 2022 1676 2065 S
1694 2022 1765 2064 35);
1791 2025 1823 2056 et
1843 2024 1964 2058 autem

1097 2070 1200 2113 plane
1223 2081 1289 2114 pro
1312 2073 1414 2106 etiam
1435 2073 1588 2115 ponitur.
1614 2073 1665 2106 Cf.
1692 2073 1831 2113 Quintil.
1856 2075 1888 2114 2,
1908 2076 1961 2117 44,

1097 2122 1128 2153 7.
1146 2123 1178 2162 2,
1198 2123 1251 2162 ⁴2,
1270 2123 1301 2155 2.
1327 2123 1360 2163 2,
1378 2123 1431 2163 20,
1450 2123 1527 2155 40.»
1544 2123 1703 2165 MAnvie.)
1722 2142 1758 2148 -
1784 2133 1860 2157 cum
1874 2125 1963 2158 deci-

1096 2180 1171 2204 mus
1203 2171 1342 2212 quisque
1370 2172 1397 2214 f.
1419 2173 1560 2214 feritur]
1593 2173 1776 2206 Exercitus
1809 2175 1964 2209 decimati

1097 2220 1299 2264 exemplum
1331 2222 1468 2263 primus
1498 2223 1632 2265 Appius
1665 2222 1830 2257 Claudius
1864 2224 1963 2258 dedit

1096 2271 1189 2314 apud
1214 2272 1346 2304 Livium
1368 2272 1409 2312 2,
1434 2272 1488 2305 59.

1138 2370 1193 2404 45.
1217 2379 1312 2403 nemo
1333 2370 1430 2413 unus]
1455 2380 1588 2405 «nemo
1612 2373 1755 2406 omnino
1778 2382 1843 2416 pro
1862 2382 1902 2407 se
1918 2383 1961 2408 ac

1095 2421 1320 2461 nominatim,
1356 2421 1402 2453 ita
1435 2422 1475 2454 ut
1508 2422 1584 2455 eius
1617 2423 1789 2456 sententia
1817 2425 1853 2456 in
1882 2425 1960 2459 acta

1095 2472 1238 2505 senatus
1258 2470 1484 2504 referretur.»
1510 2472 1560 2505 Cf.
1577 2473 1755 2506 Drakenb.
1774 2473 1818 2506 ad
1835 2475 1908 2507 Liv.
1925 2475 1958 2515 3,

1095 2522 1156 2555 42ε
1179 2521 1340 2554 neminem
1362 2530 1466 2553 unum
1485 2530 1553 2555 esse
1574 2524 1641 2556 cet.
1663 2541 1699 2547 -
1723 2527 1784 2556 aut
1804 2525 1958 2568 aetatem]

1093 2573 1219 2605 Postea
1242 2570 1367 2604 saltem
1390 2571 1457 2604 hac
1479 2571 1524 2605 de
1545 2581 1585 2605 re
1607 2573 1794 2607 humanius
1817 2575 1958 2607 cautum

1095 2623 1160 2655 est.
1191 2620 1355 2664 Ulpianus
1378 2622 1414 2654 in
1437 2622 1512 2664 Dig.
1537 2622 1591 2663 29,
1617 2624 1649 2663 ὅ,
1675 2624 1707 2662 4,
1725 2625 1786 2657 32;
1811 2624 1960 2665 Impubes

1092 2681 1207 2705 servus
1233 2671 1286 2704 vel
1317 2672 1441 2704 ancilla
1468 2673 1616 2705 nondum
1636 2674 1817 2714 viripotens
1837 2683 1904 2707 non
1923 2675 1959 2707 in

1093 2722 1205 2755 eadem
1217 2729 1321 2754 causa
1337 2724 1434 2754 erunt
1450 2721 1499 2764 (ut
1512 2722 1698 2756 interfecto
1714 2723 1856 2757 domino
1872 2733 1959 2767 sup-

1092 2771 1196 2814 plicio
1227 2771 1453 2812 afficiantur);
1488 2775 1581 2805 aetas
1600 2774 1689 2806 enim
1711 2775 1957 2807 evcusationom

1091 2825 1246 2855 meretur.
1267 2839 1303 2845 —
1329 2822 1548 2863 obtemperari
1562 2832 1629 2856 non
1637 2824 1782 2867 poterat]
1806 2825 1882 2857 Hoc
1895 2833 1955 2857 se-

1091 2872 1194 2904 natus
1218 2871 1403 2904 decretum
1426 2872 1523 2905 haud
1544 2873 1663 2906 statim
1683 2875 1829 2915 exsequi
1850 2875 1956 2916 pote-

1090 2922 1170 2954 rant
1185 2919 1381 2954 carnifices.
1403 2939 1439 2945 —
1459 2930 1549 2954 sm
1570 2931 1613 2955 ac
1632 2923 1732 2966 faces]
1756 2924 1883 2956 Notum
1901 2926 1956 2957 est

1091 2969 1326 3012 Vergilianum
1349 2969 1433 3004 illud
1454 2972 1542 3005 Aen.
1567 2973 1599 3013 4,
1618 2973 1698 3006 ⁴50:
1722 2974 1795 3006 Iam
1814 2973 1904 3014 faces
1925 2977 1956 3007 et

1089 3029 1181 3053 sacca
1213 3021 1338 3054 volant.
1366 3039 1402 3047 -
1428 3022 1607 3064 Cingonius
1634 3024 1750 3066 Varro]
1775 3024 1833 3065 qui
1857 3023 1954 3057 desi-

1091 3072 1215 3112 gnatus
1239 3071 1359 3104 consul
1382 3081 1414 3105 a.
1436 3081 1471 3105 u.
1488 3073 1553 3106 822
1576 3082 1596 3106 a
1619 3073 1726 3106 Galba
1749 3073 1953 3108 interfectus

1091 3122 1157 3153 est.
1177 3120 1228 3154 Cf.
1247 3122 1333 3154 Hist.
1353 3123 1383 3163 4,
1399 3123 1419 3156 6
1432 3123 1468 3155 et
1479 3122 1531 3155 37.
1546 3139 1582 3146 --
1601 3132 1704 3155 rm·—
1718 3124 1952 3167 intenderetur]

1089 3180 1134 3204 ne
1158 3171 1268 3204 moris
1289 3170 1377 3206 illius
1400 3173 1571 3206 severitas
1589 3174 1788 3214 augeretur.
1813 3173 1953 3206 Lectio-

1090 3229 1172 3254 nem
1186 3221 1411 3255 intenderetur
1424 3223 1558 3264 flagitat
1568 3221 1718 3255 verbum
1735 3222 1830 3264 quod
1844 3231 1951 3265 prae-

1089 3270 1183 3304 cedit
1203 3271 1392 3313 minuerat,
1425 3281 1541 3314 neque
1563 3273 1749 3306 incenditur
1770 3281 1860 3314 mos,
1884 3275 1950 3308 sed

1086 3320 1277 3355 intenditur.
1307 3322 1358 3356 Cf.
1376 3323 1409 3364 4,
1427 3323 1481 3356 26.
1506 3323 1594 3356 Hist.
1611 3323 1643 3364 4,
1661 3322 1703 3357 24
1720 3323 1755 3356 et
1769 3323 1823 3357 89.
1841 3325 1874 3366 2,
1891 3324 1946 3358 54.

1130 3370 1184 3405 46.
1210 3372 1400 3415 Tarquitius
1420 3374 1563 3415 Priscus]
1587 3373 1639 3407 Cf.
1665 3374 1726 3415 42,
1750 3374 1804 3410 59.
1831 3393 1868 3401 -
1891 3376 1948 3409 in-
