<?xml version="1.0" encoding="UTF-8"?>
<!DOCTYPE html PUBLIC "-//W3C//DTD XHTML 1.0 Transitional//EN"
    "http://www.w3.org/TR/xhtml1/DTD/xhtml1-transitional.dtd">
<html xmlns="http://www.w3.org/1999/xhtml" xml:lang="en" lang="en">
 <head>
  <title>
</title>
<meta http-equiv="Content-Type" content="text/html;charset=utf-8" />
  <meta name='ocr-system' content='tesseract 3.04.00' />
  <meta name='ocr-capabilities' content='ocr_page ocr_carea ocr_par ocr_line ocrx_word'/>
</head>
<body>
  <div class='ocr_page' id='page_1' title='image "./pcorneliitacitio01taciuoft_0610.png"; bbox 0 0 2254 3770; ppageno 0'>
   <div class='ocr_carea' id='block_1_1' title="bbox 241 289 1616 339">
    <p class='ocr_par' dir='ltr' id='par_1_1' title="bbox 241 289 1616 339">
     <span class='ocr_line' id='line_1_1' title="bbox 241 289 1616 339; baseline 0.002 -5"><span class='ocrx_word' id='word_1_1' title='bbox 241 289 325 335; x_wconf 78' lang='lat'><strong><em>572</em></strong></span> <span class='ocrx_word' id='word_1_2' title='bbox 663 290 1035 338; x_wconf 85' lang='lat' dir='ltr'><strong>MONUMENTUM</strong></span> <span class='ocrx_word' id='word_1_3' title='bbox 1064 291 1385 339; x_wconf 87' lang='lat' dir='ltr'><strong><em>ANCYRANUM</em></strong></span> <span class='ocrx_word' id='word_1_4' title='bbox 1415 293 1616 339; x_wconf 89' lang='lat' dir='ltr'><strong>LATINE.</strong></span> 
     </span>
    </p>
   </div>
   <div class='ocr_carea' id='block_1_2' title="bbox 183 396 2084 1288">
    <p class='ocr_par' dir='ltr' id='par_1_2' title="bbox 190 396 2032 535">
     <span class='ocr_line' id='line_1_2' title="bbox 298 396 2032 459; baseline 0.003 -19"><span class='ocrx_word' id='word_1_5' title='bbox 298 396 351 440; x_wconf 88' lang='lat' dir='ltr'><strong><em>tis</em></strong></span> <span class='ocrx_word' id='word_1_6' title='bbox 379 397 510 443; x_wconf 87' lang='lat' dir='ltr'><strong><em>millia</em></strong></span> <span class='ocrx_word' id='word_1_7' title='bbox 538 398 754 457; x_wconf 84' lang='lat' dir='ltr'><strong><em>aliquanto</em></strong></span> <span class='ocrx_word' id='word_1_8' title='bbox 776 398 907 457; x_wconf 90' lang='lat' dir='ltr'><strong><em>plura</em></strong></span> <span class='ocrx_word' id='word_1_9' title='bbox 927 411 1052 457; x_wconf 81' lang='lat' dir='ltr'><strong><em>quam</em></strong></span> <span class='ocrx_word' id='word_1_10' title='bbox 1080 404 1288 452; x_wconf 89' lang='lat' dir='ltr'><strong><em>trecenta,</em></strong></span> <span class='ocrx_word' id='word_1_11' title='bbox 1321 406 1362 444; x_wconf 80' lang='lat' dir='ltr'><strong><em>et</em></strong></span> <span class='ocrx_word' id='word_1_12' title='bbox 1383 400 1434 444; x_wconf 92' lang='lat' dir='ltr'><strong><em>iis</em></strong></span> <span class='ocrx_word' id='word_1_13' title='bbox 1454 400 1652 444; x_wconf 91' lang='lat' dir='ltr'><strong><em>omnibus</em></strong></span> <span class='ocrx_word' id='word_1_14' title='bbox 1674 413 1799 458; x_wconf 88' lang='lat' dir='ltr'><strong><em>agros</em></strong></span> <span class='ocrx_word' id='word_1_15' title='bbox 1819 400 2032 459; x_wconf 65' lang='lat' dir='ltr'><strong><em>adsignant</em></strong></span> 
     </span>
     <span class='ocr_line' id='line_1_3' title="bbox 190 474 2032 535; baseline 0.004 -22"><span class='ocrx_word' id='word_1_16' title='bbox 190 482 229 513; x_wconf 81' lang='lat'><strong><em>20</em></strong></span> <span class='ocrx_word' id='word_1_17' title='bbox 297 478 370 517; x_wconf 90' lang='lat' dir='ltr'><strong><em>aut</em></strong></span> <span class='ocrx_word' id='word_1_18' title='bbox 401 474 629 532; x_wconf 89' lang='lat' dir='ltr'><strong><em>pecuniam</em></strong></span> <span class='ocrx_word' id='word_1_19' title='bbox 658 488 737 533; x_wconf 92' lang='lat' dir='ltr'><strong><em>pro</em></strong></span> <span class='ocrx_word' id='word_1_20' title='bbox 772 474 939 532; x_wconf 81' lang='lat' dir='ltr'><strong><em>praedis</em></strong></span> <span class='ocrx_word' id='word_1_21' title='bbox 967 488 1021 519; x_wconf 78' lang='lat' dir='ltr'><strong><em>eoe</em></strong></span> <span class='ocrx_word' id='word_1_22' title='bbox 1049 488 1118 519; x_wconf 90' lang='lat' dir='ltr'><strong><em>me</em></strong></span> <span class='ocrx_word' id='word_1_23' title='bbox 1147 474 1262 519; x_wconf 83' lang='lat' dir='ltr'><strong><em>dedi.</em></strong></span> <span class='ocrx_word' id='word_1_24' title='bbox 1316 475 1480 534; x_wconf 73' lang='lat' dir='ltr'><strong><em>Lonqas</em></strong></span> <span class='ocrx_word' id='word_1_25' title='bbox 1515 490 1647 520; x_wconf 91' lang='lat' dir='ltr'><strong><em>naves</em></strong></span> <span class='ocrx_word' id='word_1_26' title='bbox 1678 476 1773 535; x_wconf 88' lang='lat' dir='ltr'><strong><em>cepi</em></strong></span> <span class='ocrx_word' id='word_1_27' title='bbox 1812 483 2032 522; x_wconf 80' lang='lat' dir='ltr'><strong><em>sescentas</em></strong></span> 
     </span>
    </p>

    <p class='ocr_par' dir='ltr' id='par_1_3' title="bbox 243 547 1827 684">
     <span class='ocr_line' id='line_1_4' title="bbox 243 547 1827 614; baseline 0.003 -23"><span class='ocrx_word' id='word_1_28' title='bbox 243 547 245 549; x_wconf 69' lang='grc'>’</span> <span class='ocrx_word' id='word_1_29' title='bbox 1554 558 1722 614; x_wconf 86' lang='lat' dir='ltr'><strong><em>praeter</em></strong></span> <span class='ocrx_word' id='word_1_30' title='bbox 1749 551 1827 596; x_wconf 80' lang='lat' dir='ltr'><strong><em>ali-</em></strong></span> 
     </span>
     <span class='ocr_line' id='line_1_5' title="bbox 296 625 1384 684; baseline 0.002 -16"><span class='ocrx_word' id='word_1_31' title='bbox 296 638 363 676; x_wconf 87' lang='lat' dir='ltr'><strong><em>as,</em></strong></span> <span class='ocrx_word' id='word_1_32' title='bbox 395 625 431 669; x_wconf 89' lang='lat' dir='ltr'><strong><em>si</em></strong></span> <span class='ocrx_word' id='word_1_33' title='bbox 462 638 574 684; x_wconf 90' lang='lat' dir='ltr'><strong><em>quae</em></strong></span> <span class='ocrx_word' id='word_1_34' title='bbox 604 625 792 669; x_wconf 79' lang='lat' dir='ltr'><strong><em>minores</em></strong></span> <span class='ocrx_word' id='word_1_35' title='bbox 819 637 946 683; x_wconf 83' lang='lat' dir='ltr'><strong><em>quam</em></strong></span> <span class='ocrx_word' id='word_1_36' title='bbox 974 626 1173 670; x_wconf 82' lang='lat' dir='ltr'><strong><em>triremes</em></strong></span> <span class='ocrx_word' id='word_1_37' title='bbox 1203 625 1384 670; x_wconf 85' lang='lat' dir='ltr'><strong><em>fuerunt.</em></strong></span> 
     </span>
    </p>

    <p class='ocr_par' dir='ltr' id='par_1_4' title="bbox 238 699 2033 913">
     <span class='ocr_line' id='line_1_6' title="bbox 238 699 2032 760; baseline 0.002 -16"><span class='ocrx_word' id='word_1_38' title='bbox 238 700 311 744; x_wconf 89' lang='lat' dir='ltr'><strong><em>Bis</em></strong></span> <span class='ocrx_word' id='word_1_39' title='bbox 335 714 468 744; x_wconf 92' lang='lat' dir='ltr'><strong><em>ovans</em></strong></span> <span class='ocrx_word' id='word_1_40' title='bbox 496 699 764 758; x_wconf 82' lang='lat' dir='ltr'><strong>triumphavi,</strong></span> <span class='ocrx_word' id='word_1_41' title='bbox 795 702 871 744; x_wconf 79' lang='lat' dir='ltr'><strong><em>tris</em></strong></span> <span class='ocrx_word' id='word_1_42' title='bbox 889 701 952 758; x_wconf 71' lang='lat' dir='ltr'><strong><em>eqi</em></strong></span> <span class='ocrx_word' id='word_1_43' title='bbox 971 701 1125 744; x_wconf 90' lang='lat' dir='ltr'><strong><em>curulis</em></strong></span> <span class='ocrx_word' id='word_1_44' title='bbox 1146 701 1383 759; x_wconf 90' lang='lat' dir='ltr'><strong><em>triumphos</em></strong></span> <span class='ocrx_word' id='word_1_45' title='bbox 1405 708 1446 745; x_wconf 90' lang='lat' dir='ltr'><strong><em>et</em></strong></span> <span class='ocrx_word' id='word_1_46' title='bbox 1466 701 1702 760; x_wconf 85' lang='lat' dir='ltr'><strong><em>appellatus</em></strong></span> <span class='ocrx_word' id='word_1_47' title='bbox 1716 716 1809 746; x_wconf 84' lang='lat' dir='ltr'><strong><em>sum</em></strong></span> <span class='ocrx_word' id='word_1_48' title='bbox 1827 703 1975 747; x_wconf 79' lang='lat' dir='ltr'><strong><em>viciens</em></strong></span> <span class='ocrx_word' id='word_1_49' title='bbox 1994 711 2032 748; x_wconf 90' lang='lat' dir='ltr'><strong><em>et</em></strong></span> 
     </span>
     <span class='ocr_line' id='line_1_7' title="bbox 293 775 2033 835; baseline 0.002 -16"><span class='ocrx_word' id='word_1_50' title='bbox 293 775 423 820; x_wconf 81' lang='lat' dir='ltr'><strong><em>semel</em></strong></span> <span class='ocrx_word' id='word_1_51' title='bbox 452 777 706 835; x_wconf 84' lang='lat' dir='ltr'>Imperator,</span> <span class='ocrx_word' id='word_1_52' title='bbox 738 788 909 834; x_wconf 81' lang='lat' dir='ltr'><strong><em>cumque</em></strong></span> <span class='ocrx_word' id='word_1_53' title='bbox 938 776 1074 834; x_wconf 88' lang='lat' dir='ltr'><strong><em>pluris</em></strong></span> <span class='ocrx_word' id='word_1_54' title='bbox 1105 776 1343 835; x_wconf 87' lang='lat' dir='ltr'><strong><em>triumphos</em></strong></span> <span class='ocrx_word' id='word_1_55' title='bbox 1372 777 1473 820; x_wconf 92' lang='lat' dir='ltr'><strong><em>mihi</em></strong></span> <span class='ocrx_word' id='word_1_56' title='bbox 1503 785 1677 821; x_wconf 81' lang='lat' dir='ltr'><strong><em>senatus</em></strong></span> <span class='ocrx_word' id='word_1_57' title='bbox 1707 778 1955 833; x_wconf 79' lang='lat' dir='ltr'><strong><em>decrevisset,</em></strong></span> <span class='ocrx_word' id='word_1_58' title='bbox 1983 780 2033 823; x_wconf 77' lang='lat' dir='ltr'><strong><em>iis</em></strong></span> 
     </span>
     <span class='ocr_line' id='line_1_8' title="bbox 294 851 2033 913; baseline 0.002 -18"><span class='ocrx_word' id='word_1_59' title='bbox 294 851 463 910; x_wconf 71' lang='lat' dir='ltr'><strong><em>aqendis</em></strong></span> <span class='ocrx_word' id='word_1_60' title='bbox 476 851 703 910; x_wconf 80' lang='lat' dir='ltr'><strong><em>supersedi</em></strong></span> <span class='ocrx_word' id='word_1_61' title='bbox 723 859 762 896; x_wconf 90' lang='lat' dir='ltr'><strong><em>et</em></strong></span> <span class='ocrx_word' id='word_1_62' title='bbox 776 859 938 896; x_wconf 88' lang='lat' dir='ltr'><strong><em>tantum</em></strong></span> <span class='ocrx_word' id='word_1_63' title='bbox 957 852 1106 896; x_wconf 86' lang='lat' dir='ltr'><strong><em>laurus</em></strong></span> <span class='ocrx_word' id='word_1_64' title='bbox 1123 851 1307 910; x_wconf 90' lang='lat' dir='ltr'><strong><em>deposui</em></strong></span> <span class='ocrx_word' id='word_1_65' title='bbox 1329 853 1371 895; x_wconf 93' lang='lat' dir='ltr'><strong><em>in</em></strong></span> <span class='ocrx_word' id='word_1_66' title='bbox 1388 853 1606 911; x_wconf 90' lang='lat' dir='ltr'><strong><em>Capitolio,</em></strong></span> <span class='ocrx_word' id='word_1_67' title='bbox 1636 854 1739 898; x_wconf 80' lang='lat' dir='ltr'><strong><em>votis</em></strong></span> <span class='ocrx_word' id='word_1_68' title='bbox 1758 867 1863 912; x_wconf 82' lang='lat' dir='ltr'><strong><em>quae</em></strong></span> <span class='ocrx_word' id='word_1_69' title='bbox 1889 869 1967 913; x_wconf 86' lang='lat' dir='ltr'><strong><em>pro</em></strong></span> <span class='ocrx_word' id='word_1_70' title='bbox 1986 869 2033 899; x_wconf 87' lang='lat' dir='ltr'><strong><em>re</em></strong></span> 
     </span>
    </p>

    <p class='ocr_par' dir='ltr' id='par_1_5' title="bbox 183 927 2084 1288">
     <span class='ocr_line' id='line_1_9' title="bbox 183 927 2031 987; baseline 0.002 -16"><span class='ocrx_word' id='word_1_71' title='bbox 183 934 226 965; x_wconf 62' lang='lat'><strong><em>⁵2⁵</em></strong></span> <span class='ocrx_word' id='word_1_72' title='bbox 291 927 458 986; x_wconf 86' lang='lat' dir='ltr'><strong><em>publica</em></strong></span> <span class='ocrx_word' id='word_1_73' title='bbox 494 928 538 971; x_wconf 90' lang='lat' dir='ltr'><strong><em>in</em></strong></span> <span class='ocrx_word' id='word_1_74' title='bbox 565 940 738 986; x_wconf 83' lang='lat' dir='ltr'><strong><em>quoque</em></strong></span> <span class='ocrx_word' id='word_1_75' title='bbox 774 927 888 973; x_wconf 86' lang='lat' dir='ltr'><strong><em>bello</em></strong></span> <span class='ocrx_word' id='word_1_76' title='bbox 927 941 1222 986; x_wconf 89' lang='lat' dir='ltr'><strong><em>nuncuparam</em></strong></span> <span class='ocrx_word' id='word_1_77' title='bbox 1258 928 1443 972; x_wconf 82' lang='lat' dir='ltr'><strong><em>redditis.</em></strong></span> <span class='ocrx_word' id='word_1_78' title='bbox 1490 927 1558 973; x_wconf 87' lang='lat' dir='ltr'><strong><em>Ob</em></strong></span> <span class='ocrx_word' id='word_1_79' title='bbox 1588 942 1659 973; x_wconf 89' lang='lat' dir='ltr'><strong><em>res</em></strong></span> <span class='ocrx_word' id='word_1_80' title='bbox 1689 935 1762 973; x_wconf 87' lang='lat' dir='ltr'><strong><em>aut</em></strong></span> <span class='ocrx_word' id='word_1_81' title='bbox 1789 929 1914 987; x_wconf 85' lang='lat' dir='ltr'><strong><em>ductu</em></strong></span> <span class='ocrx_word' id='word_1_82' title='bbox 1941 944 2031 975; x_wconf 89' lang='lat' dir='ltr'><strong><em>meo</em></strong></span> 
     </span>
     <span class='ocr_line' id='line_1_10' title="bbox 1559 1005 1874 1063; baseline 0.01 -16"><span class='ocrx_word' id='word_1_83' title='bbox 1559 1010 1634 1047; x_wconf 90' lang='lat' dir='ltr'><strong><em>aut</em></strong></span> <span class='ocrx_word' id='word_1_84' title='bbox 1653 1018 1735 1063; x_wconf 89' lang='lat' dir='ltr'><strong><em>per</em></strong></span> <span class='ocrx_word' id='word_1_85' title='bbox 1763 1005 1874 1063; x_wconf 72' lang='lat' dir='ltr'><strong><em>lequ-</em></strong></span> 
     </span>
     <span class='ocr_line' id='line_1_11' title="bbox 294 1073 2084 1140; baseline 0.003 -18"><span class='ocrx_word' id='word_1_86' title='bbox 294 1084 359 1122; x_wconf 93' lang='lat' dir='ltr'><strong><em>tos</em></strong></span> <span class='ocrx_word' id='word_1_87' title='bbox 391 1078 595 1137; x_wconf 88' lang='lat' dir='ltr'>auspiciis</span> <span class='ocrx_word' id='word_1_88' title='bbox 625 1078 732 1122; x_wconf 88' lang='lat' dir='ltr'><strong><em>meis</em></strong></span> <span class='ocrx_word' id='word_1_89' title='bbox 762 1084 874 1124; x_wconf 88' lang='lat' dir='ltr'><strong><em>terra</em></strong></span> <span class='ocrx_word' id='word_1_90' title='bbox 905 1080 1100 1138; x_wconf 90' lang='lat' dir='ltr'><strong><em>marique</em></strong></span> <span class='ocrx_word' id='word_1_91' title='bbox 1129 1092 1338 1137; x_wconf 83' lang='lat' dir='ltr'><strong><em>prospere</em></strong></span> <span class='ocrx_word' id='word_1_92' title='bbox 1368 1085 1511 1136; x_wconf 88' lang='lat' dir='ltr'><strong><em>gestas</em></strong></span> <span class='ocrx_word' id='word_1_93' title='bbox 1538 1081 1838 1139; x_wconf 71' lang='lat' dir='ltr'><strong><em>quinquayiens</em></strong></span> <span class='ocrx_word' id='word_1_94' title='bbox 1858 1089 1897 1126; x_wconf 86' lang='lat' dir='ltr'><strong><em>et</em></strong></span> <span class='ocrx_word' id='word_1_95' title='bbox 1916 1083 2032 1140; x_wconf 82' lang='lat' dir='ltr'><strong><em>quin-</em></strong></span> <span class='ocrx_word' id='word_1_96' title='bbox 2078 1073 2084 1082; x_wconf 78' lang='grc'><em>’</em></span> 
     </span>
     <span class='ocr_line' id='line_1_12' title="bbox 294 1154 1976 1213; baseline 0.002 -16"><span class='ocrx_word' id='word_1_97' title='bbox 294 1154 449 1212; x_wconf 87' lang='lat' dir='ltr'><strong><em>quiens</em></strong></span> <span class='ocrx_word' id='word_1_98' title='bbox 479 1154 670 1198; x_wconf 87' lang='lat' dir='ltr'><strong><em>decrevit</em></strong></span> <span class='ocrx_word' id='word_1_99' title='bbox 699 1161 873 1199; x_wconf 90' lang='lat' dir='ltr'><strong><em>senatus</em></strong></span> <span class='ocrx_word' id='word_1_100' title='bbox 903 1154 1234 1213; x_wconf 88' lang='lat' dir='ltr'><strong><em>supplicandum</em></strong></span> <span class='ocrx_word' id='word_1_101' title='bbox 1267 1168 1365 1199; x_wconf 87' lang='lat' dir='ltr'><strong><em>esse</em></strong></span> <span class='ocrx_word' id='word_1_102' title='bbox 1395 1155 1462 1199; x_wconf 94' lang='lat' dir='ltr'><strong><em>dis</em></strong></span> <span class='ocrx_word' id='word_1_103' title='bbox 1491 1155 1798 1201; x_wconf 63' lang='lat' dir='ltr'><strong><em>immortalibus</em></strong></span> <span class='ocrx_word' id='word_1_104' title='bbox 1826 1182 1845 1190; x_wconf 93' lang='lat'><em>-</em></span> <span class='ocrx_word' id='word_1_105' title='bbox 1956 1183 1976 1191; x_wconf 94' lang='lat'><em>-</em></span> 
     </span>
     <span class='ocr_line' id='line_1_13' title="bbox 292 1229 2033 1288; baseline 0.003 -15"><span class='ocrx_word' id='word_1_106' title='bbox 292 1255 312 1262; x_wconf 98' lang='lat'><em>-</em></span> <span class='ocrx_word' id='word_1_107' title='bbox 383 1244 405 1273; x_wconf 92' lang='lat' dir='ltr'><strong><em>r</em></strong></span> <span class='ocrx_word' id='word_1_108' title='bbox 434 1243 521 1288; x_wconf 93' lang='lat' dir='ltr'><strong><em>quo</em></strong></span> <span class='ocrx_word' id='word_1_109' title='bbox 551 1244 606 1273; x_wconf 71' lang='lat' dir='ltr'><strong><em>ew</em></strong></span> <span class='ocrx_word' id='word_1_110' title='bbox 635 1236 809 1274; x_wconf 89' lang='lat' dir='ltr'><strong><em>senatus</em></strong></span> <span class='ocrx_word' id='word_1_111' title='bbox 840 1229 1034 1275; x_wconf 86' lang='lat' dir='ltr'><strong><em>consulto</em></strong></span> <span class='ocrx_word' id='word_1_112' title='bbox 1065 1229 1350 1288; x_wconf 84' lang='lat' dir='ltr'><strong><em>supplicatum</em></strong></span> <span class='ocrx_word' id='word_1_113' title='bbox 1382 1238 1447 1274; x_wconf 92' lang='lat' dir='ltr'><strong><em>est</em></strong></span> <span class='ocrx_word' id='word_1_114' title='bbox 1475 1231 1516 1274; x_wconf 91' lang='lat' dir='ltr'><strong><em>in</em></strong></span> <span class='ocrx_word' id='word_1_115' title='bbox 1537 1231 1718 1276; x_wconf 89' lang='lat' dir='ltr'><strong><em>deorum</em></strong></span> <span class='ocrx_word' id='word_1_116' title='bbox 1736 1233 2033 1278; x_wconf 81' lang='lat' dir='ltr'><strong><em>immortalium</em></strong></span> 
     </span>
    </p>
   </div>
   <div class='ocr_carea' id='block_1_3' title="bbox 186 1304 1976 1578">
    <p class='ocr_par' dir='ltr' id='par_1_6' title="bbox 293 1304 1976 1363">
     <span class='ocr_line' id='line_1_14' title="bbox 293 1304 1976 1363; baseline 0.001 -14"><span class='ocrx_word' id='word_1_117' title='bbox 293 1304 454 1363; x_wconf 79' lang='lat' dir='ltr'><strong><em>templis</em></strong></span> <span class='ocrx_word' id='word_1_118' title='bbox 524 1331 546 1338; x_wconf 94' lang='lat'>-</span> <span class='ocrx_word' id='word_1_119' title='bbox 658 1319 713 1350; x_wconf 92' lang='lat' dir='ltr'><strong><em>vo</em></strong></span> <span class='ocrx_word' id='word_1_120' title='bbox 849 1330 870 1338; x_wconf 90' lang='lat'>-</span> <span class='ocrx_word' id='word_1_121' title='bbox 990 1331 1012 1340; x_wconf 93' lang='lat'><em>-</em></span> <span class='ocrx_word' id='word_1_122' title='bbox 1154 1320 1227 1349; x_wconf 92' lang='lat' dir='ltr'><strong><em>um</em></strong></span> <span class='ocrx_word' id='word_1_123' title='bbox 1257 1319 1332 1350; x_wconf 90' lang='lat' dir='ltr'><strong><em>rec</em></strong></span> <span class='ocrx_word' id='word_1_124' title='bbox 1417 1331 1438 1338; x_wconf 95' lang='lat'>—</span> <span class='ocrx_word' id='word_1_125' title='bbox 1538 1313 1611 1351; x_wconf 88' lang='lat' dir='ltr'><strong><em>aut</em></strong></span> <span class='ocrx_word' id='word_1_126' title='bbox 1639 1322 1661 1351; x_wconf 91' lang='lat' dir='ltr'><strong><em>r</em></strong></span> <span class='ocrx_word' id='word_1_127' title='bbox 1822 1335 1843 1341; x_wconf 98' lang='lat'>-</span> <span class='ocrx_word' id='word_1_128' title='bbox 1955 1335 1976 1343; x_wconf 93' lang='lat'>-</span> 
     </span>
    </p>

    <p class='ocr_par' dir='ltr' id='par_1_7' title="bbox 186 1380 1976 1515">
     <span class='ocr_line' id='line_1_15' title="bbox 186 1380 1976 1439; baseline 0.002 -17"><span class='ocrx_word' id='word_1_129' title='bbox 186 1392 224 1423; x_wconf 78' lang='lat'><strong><em>30</em></strong></span> <span class='ocrx_word' id='word_1_130' title='bbox 322 1407 344 1416; x_wconf 90' lang='lat'>-</span> <span class='ocrx_word' id='word_1_131' title='bbox 458 1406 480 1413; x_wconf 95' lang='lat'>-</span> <span class='ocrx_word' id='word_1_132' title='bbox 591 1401 613 1415; x_wconf 91' lang='lat'><strong><em>-·</em></strong></span> <span class='ocrx_word' id='word_1_133' title='bbox 727 1394 796 1425; x_wconf 93' lang='lat' dir='ltr'><strong><em>am</em></strong></span> <span class='ocrx_word' id='word_1_134' title='bbox 827 1388 890 1426; x_wconf 91' lang='lat' dir='ltr'><strong><em>ter</em></strong></span> <span class='ocrx_word' id='word_1_135' title='bbox 919 1381 1095 1427; x_wconf 85' lang='lat' dir='ltr'><strong><em>deciens</em></strong></span> <span class='ocrx_word' id='word_1_136' title='bbox 1125 1380 1267 1425; x_wconf 83' lang='lat' dir='ltr'><strong><em>consul</em></strong></span> <span class='ocrx_word' id='word_1_137' title='bbox 1293 1381 1430 1439; x_wconf 81' lang='lat' dir='ltr'><strong><em>factus</em></strong></span> <span class='ocrx_word' id='word_1_138' title='bbox 1457 1396 1551 1425; x_wconf 81' lang='lat' dir='ltr'><strong><em>sum</em></strong></span> <span class='ocrx_word' id='word_1_139' title='bbox 1691 1409 1712 1415; x_wconf 88' lang='lat'>-</span> <span class='ocrx_word' id='word_1_140' title='bbox 1824 1410 1844 1417; x_wconf 91' lang='lat'>-</span> <span class='ocrx_word' id='word_1_141' title='bbox 1956 1410 1976 1418; x_wconf 90' lang='lat'>-</span> 
     </span>
     <span class='ocr_line' id='line_1_16' title="bbox 294 1456 1976 1515; baseline 0.001 -15"><span class='ocrx_word' id='word_1_142' title='bbox 294 1456 536 1501; x_wconf 80' lang='lat' dir='ltr'><strong><em>tribuniciae</em></strong></span> <span class='ocrx_word' id='word_1_143' title='bbox 565 1457 788 1515; x_wconf 81' lang='lat' dir='ltr'><strong><em>potestatis</em></strong></span> <span class='ocrx_word' id='word_1_144' title='bbox 886 1483 907 1489; x_wconf 92' lang='lat'>-</span> <span class='ocrx_word' id='word_1_145' title='bbox 1020 1482 1041 1489; x_wconf 97' lang='lat'>-</span> <span class='ocrx_word' id='word_1_146' title='bbox 1153 1482 1174 1489; x_wconf 95' lang='lat'>-</span> <span class='ocrx_word' id='word_1_147' title='bbox 1286 1483 1307 1489; x_wconf 98' lang='lat'>-</span> <span class='ocrx_word' id='word_1_148' title='bbox 1420 1483 1440 1489; x_wconf 96' lang='lat'>-</span> <span class='ocrx_word' id='word_1_149' title='bbox 1554 1483 1576 1490; x_wconf 88' lang='lat'>-</span> <span class='ocrx_word' id='word_1_150' title='bbox 1689 1485 1709 1490; x_wconf 99' lang='lat'><em>-</em></span> <span class='ocrx_word' id='word_1_151' title='bbox 1822 1486 1842 1492; x_wconf 97' lang='lat'>-</span> <span class='ocrx_word' id='word_1_152' title='bbox 1955 1486 1976 1493; x_wconf 90' lang='lat'>-</span> 
     </span>
    </p>

    <p class='ocr_par' dir='ltr' id='par_1_8' title="bbox 349 1533 1976 1578">
     <span class='ocr_line' id='line_1_17' title="bbox 349 1533 1976 1578; baseline 0.002 -2"><span class='ocrx_word' id='word_1_153' title='bbox 349 1556 370 1566; x_wconf 93' lang='lat'>-</span> <span class='ocrx_word' id='word_1_154' title='bbox 454 1547 524 1578; x_wconf 91' lang='lat' dir='ltr'><strong><em>me</em></strong></span> <span class='ocrx_word' id='word_1_155' title='bbox 553 1533 595 1577; x_wconf 89' lang='lat' dir='ltr'><strong><em>ia</em></strong></span> <span class='ocrx_word' id='word_1_156' title='bbox 749 1558 770 1565; x_wconf 93' lang='lat'>-</span> <span class='ocrx_word' id='word_1_157' title='bbox 883 1558 903 1564; x_wconf 97' lang='lat'>-</span> <span class='ocrx_word' id='word_1_158' title='bbox 1017 1558 1038 1564; x_wconf 96' lang='lat'><em>-</em></span> <span class='ocrx_word' id='word_1_159' title='bbox 1151 1558 1172 1565; x_wconf 96' lang='lat'><em>-</em></span> <span class='ocrx_word' id='word_1_160' title='bbox 1285 1557 1306 1564; x_wconf 91' lang='lat'>—</span> <span class='ocrx_word' id='word_1_161' title='bbox 1419 1558 1439 1564; x_wconf 97' lang='lat'><em>-</em></span> <span class='ocrx_word' id='word_1_162' title='bbox 1556 1559 1574 1566; x_wconf 93' lang='lat'>-</span> <span class='ocrx_word' id='word_1_163' title='bbox 1689 1560 1709 1567; x_wconf 90' lang='lat'>-</span> <span class='ocrx_word' id='word_1_164' title='bbox 1823 1560 1843 1567; x_wconf 89' lang='lat'>-</span> <span class='ocrx_word' id='word_1_165' title='bbox 1955 1561 1976 1568; x_wconf 95' lang='lat'>-</span> 
     </span>
    </p>
   </div>
   <div class='ocr_carea' id='block_1_4' title="bbox 187 1683 2033 1895">
    <p class='ocr_par' dir='ltr' id='par_1_9' title="bbox 187 1683 2033 1895">
     <span class='ocr_line' id='line_1_18' title="bbox 237 1683 2031 1736; baseline 0.001 -7"><span class='ocrx_word' id='word_1_166' title='bbox 237 1686 288 1729; x_wconf 91' lang='lat' dir='ltr'><strong><em>In</em></strong></span> <span class='ocrx_word' id='word_1_167' title='bbox 316 1683 533 1728; x_wconf 80' lang='lat' dir='ltr'><strong><em>consulatu</em></strong></span> <span class='ocrx_word' id='word_1_168' title='bbox 559 1690 677 1727; x_wconf 75' lang='lat' dir='ltr'><strong><em>seoeto</em></strong></span> <span class='ocrx_word' id='word_1_169' title='bbox 706 1690 745 1727; x_wconf 86' lang='lat' dir='ltr'><strong><em>et</em></strong></span> <span class='ocrx_word' id='word_1_170' title='bbox 776 1683 817 1727; x_wconf 84' lang='lat' dir='ltr'><strong><em>G.</em></strong></span> <span class='ocrx_word' id='word_1_171' title='bbox 848 1683 986 1727; x_wconf 83' lang='lat' dir='ltr'><strong><em>Sentio</em></strong></span> <span class='ocrx_word' id='word_1_172' title='bbox 1016 1689 1054 1726; x_wconf 92' lang='lat' dir='ltr'><strong><em>et</em></strong></span> <span class='ocrx_word' id='word_1_173' title='bbox 1087 1683 1136 1736; x_wconf 85' lang='lat' dir='ltr'><strong><em>Q.</em></strong></span> <span class='ocrx_word' id='word_1_174' title='bbox 1157 1684 1343 1727; x_wconf 83' lang='lat' dir='ltr'><strong><em>Lucretio</em></strong></span> <span class='ocrx_word' id='word_1_175' title='bbox 1372 1699 1451 1728; x_wconf 82' lang='lat' dir='ltr'><strong><em>cos.</em></strong></span> <span class='ocrx_word' id='word_1_176' title='bbox 1482 1692 1521 1728; x_wconf 92' lang='lat' dir='ltr'><strong><em>et</em></strong></span> <span class='ocrx_word' id='word_1_177' title='bbox 1549 1686 1714 1729; x_wconf 83' lang='lat' dir='ltr'><strong><em>tertium</em></strong></span> <span class='ocrx_word' id='word_1_178' title='bbox 1742 1686 1887 1730; x_wconf 90' lang='lat' dir='ltr'><strong><em>Paullo</em></strong></span> <span class='ocrx_word' id='word_1_179' title='bbox 1905 1686 2031 1730; x_wconf 78' lang='lat' dir='ltr'><strong><em>Fabio</em></strong></span> 
     </span>
     <span class='ocr_line' id='line_1_19' title="bbox 293 1759 2033 1821; baseline 0.001 -16"><span class='ocrx_word' id='word_1_180' title='bbox 293 1761 482 1806; x_wconf 79' lang='lat' dir='ltr'><strong><em>Maoeimo</em></strong></span> <span class='ocrx_word' id='word_1_181' title='bbox 523 1766 561 1803; x_wconf 88' lang='lat' dir='ltr'><strong><em>et</em></strong></span> <span class='ocrx_word' id='word_1_182' title='bbox 599 1759 647 1812; x_wconf 86' lang='lat' dir='ltr'><strong><em>Q.</em></strong></span> <span class='ocrx_word' id='word_1_183' title='bbox 681 1759 886 1802; x_wconf 84' lang='lat' dir='ltr'><strong><em>Tuberone</em></strong></span> <span class='ocrx_word' id='word_1_184' title='bbox 922 1774 1001 1803; x_wconf 79' lang='lat' dir='ltr'><strong><em>cos.</em></strong></span> <span class='ocrx_word' id='word_1_185' title='bbox 1032 1774 1059 1803; x_wconf 90' lang='lat' dir='ltr'><strong><em>a</em></strong></span> <span class='ocrx_word' id='word_1_186' title='bbox 1087 1766 1233 1802; x_wconf 81' lang='lat' dir='ltr'><strong><em>senatu</em></strong></span> <span class='ocrx_word' id='word_1_187' title='bbox 1260 1760 1494 1818; x_wconf 80' lang='lat' dir='ltr'><strong><em>populoque</em></strong></span> <span class='ocrx_word' id='word_1_188' title='bbox 1522 1762 1709 1805; x_wconf 87' lang='lat' dir='ltr'><strong><em>Romano</em></strong></span> <span class='ocrx_word' id='word_1_189' title='bbox 1737 1763 1781 1806; x_wconf 92' lang='lat' dir='ltr'><strong><em>in</em></strong></span> <span class='ocrx_word' id='word_1_190' title='bbox 1809 1764 2033 1821; x_wconf 82' lang='lat' dir='ltr'><strong><em>quinquen-</em></strong></span> 
     </span>
     <span class='ocr_line' id='line_1_20' title="bbox 187 1835 1975 1895; baseline 0.001 -18"><span class='ocrx_word' id='word_1_191' title='bbox 187 1847 225 1877; x_wconf 86' lang='lat'><strong><em>35</em></strong></span> <span class='ocrx_word' id='word_1_192' title='bbox 293 1837 408 1880; x_wconf 89' lang='lat' dir='ltr'><strong><em>nium</em></strong></span> <span class='ocrx_word' id='word_1_193' title='bbox 432 1835 666 1895; x_wconf 81' lang='lat' dir='ltr'><strong><em>praefectus</em></strong></span> <span class='ocrx_word' id='word_1_194' title='bbox 695 1835 831 1893; x_wconf 72' lang='lat' dir='ltr'><strong><em>lequm</em></strong></span> <span class='ocrx_word' id='word_1_195' title='bbox 859 1842 898 1879; x_wconf 90' lang='lat' dir='ltr'><strong><em>et</em></strong></span> <span class='ocrx_word' id='word_1_196' title='bbox 924 1850 1089 1879; x_wconf 84' lang='lat' dir='ltr'><strong><em>morum</em></strong></span> <span class='ocrx_word' id='word_1_197' title='bbox 1117 1842 1280 1880; x_wconf 76' lang='lat' dir='ltr'><strong><em>creatus</em></strong></span> <span class='ocrx_word' id='word_1_198' title='bbox 1308 1850 1400 1879; x_wconf 80' lang='lat' dir='ltr'><strong><em>sum</em></strong></span> <span class='ocrx_word' id='word_1_199' title='bbox 1428 1862 1448 1868; x_wconf 92' lang='lat'><em>-</em></span> <span class='ocrx_word' id='word_1_200' title='bbox 1561 1863 1580 1869; x_wconf 92' lang='lat'><em>-</em></span> <span class='ocrx_word' id='word_1_201' title='bbox 1692 1863 1711 1870; x_wconf 87' lang='lat'><em>-</em></span> <span class='ocrx_word' id='word_1_202' title='bbox 1824 1864 1844 1871; x_wconf 94' lang='lat'>-</span> <span class='ocrx_word' id='word_1_203' title='bbox 1955 1865 1975 1871; x_wconf 98' lang='lat'><em>-</em></span> 
     </span>
    </p>
   </div>
   <div class='ocr_carea' id='block_1_5' title="bbox 1016 2281 1243 2343">
    <p class='ocr_par' dir='ltr' id='par_1_10' title="bbox 1016 2281 1243 2343">
     <span class='ocr_line' id='line_1_21' title="bbox 1016 2281 1243 2343; baseline 0.004 -1"><span class='ocrx_word' id='word_1_204' title='bbox 1016 2281 1147 2343; x_wconf 87' lang='lat' dir='ltr'><strong><em>TAB.</em></strong></span> <span class='ocrx_word' id='word_1_205' title='bbox 1184 2283 1243 2343; x_wconf 92' lang='lat' dir='ltr'><strong><em>H.</em></strong></span> 
     </span>
    </p>
   </div>
   <div class='ocr_carea' id='block_1_6' title="bbox 205 2385 2030 2973">
    <p class='ocr_par' dir='ltr' id='par_1_11' title="bbox 236 2385 2030 2671">
     <span class='ocr_line' id='line_1_22' title="bbox 236 2385 2030 2444; baseline 0 -14"><span class='ocrx_word' id='word_1_206' title='bbox 236 2386 516 2430; x_wconf 88' lang='lat' dir='ltr'><strong><em>Patriciorum</em></strong></span> <span class='ocrx_word' id='word_1_207' title='bbox 542 2399 769 2430; x_wconf 90' lang='lat' dir='ltr'><strong><em>numerum</em></strong></span> <span class='ocrx_word' id='word_1_208' title='bbox 799 2386 897 2430; x_wconf 87' lang='lat' dir='ltr'><strong><em>auxi</em></strong></span> <span class='ocrx_word' id='word_1_209' title='bbox 927 2385 1075 2430; x_wconf 89' lang='lat' dir='ltr'><strong><em>consul</em></strong></span> <span class='ocrx_word' id='word_1_210' title='bbox 1096 2386 1291 2444; x_wconf 87' lang='lat' dir='ltr'><strong><em>quintum</em></strong></span> <span class='ocrx_word' id='word_1_211' title='bbox 1312 2386 1432 2429; x_wconf 89' lang='lat' dir='ltr'><strong><em>iussu</em></strong></span> <span class='ocrx_word' id='word_1_212' title='bbox 1452 2385 1599 2444; x_wconf 86' lang='lat' dir='ltr'><strong><em>populi</em></strong></span> <span class='ocrx_word' id='word_1_213' title='bbox 1620 2392 1662 2430; x_wconf 91' lang='lat' dir='ltr'><strong><em>et</em></strong></span> <span class='ocrx_word' id='word_1_214' title='bbox 1681 2392 1868 2433; x_wconf 85' lang='lat' dir='ltr'><strong><em>senatus,</em></strong></span> <span class='ocrx_word' id='word_1_215' title='bbox 1898 2387 2030 2431; x_wconf 88' lang='lat' dir='ltr'><strong><em>Sena-</em></strong></span> 
     </span>
     <span class='ocr_line' id='line_1_23' title="bbox 293 2460 2029 2520; baseline 0.001 -14"><span class='ocrx_word' id='word_1_216' title='bbox 293 2469 383 2506; x_wconf 92' lang='lat' dir='ltr'><strong><em>tum</em></strong></span> <span class='ocrx_word' id='word_1_217' title='bbox 403 2467 469 2506; x_wconf 91' lang='lat' dir='ltr'><strong><em>ter</em></strong></span> <span class='ocrx_word' id='word_1_218' title='bbox 488 2460 569 2519; x_wconf 89' lang='lat' dir='ltr'><strong><em>legi</em></strong></span> <span class='ocrx_word' id='word_1_219' title='bbox 592 2468 635 2505; x_wconf 92' lang='lat' dir='ltr'><strong><em>et</em></strong></span> <span class='ocrx_word' id='word_1_220' title='bbox 654 2461 698 2504; x_wconf 93' lang='lat' dir='ltr'><strong><em>in</em></strong></span> <span class='ocrx_word' id='word_1_221' title='bbox 718 2460 941 2505; x_wconf 85' lang='lat' dir='ltr'><strong><em>consulatu</em></strong></span> <span class='ocrx_word' id='word_1_222' title='bbox 961 2468 1082 2506; x_wconf 84' lang='lat' dir='ltr'><strong><em>sexto</em></strong></span> <span class='ocrx_word' id='word_1_223' title='bbox 1102 2475 1279 2514; x_wconf 79' lang='lat' dir='ltr'><strong><em>censum</em></strong></span> <span class='ocrx_word' id='word_1_224' title='bbox 1300 2461 1446 2519; x_wconf 89' lang='lat' dir='ltr'><strong><em>populi</em></strong></span> <span class='ocrx_word' id='word_1_225' title='bbox 1467 2460 1647 2519; x_wconf 86' lang='lat' dir='ltr'><strong><em>conlega</em></strong></span> <span class='ocrx_word' id='word_1_226' title='bbox 1668 2462 1720 2505; x_wconf 88' lang='grc' dir='ltr'><strong><em>Μ.</em></strong></span> <span class='ocrx_word' id='word_1_227' title='bbox 1742 2462 1927 2520; x_wconf 81' lang='lat' dir='ltr'><strong><em>Agrippa</em></strong></span> <span class='ocrx_word' id='word_1_228' title='bbox 1947 2463 2029 2520; x_wconf 88' lang='lat' dir='ltr'><strong><em>egi.</em></strong></span> 
     </span>
     <span class='ocr_line' id='line_1_24' title="bbox 293 2536 2030 2596; baseline 0 -15"><span class='ocrx_word' id='word_1_229' title='bbox 293 2538 492 2582; x_wconf 83' lang='lat' dir='ltr'><strong><em>Lustrum</em></strong></span> <span class='ocrx_word' id='word_1_230' title='bbox 522 2543 619 2595; x_wconf 89' lang='lat' dir='ltr'><strong><em>post</em></strong></span> <span class='ocrx_word' id='word_1_231' title='bbox 650 2551 808 2581; x_wconf 89' lang='lat' dir='ltr'><strong><em>annum</em></strong></span> <span class='ocrx_word' id='word_1_232' title='bbox 838 2536 1018 2581; x_wconf 89' lang='lat' dir='ltr'><strong><em>alterum</em></strong></span> <span class='ocrx_word' id='word_1_233' title='bbox 1047 2544 1090 2581; x_wconf 90' lang='lat' dir='ltr'><strong><em>et</em></strong></span> <span class='ocrx_word' id='word_1_234' title='bbox 1109 2536 1515 2596; x_wconf 83' lang='lat' dir='ltr'><strong><em>quadragensimum</em></strong></span> <span class='ocrx_word' id='word_1_235' title='bbox 1534 2537 1632 2589; x_wconf 87' lang='lat' dir='ltr'><strong><em>feci,</em></strong></span> <span class='ocrx_word' id='word_1_236' title='bbox 1665 2551 1752 2596; x_wconf 92' lang='lat' dir='ltr'><strong><em>quo</em></strong></span> <span class='ocrx_word' id='word_1_237' title='bbox 1773 2537 1906 2581; x_wconf 91' lang='lat' dir='ltr'><strong><em>lustro</em></strong></span> <span class='ocrx_word' id='word_1_238' title='bbox 1927 2538 2030 2583; x_wconf 86' lang='lat' dir='ltr'><strong><em>civi-</em></strong></span> 
     </span>
     <span class='ocr_line' id='line_1_25' title="bbox 293 2612 1891 2671; baseline 0 -14"><span class='ocrx_word' id='word_1_239' title='bbox 293 2628 367 2657; x_wconf 91' lang='lat' dir='ltr'><strong><em>um</em></strong></span> <span class='ocrx_word' id='word_1_240' title='bbox 396 2614 684 2657; x_wconf 89' lang='lat' dir='ltr'><strong><em>Romanorum</em></strong></span> <span class='ocrx_word' id='word_1_241' title='bbox 714 2626 845 2657; x_wconf 90' lang='lat' dir='ltr'><strong><em>censa</em></strong></span> <span class='ocrx_word' id='word_1_242' title='bbox 874 2618 972 2656; x_wconf 91' lang='lat' dir='ltr'><strong><em>sunt</em></strong></span> <span class='ocrx_word' id='word_1_243' title='bbox 1002 2613 1142 2671; x_wconf 81' lang='lat' dir='ltr'><strong><em>capita</em></strong></span> <span class='ocrx_word' id='word_1_244' title='bbox 1171 2613 1458 2671; x_wconf 86' lang='lat' dir='ltr'><strong><em>quadragiens</em></strong></span> <span class='ocrx_word' id='word_1_245' title='bbox 1490 2619 1659 2656; x_wconf 86' lang='lat' dir='ltr'><strong><em>centum</em></strong></span> <span class='ocrx_word' id='word_1_246' title='bbox 1689 2612 1820 2656; x_wconf 81' lang='lat' dir='ltr'><strong><em>miliia</em></strong></span> <span class='ocrx_word' id='word_1_247' title='bbox 1849 2619 1891 2657; x_wconf 88' lang='lat' dir='ltr'><strong><em>et</em></strong></span> 
     </span>
    </p>

    <p class='ocr_par' dir='ltr' id='par_1_12' title="bbox 205 2687 1881 2973">
     <span class='ocr_line' id='line_1_26' title="bbox 205 2687 1815 2746; baseline -0.002 -11"><span class='ocrx_word' id='word_1_248' title='bbox 205 2705 225 2735; x_wconf 80' lang='lat'>5</span> <span class='ocrx_word' id='word_1_249' title='bbox 293 2688 514 2746; x_wconf 84' lang='lat' dir='ltr'><strong><em>sexaginta</em></strong></span> <span class='ocrx_word' id='word_1_250' title='bbox 542 2688 623 2732; x_wconf 91' lang='lat' dir='ltr'><strong><em>tria</em></strong></span> <span class='ocrx_word' id='word_1_251' title='bbox 652 2687 794 2732; x_wconf 86' lang='lat' dir='ltr'><strong><em>millia.</em></strong></span> <span class='ocrx_word' id='word_1_252' title='bbox 836 2688 1024 2733; x_wconf 83' lang='lat' dir='ltr'><strong><em>Alterum</em></strong></span> <span class='ocrx_word' id='word_1_253' title='bbox 1053 2688 1267 2733; x_wconf 86' lang='lat' dir='ltr'><strong><em>consulari</em></strong></span> <span class='ocrx_word' id='word_1_254' title='bbox 1297 2702 1395 2732; x_wconf 89' lang='lat' dir='ltr'><strong><em>cum</em></strong></span> <span class='ocrx_word' id='word_1_255' title='bbox 1425 2688 1606 2746; x_wconf 91' lang='lat' dir='ltr'><strong><em>imperio</em></strong></span> <span class='ocrx_word' id='word_1_256' title='bbox 1635 2688 1815 2732; x_wconf 88' lang='lat' dir='ltr'><strong><em>lustrum</em></strong></span> 
     </span>
     <span class='ocr_line' id='line_1_27' title="bbox 294 2763 1881 2822; baseline -0.001 -14"><span class='ocrx_word' id='word_1_257' title='bbox 294 2763 412 2808; x_wconf 92' lang='lat' dir='ltr'><strong><em>solus</em></strong></span> <span class='ocrx_word' id='word_1_258' title='bbox 441 2764 522 2808; x_wconf 87' lang='lat' dir='ltr'><strong><em>feci</em></strong></span> <span class='ocrx_word' id='word_1_259' title='bbox 556 2764 600 2807; x_wconf 92' lang='lat' dir='ltr'><strong><em>C.</em></strong></span> <span class='ocrx_word' id='word_1_260' title='bbox 633 2764 865 2808; x_wconf 89' lang='lat' dir='ltr'><strong><em>Censorino</em></strong></span> <span class='ocrx_word' id='word_1_261' title='bbox 894 2771 933 2808; x_wconf 87' lang='lat' dir='ltr'><strong><em>et</em></strong></span> <span class='ocrx_word' id='word_1_262' title='bbox 963 2764 1004 2808; x_wconf 84' lang='lat' dir='ltr'><strong><em>G.</em></strong></span> <span class='ocrx_word' id='word_1_263' title='bbox 1033 2764 1179 2808; x_wconf 89' lang='lat' dir='ltr'><strong><em>Asinio</em></strong></span> <span class='ocrx_word' id='word_1_264' title='bbox 1209 2778 1310 2816; x_wconf 69' lang='lat' dir='ltr'><strong><em>cos„</em></strong></span> <span class='ocrx_word' id='word_1_265' title='bbox 1342 2778 1430 2822; x_wconf 89' lang='lat' dir='ltr'><strong><em>quo</em></strong></span> <span class='ocrx_word' id='word_1_266' title='bbox 1461 2763 1593 2807; x_wconf 82' lang='lat' dir='ltr'><strong><em>lustro</em></strong></span> <span class='ocrx_word' id='word_1_267' title='bbox 1623 2777 1754 2808; x_wconf 86' lang='lat' dir='ltr'><strong><em>censa</em></strong></span> <span class='ocrx_word' id='word_1_268' title='bbox 1782 2770 1881 2807; x_wconf 88' lang='lat' dir='ltr'><strong><em>sunt</em></strong></span> 
     </span>
     <span class='ocr_line' id='line_1_28' title="bbox 294 2839 1875 2898; baseline -0.001 -15"><span class='ocrx_word' id='word_1_269' title='bbox 294 2839 453 2883; x_wconf 88' lang='lat' dir='ltr'><strong><em>civium</em></strong></span> <span class='ocrx_word' id='word_1_270' title='bbox 481 2841 768 2884; x_wconf 87' lang='lat' dir='ltr'><strong><em>Romanorum</em></strong></span> <span class='ocrx_word' id='word_1_271' title='bbox 798 2840 936 2898; x_wconf 83' lang='lat' dir='ltr'><strong><em>capita</em></strong></span> <span class='ocrx_word' id='word_1_272' title='bbox 964 2839 1252 2898; x_wconf 89' lang='lat' dir='ltr'><strong><em>quadragiens</em></strong></span> <span class='ocrx_word' id='word_1_273' title='bbox 1282 2846 1454 2884; x_wconf 89' lang='lat' dir='ltr'><strong><em>centum</em></strong></span> <span class='ocrx_word' id='word_1_274' title='bbox 1482 2839 1612 2883; x_wconf 87' lang='lat' dir='ltr'><strong><em>millia</em></strong></span> <span class='ocrx_word' id='word_1_275' title='bbox 1642 2845 1684 2883; x_wconf 92' lang='lat' dir='ltr'><strong><em>et</em></strong></span> <span class='ocrx_word' id='word_1_276' title='bbox 1713 2839 1875 2883; x_wconf 90' lang='lat' dir='ltr'><strong><em>ducen-</em></strong></span> 
     </span>
     <span class='ocr_line' id='line_1_29' title="bbox 295 2914 1837 2973; baseline -0.001 -13"><span class='ocrx_word' id='word_1_277' title='bbox 295 2922 338 2960; x_wconf 90' lang='lat' dir='ltr'><strong><em>ta</em></strong></span> <span class='ocrx_word' id='word_1_278' title='bbox 366 2915 536 2973; x_wconf 89' lang='lat' dir='ltr'><strong><em>triginta</em></strong></span> <span class='ocrx_word' id='word_1_279' title='bbox 564 2915 645 2958; x_wconf 88' lang='lat' dir='ltr'><strong><em>tria</em></strong></span> <span class='ocrx_word' id='word_1_280' title='bbox 672 2914 816 2959; x_wconf 84' lang='lat' dir='ltr'><strong><em>millia.</em></strong></span> <span class='ocrx_word' id='word_1_281' title='bbox 865 2915 1044 2959; x_wconf 85' lang='lat' dir='ltr'><strong><em>Tertium</em></strong></span> <span class='ocrx_word' id='word_1_282' title='bbox 1073 2914 1287 2960; x_wconf 87' lang='lat' dir='ltr'><strong><em>consulari</em></strong></span> <span class='ocrx_word' id='word_1_283' title='bbox 1319 2929 1417 2960; x_wconf 83' lang='lat' dir='ltr'><strong><em>oum</em></strong></span> <span class='ocrx_word' id='word_1_284' title='bbox 1447 2915 1627 2973; x_wconf 90' lang='lat' dir='ltr'><strong><em>imperio</em></strong></span> <span class='ocrx_word' id='word_1_285' title='bbox 1656 2914 1837 2958; x_wconf 90' lang='lat' dir='ltr'><strong><em>lustrum</em></strong></span> 
     </span>
    </p>
   </div>
   <div class='ocr_carea' id='block_1_7' title="bbox 238 3048 2028 3486">
    <p class='ocr_par' dir='ltr' id='par_1_13' title="bbox 238 3048 2028 3486">
     <span class='ocr_line' id='line_1_30' title="bbox 325 3048 2028 3092; baseline -0.001 -10"><span class='ocrx_word' id='word_1_286' title='bbox 325 3049 381 3083; x_wconf 75' lang='lat'><strong><em>20.</em></strong></span> <span class='ocrx_word' id='word_1_287' title='bbox 408 3058 472 3092; x_wconf 79' lang='lat' dir='ltr'><strong><em>pro</em></strong></span> <span class='ocrx_word' id='word_1_288' title='bbox 496 3049 647 3091; x_wconf 78' lang='lat' dir='ltr'><strong><em>praediis</em></strong></span> <span class='ocrx_word' id='word_1_289' title='bbox 677 3049 855 3083; x_wconf 84' lang='lat' dir='ltr'><strong><em>Baiterus:</em></strong></span> <span class='ocrx_word' id='word_1_290' title='bbox 886 3058 1007 3091; x_wconf 80' lang='lat' dir='ltr'><strong><em>propr.</em></strong></span> <span class='ocrx_word' id='word_1_291' title='bbox 1035 3074 1042 3082; x_wconf 94' lang='lat'><strong>.</strong></span> <span class='ocrx_word' id='word_1_292' title='bbox 1063 3074 1097 3082; x_wconf 93' lang='lat'><strong><em>..</em></strong></span> <span class='ocrx_word' id='word_1_293' title='bbox 1123 3050 1149 3082; x_wconf 95' lang='lat' dir='ltr'>B</span> <span class='ocrx_word' id='word_1_294' title='bbox 1167 3049 1192 3083; x_wconf 94' lang='lat' dir='ltr'>C</span> <span class='ocrx_word' id='word_1_295' title='bbox 1209 3049 1258 3088; x_wconf 88' lang='lat' dir='ltr'><strong><em>T;</em></strong></span> <span class='ocrx_word' id='word_1_296' title='bbox 1293 3056 1420 3082; x_wconf 66' lang='lat' dir='ltr'><strong><em>paoem</em></strong></span> <span class='ocrx_word' id='word_1_297' title='bbox 1443 3072 1451 3081; x_wconf 95' lang='lat'><strong>.</strong></span> <span class='ocrx_word' id='word_1_298' title='bbox 1469 3073 1477 3082; x_wconf 96' lang='lat'><strong>.</strong></span> <span class='ocrx_word' id='word_1_299' title='bbox 1493 3073 1501 3081; x_wconf 88' lang='lat'><strong>.</strong></span> <span class='ocrx_word' id='word_1_300' title='bbox 1519 3073 1527 3081; x_wconf 93' lang='lat'><strong>.</strong></span> <span class='ocrx_word' id='word_1_301' title='bbox 1554 3049 1598 3087; x_wconf 71' lang='grc' dir='ltr'><strong><em>ις</em></strong></span> <span class='ocrx_word' id='word_1_302' title='bbox 1630 3048 1808 3089; x_wconf 76' lang='lat' dir='ltr'><strong><em>propriam</em></strong></span> <span class='ocrx_word' id='word_1_303' title='bbox 1837 3048 1908 3080; x_wconf 83' lang='lat' dir='ltr'><strong><em>Iac.</em></strong></span> <span class='ocrx_word' id='word_1_304' title='bbox 1939 3049 2028 3080; x_wconf 88' lang='lat' dir='ltr'><strong><em>Gro-</em></strong></span> 
     </span>
     <span class='ocr_line' id='line_1_31' title="bbox 239 3103 2028 3148; baseline -0.002 -9"><span class='ocrx_word' id='word_1_305' title='bbox 239 3106 386 3146; x_wconf 91' lang='lat' dir='ltr'><strong><em>novius;</em></strong></span> <span class='ocrx_word' id='word_1_306' title='bbox 412 3115 479 3147; x_wconf 78' lang='lat' dir='ltr'><strong><em>pro</em></strong></span> <span class='ocrx_word' id='word_1_307' title='bbox 502 3105 596 3148; x_wconf 62' lang='lat' dir='ltr'><strong><em>agris</em></strong></span> <span class='ocrx_word' id='word_1_308' title='bbox 618 3106 812 3148; x_wconf 89' lang='lat' dir='ltr'><strong><em>Zumptius.</em></strong></span> <span class='ocrx_word' id='word_1_309' title='bbox 844 3105 944 3139; x_wconf 82' lang='lat' dir='ltr'><strong><em>Conf.</em></strong></span> <span class='ocrx_word' id='word_1_310' title='bbox 969 3105 1054 3138; x_wconf 89' lang='lat' dir='ltr'><strong><em>Tab.</em></strong></span> <span class='ocrx_word' id='word_1_311' title='bbox 1080 3105 1113 3146; x_wconf 87' lang='lat'><strong><em>3,</em></strong></span> <span class='ocrx_word' id='word_1_312' title='bbox 1138 3106 1180 3139; x_wconf 75' lang='lat'><strong><em>22</em></strong></span> <span class='ocrx_word' id='word_1_313' title='bbox 1203 3113 1285 3148; x_wconf 88' lang='lat' dir='ltr'><strong><em>sqq.</em></strong></span> <span class='ocrx_word' id='word_1_314' title='bbox 1312 3123 1348 3128; x_wconf 92' lang='lat'><strong>—</strong></span> <span class='ocrx_word' id='word_1_315' title='bbox 1376 3104 1432 3137; x_wconf 75' lang='lat'><strong><em>22.</em></strong></span> <span class='ocrx_word' id='word_1_316' title='bbox 1455 3105 1514 3138; x_wconf 84' lang='lat' dir='ltr'><strong><em>Bis</em></strong></span> <span class='ocrx_word' id='word_1_317' title='bbox 1535 3113 1705 3137; x_wconf 81' lang='lat' dir='ltr'><strong><em>ovans--</em></strong></span> <span class='ocrx_word' id='word_1_318' title='bbox 1720 3103 1914 3145; x_wconf 74' lang='lat' dir='ltr'><strong><em>trimnphos]</em></strong></span> <span class='ocrx_word' id='word_1_319' title='bbox 1937 3104 2028 3136; x_wconf 85' lang='lat' dir='ltr'><strong><em>Sue-</em></strong></span> 
     </span>
     <span class='ocr_line' id='line_1_32' title="bbox 238 3160 2028 3204; baseline -0.002 -9"><span class='ocrx_word' id='word_1_320' title='bbox 238 3163 355 3196; x_wconf 81' lang='lat' dir='ltr'><strong><em>tonius</em></strong></span> <span class='ocrx_word' id='word_1_321' title='bbox 383 3163 472 3204; x_wconf 85' lang='lat' dir='ltr'><strong><em>Aug.</em></strong></span> <span class='ocrx_word' id='word_1_322' title='bbox 496 3162 556 3195; x_wconf 72' lang='lat'><strong><em>22:</em></strong></span> <span class='ocrx_word' id='word_1_323' title='bbox 591 3162 649 3194; x_wconf 87' lang='lat' dir='ltr'><strong><em>Bis</em></strong></span> <span class='ocrx_word' id='word_1_324' title='bbox 680 3170 783 3194; x_wconf 84' lang='lat' dir='ltr'><strong><em>ovans</em></strong></span> <span class='ocrx_word' id='word_1_325' title='bbox 814 3162 983 3203; x_wconf 65' lang='lat' dir='ltr'><strong><em>ingressus</em></strong></span> <span class='ocrx_word' id='word_1_326' title='bbox 1015 3165 1062 3194; x_wconf 86' lang='lat' dir='ltr'><strong><em>est</em></strong></span> <span class='ocrx_word' id='word_1_327' title='bbox 1094 3161 1226 3203; x_wconf 82' lang='lat' dir='ltr'><strong><em>urbem,</em></strong></span> <span class='ocrx_word' id='word_1_328' title='bbox 1253 3164 1328 3203; x_wconf 77' lang='lat' dir='ltr'><strong><em>post</em></strong></span> <span class='ocrx_word' id='word_1_329' title='bbox 1357 3161 1559 3203; x_wconf 76' lang='lat' dir='ltr'><strong><em>Philippense</em></strong></span> <span class='ocrx_word' id='word_1_330' title='bbox 1586 3164 1617 3194; x_wconf 88' lang='lat' dir='ltr'><strong><em>et</em></strong></span> <span class='ocrx_word' id='word_1_331' title='bbox 1645 3169 1765 3194; x_wconf 78' lang='lat' dir='ltr'><strong><em>rursus</em></strong></span> <span class='ocrx_word' id='word_1_332' title='bbox 1781 3163 1858 3202; x_wconf 76' lang='lat' dir='ltr'><strong><em>post</em></strong></span> <span class='ocrx_word' id='word_1_333' title='bbox 1878 3160 2028 3193; x_wconf 72' lang='lat' dir='ltr'><strong><em>Siculum</em></strong></span> 
     </span>
     <span class='ocr_line' id='line_1_33' title="bbox 239 3215 2027 3261; baseline -0.001 -10"><span class='ocrx_word' id='word_1_334' title='bbox 239 3219 368 3252; x_wconf 82' lang='lat' dir='ltr'><strong><em>bellum.</em></strong></span> <span class='ocrx_word' id='word_1_335' title='bbox 404 3219 538 3252; x_wconf 78' lang='lat' dir='ltr'><strong><em>curulis</em></strong></span> <span class='ocrx_word' id='word_1_336' title='bbox 558 3218 740 3260; x_wconf 78' lang='lat' dir='ltr'><strong><em>triumphos</em></strong></span> <span class='ocrx_word' id='word_1_337' title='bbox 762 3218 824 3251; x_wconf 86' lang='lat' dir='ltr'><strong><em>tris</em></strong></span> <span class='ocrx_word' id='word_1_338' title='bbox 845 3219 928 3261; x_wconf 71' lang='lat' dir='ltr'><strong><em>eyit,</em></strong></span> <span class='ocrx_word' id='word_1_339' title='bbox 952 3218 1190 3259; x_wconf 83' lang='lat' dir='ltr'><strong><em>Delmaticum,</em></strong></span> <span class='ocrx_word' id='word_1_340' title='bbox 1214 3218 1405 3259; x_wconf 66' lang='lat' dir='ltr'><strong><em>Actiacum,</em></strong></span> <span class='ocrx_word' id='word_1_341' title='bbox 1428 3218 1711 3258; x_wconf 78' lang='lat' dir='ltr'><strong><em>Alexandrinum,</em></strong></span> <span class='ocrx_word' id='word_1_342' title='bbox 1740 3217 1896 3250; x_wconf 68' lang='lat' dir='ltr'><strong><em>continuo</em></strong></span> <span class='ocrx_word' id='word_1_343' title='bbox 1916 3215 2027 3249; x_wconf 74' lang='lat' dir='ltr'><strong><em>triduo</em></strong></span> 
     </span>
     <span class='ocr_line' id='line_1_34' title="bbox 239 3272 2027 3317; baseline -0.002 -9"><span class='ocrx_word' id='word_1_344' title='bbox 239 3284 360 3308; x_wconf 80' lang='lat' dir='ltr'><strong><em>omnes.</em></strong></span> <span class='ocrx_word' id='word_1_345' title='bbox 393 3274 492 3308; x_wconf 81' lang='lat' dir='ltr'><strong><em>Conf.</em></strong></span> <span class='ocrx_word' id='word_1_346' title='bbox 517 3275 582 3308; x_wconf 93' lang='lat' dir='ltr'><strong><em>Dio</em></strong></span> <span class='ocrx_word' id='word_1_347' title='bbox 605 3275 659 3315; x_wconf 74' lang='lat'><strong><em>5⁴,</em></strong></span> <span class='ocrx_word' id='word_1_348' title='bbox 684 3275 739 3308; x_wconf 75' lang='lat'><strong><em>2⁴.</em></strong></span> <span class='ocrx_word' id='word_1_349' title='bbox 767 3293 803 3298; x_wconf 97' lang='lat'><strong>—</strong></span> <span class='ocrx_word' id='word_1_350' title='bbox 836 3275 1301 3317; x_wconf 77' lang='lat' dir='ltr'><strong><em>appellatus--imperatorl</em></strong></span> <span class='ocrx_word' id='word_1_351' title='bbox 1333 3275 1472 3308; x_wconf 85' lang='lat' dir='ltr'><strong><em>Tacitus</em></strong></span> <span class='ocrx_word' id='word_1_352' title='bbox 1500 3275 1589 3307; x_wconf 84' lang='lat' dir='ltr'><strong><em>Ann.</em></strong></span> <span class='ocrx_word' id='word_1_353' title='bbox 1615 3275 1648 3315; x_wconf 80' lang='grc'><strong><em>4,</em></strong></span> <span class='ocrx_word' id='word_1_354' title='bbox 1673 3274 1711 3307; x_wconf 85' lang='lat'><strong><em>9:</em></strong></span> <span class='ocrx_word' id='word_1_355' title='bbox 1743 3282 1862 3306; x_wconf 84' lang='lat' dir='ltr'><strong><em>nomen</em></strong></span> <span class='ocrx_word' id='word_1_356' title='bbox 1888 3272 2027 3313; x_wconf 69' lang='lat' dir='ltr'><strong><em>inpera-</em></strong></span> 
     </span>
     <span class='ocr_line' id='line_1_35' title="bbox 238 3329 2028 3373; baseline -0.001 -9"><span class='ocrx_word' id='word_1_357' title='bbox 238 3332 323 3364; x_wconf 83' lang='lat' dir='ltr'><strong><em>toris</em></strong></span> <span class='ocrx_word' id='word_1_358' title='bbox 343 3332 441 3364; x_wconf 81' lang='lat' dir='ltr'><strong><em>semel</em></strong></span> <span class='ocrx_word' id='word_1_359' title='bbox 462 3334 563 3373; x_wconf 80' lang='lat' dir='ltr'><strong><em>atque</em></strong></span> <span class='ocrx_word' id='word_1_360' title='bbox 583 3331 684 3364; x_wconf 82' lang='lat' dir='ltr'><strong><em>vicies</em></strong></span> <span class='ocrx_word' id='word_1_361' title='bbox 702 3334 852 3372; x_wconf 81' lang='lat' dir='ltr'><strong><em>partam.</em></strong></span> <span class='ocrx_word' id='word_1_362' title='bbox 879 3329 930 3364; x_wconf 81' lang='lat' dir='ltr'><strong><em>Cf.</em></strong></span> <span class='ocrx_word' id='word_1_363' title='bbox 955 3330 1019 3363; x_wconf 92' lang='lat' dir='ltr'><strong><em>Dio</em></strong></span> <span class='ocrx_word' id='word_1_364' title='bbox 1042 3331 1097 3372; x_wconf 75' lang='lat'><strong><em>52,</em></strong></span> <span class='ocrx_word' id='word_1_365' title='bbox 1123 3330 1176 3364; x_wconf 74' lang='grc' dir='ltr'><strong><em>Μ.</em></strong></span> <span class='ocrx_word' id='word_1_366' title='bbox 1205 3348 1242 3355; x_wconf 93' lang='lat'><em>-</em></span> <span class='ocrx_word' id='word_1_367' title='bbox 1276 3332 1330 3364; x_wconf 76' lang='lat'><strong><em>25.</em></strong></span> <span class='ocrx_word' id='word_1_368' title='bbox 1356 3334 1419 3364; x_wconf 79' lang='lat' dir='ltr'><strong><em>aut</em></strong></span> <span class='ocrx_word' id='word_1_369' title='bbox 1440 3331 1541 3363; x_wconf 77' lang='lat' dir='ltr'><strong><em>ductu</em></strong></span> <span class='ocrx_word' id='word_1_370' title='bbox 1561 3338 1634 3364; x_wconf 86' lang='lat' dir='ltr'><strong><em>meo</em></strong></span> <span class='ocrx_word' id='word_1_371' title='bbox 1655 3333 1716 3363; x_wconf 78' lang='lat' dir='ltr'><strong><em>aut</em></strong></span> <span class='ocrx_word' id='word_1_372' title='bbox 1730 3338 1796 3371; x_wconf 83' lang='lat' dir='ltr'><strong><em>per</em></strong></span> <span class='ocrx_word' id='word_1_373' title='bbox 1815 3330 1941 3371; x_wconf 63' lang='lat' dir='ltr'><strong><em>legatos</em></strong></span> <span class='ocrx_word' id='word_1_374' title='bbox 1961 3336 2028 3362; x_wconf 72' lang='lat' dir='ltr'><strong><em>au-</em></strong></span> 
     </span>
     <span class='ocr_line' id='line_1_36' title="bbox 238 3384 2028 3430; baseline -0.002 -10"><span class='ocrx_word' id='word_1_375' title='bbox 238 3387 348 3429; x_wconf 71' lang='lat' dir='ltr'><strong><em>spiciis</em></strong></span> <span class='ocrx_word' id='word_1_376' title='bbox 368 3387 460 3430; x_wconf 79' lang='lat' dir='ltr'><strong><em>meis]</em></strong></span> <span class='ocrx_word' id='word_1_377' title='bbox 484 3388 671 3421; x_wconf 85' lang='lat' dir='ltr'><strong><em>Suetonius</em></strong></span> <span class='ocrx_word' id='word_1_378' title='bbox 693 3388 781 3429; x_wconf 83' lang='lat' dir='ltr'><strong><em>Aug.</em></strong></span> <span class='ocrx_word' id='word_1_379' title='bbox 805 3387 865 3421; x_wconf 78' lang='lat'><strong><em>20:</em></strong></span> <span class='ocrx_word' id='word_1_380' title='bbox 901 3387 1039 3420; x_wconf 78' lang='lat' dir='ltr'><strong><em>Domuit</em></strong></span> <span class='ocrx_word' id='word_1_381' title='bbox 1065 3390 1177 3420; x_wconf 78' lang='lat' dir='ltr'><strong><em>autem</em></strong></span> <span class='ocrx_word' id='word_1_382' title='bbox 1202 3387 1330 3428; x_wconf 79' lang='lat' dir='ltr'><strong><em>partim</em></strong></span> <span class='ocrx_word' id='word_1_383' title='bbox 1357 3388 1458 3420; x_wconf 78' lang='lat' dir='ltr'><strong><em>ductu</em></strong></span> <span class='ocrx_word' id='word_1_384' title='bbox 1482 3386 1611 3428; x_wconf 75' lang='lat' dir='ltr'><strong><em>partim</em></strong></span> <span class='ocrx_word' id='word_1_385' title='bbox 1632 3386 1791 3427; x_wconf 75' lang='lat' dir='ltr'><strong><em>auspiciis</em></strong></span> <span class='ocrx_word' id='word_1_386' title='bbox 1809 3385 1878 3418; x_wconf 70' lang='lat' dir='ltr'><strong><em>mis</em></strong></span> <span class='ocrx_word' id='word_1_387' title='bbox 1899 3384 2028 3418; x_wconf 80' lang='lat' dir='ltr'><strong><em>Canta-</em></strong></span> 
     </span>
     <span class='ocr_line' id='line_1_37' title="bbox 239 3440 2028 3486; baseline -0.002 -9"><span class='ocrx_word' id='word_1_388' title='bbox 239 3443 369 3485; x_wconf 83' lang='lat' dir='ltr'><strong><em>briam,</em></strong></span> <span class='ocrx_word' id='word_1_389' title='bbox 399 3443 632 3486; x_wconf 75' lang='lat' dir='ltr'><strong><em>Aquitaniam,</em></strong></span> <span class='ocrx_word' id='word_1_390' title='bbox 662 3443 889 3484; x_wconf 77' lang='lat' dir='ltr'><strong><em>Pannoniam,</em></strong></span> <span class='ocrx_word' id='word_1_391' title='bbox 912 3443 1116 3477; x_wconf 77' lang='lat' dir='ltr'><strong><em>Delmatiam</em></strong></span> <span class='ocrx_word' id='word_1_392' title='bbox 1137 3452 1214 3477; x_wconf 80' lang='lat' dir='ltr'><strong><em>cum</em></strong></span> <span class='ocrx_word' id='word_1_393' title='bbox 1234 3443 1367 3484; x_wconf 81' lang='lat' dir='ltr'><strong><em>Illyrico</em></strong></span> <span class='ocrx_word' id='word_1_394' title='bbox 1388 3443 1494 3483; x_wconf 87' lang='lat' dir='ltr'><strong><em>omni,</em></strong></span> <span class='ocrx_word' id='word_1_395' title='bbox 1518 3443 1598 3476; x_wconf 83' lang='lat' dir='ltr'><strong><em>item</em></strong></span> <span class='ocrx_word' id='word_1_396' title='bbox 1617 3442 1770 3476; x_wconf 81' lang='lat' dir='ltr'><strong><em>Raetiam</em></strong></span> <span class='ocrx_word' id='word_1_397' title='bbox 1791 3444 1822 3474; x_wconf 78' lang='lat' dir='ltr'><strong><em>el</em></strong></span> <span class='ocrx_word' id='word_1_398' title='bbox 1847 3440 2028 3475; x_wconf 72' lang='lat' dir='ltr'><strong><em>Vindelicos</em></strong></span> 
     </span>
    </p>
   </div>
   <div class='ocr_carea' id='block_1_8' title="bbox 2236 0 2254 3770">
    <p class='ocr_par' dir='ltr' id='par_1_14' title="bbox 2236 0 2254 3770">
     <span class='ocr_line' id='line_1_38' title="bbox 2236 0 2254 3770; baseline 0 0"><span class='ocrx_word' id='word_1_399' title='bbox 2236 0 2254 3770; x_wconf 95' lang='lat' dir='ltr'><strong><em> </em></strong></span> 
     </span>
    </p>
   </div>
  </div>
 </body>
</html>
