2254 3770
333 307 417 353 5⁴2

792 313 854 356 P.
886 312 1135 357 CORNELII
1165 313 1335 358 TACITI
1362 314 1631 360 ANNALIUM

331 422 559 475 motusque
589 417 785 472 obsceni;
818 426 861 463 et
889 426 1116 478 postquam
1144 420 1349 464 tenebrae
1377 420 1648 473 incedebant,
1680 428 1884 480 quantum
1904 422 2018 466 iuxta
2037 435 2115 467 ne·-

330 492 461 536 moris
491 499 534 537 et
563 493 834 539 circumiecta
864 502 974 540 tecta
1003 509 1240 540 consonare
1271 502 1395 539 cantu
1417 502 1461 540 et
1488 495 1717 541 luminibus
1737 497 1988 542 clarescere.
2019 498 2113 556 ipse

328 581 409 626 per
444 567 558 613 licita
593 576 723 628 atque
757 570 914 617 inlicita
949 571 1143 615 foedatus
1179 570 1281 614 nihil
1320 570 1466 628 flagitii
1496 571 1728 630 reliquerat
1757 587 1843 631 quo
1873 572 2114 631 corruptior

329 650 492 701 ageret,
531 645 611 688 nisi
640 659 803 703 paucos
832 653 930 704 post
958 646 1052 691 dies
1081 647 1155 690 uni
1186 660 1238 690 ex
1267 646 1339 690 illo
1370 647 1750 698 contaminatorum
1778 662 1908 706 grege
1938 650 2114 705 (nomen

296 719 595 778 5Pythagorae
625 720 719 776 fuit)
750 721 792 764 in
816 722 993 766 modum
1013 721 1280 766 sollemnium
1301 721 1595 780 coniugiorum
1617 722 1903 781 denupsisset.
1934 723 2112 767 inditum

327 794 573 853 imperatori
610 796 876 851 flammeum3
913 798 993 841 visi
1022 797 1243 855 auspices;
1282 797 1362 853 dos
1392 804 1434 841 et
1469 797 1645 856 genialis
1673 804 1793 842 torus
1823 805 1865 843 et
1891 799 2007 843 faces
2035 813 2113 842 nu-

325 870 497 928 ptiales,
530 878 683 916 cuncta
712 872 901 931 denique
930 880 1119 931 spectata
1149 887 1261 932 quae
1292 876 1419 918 etiam
1450 873 1493 916 in
1522 874 1676 918 femina
1706 888 1791 918 nox
1819 874 1969 932 operit.

439 947 520 1004 (38)
547 948 950 1006 §equitur-clades,
986 949 1092 993 forte
1122 963 1176 993 an
1207 948 1306 993 dolo
1335 949 1540 1007 principis
1571 950 1779 994 incertum
1809 950 1921 1007 (nam
1949 955 2112 993 utrum-

325 1035 410 1080 que
453 1030 651 1068 auctores
691 1023 954 1082 prodidere),

1003 1024 1081 1068 sed
1122 1024 1320 1090 omnibus
1358 1038 1475 1099 quae
1508 1024 1608 1069 huic
1635 1025 1732 1070 urbi
1761 1039 1840 1084 per
1868 1024 2112 1069 violentiam

1614 1081 1904 1109 fffflew’*

275 1098 484 1156 wignium
513 1099 762 1144 acciderunt
790 1100 960 1158 gravior
988 1106 1117 1158 atque
1138 1084 1344 1144 atrocior.
1373 1100 1536 1143 initium
1552 1093 1610 1143 in
1623 1115 1675 1145 ea
1694 1107 1815 1159 parte
1835 1101 1935 1146 circi
1957 1107 2108 1153 ortum,

323 1182 436 1233 quae
466 1172 664 1219 Palatino
675 1168 936 1234 Caelioque
942 1169 1172 1219 montibus
1174 1164 1380 1234 contigua
1401 1183 1488 1229 est3
1520 1166 1591 1219 ubi
1614 1190 1692 1234 per
1710 1177 1921 1229 tabernas,
1953 1165 2110 1235 quibus

322 1250 367 1293 id
395 1251 719 1295 mercimonium
750 1252 902 1303 inerat,
935 1265 1022 1310 quo
1051 1251 1221 1295 flamma
1251 1251 1386 1303 alitur,
1418 1251 1544 1295 simul
1573 1258 1752 1310 coeptus
1782 1252 1890 1309 ignis
1911 1259 1952 1296 et
1970 1252 2109 1296 statim

322 1325 489 1370 validus
515 1340 591 1390 ac
608 1333 736 1371 vento
766 1327 874 1371 citus
908 1326 1223 1411 longitudinem
1246 1327 1347 1371 circi
1379 1328 1594 1402 corripuit.
1639 1341 1782 1386 neque
1812 1328 1927 1372 enim
1956 1327 2109 1372 domus

306 1384 447 1410 &wa-c
448 1379 514 1394 „5³:⁴1
734 1376 922 1393 *mma-1

323 1402 593 1446 munimentis
623 1409 796 1461 saeptae
826 1402 894 1447 vel
910 1383 1130 1460 templa
1112 1396 1257 1446 ιηΰῐῐέ
1258 1398 1438 1447 cincta
1440 1398 1519 1447 aut
1520 1393 1638 1461 quid
1667 1403 1782 1446 aliud
1803 1417 1948 1448 morae
1979 1403 2109 1448 inter-

271 1487 308 1517 ⁴5
321 1477 500 1522 iacebat
547 1479 706 1536 impetu
744 1484 1021 1536 pervagatum
1062 1478 1306 1522 incendium
1337 1477 1464 1536 plana
1492 1479 1696 1536 primum,
1736 1479 1934 1523 deinde
1922 1494 1964 1522 in
1994 1479 2109 1524 edita

321 1567 571 1612 assurgens,
603 1560 646 1598 et
675 1568 824 1598 rursus
854 1554 1054 1598 inferiora
1082 1553 1340 1612 populando,
1372 1554 1518 1598 anteiit
1545 1554 1736 1599 remedia
1755 1554 1979 1599 velocitate
2009 1553 2107 1598 mali

385 1707 418 1740 3.
441 1707 574 1754 fedatus
594 1707 628 1741 M
659 1725 695 1731 —
727 1707 761 1740 5.
783 1706 848 1749 fuit
867 1706 1050 1739 immodum
1070 1706 1105 1739 M
1131 1724 1167 1730 —
1194 1706 1423 1747 sollempnium
1443 1707 1477 1740 M
1501 1723 1536 1730 -
1566 1706 1597 1740 6.
1622 1707 1686 1739 visi
1707 1693 2032 1740 Rhenanust'misit
2051 1707 2104 1748 M3

318 1764 411 1797 missi
437 1764 591 1806 Lipsius;
620 1763 712 1796 missi
740 1766 770 1796 et
798 1761 1030 1802 Doederlein3
1065 1762 1128 1795 visi
1157 1765 1189 1795 et
1215 1761 1386 1796 Halmius.
1411 1780 1455 1787 —
1485 1763 1539 1796 ⁴0.
1565 1762 1754 1796 occiderunt
1775 1763 1810 1796 M
1836 1781 1871 1787 —
1895 1763 1989 1804 circu
2010 1763 2043 1797 M
2067 1780 2104 1787 -

320 1821 373 1855 ⁴2.
398 1824 508 1863 ceptus
529 1821 563 1855 M
589 1839 625 1845 —
651 1819 705 1854 ⁴4.
729 1823 816 1862 septe
837 1821 882 1854 M.

318 1953 370 1987 Cf.
394 1953 455 1994 43,
480 1953 540 1987 47:
573 1952 699 1986 Tiberio
728 1952 885 1994 abusque.
914 1971 950 1976 —
981 1951 1185 1994 incedebant]

319 2003 562 2044 «oriebantur,
594 2002 824 2045 ingruebant,
856 2011 895 2036 se
919 2002 1183 2035 intendebant.»

316 2053 418 2087 Silius
440 2054 477 2096 8,
502 2054 583 2088 337:
615 2055 764 2087 incedere
785 2053 908 2094 noctis,
939 2054 1030 2094 Quae
1052 2053 1187 2087 tardent

315 2113 466 2146 cursum,
488 2104 638 2137 tenebras
654 2104 750 2137 dolet.
768 2120 803 2127 —
823 2104 916 2136 licita
930 2107 1030 2145 atque
1043 2102 1183 2144 inlicita]

315 2156 382 2188 Per
396 2155 488 2187 licita
502 2154 677 2187 indicatur
687 2154 835 2187 Neronis
848 2162 932 2187 cum
947 2154 1086 2187 seminis
1102 2162 1184 2186 con-

314 2205 478 2246 suetudo,
504 2205 578 2238 sive
594 2202 747 2237 illustres
763 2205 865 2237 erant
879 2205 954 2237 sive
970 2205 1102 2244 scorta,
1119 2212 1185 2246 per

313 2255 444 2289 inlicita
471 2257 532 2287 aut
560 2254 722 2288 eiusdem
752 2262 835 2287 cum
864 2254 948 2287 viris
977 2252 1183 2296 complexus

315 2307 376 2338 aut
398 2304 606 2338 concubitus
629 2313 712 2338 cum
743 2304 882 2337 feminis
905 2303 1058 2337 nefando
1082 2312 1182 2336 more

313 2356 503 2389 institutus.
520 2356 655 2388 Rrrrnn.
676 2373 712 2378 —
733 2353 1049 2396 contaminatorum]
1076 2354 1183 2386 Com—

312 2406 440 2449 parant
461 2406 581 2438 Horat.
608 2405 645 2437 C.
670 2405 702 2446 ⁴,
724 2404 778 2445 37,
796 2405 835 2438 9:
861 2405 989 2446 Regina
1004 2420 1052 2428 --
1066 2407 1183 2436 conta-

312 2457 441 2489 minato
468 2463 544 2488 cum
570 2463 670 2497 qreqe
699 2456 846 2496 turpium
874 2454 989 2487 morbo
1016 2454 1181 2494 uirorum,

312 2505 376 2538 ubi
403 2504 618 2547 intelligendi
651 2504 830 2547 spadones
859 2503 1088 2547 Cleopatrae,
1124 2504 1182 2536 hic

313 2555 452 2590 exoleti.
472 2573 509 2579 —
534 2563 653 2588 nomen
673 2556 881 2597 Pythagorae
901 2554 976 2597 fuit]
1000 2554 1181 2587 Libertum

313 2615 397 2640 eum
425 2606 529 2639 vocat
557 2605 622 2638 Dio
653 2605 713 2645 62,
741 2605 796 2638 28.
832 2605 932 2638 Idem
955 2604 1014 2645 63,
1040 2604 1101 2637 432
1138 2603 1181 2637 ἐκ

311 2655 452 2691 τούτου
485 2657 584 2699 (post
611 2657 795 2699 Poppaeae
819 2655 990 2697 mortem)
1026 2655 1181 2699 συνεγέ-

311 2717 426 2741 νοντο
448 2703 532 2750 ἅμα
553 2704 605 2750 τῷ
628 2706 774 2753 Νέρωνι
795 2704 1028 2753 Πυθαγόρας
1041 2705 1113 2749 μὲν
1128 2702 1181 2747 ὥς

311 2755 422 2806 ἀνήρ,
446 2755 598 2805 Σπόρος
613 2755 654 2790 δὲ
668 2754 720 2798 ὦς
735 2755 843 2801 γυνή.
873 2758 1031 2790 Tacitum
1046 2757 1181 2790 exscri-

310 2811 382 2853 psit
403 2808 575 2851 Sulpicius
598 2809 750 2841 Severus
773 2809 860 2841 Hist.
885 2809 980 2841 Sacr.
1006 2809 1037 2848 Ξ,
1062 2807 1117 2847 28,
1135 2807 1176 2839 2:

308 2861 346 2894 id
366 2862 498 2892 tantum
512 2859 685 2891 adnotasse
700 2861 869 2890 contentus
881 2866 970 2899 sum,
994 2857 1080 2890 hunc
1095 2858 1137 2898 (N
1139 2866 1180 2890 e-

310 2909 446 2951 ronem)
473 2917 536 2950 per
558 2909 671 2941 omnia
690 2908 880 2950 foedissima
901 2911 932 2941 et
953 2907 1179 2941 crudelissima

309 2968 347 2993 eo
368 2959 584 3001 processisse,
622 2962 661 2991 ut
688 2961 830 2991 matrem
863 2958 1077 3000 interficeret,
1104 2960 1181 2998 post

309 3010 411 3043 etiam
439 3009 648 3051 Pythagorae
679 3009 811 3041 cuidam
836 3009 872 3041 in
892 3009 1026 3041 modum
1047 3007 1178 3040 sollem-

307 3061 402 3094 nium
430 3059 661 3101 coniuqiorum
688 3058 823 3091 nuberet
834 3067 847 3097 ‚·
883 3058 1088 3098 inditumque
1112 3058 1177 3090 im-

305 3110 457 3152 peratori
476 3111 686 3152 stmnmem,
721 3108 779 3140 dos
801 3110 831 3140 et
851 3108 991 3149 yenialis
1012 3107 1125 3140 thorus
1146 3110 1178 3140 et

306 3161 397 3203 faces
422 3159 603 3201 nuptiales,
633 3160 754 3191 cuncta
783 3157 921 3199 denique
951 3166 1036 3198 quae
1064 3157 1115 3190 vel
1140 3157 1176 3190 in

306 3210 435 3252 seminis
455 3218 523 3242 non
544 3209 613 3242 sine
626 3207 826 3241 verecundia
839 3207 1089 3247 conspiciuntur
1101 3215 1176 3248 spe-

307 3263 409 3293 ctata.
435 3259 487 3292 Cf.
511 3257 672 3292 Aurelius
693 3257 814 3290 Victor
837 3256 882 3289 de
907 3256 1117 3290 Caesaribus
1139 3257 1172 3296 ὅ,

306 3311 346 3343 5:
383 3318 421 3343 eo
445 3317 639 3351 progressus
667 3310 733 3348 est,
767 3307 817 3340 uti
844 3314 949 3346 neque
969 3315 1051 3339 suae
1071 3315 1175 3348 neque

306 3360 452 3392 aliorum
470 3359 651 3400 pudicitiae
668 3365 811 3399 parcens
825 3357 871 3389 ad
885 3359 1070 3389 eoetremum
1085 3358 1175 3390 ami-

305 3413 377 3443 ctus
390 3409 580 3442 nubentium
593 3410 765 3451 virginum
777 3406 893 3449 specie,
909 3406 1028 3447 palam
1042 3410 1171 3447 senatu,

306 3459 381 3493 dote
395 3459 493 3499 daca,
517 3458 643 3492 cunetis
658 3458 850 3501 festa-more
863 3454 1113 3496 celebrantibus,
1137 3457 1174 3491 in

1233 1960 1372 1984 manum
1383 1952 1574 1985 conveniret
1587 1951 1668 1984 lecto
1682 1960 1727 1984 ex
1739 1947 1887 1984 omnibus
1893 1951 2103 1994 prodiqiosiae.

1235 2002 1420 2035 Suetonius
1438 2002 1480 2043 (c.
1498 2000 1551 2043 29)
1576 2010 1672 2042 eum,
1698 2001 1755 2035 cui
1773 2000 1981 2044 denupserit
1997 2002 2103 2043 Nero,

1232 2052 1469 2092 Doryphorum
1490 2051 1643 2084 libertum
1664 2052 1784 2093 vocat,
1810 2059 1875 2085 suo
1898 2060 2041 2094 errore,
2064 2053 2106 2085 ut

1233 2102 1385 2135 videtur.
1410 2102 1641 2145 Doryphorus
1657 2102 1752 2135 enim
1767 2111 1874 2145 supra
1892 2102 1957 2145 (⁴4,
1976 2101 2029 2144 65)
2045 2111 2106 2136 ve—

1234 2161 1327 2185 neno
1350 2152 1557 2186 interfectus
1580 2152 1743 2193 traditur,
1769 2161 1801 2186 a.
1820 2161 1856 2185 u.
1874 2152 1951 2186 8⁴5.
1978 2170 2015 2176 —
2039 2153 2105 2185 visi

1233 2203 1391 2245 auspices]
1420 2204 1472 2236 De
1495 2204 1550 2236 his
1573 2204 1775 2246 nuptiarum
1797 2202 2000 2246 auspicibus
2022 2202 2102 2236 vide

1233 2255 1324 2286 Ann.
1349 2255 1403 2295 Η,
1428 2254 1470 2288 27
1494 2255 1530 2287 et
1553 2254 1596 2287 cf.
1622 2255 1765 2287 Sueton.
1792 2253 1914 2288 Claud.
1939 2255 2000 2288 26:
2029 2255 2104 2288 dote

1231 2304 1319 2338 inter
1334 2305 1483 2346 auspices
1496 2305 1703 2347 consignata.
1728 2304 1844 2338 Valer.
1862 2305 1952 2339 Max.
1966 2305 2000 2346 2,
2017 2305 2050 2346 i,
2066 2305 2100 2338 ⁴:

1231 2354 1329 2396 Apud
1351 2355 1506 2396 antiqaos
1527 2364 1593 2387 non
1614 2355 1721 2388 solum
1741 2355 1872 2396 publice
1877 2375 1890 2396 ,-
1922 2355 1980 2388 sed
2001 2355 2104 2391 etiam

1230 2405 1394 2446 privatim
1422 2405 1505 2438 nihil
1536 2404 1715 2447 yerebatur
1739 2405 1804 2437 nisi
1831 2405 1980 2446 auspicio
2006 2405 2104 2447 prius

1232 2458 1372 2496 sumpto.
1400 2456 1471 2496 Quo
1494 2464 1537 2488 ex
1558 2464 1652 2488 more
1671 2455 1796 2496 nuptiis
1818 2455 1918 2488 etiam
1931 2464 2021 2488 nunc
2035 2463 2102 2488 au-

1232 2506 1334 2546 spices
1361 2505 1635 2546 interponuntur,
1667 2505 1742 2547 qui,
1774 2506 1929 2546 quamvis
1950 2505 2103 2546 auspicia

1228 2560 1338 2598 petere
1371 2556 1545 2596 desierint,
1580 2556 1650 2597 ipso
1679 2559 1790 2589 tamen
1821 2556 1952 2590 nomine
1983 2556 2103 2589 vetem

1231 2607 1473 2640 consuetudinis
1493 2607 1634 2648 vestigia
1655 2610 1832 2648 usurpant.

1275 2657 1328 2691 38.
1353 2657 1440 2699 forte
1453 2666 1499 2690 an
1514 2657 1587 2690 dolo
1599 2657 1761 2698 principis
1774 2655 1949 2699 incertum]
1972 2656 2100 2700 Specta

1231 2707 1513 2741 moderationem
1529 2707 1658 2741 Taciti!
1683 2707 1912 2750 Scriptorum,
1933 2715 2023 2749 quos
2038 2705 2100 2740 ho·

1231 2758 1287 2791 die
1303 2757 1466 2800 legimus,
1490 2758 1554 2791 Dio
1571 2758 1714 2791 Cassius
1730 2757 1783 2798 62,
1803 2758 1844 2791 46
1859 2756 1973 2791 malae
1988 2756 2115 2791 menti·

1229 2809 1378 2842 Neronis
1400 2807 1521 2840 tribuit
1543 2806 1626 2841 illud
1642 2807 1855 2848 incendium,
1873 2807 2009 2840 dudum
2025 2807 2102 2840 ani·

1229 2867 1288 2891 mo
1310 2857 1482 2891 volventis
1511 2858 1547 2890 et
1577 2857 1754 2890 Priamum
1784 2855 1924 2890 felicem
1955 2856 2099 2900 praedi—

1228 2908 1357 2948 cantis,
1383 2907 1440 2940 cui
1455 2907 1578 2940 Troiae
1602 2907 1736 2949 patriae
1758 2906 1963 2940 incendium
1986 2905 2098 2941 oculis

1228 2967 1376 2992 cernere
1401 2958 1606 2999 contigerit;
1631 2957 1818 2990 Suetonius
1841 2966 1872 2991 c.
1890 2957 1932 2990 38
1955 2958 2096 2991 veteres

1227 3009 1336 3042 aedes
1359 3017 1401 3041 ac
1416 3009 1593 3041 tortuosas
1607 3007 1742 3050 plateas
1759 3007 1858 3042 urbis
1874 3006 2095 3051 displicuisse

1226 3059 1355 3092 Neroni
1389 3057 1528 3098 scribit,
1565 3058 1747 3100 ceteroqui
1781 3059 1934 3101 spatium
1964 3065 2094 3091 aureae

1225 3118 1312 3142 suae
1347 3108 1468 3141 domui
1501 3107 1727 3141 desideranti.
1764 3108 1890 3141 Dusau.
1924 3105 2095 3140 Videlicet

1226 3158 1413 3191 Suetonius
1436 3159 1472 3190 et
1486 3158 1551 3191 Dio
1567 3161 1719 3191 auctores
1733 3156 1779 3190 ab
1795 3157 1871 3200 ipso
1886 3156 2005 3190 Tacito
2019 3164 2095 3190 me-

1226 3210 1399 3249 moratos,
1430 3208 1491 3250 qui
1521 3209 1691 3241 atrociora
1715 3207 1951 3247 tradiderant,
1979 3206 2093 3240 secuti

1225 3259 1324 3298 sunt,
1350 3267 1394 3291 ex
1417 3257 1532 3291 indole
1555 3257 1710 3291 humana
1733 3257 1892 3300 cupidius
1915 3256 2092 3290 deteriora

1225 3308 1406 3342 credendi.
1442 3307 1494 3341 Cf.
1524 3306 1609 3341 Plin.
1634 3309 1676 3340 N.
1701 3307 1743 3340 Η.
1768 3307 1808 3340 47
1835 3306 1855 3348 5
1877 3307 1914 3339 ⁵:
1950 3306 2093 3339 Neronis

1220 3358 1383 3399 principis
1403 3357 1576 3398 incendia,
1601 3356 1718 3398 quibus
1732 3357 1892 3389 cremavit
1904 3355 2029 3389 urbem.
2050 3372 2087 3380 -

1223 3406 1423 3449 acciderunt]
1443 3407 1597 3449 primum
1612 3414 1678 3449 per
1692 3404 1805 3439 Gallos
1821 3413 1852 3437 a.
1870 3414 1905 3438 u.
1922 3405 1986 3439 36⁵
2003 3405 2087 3448 (Liv.

1222 3457 1255 3498 ὅ,
1272 3456 1347 3499 4⁴);
1373 3455 1502 3490 deinde
1518 3465 1550 3489 a.
1568 3464 1604 3490 u.
1621 3456 1699 3497 780,
1722 3455 1849 3489 deusto
1865 3456 1985 3489 monte
2002 3456 2089 3489 Cae-
