2254 3770
680 302 834 346 Lissa
859 301 963 346 xlv.
1002 301 1102 358 Cap.
1133 299 1198 343 ⁴7.
1229 300 1297 344 is.
1328 300 1396 343 ⁴9.

1844 298 1919 343 45⁴

150 425 262 469 quae
290 416 437 455 contra
465 408 584 465 leges
613 409 896 460 instituerant,
926 406 1153 459 dissoluta;
1184 406 1398 451 Livineius
1419 411 1462 450 et
1479 405 1555 464 qui
1581 404 1650 449 alii
1670 404 1927 449 seditionem

148 486 420 531 conciverant
446 485 575 528 exilio
604 484 765 527 multati
794 490 906 527 sunt.

260 560 293 618 (4
303 561 347 618 8)
370 561 506 604 Motus
532 566 681 603 senatu
704 565 748 603 et
771 558 928 603 Pedius
948 557 1148 609 Blaesus,
1174 557 1472 601 accusantibus
1498 557 1817 617 Cyrenensibus
1836 557 1925 601 vio-

146 636 275 680 latum
306 635 360 679 ab
391 649 444 679 eo
483 634 730 678 thesaurum
760 633 997 691 Aesculapii
1027 632 1317 690 dilectumque
1346 633 1571 677 militarem
1600 633 1736 691 pretio
1766 639 1809 676 et
1837 647 1927 676 am-

146 711 306 755 bitione
336 716 595 768 corruptum.
639 709 768 753 iidem
798 710 1070 768 Cyrenenses
1099 722 1220 751 reum
1251 708 1432 766 agebant
1452 709 1631 753 Acilium
1659 708 1959 761 Strabonem,s

147 786 360 845 praetoria
396 791 606 843 potestate
646 799 770 828 usum
809 791 852 828 et
884 784 1060 827 missum
1091 783 1419 841 disceptatorem
1450 799 1474 828 a
1505 783 1682 829 Claudio
1712 798 1924 842 agrorum,

147 875 257 920 quos
285 861 399 918 regis
421 860 594 918 Apionis
623 859 839 918 quondam
859 859 995 903 avitos
1025 865 1068 902 et
1095 858 1255 916 populo
1275 861 1463 903 Romano
1485 873 1580 904 cum
1602 874 1734 917 regno
1755 859 1926 904 relictos

146 939 366 995 proximus
386 936 570 994 quisque
591 949 818 993 possessor
834 935 1088 985 invaserant,
1111 933 1359 992 diutinaque
1379 934 1548 979 licentia
1569 941 1611 979 et
1629 936 1783 979 iniuria
1800 935 1924 994 quasi

147 1012 240 1056 iure
269 1019 314 1056 et
341 1025 482 1070 aequo
510 1012 763 1055 nitebantur.
807 1011 936 1068 igitur
964 1009 1216 1054 abiudicatis
1244 1010 1357 1067 agris
1382 1016 1474 1054 orta
1502 1010 1710 1054 adversus
1741 1011 1925 1055 iudicem

147 1087 325 1140 invidia,
357 1093 399 1130 et
427 1093 600 1130 senatus
629 1087 771 1143 ignota
800 1086 881 1129 sibi
902 1099 999 1129 esse
1018 1084 1216 1129 mandata
1237 1084 1399 1129 Claudii
1421 1091 1462 1128 et
1481 1085 1789 1130 consulendum
1809 1086 1976 1144 prin-io

145 1163 286 1220 cipem
315 1161 548 1220 respondit.
590 1162 703 1205 Nero
731 1161 910 1219 probata
936 1160 1157 1204 Strabonis
1186 1160 1410 1212 sententia,
1443 1174 1491 1204 se
1511 1160 1642 1204 nihilo
1662 1161 1802 1205 minus
1822 1161 1926 1205 sub-

146 1237 289 1281 venire
319 1237 446 1281 sociis
477 1244 520 1281 et
548 1242 750 1294 usurpata
781 1235 1021 1280 concedere
1051 1235 1281 1293 rescripsit.

257 1313 288 1369 (l
298 1313 339 1370 9)
369 1313 616 1370 Sequuntur
644 1312 832 1355 virorum
861 1311 1086 1354 illustrium
1105 1318 1283 1362 mortes,
1316 1310 1485 1354 Domitii
1506 1311 1589 1355 Afri
1610 1318 1653 1355 et
1671 1311 1723 1355 Μ.
1745 1304 1924 1362 Servilii,

144 1388 218 1446 qui
248 1388 425 1431 summis
456 1387 688 1431 bonoribus
719 1394 762 1431 et
789 1386 920 1430 multa
949 1386 1193 1444 eloquentia
1212 1387 1451 1444 viguerant,
1483 1386 1554 1431 ille
1575 1386 1736 1431 orando
1758 1400 1923 1438 causas,

144 1463 349 1506 Servilius
383 1463 458 1514 diu
494 1463 605 1514 soro,
646 1476 745 1506 mox
781 1461 999 1506 tradendis
1034 1461 1165 1505 rebus
1206 1463 1405 1506 Romanis
1435 1461 1617 1506 celebris
1647 1468 1690 1506 et
1717 1461 1974 1520 elegantiam

144 1538 279 1592 vitae3
310 1551 440 1596 quam
468 1537 691 1581 clariorem
721 1537 877 1589 effecit,
908 1544 955 1580 ut
983 1550 1061 1596 par
1091 1537 1278 1595 ingenio,
1312 1538 1368 1581 ita
1395 1551 1562 1581 morum
1593 1538 1803 1581 diversus.

208 1665 239 1697 4.
264 1664 430 1698 Livineius
451 1665 605 1707 Lipsius:
643 1664 831 1697 liuidineius
856 1665 890 1698 M
915 1682 951 1687 —
984 1664 1015 1697 3.
1041 1663 1146 1697 blesus
1167 1665 1200 1698 M
1224 1682 1259 1687 —
1285 1664 1506 1699 cirenensibus
1526 1665 1560 1700 M
1585 1682 1621 1688 —
1654 1664 1687 1699 4.
1712 1665 1870 1708 esculapii
1891 1665 1926 1699 M

146 1739 182 1744 —
202 1718 273 1763 ptio
296 1721 328 1754 M
353 1738 388 1743 ——
414 1722 447 1754 ὅ.
471 1721 557 1753 idem
578 1723 729 1762 cyrenses
750 1722 783 1754 M
809 1739 845 1744 —
871 1721 902 1753 7.
927 1721 1015 1763 regis
1036 1720 1172 1762 Apionis
1194 1721 1362 1762 quondam
1384 1722 1492 1754 avitos
1511 1720 1689 1755 Walther:
1719 1722 1808 1764 reqis
1828 1722 1926 1763 apio-

142 1777 195 1809 nis
217 1777 382 1818 quondam
403 1776 530 1810 habitos
551 1778 602 1816 M;
632 1777 706 1819 regi
726 1776 846 1818 Apioni
868 1777 1036 1817 quondam
1056 1777 1184 1809 habitos
1205 1777 1354 1819 Lipsius.
1388 1777 1439 1810 Cf.
1456 1786 1531 1810 var.
1550 1776 1629 1811 lect.
1647 1777 1692 1810 ad
1715 1787 1750 1820 p.
1767 1777 1842 1818 338,
1869 1778 1921 1812 47.

81 1853 87 1862 ,
142 1832 220 1874 446,
238 1825 277 1866 '‘7.
301 1832 376 1873 432,
403 1834 464 1872 ⁴53
488 1834 594 1866 avitos
615 1842 716 1875 apros
737 1832 913 1866 habemus
937 1834 1044 1867 etiam
1066 1833 1155 1866 infra
1179 1842 1209 1866 c.
1228 1834 1282 1866 22.
1303 1851 1337 1857 —
1365 1833 1397 1866 9.
1420 1834 1496 1882 iurg
1517 1835 1552 1868 M
1568 1851 1604 1857 —
1629 1834 1727 1867 horta
1748 1835 1782 1868 M
1805 1851 1841 1858 —
1867 1835 1922 1867 40.

141 1889 275 1922 connis
295 1890 374 1922 dum
396 1889 430 1922 M
450 1906 487 1912 —
512 1890 566 1922 44.
590 1890 679 1923 Nero
701 1889 876 1923 Pichena:
902 1898 943 1923 ne
956 1890 990 1923 M
1006 1907 1042 1913 —
1067 1890 1190 1923 nichilo
1204 1890 1238 1923 M
1255 1907 1291 1914 -—
1312 1890 1366 1923 42.
1389 1891 1560 1932 rescripsit
1574 1891 1707 1924 Haase:
1732 1891 1863 1932 scripsit
1876 1891 1922 1924 M.

142 1993 320 2033 eunucu.
351 1997 543 2023 mcsmms.
572 1997 735 2023 rmsns.
772 2004 808 2013 -—
845 1990 1010 2030 deportati

142 2043 218 2072 siint
238 2040 275 2072 in
296 2039 420 2081 urbem]
444 2041 591 2072 Romam
608 2039 781 2081 deportati
797 2042 880 2073 sunt
894 2039 939 2072 ad
954 2040 1010 2072 in-

142 2089 366 2123 cendendam
394 2090 561 2122 invidiam
592 2090 628 2122 et
656 2090 877 2123 accusandos
903 2092 1009 2124 Pom·-

141 2141 300 2183 peianos.
329 2157 366 2164 —
387 2139 528 2182 publice]
551 2139 639 2172 Vide
663 2139 710 2172 ad
732 2139 771 2180 4,
796 2140 850 2173 36.
878 2157 914 2164 —
939 2140 1009 2173 col-

141 2190 305 2233 leqiaque]
327 2193 503 2232 Pei-quam
519 2190 683 2223 factiosos
700 2189 806 2223 ruisse
821 2191 1009 2233 Pompeia-

142 2249 208 2274 nos
238 2249 281 2274 ex
310 2240 429 2273 multis
452 2249 580 2273 eorum
603 2239 906 2282 inscriptionibus,
939 2241 1008 2274 im-

141 2291 264 2334 primis
294 2291 366 2333 eis,
399 2299 488 2333 quas
517 2292 597 2324 ante
622 2291 763 2324 comitia
785 2290 1007 2333 municipalia

141 2342 175 2374 in
193 2340 335 2382 singulis
358 2341 433 2373 fere
449 2340 615 2374 domibus
633 2341 898 2383 proponebant,
923 2343 1008 2376 satis

141 2391 308 2433 apparet,
332 2392 371 2423 ut
393 2392 500 2423 etiam
522 2391 690 2432 oppidana
709 2399 831 2423 eorum
854 2392 1006 2425 lascivia.

142 2440 194 2474 Ct'.
221 2441 330 2473 inser.
355 2441 428 2473 Lat.
453 2449 489 2474 n.
511 2440 608 2473 3700.
631 2458 668 2464 -
693 2444 814 2474 contra
835 2441 930 2484 leges]
955 2441 1005 2475 Cf.

141 2489 306 2532 Ulpianus
336 2490 468 2532 Digest.
493 2490 549 2530 47,
573 2491 636 2530 22,
660 2491 697 2523 2:
733 2492 889 2532 Quisquis
909 2492 1009 2525 illici-

142 2543 212 2573 tum
232 2541 408 2583 collegium
428 2542 661 2582 usurpaverit,
686 2550 727 2575 ea
743 2551 852 2582 poena
866 2545 1006 2583 tenetur,

141 2598 211 2631 qua
231 2593 395 2631 tenentur,
418 2591 474 2632 qui
495 2591 682 2624 hominibus
701 2592 845 2624 armatis
862 2592 936 2624 loca
945 2601 1009 2633 pu-

141 2639 228 2683 blica
245 2641 297 2673 vel
316 2641 438 2682 templa
459 2649 636 2682 occupasse
654 2642 794 2675 iudicati
807 2645 893 2675 swnt.
919 2642 1007 2675 Hinc

141 2698 315 2732 persaepe
336 2691 370 2722 in
393 2689 619 2732 collegiorum
633 2691 923 2732 inscriptionibus
934 2691 1008 2724 for-

141 2739 236 2773 mula
262 2739 336 2773 illa:
365 2749 481 2780 Qrmvs
503 2749 550 2774 tx
569 2750 601 2775 s.
625 2749 656 2774 c.
682 2750 781 2774 coms
802 2749 909 2775 acer.

185 2791 238 2824 48.
255 2790 372 2824 Pedius
386 2791 535 2834 Blaesus]
552 2792 676 2834 postea
691 2792 891 2825 restitutus:
916 2792 1004 2825 Hist.

141 2840 174 2880 4,
192 2840 245 2873 77.
267 2858 303 2864 -
328 2841 527 2882 Aesculapii]
549 2841 648 2874 cuius
670 2840 842 2883 templum
862 2840 1005 2875 celebre

141 2898 184 2922 ac
205 2889 360 2923 donariis
383 2889 484 2924 dives
506 2892 584 2924 erat
598 2891 757 2932 Cyrenis.
784 2891 836 2924 Cf.
853 2893 1003 2925 Pausan.

139 2939 174 2979 2,
199 2939 241 2971 40
264 2940 301 2971 et
321 2939 354 2979 6,
371 2939 425 2972 49.
445 2957 482 2964 -
507 2940 784 2982 dilectumque--
799 2940 1003 2982 comptam]

140 2989 192 3021 Ita
214 2989 253 3020 ut
273 2989 496 3022 vacationem
517 2988 660 3023 militiae
683 2989 784 3023 daret
804 2988 861 3023 vel
891 2990 1004 3032 pretio

141 3037 198 3071 vel
231 3037 279 3071 ob
313 3037 522 3072 familiarum
555 3040 811 3072 auctoritatem.
846 3056 881 3063 —
917 3041 1005 3082 repis

139 3087 286 3130 Apionis]
310 3089 370 3122 Est
393 3087 614 3123 Ptolemaeus
636 3089 766 3132 Apion,
790 3088 882 3123 filius
905 3091 1004 3123 natu-

139 3136 223 3171 ralis
255 3137 447 3171 Ptolemaei
473 3138 545 3170 VII.
580 3139 774 3180 Euergetae
803 3139 851 3178 11,
887 3139 948 3180 qui
971 3139 1004 3172 ei

139 3195 288 3230 regnum
311 3188 550 3230 Cyrenaicum
571 3186 717 3230 legavit:
743 3187 839 3230 quod
853 3196 935 3221 cum
950 3189 1004 3221 vi-

139 3238 225 3279 ginti
245 3245 311 3280 per
331 3246 443 3271 annos
459 3236 685 3277 obtinuisset,
710 3237 884 3270 heredem
900 3238 1003 3271 insti-

140 3287 205 3319 tuit
236 3285 405 3329 populum
440 3288 656 3326 Romanum,
692 3295 724 3320 a.
755 3295 791 3319 u.
817 3286 891 3320 668.
926 3287 999 3320 Liv.

139 3335 230 3377 Epit.
253 3336 315 3369 70:
350 3337 571 3376 Ptolemaeus,
606 3336 814 3376 Cyrenarum
832 3344 915 3376 rav,
946 3337 1002 3369 cui

138 3389 386 3427 οοφιοηιοιιιυηι
413 3386 532 3428 Apioni
557 3386 638 3428 suit,
675 3388 829 3419 mortim
853 3385 1001 3419 heredem

135 3434 296 3477 mulin»
326 3437 367 3470 R.
394 3437 547 3479 ratim,
580 3439 613 3470 et
638 3436 710 3470 eius
737 3436 833 3479 raoni
853 3436 1002 3471 cimam

1056 1993 1190 2023 senatus
1216 1990 1339 2024 liberas
1358 1999 1425 2024 esse
1446 1992 1555 2024 iussit.
1587 1991 1639 2025 Cf.
1663 1991 1785 2024 lustin.
1810 1991 1864 2032 39,
1889 1992 1922 2024 5.

1056 2040 1201 2082 Eutrop.
1216 2040 1249 2080 6,
1263 2041 1317 2074 44.
1331 2041 1486 2074 Visconti
1497 2042 1647 2083 Iconoyr.
1661 2050 1713 2083 qr.
1725 2042 1781 2080 ΙΙΙ,
1796 2050 1830 2083 p.
1845 2040 1922 2074 347.

1058 2090 1199 2123 Fischer
1213 2091 1306 2124 Rom.
1324 2091 1496 2133 Zeittafeln
1511 2100 1546 2133 p.
1565 2091 1628 2124 468
1645 2093 1682 2124 et
1695 2092 1771 2124 200.
1792 2109 1828 2115 -
1847 2091 1925 2124 diu-

1056 2140 1202 2183 tinaque]
1220 2150 1286 2183 per
1301 2149 1411 2174 annos
1427 2141 1539 2182 CLIV,
1563 2140 1692 2183 quibus
1707 2142 1924 2183 usucapione

1055 2190 1187 2223 iustum
1211 2199 1336 2224 eorum
1359 2199 1526 2233 agrorum
1548 2191 1744 2224 dominium
1764 2194 1843 2225 sese
1860 2200 1924 2225 ac-

1057 2240 1208 2281 quisisse
1224 2240 1500 2274 contendebant.
1526 2241 1627 2274 CLIV
1641 2243 1761 2274 autem
1779 2250 1846 2284 per
1859 2250 1925 2274 an—

1056 2298 1121 2323 nos
1146 2290 1243 2331 dico,
1269 2291 1351 2332 quia
1374 2289 1557 2334 probabile
1575 2292 1630 2323 est
1645 2290 1690 2324 ab
1706 2291 1828 2325 incolis
1843 2291 1926 2324 libe·-

1054 2349 1176 2373 rarum
1204 2340 1342 2374 illarum
1365 2342 1544 2374 civitatum
1568 2349 1650 2374 mox
1677 2342 1758 2383 post
1779 2341 1923 2384 Apionis

1056 2392 1208 2424 mortem
1232 2393 1423 2434 occupatos
1446 2400 1526 2425 esse
1551 2392 1626 2424 eius
1649 2400 1765 2434 agros.

1101 2441 1153 2474 49.
1179 2442 1317 2474 Domitii
1337 2441 1423 2484 Afri]
1451 2441 1539 2474 Vide
1555 2441 1599 2474 ad
1618 2441 1651 2483 4,
1668 2442 1723 2475 52.
1748 2443 1924 2484 Hierony-

1055 2499 1135 2524 mus
1163 2492 1198 2524 in
1221 2490 1364 2524 Eusebii
1387 2492 1561 2525 Chronico
1592 2491 1638 2524 ad
1663 2501 1796 2525 annum
1819 2492 1861 2526 46
1884 2501 1921 2534 p.

1057 2542 1139 2576 Chr.
1155 2551 1163 2573 :
1188 2543 1354 2576 Domitius
1368 2542 1448 2585 Afer
1461 2543 1694 2577 Nemausensis
1706 2544 1824 2576 clarus
1845 2552 1923 2576 ora-

1055 2595 1109 2625 tor
1137 2592 1292 2633 habetur,
1327 2595 1384 2634 qui
1406 2597 1525 2635 postea
1545 2593 1676 2626 Nerone
1696 2597 1858 2636 regnante
1879 2603 1923 2627 ex

1054 2642 1119 2675 cibi
1141 2643 1348 2677 abundantia
1370 2644 1405 2676 in
1427 2652 1510 2676 cena
1530 2644 1685 2676 moritur.
1713 2662 1749 2667 —
1773 2645 1821 2677 Μ.
1846 2644 1923 2676 Ser-

1055 2692 1139 2735 vilii]
1162 2694 1328 2734 Noniani,
1354 2692 1509 2726 consulis
1532 2702 1564 2726 a.
1589 2703 1624 2726 u.
1644 2694 1718 2727 788.
1746 2694 1797 2727 Cf.
1814 2694 1845 2734 6,
1864 2693 1919 2726 34.

1056 2742 1195 2782 Quintil.
1221 2744 1274 2783 40,
1300 2744 1332 2784 4,
1359 2744 1439 2777 402ε
1465 2744 1548 2778 Mihi
1570 2745 1700 2786 egregie
1720 2745 1846 2777 dixisse
1866 2745 1921 2776 vi-

1054 2793 1151 2826 detur
1164 2794 1323 2826 Servilius
1335 2794 1511 2827 Nonianus
1523 2803 1626 2835 pares
1640 2803 1694 2827 eos
1709 2793 1918 2835 {Sallustium

1055 2844 1090 2875 et
1112 2843 1257 2884 Livium)
1288 2844 1398 2885 mayis
1419 2853 1522 2884 quam
1548 2845 1689 2878 similes:
1719 2845 1778 2887 qui
1800 2848 1831 2877 et
1851 2845 1920 2884 ipse

1053 2900 1076 2923 a
1096 2892 1190 2926 nobis
1212 2893 1348 2926 auditus
1369 2896 1434 2933 est,
1466 2893 1546 2926 elati
1566 2892 1620 2926 vir
1643 2894 1767 2936 ingenii
1790 2897 1820 2927 et
1841 2902 1917 2926 sen-

1052 2942 1160 2974 tentiis
1181 2942 1311 2983 creber,
1335 2943 1391 2975 sed
1411 2944 1521 2976 minus
1535 2951 1671 2984 pressus
1691 2951 1794 2984 quam
1813 2944 1917 2977 histo-

1051 2991 1126 3024 riae
1147 2993 1331 3025 auctoritas
1347 2993 1506 3033 postulat.
1531 2992 1616 3026 Plin.
1641 2994 1729 3036 Epp.
1752 2994 1784 3033 4,
1803 2992 1857 3032 43,
1874 2993 1911 3026 3:

1051 3040 1228 3074 Claudium
1255 3041 1431 3075 Caesarem
1454 3043 1653 3085 femnt--,
1688 3052 1764 3075 cum
1791 3043 1914 3074 dictum

1050 3094 1131 3126 esset
1161 3090 1304 3124 recitare
1335 3092 1545 3133 Nonianum,
1580 3092 1723 3125 subitum
1759 3091 1914 3125 recitanti

1048 3139 1320 3182 inopinatumque
1331 3142 1465 3186 venisse.
1483 3141 1534 3175 Cf.
1549 3140 1634 3175 Plin.
1651 3142 1693 3174 N.
1707 3141 1747 3174 H.
1761 3141 1804 3174 28
1820 3140 1839 3182 S
1855 3140 1912 3175 29.

1054 3208 1090 3214 -
1105 3189 1250 3231 celebris]
1273 3190 1360 3224 Vide
1383 3191 1428 3224 ad
1450 3192 1483 3230 2,
1501 3191 1554 3225 88.
1575 3209 1610 3215 -
1628 3191 1793 3232 elegantia
1809 3190 1911 3232 vitae]

1051 3238 1102 3272 Cf.
1119 3240 1152 3279 5,
1170 3239 1209 3273 8:
1233 3249 1364 3274 ntorum
1384 3241 1559 3283 elegantia.
1577 3258 1614 3264 —-
1635 3243 1673 3272 ut
1691 3241 1759 3280 par
1777 3242 1912 3283 ingenio

1050 3287 1131 3330 cet.]
1155 3297 1224 3322 «eo
1248 3290 1346 3332 quod
1367 3289 1532 3324 Servilius
1559 3290 1749 3322 Domitium
1771 3290 1910 3331 ingenio

1048 3337 1235 3379 aequabat,
1248 3348 1388 3373 morum
1401 3339 1575 3382 probitate
1587 3338 1812 3381 superabat.»
1829 3339 1910 3373 Afer

1048 3388 1142 3420 enim
1167 3390 1382 3430 prosperiore
1414 3388 1616 3430 eloquentiae
1648 3397 1750 3430 quam
1780 3397 1911 3423 morum

1044 3435 1141 3478 fama
1159 3437 1224 3479 fuit
1246 3437 1290 3480 (i,
1306 3438 1374 3479 52).
