2254 3770
345 345 399 391 82

821 343 864 386 Ρ.
897 341 1145 386 CORNELII
1174 340 1343 385 TACITI
1372 339 1641 384 ANNALIUM,

344 466 431 497 non
468 451 640 495 humani
679 450 782 493 iuris
817 462 1043 492 memores.
1094 449 1128 491 si
1169 447 1310 491 taedio
1341 447 1505 490 viarum
1535 460 1586 490 ac
1607 446 1743 489 ‘maris
1779 445 1909 490 finem
1938 448 2125 505 cupiant,

344 527 425 572 hac
444 528 537 571 acie
555 526 712 584 parari:
744 524 990 582 propiorem
1010 524 1094 567 iam
1114 522 1251 566 Albim
1270 535 1400 579 quam
1419 522 1629 572 Rhenum,
1661 535 1802 580 neque
1822 522 1983 567 bellum
2002 522 2123 574 ultra,

344 603 473 646 modo
503 616 569 653 se,
602 601 733 659 patris
762 599 988 657 patruique
1017 598 1196 655 vestigia
1225 603 1508 654 prementem,
1541 596 1681 640 isdem
1709 596 1899 641 interris
1918 599 2126 643 victorem

345 679 555 722 sisterent.
606 676 685 733 (⁴5)
711 675 945 718 orationem
967 674 1087 717 ducis
1109 678 1282 716 secutus
1302 671 1481 715 militum
1500 671 1646 722 ardor,
1678 659 1933 732 signumque
1952 687 2125 732 pugnae

312 753 502 797 edatum.
547 765 627 795 nec
656 750 866 793 Arminius
895 756 967 792 aut
997 748 1126 792 ceteri
1158 748 1467 791 Germanorum
1502 760 1709 804 proceres
1745 747 1995 793 omittebant
2021 763 2126 794 suos
2180 805 2187 811 ¹

344 829 527 886 quisque
556 828 720 875 testari.
754 827 830 870 hos
852 840 949 870 esse
969 826 1180 868 Romanos
1202 822 1366 866 Variani
1388 822 1602 866 exercitus
1622 821 1939 880 fugacissimos,
1972 825 2046 882 qui
2070 839 2126 869 ne

342 903 501 948 bellum
529 903 775 948 tolerarent.
807 901 1060 945 seditionem
1090 898 1327 950 induerint·,
1357 911 1542 955 quorum
1570 911 1671 955 pars
1701 905 1853 947 onusta
1876 899 2126 944 vulneribus

341 987 479 1038 terga,
520 992 619 1037 pars
649 977 847 1021 fluctibus
877 983 918 1020 et
947 973 1146 1033 procellis
1176 974 1331 1019 fractos
1360 979 1478 1016 artus
1508 972 1684 1016 infensis
1713 987 1885 1018 rursum
1915 974 2123 1028 hostibus,

341 1055 534 1099 adversis
555 1054 620 1098 dis
642 1054 840 1102 obiciant,
865 1050 978 1094 nulla
998 1049 1099 1094 boni
1120 1063 1210 1107 spe.

1242 1047 1424 1091 classem
1444 1047 1606 1105 quippe
1627 1054 1670 1092 et
1688 1049 1783 1093 avia
1805 1050 1968 1094 Oceani
1989 1065 2127 1109 quae-

290 1141 328 1171 ao
342 1132 438 1182 sita,
469 1145 523 1174 ne
553 1133 650 1187 quis
679 1128 947 1172 venientibus
978 1130 1244 1174 occurreret,
1287 1137 1342 1166 ne
1371 1121 1521 1179 pulsos
1551 1131 1789 1180 premeret:
1831 1125 1910 1170 sed
1940 1125 2014 1170 ubi
2043 1126 2126 1170 mi·-

341 1206 528 1251 scuerint
556 1219 725 1254 manus,
757 1204 882 1246 inane
910 1203 1031 1246 victis
1052 1207 1277 1250 ventorum
1304 1212 1578 1242 remorumve
1608 1198 1862 1244 subsidium.
1906 1201 2126 1246 meminis-

340 1289 434 1326 sent
465 1280 592 1324 modo
623 1279 842 1328 avaritiae,
885 1276 1163 1325 crudelitatis.
1201 1274 1452 1332 superbiae:
1494 1273 1598 1317 aliut
1635 1274 1718 1319 sibi
1748 1275 1964 1334 reliquum
1990 1290 2126 1335 quam

338 1364 486 1400 tenere
514 1355 750 1399 libertatem
779 1361 852 1398 aut
880 1353 987 1396 mori
1008 1359 1104 1396 ante
1126 1352 1379 1396 servitium?
1428 1354 1460 1412 (l
1470 1356 1510 1412 6)
1541 1355 1604 1400 sic
1624 1369 1832 1401 accensos
1853 1364 1895 1401 et
1908 1357 2124 1416 proelium

337 1439 565 1490 poscentes
595 1431 638 1473 in
668 1444 882 1487 campum,
916 1429 982 1472 cui
1014 1428 1236 1472 Idistaviso
1267 1443 1441 1483 nomen,
1473 1431 1704 1475 deducunt.
1750 1432 1795 1476 is‘
1817 1432 1985 1477 medius
2014 1433 2150 1478 inter-¹

288 1517 325 1548 115
337 1507 548 1564 Visurgim
578 1512 620 1550 et
649 1505 798 1556 colles,
840 1511 885 1547 ut
914 1505 1032 1560 ripae
1070 1503 1254 1548 fluminis
1292 1506 1450 1550 cedunt
1488 1513 1561 1550 aut
1599 1508 1883 1564 prominentia
1919 1509 2126 1552 montium

402 1654 433 1686 ⁴.
457 1652 609 1684 memoris
630 1660 685 1693 pr.
711 1652 742 1684 M
769 1669 803 1675 —-
831 1651 862 1683 3.
885 1653 1085 1696 prementem
1102 1650 1135 1683 M
1154 1667 1189 1672 —
1207 1650 1310 1683 isdem
1331 1659 1387 1693 pr.
1405 1653 1458 1685 M:
1482 1652 1599 1685 iisdem
1621 1661 1714 1686 corr.
1730 1653 1765 1687 M
1788 1670 1824 1676 —-
1850 1653 1883 1687 4.
1900 1654 2070 1688 sister-rent
2091 1654 2129 1689 Ι
2193 1634 2203 1646 ·

339 1727 374 1732 —
400 1709 432 1742 8.
457 1712 553 1751 terga
574 1709 749 1742 Muretus:
775 1704 871 1749 ter-912
895 1708 929 1740 M
955 1724 991 1729 -—
1016 1707 1055 1739 In
1079 1705 1189 1738 verbo
1213 1706 1340 1748 fractos
1362 1706 1425 1741 litt.
1443 1717 1462 1741 ο
1485 1709 1520 1741 in
1538 1709 1571 1742 M
1588 1709 1749 1742 correcta
1766 1711 1821 1743 est
1842 1718 1863 1743 a
1886 1711 2000 1753 prima
2015 1719 2124 1745 manu

336 1775 379 1799 ex
401 1775 443 1805 u,
468 1767 651 1808 praeterea
676 1764 720 1797 ab
745 1763 809 1797 alia
833 1773 940 1797 manu
963 1773 981 1796 ο
1004 1763 1244 1806 superscripta
1268 1765 1334 1797 est.
1356 1783 1387 1788 --

334 1823 367 1856 M
393 1840 427 1846 —
457 1823 508 1855 ⁴5.
532 1823 604 1863 ripe
626 1823 660 1856 M
678 1840 714 1845 —
737 1822 881 1854 caedunt
899 1822 942 1855 M.

329 1938 418 1970 pora
439 1932 469 1962 et
491 1931 622 1961 tantum
651 1930 696 1961 ad
724 1930 881 1969 impetum
908 1927 1022 1959 valida
1031 1936 1041 1965 ,⁴
1076 1927 1199 1960 laboris

332 1982 432 2020 atque
454 1988 590 2020 operwm
612 1989 678 2011 non
699 1980 813 2011 eadem
833 1978 1006 2018 patientia.
1027 1995 1061 2000 —
1089 1979 1198 2010 taedio

331 2030 466 2062 viarum
495 2038 535 2061 ac
563 2028 678 2069 maris]
717 2028 766 2061 Cf.
798 2028 916 2060 Horat.
951 2029 988 2060 C.
1014 2028 1052 2066 2,
1086 2028 1125 2067 6,
1157 2028 1194 2060 7;

332 2079 384 2111 Sit
403 2079 518 2111 modus
539 2079 624 2111 lasso
646 2079 751 2110 maris
773 2081 804 2110 et
824 2078 958 2109 viarum
979 2077 1195 2117 Militiaeque.

336 2147 371 2152 —
391 2129 503 2170 patris
519 2129 701 2169 patruique
716 2128 857 2169 vestiqia
868 2126 1075 2168 prementem]
1102 2128 1199 2160 Uter-

333 2188 403 2221 que
427 2180 521 2212 enim
545 2180 593 2221 (et
615 2180 749 2212 Drusus
773 2180 807 2211 et
823 2177 990 2218 Tiberius)
1014 2187 1128 2219 usque
1153 2177 1197 2210 ad

1412 1765 1463 1797 40.
1478 1764 1606 1807 p'meret
1620 1766 1654 1799 M
1672 1782 1708 1789 —
1736 1765 1788 1799 ⁴4.
1805 1765 1908 1799 idisca
1921 1767 1995 1800 uiso
2010 1766 2122 1800 divise

1245 1929 1420 1969 premeret]
1434 1929 1563 1961 acriter
1575 1931 1862 1971 persequeretur.
1881 1947 1916 1953 -—
1930 1929 2123 1970 miscuerint

1247 1979 1379 2020 manus]
1414 1979 1470 2010 Sic
1499 1980 1581 2020 Agr.
1607 1979 1666 2011 36:
1703 1980 1840 2013 miscere
1860 1980 1956 2012 ictus.
1987 1980 2118 2013 Lucan.

1249 2028 1280 2068 6,
1307 2028 1368 2061 80:
1400 2029 1514 2062 Maior
1535 2037 1620 2061 cura
1643 2029 1740 2062 duces
1760 2029 1934 2062 miscendis
1956 2028 2120 2062 abstrahit

1247 2079 1363 2111 armis.
1384 2095 1419 2101 -
1445 2078 1564 2111 aliut·
1576 2096 1594 2102 -
1610 2079 1781 2112 servitium
1789 2079 1818 2122 P]
1843 2078 2037 2112 Particulae
2061 2080 2120 2112 in-

1247 2128 1482 2169 terrogativae
1511 2129 1666 2161 omissae
1697 2129 1788 2162 haee
1817 2128 1980 2171 exempla
2006 2127 2121 2168 attulit

1247 2178 1468 2220 Nipperdey:
1496 2179 1549 2219 42,
1568 2178 1628 2211 37;
1653 2179 1742 2211 Nam
1763 2179 1792 2212 si
1812 2188 1871 2211 uos
1885 2178 2036 2212 omnibus
2052 2179 2120 2212 'nvt-

332 2230 467 2262 ssumen
488 2228 603 2262 Albim
632 2238 842 2271 progressus
872 2231 936 2261 est.
978 2229 1029 2261 Cf.
1053 2229 1117 2261 Dio
1141 2230 1194 2269 55,
1239 2228 1392 2267 peritam
1411 2229 1529 2268 vultis,
1559 2230 1709 2269 sequitur
1730 2231 1769 2262 ut
1790 2238 1901 2262 onmes
1928 2230 2120 2262 mitum

334 2280 364 2312 4.
401 2278 521 2312 Vellei.
547 2280 585 2319 2,
612 2279 686 2311 406.
715 2297 751 2301 -
776 2279 937 2319 sisterent]
969 2278 1198 2311 Continuatur

331 2329 446 2370 imago
464 2338 554 2370 quae
572 2330 626 2361 est
640 2329 675 2361 in
691 2329 809 2361 verbis
824 2329 963 2370 vestigia
983 2331 1195 2368 prementem.

334 2381 547 2422 Comparant
575 2379 703 2420 Vergil.
738 2381 860 2420 Georg.
887 2380 925 2417 2,
956 2378 1036 2411 488ε
1075 2388 1110 2418 o,
1141 2379 1198 2418 qui

331 2439 383 2463 mo
404 2430 518 2472 gelidis
539 2430 574 2462 in
595 2429 736 2462 vallibus
757 2429 874 2462 Haemi
895 2429 1016 2461 sistat!
1049 2430 1136 2461 Aen.
1162 2429 1194 2469 2,

333 2480 413 2512 620;
438 2483 547 2512 tutum
565 2481 679 2519 patrio
703 2482 733 2511 te
755 2479 866 2511 limine
889 2479 1014 2511 sistam.

377 2530 430 2562 ⁴5.
455 2530 511 2561 hos
533 2538 598 2562 esse
619 2530 783 2561 Romanos
806 2528 886 2570 cet]
918 2528 967 2561 Cl'.
995 2529 1107 2570 Agr-ic.
1133 2528 1193 2562 34:

331 2578 366 2610 hi
387 2581 481 2619 sunt,
514 2587 596 2620 quos
615 2579 774 2619 proximo
797 2587 885 2610 anno
907 2587 1010 2610 unam
1039 2578 1198 2619 leqt'onem

331 2628 423 2670 furto
445 2629 549 2661 noctis
570 2629 742 2670 adgressos
770 2629 914 2660 clamore
937 2628 1134 2666 debellastis‚·
1164 2628 1197 2659 hi

332 2680 516 2710 ceterorum
530 2677 768 2710 Britannorum
781 2677 996 2719 fugacissimi.
1033 2677 1197 2709 Similiter

335 2727 516 2766 Quinctius
540 2726 750 2760 Flamininus
779 2735 862 2760 suos
893 2726 1080 2768 alloquitur
1102 2726 1197 2768 apud

333 2777 405 2810 Liv.
430 2776 484 2816 33,
509 2777 546 2809 8:
581 2785 656 2809 cum
684 2777 785 2808 isdem
806 2777 1038 2810 Macedonibus
1062 2785 1196 2817 pugna-

332 2829 443 2866 turos,
469 2835 550 2867 quos
571 2827 616 2858 ad
631 2827 725 2866 Epiri
747 2827 889 2867 fauces-
902 2827 1143 2867 —eoepulissent.
1157 2844 1193 2849 —-

332 2877 522 2910 seditionem
542 2876 719 2918 induerint]
743 2875 879 2909 Acerbe
893 2901 900 2915 ,
926 2877 1025 2918 quasi
1049 2876 1194 2916 diceret,

335 2935 395 2959 «se
424 2926 596 2959 seditione
628 2926 874 2958 armaverint.»
906 2927 1032 2958 nunus.
1061 2943 1095 2948 —
1119 2927 1197 2958 vul-

333 2974 476 3017 neribus]
511 2975 544 3008 in
580 2974 682 3007 foeda
716 2975 794 3016 suga
826 2976 997 3016 acceptis,
1034 2984 1123 3014 non,
1159 2977 1198 3008 ut

333 3023 408 3057 vult
450 3025 579 3063 Ritter,
627 3033 646 3056 e
685 3025 928 3057 centurionum
973 3024 1194 3064 verberibus,

334 3083 425 3116 quae
449 3073 599 3113 vibices,
626 3081 695 3105 non
712 3072 855 3106 vulnera
879 3074 1043 3106 efficiunt.
1075 3077 1196 3115 Aeque

334 3124 564 3166 contemptim
587 3123 673 3155 Hist.
691 3123 723 3160 5.
750 3124 790 3155 46
813 3123 956 3156 Cerialis
979 3123 1023 3155 de
1040 3124 1199 3156 Batavis:

333 3182 516 3215 superesse,
553 3172 609 3213 qui
641 3172 758 3213 sugam
790 3173 926 3211 animis,
967 3174 1023 3212 qui
1055 3174 1197 3206 vulnera

333 3227 425 3265 tergo
446 3224 567 3265 serant.
597 3239 633 3244 —
657 3221 733 3253 boni
755 3220 818 3262 spe]
853 3221 1009 3254 Arbitror
1038 3222 1196 3256 Tacitum

335 3272 475 3305 dedisse
500 3273 586 3304 bona
606 3279 677 3312 spe:
710 3270 761 3303 sic
783 3278 945 3312 semper,
975 3271 1071 3311 quod
1093 3272 1193 3312 siam,

334 3331 515 3363 nunquam
543 3330 614 3362 spes
641 3320 727 3353 boni.
763 3320 842 3352 Eun.
889 3321 932 3352 At
962 3320 1004 3352 of.
1030 3320 1195 3354 Wolfium

335 3371 381 3404 ad
409 3371 614 3404 Pseudocic.
649 3371 730 3412 post
760 3369 836 3402 red.
870 3369 903 3401 in
934 3370 1013 3401 Sen.
1039 3370 1077 3401 5:
1118 3371 1204 3425 Quis„

334 3421 421 3454 enim
449 3421 552 3452 ullam
581 3420 681 3452 ullius
708 3419 783 3452 bom'
809 3427 898 3459 spem
925 3418 1057 3451 haberet
1079 3419 1114 3451 in
1134 3404 1204 3452 eo?

336 3470 378 3504 Η.
402 3469 426 3504 l.
451 3471 545 3503 est«
529 3469 696 3511 «praemii
723 3470 831 3511 atque
856 3467 1009 3502 utilitatis
1031 3476 1129 3509 spe.»
1156 3483 1193 3494 —

1247 2278 1440 2319 accipiant?
1487 2278 1544 2318 43,
1579 2279 1642 2310 ⁴2:
1682 2279 1795 2312 vivere
1827 2287 1887 2320 eqo
1921 2279 2118 2313 Britannico

1242 2329 1386 2368 potiente
1407 2337 1524 2361 rerum
1542 2329 1720 2369 poteram?
1757 2328 1812 2369 44,
1838 2329 1901 2362 6⁴:
1930 2329 2035 2363 maile·
2051 2338 2121 2370 pov-

1243 2378 1362 2418 pulwm
1397 2379 1584 2411 Romanum
1622 2378 1764 2412 tibicinis
1793 2378 1947 2421 Aegyptio·
1977 2378 2120 2422 mbpkm

1244 2429 1461 2468 imperatorio
1482 2428 1616 2469 fastiyio
1639 2427 1777 2461 induci?

1290 2478 1343 2511 46.
1368 2477 1556 2519 Idistaviso]
1574 2479 1712 2511 Nomen
1724 2478 1903 2512 Idistaviso
1916 2479 1991 2512 Iao.
2005 2479 2129 2513 Grim·,

1246 2528 1338 2560 mius
1363 2528 1526 2569 (Gramm.
1550 2527 1639 2560 Einl.
1663 2536 1699 2570 p.
1716 2528 1817 2568 XLII)
1840 2528 2038 2570 significare
2054 2528 2131 2564 ἀίω,

1243 2579 1344 2610 xerat
1377 2586 1546 2619 campum
1584 2577 1710 2619 (herba
1744 2579 1793 2610 et¹
1809 2578 1972 2622 flou-mm&
1992 2586 2120 2620 -qnm

1245 2628 1399 2660 maxime
1430 2628 1621 2673 nitentem,
1658 2628 1961 2668 schemmata»,
1986 2628 2119 2663 Glau-

1244 2677 1360 2718 wiese,
1393 2677 1686 2711 amoenissimum
1708 2679 1870 2719 pratum,
1898 2677 1950 2712 ab
1968 2677 2120 2719 antiquo

1245 2726 1420 2760 adiectivo
1454 2728 1507 2767 id,
1546 2727 1683 2767 nitens,
1719 2727 1868 2768 eiusque
1899 2725 2130 2769 superlativo*

1243 2777 1354 2809 idista.
1396 2777 1528 2809 Contra
1556 2777 1592 2808 in
1615 2776 1872 2810 commentario
1902 2776 2005 2810 (leber
2029 2777 2116 2812 swod

1246 2827 1411 2859 entdeckte
1433 2826 1585 2860 Gedichto
1614 2835 1676 2858 aus
1697 2827 1757 2859 der
1777 2826 1846 2859 Zeu
1867 2826 1923 2859 des
1943 2826 2116 2861 doum

1243 2877 1485 2910 Heidenthums.
1510 2876 1624 2909 Berlin
1646 2875 1744 2909 ⁴842.
1770 2884 1805 2918 p.
1823 2876 1844 2909 ὅ
1867 2877 1904 2908 et
1916 2876 2117 2918 Mummio

1246 2925 1303 2959 ed.
1339 2927 1383 2958 ll.
1417 2935 1452 2968 p.
1484 2926 1560 2959 372.
1597 2924 1719 2967 legens
1757 2925 1932 2958 Idistaviso
1964 2924 2116 2968 explimt

1244 2976 1476 3016 Nympharum
1491 2978 1634 3016 pratum
1657 2974 1689 3016 (a
1704 2975 1823 3017 prisco
1839 2973 2015 3009 vocabulo
2030 2976 2116 3009 Ger-

1246 3026 1385 3059 manico
1407 3026 1490 3066 ldis,
1526 3024 1701 3067 nympha,
1737 3026 1854 3066 genet.
1879 3023 1972 3067 plur.
1994 3025 2113 3067 laida,

1245 3076 1511 3118 Nympharum,
1542 3076 1579 3109 et
1599 3075 1673 3108 uiso
1703 3075 1874 3111 nominat.
1897 3075 1988 3116 sing.
2013 3083 2115 3109 cam-

1245 3133 1330 3166 pus,
1356 3127 1518 3167 pratum,
1546 3124 1664 3165 Wieso)
1685 3124 1889 3166 Elfmwe'eao,
1913 3132 2006 3166 quae
2018 3124 2112 3166 laist,

1246 3175 1432 3216 Nymphae
1470 3174 1708 3207 humanorum
1744 3173 1896 3208 fatorum
1933 3174 2113 3216 potentes,

1245 3222 1378 3257 similes
1400 3223 1565 3257 videntur
1584 3222 1750 3256 Matrc'bus
1778 3225 1815 3257 et
1834 3223 2001 3257 monis
2027 3231 2114 3266 per-

1245 3281 1353 3315 saepe
1387 3273 1592 3306 memoratis
1626 3273 1661 3305 in
1689 3273 1819 3307 Inscrr.
1843 3273 1935 3307 Latt.
1963 3281 2000 3306 n.
2024 3272 2117 3307 2074.

1244 3331 1346 3364 seqq.
1394 3323 1567 3356 Carminis
1600 3325 1722 3356 autem
1749 3323 1863 3365 ipsius
1888 3321 2000 3355 verba
2021 3322 2112 3357 haee

1245 3373 1344 3404 sunt:
1386 3373 1478 3404 Eiris
1510 3375 1616 3405 suzim
1645 3372 1737 3414 taisi,
1771 3380 1895 3406 mezu}
1921 3371 2004 3406 hora
2024 3372 2113 3405 auo-

1244 3421 1321 3462 der,
1355 3429 1453 3454 suma
1480 3422 1563 3463 hapt
1592 3422 1767 3463 heptidwt,
1796 3429 1896 3458 W
1924 3421 1996 3455 hori
2028 3421 2112 3457 1016-

1244 3471 1313 3503 dun
1342 3472 1426 3513 cet„
1461 3471 1498 3504 id
1528 3473 1606 3505 est:
1637 3471 1724 3505 Olim
1747 3470 1900 3512 mant
1922 3471 2130 3515 Numano..
