2254 3770
826 297 958 352 'Liber
986 309 1017 352 1.
1067 308 1167 365 Cap.
1198 308 1235 350 l.
1266 307 1306 351 a.
1336 307 1375 350 3.
1942 306 1988 348 -·3

216 416 339 474 peius
374 421 476 473 aput
512 413 695 458 Siciliam
727 427 978 471 oppressus,
1010 420 1225 472 exutoque
1253 413 1434 471 Lepido,
1477 412 1696 456 interfecto
1725 411 1905 455 Antonio
1935 425 1989 455 ne

215 490 386 535 Iulianis
406 489 579 548 quidem
601 488 791 548 partibus
812 489 892 532 nisi
914 489 1071 533 Caesar
1091 488 1177 532 dux
1196 488 1405 546 reIIquus,
1436 488 1576 546 posito
1598 486 1801 530 triumviri
1822 486 1991 530 nomine

216 565 435 610 consulem
472 579 519 608 se
556 565 696 609 ferens
734 571 775 607 et
811 564 864 607 ad
902 564 1104 607 tuendam
1142 563 1312 621 plebem
1347 563 1571 607 tribunicio
1613 563 1705 606 iure
1736 568 1989 622 contentum,

213 641 286 684 ubi
330 640 505 684 militem
545 640 684 691 donis,
730 639 936 697 populum
977 653 1159 689 annona,
1209 645 1385 683 cunctos
1428 637 1654 682 dulcedine
1698 637 1770 681 otii
1806 636 1990 695 pellexit,

213 716 435 773 insurgere
474 715 696 773 paulatim,
739 715 881 758 munia
916 721 1087 758 senatus
1126 714 1444 772 magistratuum
1484 713 1626 771 legum
1662 712 1705 755 in
1740 725 1787 756 se
1824 711 2025 755 trabere5

212 789 328 834 nullo
349 790 623 841 adversante,
656 803 753 833 cum
780 789 1029 833 ferocissimi
1060 804 1137 847 per
1164 790 1278 833 acies
1302 796 1373 832 aut
1393 788 1702 846 proscriptione
1724 787 1991 839 cecidissent,

214 866 344 910 ceteri
382 865 603 915 nobilium,
651 871 808 922 quanto
845 864 940 922 quis
980 865 1152 908 servitio
1191 865 1445 922 promptior,
1490 865 1644 923 opibus
1683 871 1727 908 et
1761 863 1994 908 honoribus

214 941 515 986 extollerentur
553 955 603 984 ac
641 941 761 983 novis
792 954 845 984 ex
874 939 1004 983 rebus
1035 940 1146 984 aucti
1175 946 1264 983 tuta
1295 947 1336 983 et
1364 940 1606 998 praesentia
1637 953 1765 998 quam
1785 946 1931 983 vetera
1952 944 1995 982 et

213 1016 456 1074 periculosa
499 1015 683 1059 mallent.
741 1029 884 1072 neque
927 1015 1171 1072 provinciae
1214 1015 1328 1058 illum
1369 1029 1511 1058 rerum
1557 1022 1722 1059 statum'
1753 1013 1996 1058 abnuebant

214 1099 414 1150 suspecto
445 1098 617 1135 senatus
646 1089 880 1148 populique
910 1090 1089 1148 imperio
1121 1090 1175 1133 ob
1206 1090 1435 1134 certamina
1461 1090 1695 1148 potentium
1715 1095 1758 1134 et
1776 1089 1994 1133 avaritiam
2008 1083 2044 1130 ἑο

214 1168 551 1225 magistratuum,
584 1165 767 1209 invalido
798 1165 941 1222 legum
971 1165 1142 1216 auxilio,
1176 1179 1288 1223 quae
1314 1165 1375 1216 vi,
1408 1165 1586 1217 ambitu,
1618 1172 1834 1223 postremo
1863 1178 1996 1222 pecu-

211 1243 283 1286 nia
311 1242 602 1286 turbabantur.
663 1242 715 1298 (3)
748 1246 938 1284 ceterum
975 1241 1190 1297 Augustus
1226 1239 1416 1283 subsidia
1457 1240 1731 1284 dominationi
1772 1239 1995 1284 Claudium

214 1317 479 1368 Marcellum,
520 1316 679 1360 sororis
712 1316 859 1366 filium,
903 1315 1133 1358 admodum
1165 1315 1479 1359 adulescentem
1511 1315 1758 1374 pontificatu
1789 1322 1831 1360 et
1859 1315 1995 1359 curuli

214 1392 447 1445 aedilitate,
492 1393 544 1435 M.
591 1392 820 1450 Agrippam
863 1390 1091 1448 ignobilem
1139 1390 1260 1442 loco,
1313 1390 1473 1434 bonum
1518 1390 1664 1435 militia
1707 1398 1749 1436 et
1790 1391 1994 1436 victoriae

278 1551 310 1583 4.
341 1554 521 1593 exsutoque
543 1551 577 1584 M
602 1568 638 1574 —
670 1550 808 1582 antonio
837 1549 923 1589 (non
944 1548 1085 1589 intonio)
1108 1549 1142 1582 M
1175 1566 1209 1572 -
1241 1549 1275 1581 2.
1299 1549 1446 1582 iulianus
1466 1557 1520 1591 pr.
1545 1550 1578 1583 M
1604 1567 1640 1574 —
1672 1549 1795 1590 retiqus
1816 1557 1870 1592 pr.
1895 1549 1929 1584 M
1953 1566 1988 1573 -

213 1607 247 1640 8.
273 1616 314 1640 ac
335 1605 547 1640 Beroaldus:
573 1610 609 1639 at
630 1607 665 1640 M
689 1624 723 1629 —-
751 1606 803 1638 42.
830 1609 995 1638 caeterum
1017 1606 1061 1638 M.

213 1744 395 1787 oppressus]
419 1745 584 1778 Devictus
609 1745 664 1777 est
679 1745 756 1776 Sex.
774 1744 963 1785 Pompeius
987 1751 1007 1775 a
1029 1744 1074 1776 M.

1126 1743 1239 1775 illectis
1242 1752 1304 1784 per
1310 1743 1558 1777 donamititibus
1564 1744 1994 1787 atqueannonaecurandae

213 1795 365 1836 Agrippa
389 1794 520 1836 proelio
544 1794 656 1827 navali
682 1795 774 1826 inter
795 1792 905 1834 Mylas
930 1794 965 1826 et
988 1794 1078 1825 Nau·
1126 1794 1230 1833 specie
1250 1794 1348 1835 vutyo
1368 1798 1490 1826 ceteros
1510 1795 1600 1827 haud
1619 1795 1793 1837 difficulter
1806 1796 1988 1837 subegit.—

215 1843 358 1877 locbum
372 1853 404 1877 a.
419 1845 493 1877 748.
512 1845 654 1877 Sueton.
670 1844 788 1875 Octav.
803 1843 856 1875 46.
882 1844 932 1875 De
950 1843 1077 1875 eodem

214 1893 334 1926 Florus
356 1895 402 1934 II,
429 1895 470 1927 48
483 1920 490 1934 ,
516 1895 552 1926 7:
590 1897 685 1926 tanta
705 1893 789 1925 mole
811 1892 883 1925 belli
901 1893 1022 1933 petitus
1043 1893 1079 1924 in

216 1943 328 1976 Siculo
360 1944 444 1985 freto
478 1944 603 1976 iuvenis
637 1952 808 1984 oppressus
841 1947 896 1975 est.
943 1943 1080 1975 Perditis

213 1993 310 2025 rebus
327 1993 479 2036 prosuyit
499 1993 674 2034 Asiamque
694 1993 773 2026 velis
789 1992 887 2033 petit,
922 1996 1079 2025 venturus

211 2043 257 2075 ibi
278 2043 314 2075 in
335 2052 455 2076 manus
471 2043 613 2076 hostium
636 2047 666 2076 et
680 2046 814 2075 catenas
835 2043 925 2075 etad
938 2043 1078 2074 hostium

213 2092 392 2126 arbitrium
413 2093 472 2126 sub
490 2102 683 2134 percussore
703 2093 894 2125 moriturus.
935 2091 986 2125 Cf.
1010 2092 1077 2134 Ap-

211 2144 304 2185 pian.
337 2143 376 2176 B.
412 2143 450 2176 C.
481 2144 519 2183 5,
557 2143 739 2176 448-422.
782 2141 961 2175 ito—444.
1013 2142 1076 2174 Dio

213 2194 310 2226 Cass.
328 2192 384 2233 49,
409 2193 528 2226 8-44.
548 2193 600 2226 48.
621 2210 656 2215 -
683 2196 847 2234 exutoque
861 2191 993 2234 Lepido]
1019 2201 1077 2224 ex-

209 2244 357 2276 armato.
381 2243 421 2276 A.
447 2252 483 2276 u.
506 2252 536 2275 c.
563 2243 626 2276 748
651 2243 801 2284 Lepidus
826 2252 846 2275 a
870 2243 942 2276 suis
965 2243 1075 2284 ipsius

210 2292 377 2326 militibus
409 2294 633 2334 contemptus
663 2293 738 2326 sine
768 2293 936 2334 sanguine
966 2291 1075 2333 legio-

210 2342 314 2376 nibus
338 2344 374 2375 et
396 2343 492 2375 omni
519 2343 693 2384 potestate
719 2343 876 2384 privatus
901 2342 1075 2375 Circeios-

213 2401 282 2434 que
306 2393 341 2425 in
363 2395 578 2435 perpetuum
600 2391 775 2434 relegatus
800 2393 864 2425 est.
901 2390 1021 2424 Vellei.
1039 2392 1071 2431 Ξ,

209 2442 264 2475 80.
303 2442 446 2475 Sueton.
472 2443 591 2475 Octav.
617 2442 670 2474 46.
716 2443 846 2483 Argute
870 2443 1003 2474 Seneca
1027 2441 1072 2474 de

210 2490 320 2524 Clem.
346 2492 378 2533 4,
404 2493 462 2525 4οε
494 2492 604 2532 Ipsum
624 2492 783 2533 Lepidum
806 2493 966 2532 quamdiu
987 2492 1075 2524 mori

204 2550 324 2582 passus
349 2541 421 2574 est?
456 2542 518 2574 Per
538 2542 657 2574 multos
685 2551 791 2574 annos
820 2543 946 2583 (usque
970 2542 1015 2574 ad
1038 2551 1070 2575 a.

208 2590 302 2633 742.)
332 2591 407 2623 tulit
428 2595 624 2624 ornamenta
649 2592 811 2632 principis
831 2593 1022 2624 retinentem
1045 2594 1075 2624 et

203 2641 434 2683 pontificatum
463 2642 651 2674 maximum
679 2651 746 2674 non
772 2642 836 2673 nisi
864 2645 995 2674 mortuo
1017 2641 1073 2673 illo

207 2691 384 2732 transferri
403 2691 439 2724 in
458 2699 492 2724 se
507 2700 629 2732 passus
651 2695 707 2724 est.
742 2691 862 2723 maluit
881 2692 967 2724 enim
980 2691 1073 2724 illum

207 2741 362 2774 honorem
394 2742 511 2774 vocari
545 2750 646 2782 quam
679 2742 829 2782 spolium.
884 2742 932 2774 Ea
966 2742 1072 2773 etiam

208 2798 300 2831 quae
328 2792 525 2832 sequuntur
559 2791 653 2833 apud
683 2792 855 2824 Senecam
889 2799 971 2824 cum
1005 2791 1072 2823 hoc

205 2839 314 2877 Taciti
341 2839 419 2873 loco
443 2849 533 2883 quae
565 2842 816 2883 comparentur
845 2840 948 2882 digna
978 2841 1071 2873 sunt.

210 2907 247 2913 —
272 2890 441 2932 interfecto
477 2890 628 2933 Antonio]
667 2892 809 2924 Sueton.
849 2891 968 2924 octav.
1009 2891 1070 2923 47:

205 2938 383 2972 Antonium
404 2948 498 2973 seras
518 2941 716 2973 conditiones
727 2941 822 2981 pacis
836 2943 1013 2973 tentantem
1028 2941 1074 2973 ad

205 2992 346 3022 mortem
368 2990 490 3032 adegit.
508 2999 540 3024 a.
559 2989 633 3024 724.
658 2989 779 3023 Vellei.
798 2992 829 3031 2,
855 2991 908 3024 87.
935 3008 971 3013 —
997 2999 1073 3023 con-

206 3038 319 3082 sulem]
334 3040 416 3082 post
430 3039 585 3081 primum
601 3038 821 3073 consulatum
837 3048 869 3072 a.
890 3049 925 3072 u.
945 3049 976 3072 c.
995 3040 1070 3072 744.

207 3088 407 3122 secundum
438 3089 514 3122 iniit
542 3098 574 3122 a.
605 3089 699 3129 724.,
738 3090 881 3122 tertium
916 3097 948 3122 a.
980 3089 1070 3129 723„

208 3140 372 3180 quartum
388 3147 420 3171 a.
435 3138 525 3179 724„
551 3147 622 3180 quo
637 3138 682 3170 ab
698 3147 789 3171 anno
806 3138 913 3171 solius
928 3139 1072 3180 Augusti

208 3188 397 3231 imperium
411 3189 546 3231 incipit.
566 3205 602 3212 —-
621 3188 794 3220 tribunicio
809 3188 893 3230 iure]
913 3188 964 3220 Cf.
981 3189 1069 3220 Anu.

208 3237 240 3279 3,
265 3239 319 3271 56.
344 3237 408 3271 Dio
432 3238 486 3279 53,
512 3238 566 3271 47.
601 3237 836 3271 Tribuniciam
859 3239 1070 3280 potestatem

209 3287 400 3330 assumpsit
421 3295 452 3320 a.
478 3286 554 3320 734.
581 3304 618 3309 -
644 3291 828 3319 contentum
855 3287 952 3327 dicit,
990 3288 1071 3329 quia

207 3337 319 3378 regis,
345 3337 543 3378 dictatoris,
570 3337 726 3370 censoris
749 3338 910 3379 perpetui
930 3338 1071 3370 nomina

208 3386 274 3427 ipsi
290 3385 406 3419 oblata
420 3385 641 3430 repudiabat.
661 3403 698 3410 —
723 3386 858 3419 militem
874 3386 976 3428 donis]
999 3387 1072 3419 Au-

208 3433 315 3468 relius
330 3435 451 3470 Victor
472 3432 522 3470 de'
534 3434 744 3470 Caesaribus
760 3436 773 3468 4
791 3445 798 3468 ;
825 3436 1073 3469 Octavianus--

1123 1843 1283 1883 poputum
1298 1844 1443 1886 annona]
1461 1845 1604 1877 Sueton.
1618 1845 1735 1878 octav.
1750 1844 1803 1878 4⁴:
1828 1845 1993 1878 Frumen-

1128 1897 1196 1925 tum
1218 1895 1253 1925 in
1277 1902 1430 1926 annonae
1448 1894 1695 1936 difficultatibus
1708 1903 1803 1935 saepe
1817 1895 1989 1936 levissimo,

1127 1944 1291 1976 interdum
1318 1944 1407 1976 nullo
1425 1944 1553 1985 pretio,
1585 1945 1711 1977 viritim
1736 1946 1909 1978 admensus
1931 1948 1988 1979 est.

1128 1992 1282 2026 Monum.
1306 1994 1436 2034 Ancyr.
1463 1994 1547 2026 Tab.
1571 1995 1634 2034 ΙΙΙ,
1661 1995 1719 2027 44;
1746 1995 1865 2028 Consul
1884 1995 1990 2029 unde-

1126 2040 1248 2075 cimum
1272 2043 1313 2085 (a.
1332 2044 1419 2084 734.)
1443 2044 1612 2077 duodecim
1625 2045 1897 2087 frumentationes
1912 2046 1990 2087 fru-

1125 2097 1232 2125 mento
1265 2093 1426 2134 privatim
1463 2098 1608 2135 coempto
1645 2104 1791 2128 emensus
1825 2105 1909 2129 sum.
1945 2115 1988 2120 —

1123 2143 1313 2185 potentium]
1343 2144 1459 2182 Marii,
1493 2143 1624 2184 Sullae,
1659 2144 1740 2178 dein
1765 2146 1924 2179 Caesaris
1953 2147 1989 2179 et

1125 2193 1293 2235 Pompeii.
1316 2211 1350 2215 —
1375 2193 1520 2226 invalido
1543 2194 1651 2236 legum
1673 2195 1803 2228 auxilio
1826 2196 1908 2238 cet]
1932 2196 1988 2229 iu—

1126 2242 1214 2275 dicia
1259 2243 1536 2284 repetundarum
1573 2245 1609 2277 in
1645 2253 1684 2277 re
1721 2244 1862 2287 publica
1903 2254 1987 2287 per-

1126 2292 1194 2324 dita
1213 2292 1532 2335 corrumpebantur
1547 2302 1654 2336 saepe
1670 2295 1844 2337 potentia,
1868 2295 1983 2336 minis,

1125 2342 1208 2383 quin
1239 2343 1274 2374 et
1304 2343 1384 2376 sicis
1414 2343 1644 2384 intentandis‚
1674 2353 1782 2387 saepe
1804 2344 1983 2387 precibus,

1124 2391 1230 2424 modo
1252 2390 1449 2433 largitione,
1482 2392 1617 2426 occulta
1640 2395 1813 2436 primum,
1841 2394 1985 2427 tandem

1124 2442 1260 2483 aperta:
1298 2451 1387 2474 nunc
1411 2451 1528 2483 prece,
1563 2452 1650 2476 nunc
1668 2445 1793 2485 pretio,
1829 2453 1917 2477 nunc
1937 2445 1983 2484 vi,

1123 2493 1162 2523 ut
1182 2492 1287 2533 poeta
1311 2492 1369 2524 ait.
1400 2493 1518 2526 Wonr.
1547 2511 1582 2516 —
1608 2493 1840 2536 turbabantur]
1864 2494 1984 2526 irritae

1123 2541 1365 2574 reddebantur
1393 2550 1435 2574 ac
1466 2550 1640 2585 persaepe
1674 2543 1819 2586 impune
1852 2545 1984 2585 migra-

1122 2590 1262 2623 bantur.

1166 2641 1198 2674 3.
1223 2641 1367 2674 subsidia
1389 2641 1614 2685 dominationi]
1651 2643 1711 2684 qui
1733 2643 1926 2676 succedere
1948 2643 1984 2677 in

1122 2691 1270 2733 imperio
1304 2693 1450 2733 possent
1488 2693 1523 2725 et
1563 2701 1664 2735 spem
1709 2693 1887 2726 auferrent
1924 2702 1983 2726 res

1123 2749 1231 2773 novas
1261 2740 1495 2774 molientibus.
1543 2742 1594 2774 De
1626 2742 1743 2775 dativo
1774 2742 1817 2776 cf.
1841 2745 1984 2785 praeter

1125 2789 1232 2823 multa
1256 2790 1321 2823 alia
1342 2792 1432 2823 Anu.
1450 2792 1481 2831 4,
1506 2790 1566 2824 24:
1592 2795 1700 2824 rector
1721 2793 1841 2826 iuveni.
1861 2793 1894 2833 2,
1920 2792 1980 2825 60:

1123 2841 1211 2872 dona
1232 2841 1368 2881 templis.
1393 2841 1430 2880 2,
1456 2839 1516 2873 64:
1541 2849 1660 2874 causas
1681 2841 1772 2875 bello.
1793 2859 1829 2865 —
1848 2840 1982 2883 sororis]

1123 2890 1303 2929 Octaviae,
1330 2890 1368 2922 C.
1387 2890 1517 2922 Octavii
1541 2891 1575 2923 et
1590 2891 1688 2923 Atiae
1711 2890 1813 2924 filiae.
1835 2909 1870 2915 —
1896 2891 1984 2924 aedi-

1122 2940 1225 2980 litate]
1255 2938 1439 2972 Marcellus
1461 2940 1561 2973 XVII.
1586 2939 1661 2980 vel,
1698 2943 1737 2974 ut
1765 2942 1812 2973 ait
1833 2943 1984 2983 Proper-

1122 2990 1206 3028 tius.
1242 2989 1312 3021 XX.
1339 2997 1448 3022 annos
1478 2991 1579 3023 natus
1601 2989 1722 3024 aedilis
1749 2990 1811 3023 fuit
1833 2999 1864 3023 a,
1891 2990 1981 3032 73⁴„

1123 3047 1193 3079 quo
1216 3038 1292 3080 ipso
1309 3039 1399 3072 Baiis
1415 3040 1568 3072 mortem
1584 3039 1679 3073 obiit.
1717 3040 1767 3073 Cf.
1785 3041 1876 3081 Virg.
1894 3040 1981 3073 Aen.

1123 3089 1161 3128 6,
1185 3088 1260 3121 860.
1301 3089 1458 3131 Propert.
1491 3089 1529 3130 3,
1565 3090 1618 3123 48.
1653 3088 1743 3131 volg.
1779 3091 1903 3122 Senec.
1937 3086 1983 3122 ad

1123 3139 1227 3171 Marc.
1263 3137 1295 3171 2.
1331 3156 1374 3162 —-
1405 3140 1452 3172 M.
1481 3139 1663 3181 Agrippam
1696 3138 1868 3180 ignobilem
1900 3137 1981 3182 loco]

1121 3189 1253 3220 Seneca
1278 3188 1442 3221 Controv.
1466 3189 1504 3229 2,
1531 3190 1591 3221 ⁴2:
1633 3189 1804 3229 Vipsanius
1831 3188 1981 3231 Aqrippa

1120 3238 1248 3279 fuerat:
1290 3239 1435 3279 Vipsanii
1468 3247 1585 3271 nomen
1618 3239 1715 3280 quasi
1751 3242 1982 3280 argumentum

1119 3291 1279 3328 paternae
1300 3287 1495 3320 humilitatis
1509 3288 1702 3327 sustulerat,
1727 3290 1757 3319 et
1769 3288 1817 3321 M.
1833 3287 1983 3331 Ayrippa

1123 3337 1301 3370 dicebatur.
1349 3339 1481 3370 Seneca
1505 3337 1549 3370 de
1572 3335 1691 3369 Renes.
1717 3336 1749 3377 3,
1775 3337 1832 3370 32:
1867 3342 1982 3372 utrum

1122 3387 1231 3420 maius
1252 3387 1439 3429 beneficium
1461 3387 1548 3419 dedit
1568 3387 1615 3419 M.
1636 3386 1805 3428 Agrippae
1824 3391 1921 3428 pater
1941 3398 1982 3421 ne

1121 3440 1195 3478 post
1215 3436 1397 3478 Agrippam
1419 3435 1549 3476 quidem
1570 3438 1685 3477 notus,
1717 3444 1763 3469 an
1780 3437 1876 3479 patri
1896 3438 1982 3471 dedit
