<?xml version="1.0" encoding="UTF-8"?>
<!DOCTYPE html PUBLIC "-//W3C//DTD XHTML 1.0 Transitional//EN"
    "http://www.w3.org/TR/xhtml1/DTD/xhtml1-transitional.dtd">
<html xmlns="http://www.w3.org/1999/xhtml" xml:lang="en" lang="en">
 <head>
  <title>
</title>
<meta http-equiv="Content-Type" content="text/html;charset=utf-8" />
  <meta name='ocr-system' content='tesseract 3.04.00' />
  <meta name='ocr-capabilities' content='ocr_page ocr_carea ocr_par ocr_line ocrx_word'/>
</head>
<body>
  <div class='ocr_page' id='page_1' title='image "./pcorneliitacitio01taciuoft_0102.png"; bbox 0 0 2254 3770; ppageno 0'>
   <div class='ocr_carea' id='block_1_1' title="bbox 294 292 348 335">
    <p class='ocr_par' dir='ltr' id='par_1_1' title="bbox 294 292 348 335">
     <span class='ocr_line' id='line_1_1' title="bbox 294 292 348 335; baseline 0 0"><span class='ocrx_word' id='word_1_1' title='bbox 294 292 348 335; x_wconf 78' lang='lat'><strong>64</strong></span> 
     </span>
    </p>
   </div>
   <div class='ocr_carea' id='block_1_2' title="bbox 769 292 1586 338">
    <p class='ocr_par' dir='ltr' id='par_1_2' title="bbox 769 292 1586 338">
     <span class='ocr_line' id='line_1_2' title="bbox 769 292 1586 338; baseline -0.001 -1"><span class='ocrx_word' id='word_1_2' title='bbox 769 294 814 337; x_wconf 93' lang='lat' dir='ltr'><strong>P.</strong></span> <span class='ocrx_word' id='word_1_3' title='bbox 847 292 1094 338; x_wconf 91' lang='lat' dir='ltr'>CORNELII</span> <span class='ocrx_word' id='word_1_4' title='bbox 1123 292 1291 337; x_wconf 86' lang='lat' dir='ltr'>TACITI</span> <span class='ocrx_word' id='word_1_5' title='bbox 1320 293 1586 338; x_wconf 86' lang='lat' dir='ltr'>ANNALIUM</span> 
     </span>
    </p>
   </div>
   <div class='ocr_carea' id='block_1_3' title="bbox 293 398 2068 532">
    <p class='ocr_par' dir='ltr' id='par_1_3' title="bbox 293 398 2068 532">
     <span class='ocr_line' id='line_1_3' title="bbox 293 398 2067 458; baseline 0.002 -17"><span class='ocrx_word' id='word_1_6' title='bbox 293 399 402 442; x_wconf 90' lang='lat' dir='ltr'><strong>inter</strong></span> <span class='ocrx_word' id='word_1_7' title='bbox 430 412 540 456; x_wconf 91' lang='lat' dir='ltr'><strong>quae</strong></span> <span class='ocrx_word' id='word_1_8' title='bbox 570 399 670 442; x_wconf 92' lang='lat' dir='ltr'><strong>Pius</strong></span> <span class='ocrx_word' id='word_1_9' title='bbox 700 398 895 443; x_wconf 86' lang='lat' dir='ltr'>Aurelius</span> <span class='ocrx_word' id='word_1_10' title='bbox 933 405 1105 443; x_wconf 89' lang='lat' dir='ltr'><strong>senator</strong></span> <span class='ocrx_word' id='word_1_11' title='bbox 1133 406 1310 457; x_wconf 89' lang='lat' dir='ltr'><strong>questus</strong></span> <span class='ocrx_word' id='word_1_12' title='bbox 1347 398 1459 442; x_wconf 90' lang='lat' dir='ltr'><strong>mole</strong></span> <span class='ocrx_word' id='word_1_13' title='bbox 1495 398 1692 456; x_wconf 90' lang='lat' dir='ltr'><strong>publicae</strong></span> <span class='ocrx_word' id='word_1_14' title='bbox 1727 399 1819 443; x_wconf 90' lang='lat' dir='ltr'><strong>viae</strong></span> <span class='ocrx_word' id='word_1_15' title='bbox 1849 399 2067 458; x_wconf 89' lang='lat' dir='ltr'><strong>ductuque</strong></span> 
     </span>
     <span class='ocr_line' id='line_1_4' title="bbox 293 473 2068 532; baseline 0.001 -15"><span class='ocrx_word' id='word_1_16' title='bbox 293 487 500 531; x_wconf 88' lang='lat' dir='ltr'><strong>aquarum</strong></span> <span class='ocrx_word' id='word_1_17' title='bbox 528 473 755 518; x_wconf 82' lang='lat' dir='ltr'><strong>labefactas</strong></span> <span class='ocrx_word' id='word_1_18' title='bbox 785 473 906 517; x_wconf 86' lang='lat' dir='ltr'>aedis</span> <span class='ocrx_word' id='word_1_19' title='bbox 937 487 1059 524; x_wconf 83' lang='lat' dir='ltr'><strong>suas.</strong></span> <span class='ocrx_word' id='word_1_20' title='bbox 1091 474 1292 517; x_wconf 86' lang='lat' dir='ltr'><strong>auxilium</strong></span> <span class='ocrx_word' id='word_1_21' title='bbox 1313 480 1478 532; x_wconf 90' lang='lat' dir='ltr'><strong>patrum</strong></span> <span class='ocrx_word' id='word_1_22' title='bbox 1499 473 1733 518; x_wconf 84' lang='lat' dir='ltr'>invocabat.</span> <span class='ocrx_word' id='word_1_23' title='bbox 1771 474 2068 519; x_wconf 87' lang='lat' dir='ltr'><strong>resistentibus</strong></span> 
     </span>
    </p>
   </div>
   <div class='ocr_carea' id='block_1_4' title="bbox 292 548 1166 607">
    <p class='ocr_par' dir='ltr' id='par_1_4' title="bbox 292 548 1166 607">
     <span class='ocr_line' id='line_1_5' title="bbox 292 548 1166 607; baseline 0.001 -15"><span class='ocrx_word' id='word_1_24' title='bbox 292 550 441 593; x_wconf 91' lang='lat' dir='ltr'><strong>aerarii</strong></span> <span class='ocrx_word' id='word_1_25' title='bbox 467 549 733 607; x_wconf 89' lang='lat' dir='ltr'><strong>praetoribus</strong></span> <span class='ocrx_word' id='word_1_26' title='bbox 763 548 959 593; x_wconf 87' lang='lat' dir='ltr'><strong>subvenit</strong></span> <span class='ocrx_word' id='word_1_27' title='bbox 989 549 1166 599; x_wconf 85' lang='lat' dir='ltr'><strong>Caesar,</strong></span> 
     </span>
    </p>
   </div>
   <div class='ocr_carea' id='block_1_5' title="bbox 1203 547 2066 607">
    <p class='ocr_par' dir='ltr' id='par_1_5' title="bbox 1203 547 2066 607">
     <span class='ocr_line' id='line_1_6' title="bbox 1203 547 2066 607; baseline 0.002 -15"><span class='ocrx_word' id='word_1_28' title='bbox 1203 549 1472 607; x_wconf 84' lang='lat' dir='ltr'><strong>pretiumque</strong></span> <span class='ocrx_word' id='word_1_29' title='bbox 1502 547 1673 592; x_wconf 89' lang='lat' dir='ltr'><strong>aedium</strong></span> <span class='ocrx_word' id='word_1_30' title='bbox 1703 549 1873 593; x_wconf 85' lang='lat' dir='ltr'><strong>Aurelio</strong></span> <span class='ocrx_word' id='word_1_31' title='bbox 1911 550 2066 602; x_wconf 89' lang='lat' dir='ltr'><strong>tribuit,</strong></span> 
     </span>
    </p>
   </div>
   <div class='ocr_carea' id='block_1_6' title="bbox 257 623 2070 1286">
    <p class='ocr_par' dir='ltr' id='par_1_6' title="bbox 257 623 2070 1058">
     <span class='ocr_line' id='line_1_7' title="bbox 292 623 2069 682; baseline 0.002 -15"><span class='ocrx_word' id='word_1_32' title='bbox 292 624 531 682; x_wconf 82' lang='lat' dir='ltr'><strong>erogandae</strong></span> <span class='ocrx_word' id='word_1_33' title='bbox 551 638 629 682; x_wconf 88' lang='lat' dir='ltr'><strong>per</strong></span> <span class='ocrx_word' id='word_1_34' title='bbox 648 624 824 668; x_wconf 90' lang='lat' dir='ltr'><strong>honesta</strong></span> <span class='ocrx_word' id='word_1_35' title='bbox 845 624 1052 682; x_wconf 91' lang='lat' dir='ltr'><strong>pecuniae</strong></span> <span class='ocrx_word' id='word_1_36' title='bbox 1074 625 1267 682; x_wconf 78' lang='lat' dir='ltr'><strong>cupiens3</strong></span> <span class='ocrx_word' id='word_1_37' title='bbox 1299 637 1427 682; x_wconf 91' lang='lat' dir='ltr'><strong>quam</strong></span> <span class='ocrx_word' id='word_1_38' title='bbox 1446 624 1645 667; x_wconf 89' lang='lat' dir='ltr'><strong>virtutem</strong></span> <span class='ocrx_word' id='word_1_39' title='bbox 1664 623 1738 667; x_wconf 92' lang='lat' dir='ltr'><strong>diu</strong></span> <span class='ocrx_word' id='word_1_40' title='bbox 1756 624 1943 674; x_wconf 84' lang='lat' dir='ltr'><strong>retinuit,</strong></span> <span class='ocrx_word' id='word_1_41' title='bbox 1972 639 2069 670; x_wconf 92' lang='lat' dir='ltr'><strong>cum</strong></span> 
     </span>
     <span class='ocr_line' id='line_1_8' title="bbox 257 698 2070 759; baseline 0.003 -19"><span class='ocrx_word' id='word_1_42' title='bbox 257 706 456 744; x_wconf 77' lang='lat' dir='ltr'><strong>sceteras</strong></span> <span class='ocrx_word' id='word_1_43' title='bbox 486 706 672 744; x_wconf 85' lang='lat' dir='ltr'><strong>exueret.</strong></span> <span class='ocrx_word' id='word_1_44' title='bbox 716 700 935 757; x_wconf 88' lang='lat' dir='ltr'><strong>Propertio</strong></span> <span class='ocrx_word' id='word_1_45' title='bbox 967 699 1103 743; x_wconf 92' lang='lat' dir='ltr'><strong>Celeri</strong></span> <span class='ocrx_word' id='word_1_46' title='bbox 1134 699 1372 757; x_wconf 87' lang='lat' dir='ltr'><strong>praetorio,</strong></span> <span class='ocrx_word' id='word_1_47' title='bbox 1408 699 1576 742; x_wconf 87' lang='lat' dir='ltr'><strong>veniam</strong></span> <span class='ocrx_word' id='word_1_48' title='bbox 1605 698 1767 742; x_wconf 92' lang='lat' dir='ltr'><strong>ordinis</strong></span> <span class='ocrx_word' id='word_1_49' title='bbox 1797 699 1853 743; x_wconf 92' lang='lat' dir='ltr'><strong>ob</strong></span> <span class='ocrx_word' id='word_1_50' title='bbox 1883 713 2070 759; x_wconf 88' lang='lat' dir='ltr'><strong>pauper-</strong></span> 
     </span>
     <span class='ocr_line' id='line_1_9' title="bbox 289 770 2067 833; baseline 0.002 -16"><span class='ocrx_word' id='word_1_51' title='bbox 289 781 418 819; x_wconf 88' lang='lat' dir='ltr'><strong>tatem</strong></span> <span class='ocrx_word' id='word_1_52' title='bbox 446 776 624 833; x_wconf 90' lang='lat' dir='ltr'><strong>petenti‚</strong></span> <span class='ocrx_word' id='word_1_53' title='bbox 656 774 801 818; x_wconf 90' lang='lat' dir='ltr'><strong>decies</strong></span> <span class='ocrx_word' id='word_1_54' title='bbox 832 775 1074 818; x_wconf 90' lang='lat' dir='ltr'><strong>sestertium</strong></span> <span class='ocrx_word' id='word_1_55' title='bbox 1103 770 1277 831; x_wconf 86' lang='lat' dir='ltr'><strong>largitus</strong></span> <span class='ocrx_word' id='word_1_56' title='bbox 1308 782 1391 826; x_wconf 90' lang='lat' dir='ltr'><strong>est,</strong></span> <span class='ocrx_word' id='word_1_57' title='bbox 1431 775 1532 818; x_wconf 91' lang='lat' dir='ltr'><strong>satis</strong></span> <span class='ocrx_word' id='word_1_58' title='bbox 1563 781 1768 832; x_wconf 92' lang='lat' dir='ltr'><strong>conperto</strong></span> <span class='ocrx_word' id='word_1_59' title='bbox 1796 782 1996 833; x_wconf 89' lang='lat' dir='ltr'><strong>paternas</strong></span> <span class='ocrx_word' id='word_1_60' title='bbox 2028 777 2067 821; x_wconf 91' lang='lat' dir='ltr'><strong>ei</strong></span> 
     </span>
     <span class='ocr_line' id='line_1_10' title="bbox 288 848 2068 908; baseline 0.002 -15"><span class='ocrx_word' id='word_1_61' title='bbox 288 850 502 908; x_wconf 81' lang='lat' dir='ltr'><strong>angustias</strong></span> <span class='ocrx_word' id='word_1_62' title='bbox 523 863 633 894; x_wconf 91' lang='lat' dir='ltr'><strong>esse.</strong></span> <span class='ocrx_word' id='word_1_63' title='bbox 663 850 904 907; x_wconf 90' lang='lat' dir='ltr'><strong>temptantis</strong></span> <span class='ocrx_word' id='word_1_64' title='bbox 926 849 1079 893; x_wconf 91' lang='lat' dir='ltr'><strong>eadem</strong></span> <span class='ocrx_word' id='word_1_65' title='bbox 1098 849 1204 893; x_wconf 84' lang='lat' dir='ltr'><strong>alios</strong></span> <span class='ocrx_word' id='word_1_66' title='bbox 1234 848 1417 907; x_wconf 92' lang='lat' dir='ltr'><strong>probare</strong></span> <span class='ocrx_word' id='word_1_67' title='bbox 1438 863 1612 894; x_wconf 91' lang='lat' dir='ltr'><strong>causam</strong></span> <span class='ocrx_word' id='word_1_68' title='bbox 1634 850 1799 894; x_wconf 91' lang='lat' dir='ltr'><strong>senatui</strong></span> <span class='ocrx_word' id='word_1_69' title='bbox 1819 850 1961 903; x_wconf 90' lang='lat' dir='ltr'><strong>iussit,</strong></span> <span class='ocrx_word' id='word_1_70' title='bbox 1993 865 2068 896; x_wconf 90' lang='lat' dir='ltr'><strong>cu-</strong></span> 
     </span>
     <span class='ocr_line' id='line_1_11' title="bbox 288 924 2068 982; baseline 0.002 -15"><span class='ocrx_word' id='word_1_71' title='bbox 288 924 433 982; x_wconf 91' lang='lat' dir='ltr'><strong>pidine</strong></span> <span class='ocrx_word' id='word_1_72' title='bbox 463 924 699 968; x_wconf 90' lang='lat' dir='ltr'><strong>severitatis</strong></span> <span class='ocrx_word' id='word_1_73' title='bbox 729 924 771 967; x_wconf 93' lang='lat' dir='ltr'><strong>in</strong></span> <span class='ocrx_word' id='word_1_74' title='bbox 801 925 852 968; x_wconf 93' lang='lat' dir='ltr'><strong>iis</strong></span> <span class='ocrx_word' id='word_1_75' title='bbox 873 924 1001 968; x_wconf 89' lang='lat' dir='ltr'><strong>etiam</strong></span> <span class='ocrx_word' id='word_1_76' title='bbox 1021 938 1132 982; x_wconf 92' lang='lat' dir='ltr'><strong>quae</strong></span> <span class='ocrx_word' id='word_1_77' title='bbox 1153 925 1231 968; x_wconf 87' lang='lat' dir='ltr'><strong>rite</strong></span> <span class='ocrx_word' id='word_1_78' title='bbox 1251 924 1409 969; x_wconf 82' lang='lat' dir='ltr'><strong>faceret</strong></span> <span class='ocrx_word' id='word_1_79' title='bbox 1428 924 1623 969; x_wconf 89' lang='lat' dir='ltr'><strong>acerbus.</strong></span> <span class='ocrx_word' id='word_1_80' title='bbox 1654 925 1768 969; x_wconf 93' lang='lat' dir='ltr'><strong>unde</strong></span> <span class='ocrx_word' id='word_1_81' title='bbox 1789 927 1918 971; x_wconf 89' lang='lat' dir='ltr'><strong>ceteri</strong></span> <span class='ocrx_word' id='word_1_82' title='bbox 1940 926 2068 971; x_wconf 90' lang='lat' dir='ltr'><strong>silen—</strong></span> 
     </span>
     <span class='ocr_line' id='line_1_12' title="bbox 287 999 1713 1058; baseline 0.001 -15"><span class='ocrx_word' id='word_1_83' title='bbox 287 1000 391 1043; x_wconf 90' lang='lat' dir='ltr'><strong>tium</strong></span> <span class='ocrx_word' id='word_1_84' title='bbox 421 1007 463 1044; x_wconf 90' lang='lat' dir='ltr'><strong>et</strong></span> <span class='ocrx_word' id='word_1_85' title='bbox 491 1006 784 1058; x_wconf 87' lang='lat' dir='ltr'><strong>paupertatem</strong></span> <span class='ocrx_word' id='word_1_86' title='bbox 813 999 1068 1044; x_wconf 84' lang='lat' dir='ltr'><strong>confessioni</strong></span> <span class='ocrx_word' id='word_1_87' title='bbox 1099 1006 1141 1044; x_wconf 91' lang='lat' dir='ltr'><strong>et</strong></span> <span class='ocrx_word' id='word_1_88' title='bbox 1168 999 1380 1044; x_wconf 90' lang='lat' dir='ltr'><strong>beneficio</strong></span> <span class='ocrx_word' id='word_1_89' title='bbox 1409 1014 1713 1058; x_wconf 88' lang='lat' dir='ltr'><strong>praeposuere.</strong></span> 
     </span>
    </p>

    <p class='ocr_par' dir='ltr' id='par_1_7' title="bbox 288 1074 2066 1286">
     <span class='ocr_line' id='line_1_13' title="bbox 402 1074 2066 1134; baseline 0.002 -15"><span class='ocrx_word' id='word_1_90' title='bbox 402 1075 481 1132; x_wconf 87' lang='lat'>(76)</span> <span class='ocrx_word' id='word_1_91' title='bbox 513 1075 674 1119; x_wconf 90' lang='lat' dir='ltr'><strong>Eodem</strong></span> <span class='ocrx_word' id='word_1_92' title='bbox 703 1088 813 1118; x_wconf 93' lang='lat' dir='ltr'><strong>anno</strong></span> <span class='ocrx_word' id='word_1_93' title='bbox 845 1075 1055 1118; x_wconf 84' lang='lat' dir='ltr'><strong>continuis</strong></span> <span class='ocrx_word' id='word_1_94' title='bbox 1086 1074 1293 1118; x_wconf 88' lang='lat' dir='ltr'><strong>imbribus</strong></span> <span class='ocrx_word' id='word_1_95' title='bbox 1322 1082 1471 1119; x_wconf 90' lang='lat' dir='ltr'><strong>auctus</strong></span> <span class='ocrx_word' id='word_1_96' title='bbox 1502 1076 1663 1120; x_wconf 92' lang='lat' dir='ltr'><strong>Tiberis</strong></span> <span class='ocrx_word' id='word_1_97' title='bbox 1692 1075 1819 1134; x_wconf 88' lang='lat' dir='ltr'><strong>plana</strong></span> <span class='ocrx_word' id='word_1_98' title='bbox 1842 1077 1960 1121; x_wconf 90' lang='lat' dir='ltr'><strong>urbis</strong></span> <span class='ocrx_word' id='word_1_99' title='bbox 1980 1085 2066 1122; x_wconf 88' lang='lat' dir='ltr'><strong>sta-</strong></span> 
     </span>
     <span class='ocr_line' id='line_1_14' title="bbox 288 1149 2066 1211; baseline 0.002 -18"><span class='ocrx_word' id='word_1_100' title='bbox 288 1157 506 1208; x_wconf 82' lang='lat' dir='ltr'><strong>gnaverat3</strong></span> <span class='ocrx_word' id='word_1_101' title='bbox 536 1149 796 1194; x_wconf 87' lang='lat' dir='ltr'><strong>relabentem</strong></span> <span class='ocrx_word' id='word_1_102' title='bbox 827 1156 974 1194; x_wconf 92' lang='lat' dir='ltr'><strong>secuta</strong></span> <span class='ocrx_word' id='word_1_103' title='bbox 1003 1157 1068 1194; x_wconf 91' lang='lat' dir='ltr'><strong>est</strong></span> <span class='ocrx_word' id='word_1_104' title='bbox 1096 1150 1388 1194; x_wconf 85' lang='lat' dir='ltr'><strong>aedificiorum</strong></span> <span class='ocrx_word' id='word_1_105' title='bbox 1418 1157 1460 1194; x_wconf 89' lang='lat' dir='ltr'><strong>et</strong></span> <span class='ocrx_word' id='word_1_106' title='bbox 1489 1150 1705 1195; x_wconf 92' lang='lat' dir='ltr'><strong>hominum</strong></span> <span class='ocrx_word' id='word_1_107' title='bbox 1726 1158 1900 1211; x_wconf 83' lang='lat' dir='ltr'><strong>strages.</strong></span> <span class='ocrx_word' id='word_1_108' title='bbox 1941 1153 2066 1211; x_wconf 83' lang='lat' dir='ltr'><strong>igitur</strong></span> 
     </span>
     <span class='ocr_line' id='line_1_15' title="bbox 288 1224 2064 1286; baseline 0.003 -17"><span class='ocrx_word' id='word_1_109' title='bbox 288 1226 452 1270; x_wconf 88' lang='lat' dir='ltr'><strong>censuit</strong></span> <span class='ocrx_word' id='word_1_110' title='bbox 470 1225 638 1269; x_wconf 90' lang='lat' dir='ltr'><strong>Asinius</strong></span> <span class='ocrx_word' id='word_1_111' title='bbox 660 1224 801 1269; x_wconf 91' lang='lat' dir='ltr'><strong>Gallus</strong></span> <span class='ocrx_word' id='word_1_112' title='bbox 822 1231 868 1268; x_wconf 91' lang='lat' dir='ltr'><strong>ut</strong></span> <span class='ocrx_word' id='word_1_113' title='bbox 886 1224 981 1269; x_wconf 90' lang='lat' dir='ltr'><strong>libri</strong></span> <span class='ocrx_word' id='word_1_114' title='bbox 1003 1225 1195 1285; x_wconf 79' lang='lat' dir='ltr'><strong>Sibyllini</strong></span> <span class='ocrx_word' id='word_1_115' title='bbox 1216 1225 1444 1270; x_wconf 90' lang='lat' dir='ltr'><strong>adirentur.</strong></span> <span class='ocrx_word' id='word_1_116' title='bbox 1481 1227 1622 1271; x_wconf 92' lang='lat' dir='ltr'><strong>renuit</strong></span> <span class='ocrx_word' id='word_1_117' title='bbox 1642 1226 1853 1279; x_wconf 88' lang='lat' dir='ltr'><strong>Tiberius,</strong></span> <span class='ocrx_word' id='word_1_118' title='bbox 1885 1228 2064 1286; x_wconf 87' lang='lat' dir='ltr'><strong>perinde</strong></span> 
     </span>
    </p>
   </div>
   <div class='ocr_carea' id='block_1_7' title="bbox 331 1376 2065 1420">
    <p class='ocr_par' dir='ltr' id='par_1_8' title="bbox 331 1376 2065 1420">
     <span class='ocr_line' id='line_1_16' title="bbox 331 1376 2065 1420; baseline 0.002 -10"><span class='ocrx_word' id='word_1_119' title='bbox 331 1378 360 1410; x_wconf 74' lang='lat' dir='ltr'><strong>i.</strong></span> <span class='ocrx_word' id='word_1_120' title='bbox 392 1380 545 1418; x_wconf 77' lang='lat' dir='ltr'><strong>quaestus</strong></span> <span class='ocrx_word' id='word_1_121' title='bbox 578 1376 705 1419; x_wconf 88' lang='lat' dir='ltr'><strong>(littera</strong></span> <span class='ocrx_word' id='word_1_122' title='bbox 735 1386 758 1410; x_wconf 90' lang='lat' dir='ltr'><strong>a</strong></span> <span class='ocrx_word' id='word_1_123' title='bbox 786 1377 926 1420; x_wconf 89' lang='lat' dir='ltr'><strong>punctis</strong></span> <span class='ocrx_word' id='word_1_124' title='bbox 956 1377 1092 1418; x_wconf 79' lang='lat' dir='ltr'><strong>notata)</strong></span> <span class='ocrx_word' id='word_1_125' title='bbox 1115 1378 1149 1411; x_wconf 92' lang='lat' dir='ltr'>M</span> <span class='ocrx_word' id='word_1_126' title='bbox 1184 1394 1221 1401; x_wconf 97' lang='lat'>—</span> <span class='ocrx_word' id='word_1_127' title='bbox 1258 1378 1290 1411; x_wconf 90' lang='lat'><strong>3.</strong></span> <span class='ocrx_word' id='word_1_128' title='bbox 1316 1379 1549 1420; x_wconf 83' lang='lat' dir='ltr'><strong>praetiumque</strong></span> <span class='ocrx_word' id='word_1_129' title='bbox 1576 1380 1611 1413; x_wconf 90' lang='lat' dir='ltr'>M</span> <span class='ocrx_word' id='word_1_130' title='bbox 1645 1397 1682 1403; x_wconf 95' lang='lat'><strong>—</strong></span> <span class='ocrx_word' id='word_1_131' title='bbox 1718 1381 1752 1413; x_wconf 85' lang='lat'><strong>5.</strong></span> <span class='ocrx_word' id='word_1_132' title='bbox 1780 1383 1931 1413; x_wconf 76' lang='lat' dir='ltr'><strong>eoesueret</strong></span> <span class='ocrx_word' id='word_1_133' title='bbox 1959 1381 1993 1415; x_wconf 82' lang='lat' dir='ltr'>M</span> <span class='ocrx_word' id='word_1_134' title='bbox 2021 1398 2065 1406; x_wconf 91' lang='lat'>—</span> 
     </span>
    </p>
   </div>
   <div class='ocr_carea' id='block_1_8' title="bbox 286 1432 1193 1476">
    <p class='ocr_par' dir='ltr' id='par_1_9' title="bbox 286 1432 1193 1476">
     <span class='ocr_line' id='line_1_17' title="bbox 286 1432 1193 1476; baseline 0 -10"><span class='ocrx_word' id='word_1_135' title='bbox 286 1434 318 1467; x_wconf 87' lang='lat'><strong>7.</strong></span> <span class='ocrx_word' id='word_1_136' title='bbox 343 1443 448 1466; x_wconf 90' lang='lat' dir='ltr'><strong>causa</strong></span> <span class='ocrx_word' id='word_1_137' title='bbox 469 1435 503 1467; x_wconf 90' lang='lat' dir='ltr'>M</span> <span class='ocrx_word' id='word_1_138' title='bbox 526 1451 561 1457; x_wconf 98' lang='lat'><strong>—</strong></span> <span class='ocrx_word' id='word_1_139' title='bbox 586 1434 736 1475; x_wconf 82' lang='lat' dir='ltr'><strong>cupidioe</strong></span> <span class='ocrx_word' id='word_1_140' title='bbox 757 1435 791 1475; x_wconf 89' lang='lat' dir='ltr'>M</span> <span class='ocrx_word' id='word_1_141' title='bbox 810 1434 974 1476; x_wconf 81' lang='lat' dir='ltr'><strong>(cupidine</strong></span> <span class='ocrx_word' id='word_1_142' title='bbox 995 1432 1131 1475; x_wconf 85' lang='lat' dir='ltr'><strong>margo)</strong></span> <span class='ocrx_word' id='word_1_143' title='bbox 1161 1451 1193 1457; x_wconf 93' lang='lat'><em>-</em></span> 
     </span>
    </p>
   </div>
   <div class='ocr_carea' id='block_1_9' title="bbox 284 1490 992 1533">
    <p class='ocr_par' dir='ltr' id='par_1_10' title="bbox 284 1490 992 1533">
     <span class='ocr_line' id='line_1_18' title="bbox 284 1490 992 1533; baseline 0 -10"><span class='ocrx_word' id='word_1_144' title='bbox 284 1491 417 1524; x_wconf 80' lang='lat' dir='ltr'><strong>rennuit</strong></span> <span class='ocrx_word' id='word_1_145' title='bbox 440 1491 567 1533; x_wconf 90' lang='lat' dir='ltr'><strong>(priore</strong></span> <span class='ocrx_word' id='word_1_146' title='bbox 589 1500 612 1523; x_wconf 91' lang='lat' dir='ltr'><strong>n</strong></span> <span class='ocrx_word' id='word_1_147' title='bbox 633 1491 772 1533; x_wconf 89' lang='lat' dir='ltr'><strong>punctis</strong></span> <span class='ocrx_word' id='word_1_148' title='bbox 795 1490 923 1531; x_wconf 85' lang='lat' dir='ltr'><strong>notata)</strong></span> <span class='ocrx_word' id='word_1_149' title='bbox 947 1490 992 1524; x_wconf 93' lang='lat' dir='ltr'><strong>M.</strong></span> 
     </span>
    </p>
   </div>
   <div class='ocr_carea' id='block_1_10' title="bbox 273 1621 1149 3468">
    <p class='ocr_par' dir='ltr' id='par_1_11' title="bbox 273 1621 1149 3468">
     <span class='ocr_line' id='line_1_19' title="bbox 284 1621 1149 1664; baseline -0.002 -8"><span class='ocrx_word' id='word_1_150' title='bbox 284 1623 494 1656; x_wconf 88' lang='lat' dir='ltr'><strong>iudiciorum</strong></span> <span class='ocrx_word' id='word_1_151' title='bbox 522 1622 729 1664; x_wconf 86' lang='lat' dir='ltr'><strong>integritati,</strong></span> <span class='ocrx_word' id='word_1_152' title='bbox 770 1623 892 1655; x_wconf 85' lang='lat' dir='ltr'><strong>contra</strong></span> <span class='ocrx_word' id='word_1_153' title='bbox 926 1621 1062 1654; x_wconf 86' lang='lat' dir='ltr'><strong>libertas</strong></span> <span class='ocrx_word' id='word_1_154' title='bbox 1095 1622 1149 1654; x_wconf 91' lang='lat' dir='ltr'><strong>est</strong></span> 
     </span>
     <span class='ocr_line' id='line_1_20' title="bbox 281 1671 1147 1714; baseline -0.003 -8"><span class='ocrx_word' id='word_1_155' title='bbox 281 1673 438 1706; x_wconf 91' lang='lat' dir='ltr'><strong>iudicum</strong></span> <span class='ocrx_word' id='word_1_156' title='bbox 469 1673 605 1714; x_wconf 85' lang='lat' dir='ltr'><strong>integra</strong></span> <span class='ocrx_word' id='word_1_157' title='bbox 637 1671 776 1713; x_wconf 81' lang='lat' dir='ltr'><strong>religio,</strong></span> <span class='ocrx_word' id='word_1_158' title='bbox 813 1680 904 1713; x_wconf 86' lang='lat' dir='ltr'><strong>quae</strong></span> <span class='ocrx_word' id='word_1_159' title='bbox 935 1673 1061 1713; x_wconf 90' lang='lat' dir='ltr'><strong>sponte</strong></span> <span class='ocrx_word' id='word_1_160' title='bbox 1084 1679 1147 1703; x_wconf 90' lang='lat' dir='ltr'><strong>sua</strong></span> 
     </span>
     <span class='ocr_line' id='line_1_21' title="bbox 281 1720 1147 1762; baseline -0.003 -6"><span class='ocrx_word' id='word_1_161' title='bbox 281 1723 459 1757; x_wconf 90' lang='lat' dir='ltr'><strong>interdum</strong></span> <span class='ocrx_word' id='word_1_162' title='bbox 492 1725 587 1755; x_wconf 90' lang='lat' dir='ltr'><strong>certe</strong></span> <span class='ocrx_word' id='word_1_163' title='bbox 622 1721 666 1754; x_wconf 92' lang='lat' dir='ltr'><strong>de</strong></span> <span class='ocrx_word' id='word_1_164' title='bbox 700 1721 872 1754; x_wconf 89' lang='lat' dir='ltr'><strong>nonnullis</strong></span> <span class='ocrx_word' id='word_1_165' title='bbox 906 1720 1006 1754; x_wconf 90' lang='lat' dir='ltr'><strong>aliter</strong></span> <span class='ocrx_word' id='word_1_166' title='bbox 1040 1729 1147 1762; x_wconf 89' lang='lat' dir='ltr'><strong>quam</strong></span> 
     </span>
     <span class='ocr_line' id='line_1_22' title="bbox 281 1770 1143 1811; baseline -0.003 -5"><span class='ocrx_word' id='word_1_167' title='bbox 281 1773 440 1806; x_wconf 92' lang='lat' dir='ltr'><strong>Tiberius</strong></span> <span class='ocrx_word' id='word_1_168' title='bbox 456 1772 646 1806; x_wconf 88' lang='lat' dir='ltr'><strong>statuisset.</strong></span> <span class='ocrx_word' id='word_1_169' title='bbox 666 1771 717 1804; x_wconf 83' lang='lat' dir='ltr'><strong>Cf.</strong></span> <span class='ocrx_word' id='word_1_170' title='bbox 737 1770 873 1811; x_wconf 87' lang='lat' dir='ltr'><strong>Quintil.</strong></span> <span class='ocrx_word' id='word_1_171' title='bbox 889 1772 920 1803; x_wconf 87' lang='lat'><strong>5.</strong></span> <span class='ocrx_word' id='word_1_172' title='bbox 939 1771 1143 1803; x_wconf 74' lang='lat' dir='ltr'><strong>Prooem.i:</strong></span> 
     </span>
     <span class='ocr_line' id='line_1_23' title="bbox 282 1823 1145 1865; baseline -0.003 -8"><span class='ocrx_word' id='word_1_173' title='bbox 282 1826 364 1865; x_wconf 89' lang='lat' dir='ltr'><strong>quia</strong></span> <span class='ocrx_word' id='word_1_174' title='bbox 391 1824 535 1857; x_wconf 84' lang='lat' dir='ltr'><strong>iudicem</strong></span> <span class='ocrx_word' id='word_1_175' title='bbox 564 1832 585 1855; x_wconf 85' lang='lat' dir='ltr'><strong>a</strong></span> <span class='ocrx_word' id='word_1_176' title='bbox 607 1823 748 1855; x_wconf 87' lang='lat' dir='ltr'><strong>veritate</strong></span> <span class='ocrx_word' id='word_1_177' title='bbox 770 1823 883 1863; x_wconf 78' lang='lat' dir='ltr'><strong>depelli</strong></span> <span class='ocrx_word' id='word_1_178' title='bbox 904 1823 1145 1862; x_wconf 76' lang='lat' dir='ltr'><strong>misericordia,</strong></span> 
     </span>
     <span class='ocr_line' id='line_1_24' title="bbox 278 1871 1147 1913; baseline -0.005 -5"><span class='ocrx_word' id='word_1_179' title='bbox 278 1877 336 1908; x_wconf 87' lang='lat' dir='ltr'><strong>ira</strong></span> <span class='ocrx_word' id='word_1_180' title='bbox 357 1873 580 1913; x_wconf 78' lang='lat' dir='ltr'><strong>similibusque</strong></span> <span class='ocrx_word' id='word_1_181' title='bbox 599 1881 666 1904; x_wconf 88' lang='lat' dir='ltr'><strong>non</strong></span> <span class='ocrx_word' id='word_1_182' title='bbox 681 1875 855 1913; x_wconf 79' lang='lat' dir='ltr'><strong>oporteret.</strong></span> <span class='ocrx_word' id='word_1_183' title='bbox 877 1890 911 1895; x_wconf 90' lang='lat'>-</span> <span class='ocrx_word' id='word_1_184' title='bbox 931 1871 1031 1913; x_wconf 83' lang='lat' dir='ltr'><strong>aedis]</strong></span> <span class='ocrx_word' id='word_1_185' title='bbox 1048 1871 1147 1904; x_wconf 87' lang='lat' dir='ltr'><strong>aliter</strong></span> 
     </span>
     <span class='ocr_line' id='line_1_25' title="bbox 281 1922 1143 1968; baseline -0.005 -10"><span class='ocrx_word' id='word_1_186' title='bbox 281 1925 446 1968; x_wconf 85' lang='lat' dir='ltr'><strong>explicari</strong></span> <span class='ocrx_word' id='word_1_187' title='bbox 476 1924 598 1965; x_wconf 90' lang='lat' dir='ltr'><strong>nequit</strong></span> <span class='ocrx_word' id='word_1_188' title='bbox 632 1931 740 1964; x_wconf 88' lang='lat' dir='ltr'><strong>quam</strong></span> <span class='ocrx_word' id='word_1_189' title='bbox 772 1923 817 1955; x_wconf 93' lang='lat' dir='ltr'><strong>de</strong></span> <span class='ocrx_word' id='word_1_190' title='bbox 852 1922 957 1955; x_wconf 90' lang='lat' dir='ltr'><strong>domo</strong></span> <span class='ocrx_word' id='word_1_191' title='bbox 988 1922 1143 1962; x_wconf 80' lang='lat' dir='ltr'><strong>urbana3</strong></span> 
     </span>
     <span class='ocr_line' id='line_1_26' title="bbox 281 1972 1145 2019; baseline -0.005 -10"><span class='ocrx_word' id='word_1_192' title='bbox 281 1985 364 2019; x_wconf 84' lang='lat' dir='ltr'><strong>ergo</strong></span> <span class='ocrx_word' id='word_1_193' title='bbox 375 1976 477 2008; x_wconf 85' lang='lat' dir='ltr'><strong>moles</strong></span> <span class='ocrx_word' id='word_1_194' title='bbox 480 1974 635 2017; x_wconf 81' lang='lat' dir='ltr'><strong>publicae</strong></span> <span class='ocrx_word' id='word_1_195' title='bbox 645 1974 721 2006; x_wconf 84' lang='lat' dir='ltr'><strong>viae</strong></span> <span class='ocrx_word' id='word_1_196' title='bbox 729 1974 784 2006; x_wconf 92' lang='lat' dir='ltr'><strong>est</strong></span> <span class='ocrx_word' id='word_1_197' title='bbox 795 1974 981 2015; x_wconf 85' lang='lat' dir='ltr'><strong>impressio</strong></span> <span class='ocrx_word' id='word_1_198' title='bbox 990 1972 1145 2015; x_wconf 80' lang='lat' dir='ltr'><strong>(Druck),</strong></span> 
     </span>
     <span class='ocr_line' id='line_1_27' title="bbox 280 2022 1148 2068; baseline -0.007 -8"><span class='ocrx_word' id='word_1_199' title='bbox 280 2035 388 2068; x_wconf 85' lang='lat' dir='ltr'><strong>quam</strong></span> <span class='ocrx_word' id='word_1_200' title='bbox 418 2027 540 2059; x_wconf 88' lang='lat' dir='ltr'><strong>contra</strong></span> <span class='ocrx_word' id='word_1_201' title='bbox 569 2023 643 2056; x_wconf 88' lang='lat' dir='ltr'><strong>illas</strong></span> <span class='ocrx_word' id='word_1_202' title='bbox 672 2023 781 2056; x_wconf 88' lang='lat' dir='ltr'><strong>aedes</strong></span> <span class='ocrx_word' id='word_1_203' title='bbox 812 2023 975 2056; x_wconf 88' lang='lat' dir='ltr'><strong>continuo</strong></span> <span class='ocrx_word' id='word_1_204' title='bbox 998 2022 1148 2055; x_wconf 87' lang='lat' dir='ltr'><strong>faciebat</strong></span> 
     </span>
     <span class='ocr_line' id='line_1_28' title="bbox 278 2073 1146 2118; baseline -0.005 -8"><span class='ocrx_word' id='word_1_205' title='bbox 278 2078 334 2110; x_wconf 89' lang='lat' dir='ltr'><strong>via</strong></span> <span class='ocrx_word' id='word_1_206' title='bbox 355 2075 554 2118; x_wconf 85' lang='lat' dir='ltr'><strong>ingentibus</strong></span> <span class='ocrx_word' id='word_1_207' title='bbox 576 2073 730 2107; x_wconf 85' lang='lat' dir='ltr'><strong>silicibus</strong></span> <span class='ocrx_word' id='word_1_208' title='bbox 750 2073 968 2113; x_wconf 90' lang='lat' dir='ltr'><strong>substructa,</strong></span> <span class='ocrx_word' id='word_1_209' title='bbox 995 2083 1146 2115; x_wconf 89' lang='lat' dir='ltr'><strong>quorum</strong></span> 
     </span>
     <span class='ocr_line' id='line_1_29' title="bbox 279 2123 1144 2171; baseline -0.006 -10"><span class='ocrx_word' id='word_1_210' title='bbox 279 2137 346 2171; x_wconf 90' lang='lat' dir='ltr'><strong>ope</strong></span> <span class='ocrx_word' id='word_1_211' title='bbox 375 2126 541 2160; x_wconf 86' lang='lat' dir='ltr'><strong>toleraret</strong></span> <span class='ocrx_word' id='word_1_212' title='bbox 570 2125 726 2167; x_wconf 89' lang='lat' dir='ltr'><strong>pondera</strong></span> <span class='ocrx_word' id='word_1_213' title='bbox 757 2123 814 2157; x_wconf 91' lang='lat' dir='ltr'><strong>illa</strong></span> <span class='ocrx_word' id='word_1_214' title='bbox 845 2125 1020 2165; x_wconf 87' lang='lat' dir='ltr'><strong>enormia,</strong></span> <span class='ocrx_word' id='word_1_215' title='bbox 1054 2133 1144 2166; x_wconf 87' lang='lat' dir='ltr'><strong>quae</strong></span> 
     </span>
     <span class='ocr_line' id='line_1_30' title="bbox 280 2174 1145 2221; baseline -0.002 -10"><span class='ocrx_word' id='word_1_216' title='bbox 280 2178 435 2221; x_wconf 89' lang='lat' dir='ltr'><strong>quotidie</strong></span> <span class='ocrx_word' id='word_1_217' title='bbox 465 2185 531 2219; x_wconf 88' lang='lat' dir='ltr'><strong>per</strong></span> <span class='ocrx_word' id='word_1_218' title='bbox 556 2175 685 2208; x_wconf 88' lang='lat' dir='ltr'><strong>urbem</strong></span> <span class='ocrx_word' id='word_1_219' title='bbox 713 2174 946 2208; x_wconf 86' lang='lat' dir='ltr'><strong>vehebantur.</strong></span> <span class='ocrx_word' id='word_1_220' title='bbox 986 2176 1145 2209; x_wconf 84' lang='lat' dir='ltr'><strong>Accede-</strong></span> 
     </span>
     <span class='ocr_line' id='line_1_31' title="bbox 278 2225 1144 2267; baseline -0.005 -4"><span class='ocrx_word' id='word_1_221' title='bbox 278 2230 365 2263; x_wconf 88' lang='lat' dir='ltr'><strong>bant</strong></span> <span class='ocrx_word' id='word_1_222' title='bbox 397 2227 557 2261; x_wconf 88' lang='lat' dir='ltr'><strong>eiusdem</strong></span> <span class='ocrx_word' id='word_1_223' title='bbox 588 2225 689 2259; x_wconf 91' lang='lat' dir='ltr'><strong>molis</strong></span> <span class='ocrx_word' id='word_1_224' title='bbox 724 2226 984 2267; x_wconf 85' lang='lat' dir='ltr'><strong>aquaeductus,</strong></span> <span class='ocrx_word' id='word_1_225' title='bbox 1016 2226 1144 2267; x_wconf 76' lang='lat' dir='ltr'><strong>quibus</strong></span> 
     </span>
     <span class='ocr_line' id='line_1_32' title="bbox 277 2274 1144 2314; baseline -0.003 -2"><span class='ocrx_word' id='word_1_226' title='bbox 277 2276 554 2312; x_wconf 83' lang='lat' dir='ltr'><strong>labefactabatur</strong></span> <span class='ocrx_word' id='word_1_227' title='bbox 570 2275 695 2309; x_wconf 89' lang='lat' dir='ltr'><strong>eadem</strong></span> <span class='ocrx_word' id='word_1_228' title='bbox 711 2275 850 2314; x_wconf 87' lang='lat' dir='ltr'><strong>domus,</strong></span> <span class='ocrx_word' id='word_1_229' title='bbox 865 2274 1052 2308; x_wconf 89' lang='lat' dir='ltr'><strong>debilitatis</strong></span> <span class='ocrx_word' id='word_1_230' title='bbox 1069 2276 1144 2309; x_wconf 92' lang='lat' dir='ltr'><strong>eius</strong></span> 
     </span>
     <span class='ocr_line' id='line_1_33' title="bbox 278 2326 1144 2368; baseline -0.007 -5"><span class='ocrx_word' id='word_1_231' title='bbox 278 2327 514 2363; x_wconf 83' lang='lat' dir='ltr'><strong>fundamentis</strong></span> <span class='ocrx_word' id='word_1_232' title='bbox 542 2327 578 2359; x_wconf 92' lang='lat' dir='ltr'><strong>et</strong></span> <span class='ocrx_word' id='word_1_233' title='bbox 607 2335 688 2359; x_wconf 91' lang='lat' dir='ltr'><strong>cum</strong></span> <span class='ocrx_word' id='word_1_234' title='bbox 711 2326 999 2359; x_wconf 89' lang='lat' dir='ltr'><strong>construerentur</strong></span> <span class='ocrx_word' id='word_1_235' title='bbox 1021 2327 1056 2358; x_wconf 87' lang='lat' dir='ltr'><strong>et</strong></span> <span class='ocrx_word' id='word_1_236' title='bbox 1078 2335 1144 2368; x_wconf 94' lang='lat' dir='ltr'><strong>po-</strong></span> 
     </span>
     <span class='ocr_line' id='line_1_34' title="bbox 278 2376 1143 2422; baseline -0.007 -8"><span class='ocrx_word' id='word_1_237' title='bbox 278 2382 355 2415; x_wconf 88' lang='lat' dir='ltr'><strong>stea</strong></span> <span class='ocrx_word' id='word_1_238' title='bbox 370 2380 445 2422; x_wconf 88' lang='lat' dir='ltr'><strong>ipsa</strong></span> <span class='ocrx_word' id='word_1_239' title='bbox 464 2378 695 2420; x_wconf 88' lang='lat' dir='ltr'><strong>impressione</strong></span> <span class='ocrx_word' id='word_1_240' title='bbox 711 2377 746 2409; x_wconf 94' lang='lat' dir='ltr'><strong>in</strong></span> <span class='ocrx_word' id='word_1_241' title='bbox 761 2385 842 2409; x_wconf 89' lang='lat' dir='ltr'><strong>eam</strong></span> <span class='ocrx_word' id='word_1_242' title='bbox 857 2376 958 2409; x_wconf 83' lang='lat' dir='ltr'><strong>facta.</strong></span> <span class='ocrx_word' id='word_1_243' title='bbox 979 2376 1143 2417; x_wconf 87' lang='lat' dir='ltr'><strong>(Augusto</strong></span> 
     </span>
     <span class='ocr_line' id='line_1_35' title="bbox 276 2425 1142 2470; baseline -0.006 -7"><span class='ocrx_word' id='word_1_244' title='bbox 276 2431 396 2463; x_wconf 88' lang='lat' dir='ltr'><strong>autem</strong></span> <span class='ocrx_word' id='word_1_245' title='bbox 425 2428 621 2470; x_wconf 89' lang='lat' dir='ltr'><strong>imperante</strong></span> <span class='ocrx_word' id='word_1_246' title='bbox 644 2425 752 2459; x_wconf 89' lang='lat' dir='ltr'><strong>multa</strong></span> <span class='ocrx_word' id='word_1_247' title='bbox 776 2426 852 2459; x_wconf 89' lang='lat' dir='ltr'><strong>eius</strong></span> <span class='ocrx_word' id='word_1_248' title='bbox 873 2426 1012 2468; x_wconf 86' lang='lat' dir='ltr'><strong>generis</strong></span> <span class='ocrx_word' id='word_1_249' title='bbox 1035 2434 1142 2467; x_wconf 86' lang='lat' dir='ltr'><strong>opera</strong></span> 
     </span>
     <span class='ocr_line' id='line_1_36' title="bbox 277 2474 1142 2516; baseline -0.007 -4"><span class='ocrx_word' id='word_1_250' title='bbox 277 2478 455 2512; x_wconf 86' lang='lat' dir='ltr'><strong>exstructa</strong></span> <span class='ocrx_word' id='word_1_251' title='bbox 482 2478 575 2510; x_wconf 88' lang='lat' dir='ltr'><strong>sunt.</strong></span> <span class='ocrx_word' id='word_1_252' title='bbox 611 2475 661 2509; x_wconf 84' lang='lat' dir='ltr'><strong>Cf.</strong></span> <span class='ocrx_word' id='word_1_253' title='bbox 686 2475 838 2508; x_wconf 87' lang='lat' dir='ltr'><strong>Frontin.</strong></span> <span class='ocrx_word' id='word_1_254' title='bbox 868 2475 912 2508; x_wconf 93' lang='lat' dir='ltr'><strong>de</strong></span> <span class='ocrx_word' id='word_1_255' title='bbox 940 2474 1096 2516; x_wconf 81' lang='lat' dir='ltr'><strong>Aquaed.</strong></span> <span class='ocrx_word' id='word_1_256' title='bbox 1122 2475 1142 2507; x_wconf 88' lang='lat'>9</span> 
     </span>
     <span class='ocr_line' id='line_1_37' title="bbox 277 2524 1139 2571; baseline -0.006 -10"><span class='ocrx_word' id='word_1_257' title='bbox 277 2537 369 2571; x_wconf 82' lang='lat' dir='ltr'><strong>aqua</strong></span> <span class='ocrx_word' id='word_1_258' title='bbox 383 2527 479 2567; x_wconf 85' lang='lat' dir='ltr'><strong>Iulia,</strong></span> <span class='ocrx_word' id='word_1_259' title='bbox 497 2526 608 2568; x_wconf 79' lang='lat' dir='ltr'><strong>Appia</strong></span> <span class='ocrx_word' id='word_1_260' title='bbox 622 2526 800 2564; x_wconf 59' lang='lat' dir='ltr'><strong>restitum</strong></span> <span class='ocrx_word' id='word_1_261' title='bbox 819 2533 850 2557; x_wconf 88' lang='lat' dir='ltr'><strong>c.</strong></span> <span class='ocrx_word' id='word_1_262' title='bbox 866 2525 906 2557; x_wconf 73' lang='lat'><strong>⁴0</strong></span> <span class='ocrx_word' id='word_1_263' title='bbox 922 2533 1014 2566; x_wconf 87' lang='lat' dir='ltr'><strong>aqua</strong></span> <span class='ocrx_word' id='word_1_264' title='bbox 1023 2524 1139 2566; x_wconf 83' lang='lat' dir='ltr'><strong>Virgo;</strong></span> 
     </span>
     <span class='ocr_line' id='line_1_38' title="bbox 276 2572 1143 2618; baseline -0.008 -6"><span class='ocrx_word' id='word_1_265' title='bbox 276 2587 308 2612; x_wconf 89' lang='lat' dir='ltr'><strong>c.</strong></span> <span class='ocrx_word' id='word_1_266' title='bbox 334 2579 369 2611; x_wconf 79' lang='grc' dir='ltr'>Η</span> <span class='ocrx_word' id='word_1_267' title='bbox 397 2576 576 2618; x_wconf 80' lang='lat' dir='ltr'><strong>Augusta.)</strong></span> <span class='ocrx_word' id='word_1_268' title='bbox 611 2575 666 2607; x_wconf 91' lang='lat' dir='ltr'><strong>Sic</strong></span> <span class='ocrx_word' id='word_1_269' title='bbox 695 2575 789 2607; x_wconf 86' lang='lat' dir='ltr'><strong>huno</strong></span> <span class='ocrx_word' id='word_1_270' title='bbox 818 2572 938 2607; x_wconf 87' lang='lat' dir='ltr'><strong>locum</strong></span> <span class='ocrx_word' id='word_1_271' title='bbox 967 2574 1143 2616; x_wconf 89' lang='lat' dir='ltr'><strong>interpre-</strong></span> 
     </span>
     <span class='ocr_line' id='line_1_39' title="bbox 275 2625 1143 2668; baseline -0.007 -6"><span class='ocrx_word' id='word_1_272' title='bbox 275 2628 423 2662; x_wconf 87' lang='lat' dir='ltr'><strong>tandum</strong></span> <span class='ocrx_word' id='word_1_273' title='bbox 457 2626 548 2659; x_wconf 88' lang='lat' dir='ltr'><strong>duco</strong></span> <span class='ocrx_word' id='word_1_274' title='bbox 584 2626 729 2668; x_wconf 88' lang='lat' dir='ltr'><strong>propter</strong></span> <span class='ocrx_word' id='word_1_275' title='bbox 765 2625 962 2657; x_wconf 90' lang='lat' dir='ltr'><strong>iuncturam</strong></span> <span class='ocrx_word' id='word_1_276' title='bbox 997 2625 1073 2657; x_wconf 86' lang='lat' dir='ltr'><strong>viae</strong></span> <span class='ocrx_word' id='word_1_277' title='bbox 1107 2625 1143 2656; x_wconf 90' lang='lat' dir='ltr'><strong>et</strong></span> 
     </span>
     <span class='ocr_line' id='line_1_40' title="bbox 275 2674 1140 2720; baseline -0.008 -8"><span class='ocrx_word' id='word_1_278' title='bbox 275 2679 514 2720; x_wconf 81' lang='lat' dir='ltr'><strong>aquaeductus,</strong></span> <span class='ocrx_word' id='word_1_279' title='bbox 531 2683 748 2717; x_wconf 86' lang='lat' dir='ltr'><strong>quamquam</strong></span> <span class='ocrx_word' id='word_1_280' title='bbox 759 2674 1019 2707; x_wconf 88' lang='lat' dir='ltr'><strong>Freinshemius</strong></span> <span class='ocrx_word' id='word_1_281' title='bbox 1035 2674 1140 2714; x_wconf 87' lang='lat' dir='ltr'><strong>atque</strong></span> 
     </span>
     <span class='ocr_line' id='line_1_41' title="bbox 275 2721 1143 2768; baseline -0.008 -7"><span class='ocrx_word' id='word_1_282' title='bbox 275 2727 422 2761; x_wconf 88' lang='lat' dir='ltr'><strong>Wolfius</strong></span> <span class='ocrx_word' id='word_1_283' title='bbox 440 2726 537 2768; x_wconf 89' lang='lat' dir='ltr'><strong>prius</strong></span> <span class='ocrx_word' id='word_1_284' title='bbox 553 2724 733 2757; x_wconf 87' lang='lat' dir='ltr'><strong>dumtaxat</strong></span> <span class='ocrx_word' id='word_1_285' title='bbox 748 2723 950 2757; x_wconf 90' lang='lat' dir='ltr'><strong>membrum</strong></span> <span class='ocrx_word' id='word_1_286' title='bbox 967 2721 1143 2765; x_wconf 82' lang='lat' dir='ltr'><strong>explicant</strong></span> 
     </span>
     <span class='ocr_line' id='line_1_42' title="bbox 276 2774 1141 2817; baseline -0.008 -5"><span class='ocrx_word' id='word_1_287' title='bbox 276 2787 321 2811; x_wconf 82' lang='lat' dir='ltr'><strong>ex</strong></span> <span class='ocrx_word' id='word_1_288' title='bbox 349 2777 446 2811; x_wconf 91' lang='lat' dir='ltr'><strong>Plinii</strong></span> <span class='ocrx_word' id='word_1_289' title='bbox 475 2777 602 2817; x_wconf 87' lang='lat' dir='ltr'><strong>Paneg.</strong></span> <span class='ocrx_word' id='word_1_290' title='bbox 627 2775 684 2807; x_wconf 75' lang='lat'><strong>5⁴:</strong></span> <span class='ocrx_word' id='word_1_291' title='bbox 716 2783 801 2815; x_wconf 87' lang='lat' dir='ltr'><strong>non,</strong></span> <span class='ocrx_word' id='word_1_292' title='bbox 832 2777 870 2806; x_wconf 85' lang='lat' dir='ltr'><strong>ut</strong></span> <span class='ocrx_word' id='word_1_293' title='bbox 894 2777 987 2814; x_wconf 86' lang='lat' dir='ltr'><strong>ante,</strong></span> <span class='ocrx_word' id='word_1_294' title='bbox 1018 2774 1141 2806; x_wconf 84' lang='lat' dir='ltr'><strong>imma—</strong></span> 
     </span>
     <span class='ocr_line' id='line_1_43' title="bbox 274 2823 1139 2864; baseline -0.007 -3"><span class='ocrx_word' id='word_1_295' title='bbox 274 2831 369 2862; x_wconf 85' lang='lat' dir='ltr'><strong>nium</strong></span> <span class='ocrx_word' id='word_1_296' title='bbox 389 2826 629 2859; x_wconf 78' lang='lat' dir='ltr'><strong>transvectione</strong></span> <span class='ocrx_word' id='word_1_297' title='bbox 647 2833 811 2857; x_wconf 59' lang='lat' dir='ltr'><strong>saniorum</strong></span> <span class='ocrx_word' id='word_1_298' title='bbox 831 2823 924 2856; x_wconf 86' lang='lat' dir='ltr'><strong>urbis</strong></span> <span class='ocrx_word' id='word_1_299' title='bbox 945 2826 1031 2856; x_wconf 88' lang='lat' dir='ltr'><strong>tecta</strong></span> <span class='ocrx_word' id='word_1_300' title='bbox 1053 2832 1139 2864; x_wconf 85' lang='lat' dir='ltr'><strong>qua-</strong></span> 
     </span>
     <span class='ocr_line' id='line_1_44' title="bbox 275 2875 1139 2917; baseline -0.006 -5"><span class='ocrx_word' id='word_1_301' title='bbox 275 2881 423 2917; x_wconf 87' lang='lat' dir='ltr'><strong>tiuntur,·</strong></span> <span class='ocrx_word' id='word_1_302' title='bbox 447 2879 536 2910; x_wconf 87' lang='lat' dir='ltr'><strong>stant</strong></span> <span class='ocrx_word' id='word_1_303' title='bbox 549 2884 684 2908; x_wconf 88' lang='lat' dir='ltr'><strong>securae</strong></span> <span class='ocrx_word' id='word_1_304' title='bbox 699 2876 830 2915; x_wconf 84' lang='lat' dir='ltr'><strong>domus,</strong></span> <span class='ocrx_word' id='word_1_305' title='bbox 855 2884 914 2907; x_wconf 89' lang='lat' dir='ltr'><strong>nec</strong></span> <span class='ocrx_word' id='word_1_306' title='bbox 931 2876 1002 2908; x_wconf 78' lang='lat' dir='ltr'><strong>iam</strong></span> <span class='ocrx_word' id='word_1_307' title='bbox 1019 2875 1139 2913; x_wconf 77' lang='lat' dir='ltr'><strong>templa</strong></span> 
     </span>
     <span class='ocr_line' id='line_1_45' title="bbox 273 2923 1133 2966; baseline -0.007 -4"><span class='ocrx_word' id='word_1_308' title='bbox 273 2928 442 2962; x_wconf 85' lang='lat' dir='ltr'><strong>nutantia.</strong></span> <span class='ocrx_word' id='word_1_309' title='bbox 470 2943 506 2950; x_wconf 86' lang='lat'><em>-</em></span> <span class='ocrx_word' id='word_1_310' title='bbox 531 2926 658 2958; x_wconf 79' lang='lat' dir='ltr'><strong>aerarii</strong></span> <span class='ocrx_word' id='word_1_311' title='bbox 674 2923 898 2966; x_wconf 83' lang='lat' dir='ltr'><strong>praetoribus]</strong></span> <span class='ocrx_word' id='word_1_312' title='bbox 927 2925 990 2957; x_wconf 92' lang='lat' dir='ltr'><strong>Dio</strong></span> <span class='ocrx_word' id='word_1_313' title='bbox 1013 2925 1070 2965; x_wconf 79' lang='lat'><strong>53,</strong></span> <span class='ocrx_word' id='word_1_314' title='bbox 1095 2925 1133 2957; x_wconf 81' lang='lat'><strong>2:</strong></span> 
     </span>
     <span class='ocr_line' id='line_1_46' title="bbox 276 2970 1136 3027; baseline -0.007 -13"><span class='ocrx_word' id='word_1_315' title='bbox 276 2977 370 3027; x_wconf 88' lang='grc' dir='ltr'><em>πρὸς</em></span> <span class='ocrx_word' id='word_1_316' title='bbox 391 2974 462 3021; x_wconf 83' lang='grc' dir='ltr'><strong>τὴν</strong></span> <span class='ocrx_word' id='word_1_317' title='bbox 483 2975 672 3019; x_wconf 75' lang='grc' dir='ltr'><em>διοίκησιν</em></span> <span class='ocrx_word' id='word_1_318' title='bbox 694 2973 764 3009; x_wconf 86' lang='grc' dir='ltr'><strong>δύο</strong></span> <span class='ocrx_word' id='word_1_319' title='bbox 791 2975 871 3008; x_wconf 85' lang='grc' dir='ltr'><em>κατ’</em></span> <span class='ocrx_word' id='word_1_320' title='bbox 891 2970 976 3016; x_wconf 52' lang='lat' dir='ltr'><strong>&amp;rog</strong></span> <span class='ocrx_word' id='word_1_321' title='bbox 997 2973 1041 3008; x_wconf 83' lang='grc' dir='ltr'><strong>ἐκ</strong></span> <span class='ocrx_word' id='word_1_322' title='bbox 1061 2973 1136 3008; x_wconf 83' lang='grc' dir='ltr'><strong>τῶν</strong></span> 
     </span>
     <span class='ocr_line' id='line_1_47' title="bbox 274 3020 1137 3076; baseline -0.005 -13"><span class='ocrx_word' id='word_1_323' title='bbox 274 3024 612 3076; x_wconf 78' lang='grc' dir='ltr'><em>ἐστρατηγηκότων</em></span> <span class='ocrx_word' id='word_1_324' title='bbox 634 3025 827 3072; x_wconf 78' lang='grc' dir='ltr'><em>αἱρεῖσθαι</em></span> <span class='ocrx_word' id='word_1_325' title='bbox 848 3024 1044 3059; x_wconf 80' lang='grc' dir='ltr'><em>ἐκέλευσεν</em></span> <span class='ocrx_word' id='word_1_326' title='bbox 1065 3020 1137 3059; x_wconf 71' lang='grc' dir='ltr'><strong>Αῧ-</strong></span> 
     </span>
     <span class='ocr_line' id='line_1_48' title="bbox 274 3075 1138 3123; baseline -0.006 -10"><span class='ocrx_word' id='word_1_327' title='bbox 274 3088 449 3123; x_wconf 78' lang='grc' dir='ltr'><em>γουστος.</em></span> <span class='ocrx_word' id='word_1_328' title='bbox 493 3077 635 3110; x_wconf 89' lang='lat' dir='ltr'><strong>Sueton.</strong></span> <span class='ocrx_word' id='word_1_329' title='bbox 667 3075 786 3108; x_wconf 89' lang='lat' dir='ltr'><strong>Octav.</strong></span> <span class='ocrx_word' id='word_1_330' title='bbox 822 3075 882 3108; x_wconf 85' lang='lat'><strong>36:</strong></span> <span class='ocrx_word' id='word_1_331' title='bbox 916 3075 1041 3108; x_wconf 82' lang='lat' dir='ltr'><strong>Auctor</strong></span> <span class='ocrx_word' id='word_1_332' title='bbox 1072 3075 1138 3116; x_wconf 84' lang='lat' dir='ltr'><strong>fuit</strong></span> 
     </span>
     <span class='ocr_line' id='line_1_49' title="bbox 276 3126 1136 3172; baseline -0.005 -9"><span class='ocrx_word' id='word_1_333' title='bbox 276 3128 490 3172; x_wconf 81' lang='lat' dir='ltr'><strong>(Augustus).</strong></span> <span class='ocrx_word' id='word_1_334' title='bbox 523 3130 562 3159; x_wconf 84' lang='lat' dir='ltr'><strong>ut</strong></span> <span class='ocrx_word' id='word_1_335' title='bbox 589 3135 673 3159; x_wconf 87' lang='lat' dir='ltr'><strong>cura</strong></span> <span class='ocrx_word' id='word_1_336' title='bbox 702 3127 829 3158; x_wconf 85' lang='lat' dir='ltr'><strong>aerarii</strong></span> <span class='ocrx_word' id='word_1_337' title='bbox 858 3134 880 3158; x_wconf 89' lang='lat' dir='ltr'><strong>a</strong></span> <span class='ocrx_word' id='word_1_338' title='bbox 909 3126 1136 3166; x_wconf 74' lang='lat' dir='ltr'><strong>quaestoribus</strong></span> 
     </span>
     <span class='ocr_line' id='line_1_50' title="bbox 273 3176 1131 3218; baseline -0.005 -7"><span class='ocrx_word' id='word_1_339' title='bbox 273 3179 411 3212; x_wconf 79' lang='lat' dir='ltr'><strong>urbanis</strong></span> <span class='ocrx_word' id='word_1_340' title='bbox 439 3178 484 3211; x_wconf 80' lang='lat' dir='ltr'><strong>ad</strong></span> <span class='ocrx_word' id='word_1_341' title='bbox 507 3176 697 3218; x_wconf 85' lang='lat' dir='ltr'><strong>praetorios</strong></span> <span class='ocrx_word' id='word_1_342' title='bbox 722 3178 933 3216; x_wconf 82' lang='lat' dir='ltr'><strong>praetoresve</strong></span> <span class='ocrx_word' id='word_1_343' title='bbox 955 3177 1131 3216; x_wconf 78' lang='lat' dir='ltr'><strong>transiret,</strong></span> 
     </span>
     <span class='ocr_line' id='line_1_51' title="bbox 276 3224 1132 3271; baseline -0.004 -9"><span class='ocrx_word' id='word_1_344' title='bbox 276 3229 380 3271; x_wconf 88' lang='lat' dir='ltr'><strong>idque</strong></span> <span class='ocrx_word' id='word_1_345' title='bbox 403 3228 532 3262; x_wconf 89' lang='lat' dir='ltr'><strong>mansit</strong></span> <span class='ocrx_word' id='word_1_346' title='bbox 553 3225 620 3260; x_wconf 89' lang='lat' dir='ltr'><strong>sub</strong></span> <span class='ocrx_word' id='word_1_347' title='bbox 635 3224 773 3258; x_wconf 85' lang='lat' dir='ltr'><strong>Tiberio</strong></span> <span class='ocrx_word' id='word_1_348' title='bbox 797 3226 833 3258; x_wconf 86' lang='lat' dir='ltr'><strong>et</strong></span> <span class='ocrx_word' id='word_1_349' title='bbox 848 3226 942 3258; x_wconf 85' lang='lat' dir='ltr'><strong>Gaio.</strong></span> <span class='ocrx_word' id='word_1_350' title='bbox 968 3225 1132 3259; x_wconf 91' lang='lat' dir='ltr'><strong>Claudius</strong></span> 
     </span>
     <span class='ocr_line' id='line_1_52' title="bbox 275 3273 1131 3320; baseline -0.005 -9"><span class='ocrx_word' id='word_1_351' title='bbox 275 3287 336 3311; x_wconf 86' lang='lat' dir='ltr'><strong>eos</strong></span> <span class='ocrx_word' id='word_1_352' title='bbox 367 3277 563 3320; x_wconf 79' lang='lat' dir='ltr'><strong>abrogavit,</strong></span> <span class='ocrx_word' id='word_1_353' title='bbox 596 3273 843 3317; x_wconf 87' lang='lat' dir='ltr'><strong>quaestoribus</strong></span> <span class='ocrx_word' id='word_1_354' title='bbox 875 3274 943 3307; x_wconf 89' lang='lat' dir='ltr'><strong>hoc</strong></span> <span class='ocrx_word' id='word_1_355' title='bbox 972 3283 1131 3315; x_wconf 87' lang='lat' dir='ltr'><strong>munere,</strong></span> 
     </span>
     <span class='ocr_line' id='line_1_53' title="bbox 274 3323 1130 3369; baseline -0.004 -10"><span class='ocrx_word' id='word_1_356' title='bbox 274 3328 313 3359; x_wconf 92' lang='lat' dir='ltr'><strong>ut</strong></span> <span class='ocrx_word' id='word_1_357' title='bbox 344 3327 534 3369; x_wconf 83' lang='lat' dir='ltr'><strong>antiquitus</strong></span> <span class='ocrx_word' id='word_1_358' title='bbox 567 3325 794 3359; x_wconf 88' lang='lat' dir='ltr'><strong>constitutum</strong></span> <span class='ocrx_word' id='word_1_359' title='bbox 823 3325 918 3364; x_wconf 84' lang='lat' dir='ltr'><strong>erat,</strong></span> <span class='ocrx_word' id='word_1_360' title='bbox 953 3323 1130 3357; x_wconf 83' lang='lat' dir='ltr'><strong>mandato.</strong></span> 
     </span>
     <span class='ocr_line' id='line_1_54' title="bbox 275 3372 1132 3415; baseline -0.004 -6"><span class='ocrx_word' id='word_1_361' title='bbox 275 3376 361 3409; x_wconf 86' lang='lat' dir='ltr'><strong>Vide</strong></span> <span class='ocrx_word' id='word_1_362' title='bbox 384 3376 430 3408; x_wconf 89' lang='lat' dir='ltr'><strong>ad</strong></span> <span class='ocrx_word' id='word_1_363' title='bbox 443 3378 530 3409; x_wconf 80' lang='lat' dir='ltr'><strong>Anu.</strong></span> <span class='ocrx_word' id='word_1_364' title='bbox 549 3375 601 3415; x_wconf 77' lang='grc'><strong>43,</strong></span> <span class='ocrx_word' id='word_1_365' title='bbox 619 3374 672 3408; x_wconf 71' lang='lat'><strong>29.</strong></span> <span class='ocrx_word' id='word_1_366' title='bbox 699 3374 812 3415; x_wconf 81' lang='lat' dir='ltr'><strong>Atque</strong></span> <span class='ocrx_word' id='word_1_367' title='bbox 836 3372 903 3406; x_wconf 89' lang='lat' dir='ltr'><strong>sub</strong></span> <span class='ocrx_word' id='word_1_368' title='bbox 919 3373 1132 3415; x_wconf 87' lang='lat' dir='ltr'><strong>Vespasiano</strong></span> 
     </span>
     <span class='ocr_line' id='line_1_55' title="bbox 275 3423 1135 3468; baseline -0.005 -9"><span class='ocrx_word' id='word_1_369' title='bbox 275 3425 373 3468; x_wconf 82' lang='lat' dir='ltr'><strong>(Hist.</strong></span> <span class='ocrx_word' id='word_1_370' title='bbox 397 3424 435 3467; x_wconf 71' lang='lat'><strong>4,</strong></span> <span class='ocrx_word' id='word_1_371' title='bbox 459 3425 490 3466; x_wconf 85' lang='lat'><strong>9)</strong></span> <span class='ocrx_word' id='word_1_372' title='bbox 518 3432 642 3458; x_wconf 81' lang='lat' dir='ltr'><strong>rursus</strong></span> <span class='ocrx_word' id='word_1_373' title='bbox 665 3423 872 3466; x_wconf 83' lang='lat' dir='ltr'><strong>comparent</strong></span> <span class='ocrx_word' id='word_1_374' title='bbox 886 3426 1060 3464; x_wconf 77' lang='lat' dir='ltr'><strong>praetores</strong></span> <span class='ocrx_word' id='word_1_375' title='bbox 1081 3431 1135 3456; x_wconf 85' lang='lat' dir='ltr'><strong>ae-</strong></span> 
     </span>
    </p>
   </div>
   <div class='ocr_carea' id='block_1_11' title="bbox 1219 1434 2062 1478">
    <p class='ocr_par' dir='ltr' id='par_1_12' title="bbox 1219 1434 2062 1478">
     <span class='ocr_line' id='line_1_56' title="bbox 1219 1434 2062 1478; baseline 0.007 -12"><span class='ocrx_word' id='word_1_376' title='bbox 1219 1434 1272 1467; x_wconf 74' lang='lat'><strong>42.</strong></span> <span class='ocrx_word' id='word_1_377' title='bbox 1297 1434 1406 1476; x_wconf 70' lang='lat' dir='ltr'><strong>¹qallus</strong></span> <span class='ocrx_word' id='word_1_378' title='bbox 1429 1435 1510 1476; x_wconf 92' lang='lat' dir='ltr'><strong>(non</strong></span> <span class='ocrx_word' id='word_1_379' title='bbox 1531 1435 1640 1478; x_wconf 74' lang='lat' dir='ltr'><strong>qillus)</strong></span> <span class='ocrx_word' id='word_1_380' title='bbox 1663 1437 1697 1470; x_wconf 93' lang='lat' dir='ltr'>M</span> <span class='ocrx_word' id='word_1_381' title='bbox 1723 1454 1756 1461; x_wconf 96' lang='lat'><strong>—</strong></span> <span class='ocrx_word' id='word_1_382' title='bbox 1789 1436 1933 1477; x_wconf 74' lang='lat' dir='ltr'><strong>sybillini</strong></span> <span class='ocrx_word' id='word_1_383' title='bbox 1962 1437 1996 1471; x_wconf 81' lang='lat' dir='ltr'>M</span> <span class='ocrx_word' id='word_1_384' title='bbox 2026 1455 2062 1462; x_wconf 98' lang='lat'>—</span> 
     </span>
    </p>
   </div>
   <div class='ocr_carea' id='block_1_12' title="bbox 1184 1623 2066 2610">
    <p class='ocr_par' dir='ltr' id='par_1_13' title="bbox 1184 1623 2066 2610">
     <span class='ocr_line' id='line_1_57' title="bbox 1196 1623 2066 1667; baseline 0.005 -13"><span class='ocrx_word' id='word_1_385' title='bbox 1196 1623 1296 1655; x_wconf 83' lang='lat' dir='ltr'><strong>rarii.</strong></span> <span class='ocrx_word' id='word_1_386' title='bbox 1328 1623 1430 1655; x_wconf 88' lang='lat' dir='ltr'><strong>Varie</strong></span> <span class='ocrx_word' id='word_1_387' title='bbox 1454 1624 1574 1656; x_wconf 89' lang='lat' dir='ltr'><strong>autem</strong></span> <span class='ocrx_word' id='word_1_388' title='bbox 1590 1623 1833 1664; x_wconf 81' lang='lat' dir='ltr'><strong>nominantur3</strong></span> <span class='ocrx_word' id='word_1_389' title='bbox 1859 1623 2066 1667; x_wconf 85' lang='lat' dir='ltr'><strong>simpliciter</strong></span> 
     </span>
     <span class='ocr_line' id='line_1_58' title="bbox 1190 1674 2060 1714; baseline 0.005 -10"><span class='ocrx_word' id='word_1_390' title='bbox 1190 1676 1332 1712; x_wconf 81' lang='lat' dir='ltr'><strong>praetor</strong></span> <span class='ocrx_word' id='word_1_391' title='bbox 1365 1674 1493 1705; x_wconf 85' lang='lat' dir='ltr'><strong>aerarii</strong></span> <span class='ocrx_word' id='word_1_392' title='bbox 1527 1675 1581 1706; x_wconf 92' lang='lat' dir='ltr'><strong>est</strong></span> <span class='ocrx_word' id='word_1_393' title='bbox 1614 1674 1741 1707; x_wconf 91' lang='lat' dir='ltr'><strong>Inscrr.</strong></span> <span class='ocrx_word' id='word_1_394' title='bbox 1771 1675 1861 1707; x_wconf 87' lang='lat' dir='ltr'><strong>Latt.</strong></span> <span class='ocrx_word' id='word_1_395' title='bbox 1893 1684 1928 1707; x_wconf 89' lang='lat' dir='ltr'><strong>n.</strong></span> <span class='ocrx_word' id='word_1_396' title='bbox 1957 1674 2060 1714; x_wconf 72' lang='lat'><strong>6450,</strong></span> 
     </span>
     <span class='ocr_line' id='line_1_59' title="bbox 1192 1723 2064 1766; baseline 0.005 -13"><span class='ocrx_word' id='word_1_397' title='bbox 1192 1725 1332 1762; x_wconf 85' lang='lat' dir='ltr'><strong>praetor</strong></span> <span class='ocrx_word' id='word_1_398' title='bbox 1354 1723 1399 1754; x_wconf 82' lang='lat' dir='ltr'><strong>ad</strong></span> <span class='ocrx_word' id='word_1_399' title='bbox 1421 1724 1596 1755; x_wconf 82' lang='lat' dir='ltr'><strong>aerarium</strong></span> <span class='ocrx_word' id='word_1_400' title='bbox 1617 1731 1651 1755; x_wconf 92' lang='lat' dir='ltr'><strong>n.</strong></span> <span class='ocrx_word' id='word_1_401' title='bbox 1678 1723 1758 1764; x_wconf 79' lang='lat'><strong>723,</strong></span> <span class='ocrx_word' id='word_1_402' title='bbox 1783 1724 1819 1756; x_wconf 93' lang='lat' dir='ltr'><strong>in</strong></span> <span class='ocrx_word' id='word_1_403' title='bbox 1842 1725 1876 1758; x_wconf 92' lang='lat' dir='ltr'><strong>S.</strong></span> <span class='ocrx_word' id='word_1_404' title='bbox 1903 1724 1942 1757; x_wconf 85' lang='lat' dir='ltr'><strong>C.</strong></span> <span class='ocrx_word' id='word_1_405' title='bbox 1966 1724 2064 1766; x_wconf 87' lang='lat' dir='ltr'><strong>apud</strong></span> 
     </span>
     <span class='ocr_line' id='line_1_60' title="bbox 1197 1772 2060 1815; baseline 0.003 -12"><span class='ocrx_word' id='word_1_406' title='bbox 1197 1772 1400 1804; x_wconf 90' lang='lat' dir='ltr'><strong>Frontinum</strong></span> <span class='ocrx_word' id='word_1_407' title='bbox 1423 1772 1467 1805; x_wconf 94' lang='lat' dir='ltr'><strong>de</strong></span> <span class='ocrx_word' id='word_1_408' title='bbox 1490 1773 1648 1814; x_wconf 91' lang='lat' dir='ltr'><strong>Aquaed.</strong></span> <span class='ocrx_word' id='word_1_409' title='bbox 1675 1782 1706 1806; x_wconf 89' lang='lat' dir='ltr'><strong>c.</strong></span> <span class='ocrx_word' id='word_1_410' title='bbox 1732 1773 1815 1806; x_wconf 77' lang='lat'>400:</span> <span class='ocrx_word' id='word_1_411' title='bbox 1834 1773 2060 1815; x_wconf 79' lang='lat' dir='ltr'><strong>praetoribus,</strong></span> 
     </span>
     <span class='ocr_line' id='line_1_61' title="bbox 1196 1823 2063 1866; baseline 0.003 -12"><span class='ocrx_word' id='word_1_412' title='bbox 1196 1824 1253 1863; x_wconf 85' lang='lat' dir='ltr'><strong>qui</strong></span> <span class='ocrx_word' id='word_1_413' title='bbox 1276 1824 1411 1855; x_wconf 84' lang='lat' dir='ltr'><strong>aerario</strong></span> <span class='ocrx_word' id='word_1_414' title='bbox 1429 1824 1591 1863; x_wconf 76' lang='lat' dir='ltr'><strong>praesint.</strong></span> <span class='ocrx_word' id='word_1_415' title='bbox 1619 1840 1655 1846; x_wconf 94' lang='lat'>—</span> <span class='ocrx_word' id='word_1_416' title='bbox 1687 1825 1819 1856; x_wconf 83' lang='lat' dir='ltr'><strong>veniam</strong></span> <span class='ocrx_word' id='word_1_417' title='bbox 1841 1823 1979 1866; x_wconf 82' lang='lat' dir='ltr'><strong>ordinis]</strong></span> <span class='ocrx_word' id='word_1_418' title='bbox 2004 1833 2063 1857; x_wconf 86' lang='lat' dir='ltr'><strong>ex-</strong></span> 
     </span>
     <span class='ocr_line' id='line_1_62' title="bbox 1196 1873 2058 1915; baseline 0.003 -11"><span class='ocrx_word' id='word_1_419' title='bbox 1196 1873 1433 1913; x_wconf 88' lang='lat' dir='ltr'><strong>cusationem,</strong></span> <span class='ocrx_word' id='word_1_420' title='bbox 1467 1873 1667 1915; x_wconf 89' lang='lat' dir='ltr'><strong>deponendi</strong></span> <span class='ocrx_word' id='word_1_421' title='bbox 1690 1873 1820 1907; x_wconf 85' lang='lat' dir='ltr'><strong>ordinis</strong></span> <span class='ocrx_word' id='word_1_422' title='bbox 1844 1873 2058 1915; x_wconf 83' lang='lat' dir='ltr'><strong>facultatem,</strong></span> 
     </span>
     <span class='ocr_line' id='line_1_63' title="bbox 1196 1924 2058 1958; baseline 0.002 -3"><span class='ocrx_word' id='word_1_423' title='bbox 1196 1931 1277 1955; x_wconf 91' lang='lat' dir='ltr'><strong>cum</strong></span> <span class='ocrx_word' id='word_1_424' title='bbox 1326 1931 1472 1956; x_wconf 90' lang='lat' dir='ltr'><strong>censum</strong></span> <span class='ocrx_word' id='word_1_425' title='bbox 1521 1924 1736 1957; x_wconf 84' lang='lat' dir='ltr'><strong>senatorium</strong></span> <span class='ocrx_word' id='word_1_426' title='bbox 1781 1933 1852 1957; x_wconf 91' lang='lat' dir='ltr'><strong>non</strong></span> <span class='ocrx_word' id='word_1_427' title='bbox 1896 1924 2058 1958; x_wconf 85' lang='lat' dir='ltr'><strong>haberet.</strong></span> 
     </span>
     <span class='ocr_line' id='line_1_64' title="bbox 1195 1973 2061 2015; baseline 0.003 -11"><span class='ocrx_word' id='word_1_428' title='bbox 1195 1973 1320 2005; x_wconf 72' lang='lat' dir='ltr'><strong>Dunsn.</strong></span> <span class='ocrx_word' id='word_1_429' title='bbox 1355 1991 1390 1996; x_wconf 95' lang='lat'><strong>—</strong></span> <span class='ocrx_word' id='word_1_430' title='bbox 1427 1974 1530 2005; x_wconf 87' lang='lat' dir='ltr'><strong>decies</strong></span> <span class='ocrx_word' id='word_1_431' title='bbox 1562 1973 1755 2015; x_wconf 85' lang='lat' dir='ltr'><strong>sestertium]</strong></span> <span class='ocrx_word' id='word_1_432' title='bbox 1790 1975 1822 2007; x_wconf 85' lang='lat' dir='ltr'><strong>Is</strong></span> <span class='ocrx_word' id='word_1_433' title='bbox 1857 1975 1952 2007; x_wconf 92' lang='lat' dir='ltr'><strong>enim</strong></span> <span class='ocrx_word' id='word_1_434' title='bbox 1985 1975 2061 2007; x_wconf 87' lang='lat' dir='ltr'><strong>erat</strong></span> 
     </span>
     <span class='ocr_line' id='line_1_65' title="bbox 1196 2024 2058 2066; baseline 0.003 -11"><span class='ocrx_word' id='word_1_435' title='bbox 1196 2024 1400 2056; x_wconf 89' lang='lat' dir='ltr'><strong>senatorum</strong></span> <span class='ocrx_word' id='word_1_436' title='bbox 1424 2033 1552 2057; x_wconf 89' lang='lat' dir='ltr'><strong>census</strong></span> <span class='ocrx_word' id='word_1_437' title='bbox 1575 2033 1618 2057; x_wconf 85' lang='lat' dir='ltr'><strong>ex</strong></span> <span class='ocrx_word' id='word_1_438' title='bbox 1632 2025 1778 2066; x_wconf 85' lang='lat' dir='ltr'><strong>Augusti</strong></span> <span class='ocrx_word' id='word_1_439' title='bbox 1792 2026 1979 2058; x_wconf 83' lang='lat' dir='ltr'><strong>taxatione.</strong></span> <span class='ocrx_word' id='word_1_440' title='bbox 2006 2024 2058 2058; x_wconf 82' lang='lat' dir='ltr'><strong>Cf.</strong></span> 
     </span>
     <span class='ocr_line' id='line_1_66' title="bbox 1195 2074 2060 2116; baseline 0.003 -10"><span class='ocrx_word' id='word_1_441' title='bbox 1195 2075 1258 2107; x_wconf 93' lang='lat' dir='ltr'><strong>Dio</strong></span> <span class='ocrx_word' id='word_1_442' title='bbox 1282 2074 1336 2114; x_wconf 72' lang='lat'><strong>54,</strong></span> <span class='ocrx_word' id='word_1_443' title='bbox 1363 2075 1403 2106; x_wconf 71' lang='lat'><strong>47</strong></span> <span class='ocrx_word' id='word_1_444' title='bbox 1420 2076 1455 2107; x_wconf 89' lang='lat' dir='ltr'><strong>et</strong></span> <span class='ocrx_word' id='word_1_445' title='bbox 1469 2075 1523 2107; x_wconf 71' lang='lat'><strong>26.</strong></span> <span class='ocrx_word' id='word_1_446' title='bbox 1549 2092 1584 2097; x_wconf 91' lang='lat'>-</span> <span class='ocrx_word' id='word_1_447' title='bbox 1606 2075 1750 2116; x_wconf 83' lang='lat' dir='ltr'><strong>probare</strong></span> <span class='ocrx_word' id='word_1_448' title='bbox 1772 2085 1910 2109; x_wconf 87' lang='lat' dir='ltr'><strong>causam</strong></span> <span class='ocrx_word' id='word_1_449' title='bbox 1930 2077 2060 2109; x_wconf 81' lang='lat' dir='ltr'><strong>senatui</strong></span> 
     </span>
     <span class='ocr_line' id='line_1_67' title="bbox 1194 2124 2059 2167; baseline 0.003 -10"><span class='ocrx_word' id='word_1_450' title='bbox 1194 2124 1300 2166; x_wconf 86' lang='lat' dir='ltr'><strong>iussit]</strong></span> <span class='ocrx_word' id='word_1_451' title='bbox 1325 2125 1467 2158; x_wconf 92' lang='lat' dir='ltr'><strong>Sueton.</strong></span> <span class='ocrx_word' id='word_1_452' title='bbox 1493 2124 1568 2158; x_wconf 91' lang='lat' dir='ltr'><strong>Tib.</strong></span> <span class='ocrx_word' id='word_1_453' title='bbox 1585 2124 1647 2158; x_wconf 82' lang='lat'><strong>47:</strong></span> <span class='ocrx_word' id='word_1_454' title='bbox 1666 2135 1855 2167; x_wconf 81' lang='lat' dir='ltr'><strong>paucorum</strong></span> <span class='ocrx_word' id='word_1_455' title='bbox 1867 2131 2059 2160; x_wconf 83' lang='lat' dir='ltr'><strong>senatorum</strong></span> 
     </span>
     <span class='ocr_line' id='line_1_68' title="bbox 1193 2177 2056 2220; baseline 0.003 -12"><span class='ocrx_word' id='word_1_456' title='bbox 1193 2177 1308 2217; x_wconf 80' lang='lat' dir='ltr'><strong>inopia</strong></span> <span class='ocrx_word' id='word_1_457' title='bbox 1336 2179 1537 2216; x_wconf 86' lang='lat' dir='ltr'><strong>sustentata,</strong></span> <span class='ocrx_word' id='word_1_458' title='bbox 1572 2185 1612 2208; x_wconf 90' lang='lat' dir='ltr'><strong>ne</strong></span> <span class='ocrx_word' id='word_1_459' title='bbox 1634 2177 1791 2217; x_wconf 78' lang='lat' dir='ltr'><strong>pluribus</strong></span> <span class='ocrx_word' id='word_1_460' title='bbox 1819 2187 1912 2219; x_wconf 81' lang='lat' dir='ltr'><strong>opem</strong></span> <span class='ocrx_word' id='word_1_461' title='bbox 1941 2179 2056 2220; x_wconf 80' lang='lat' dir='ltr'><strong>ferret,</strong></span> 
     </span>
     <span class='ocr_line' id='line_1_69' title="bbox 1193 2225 2058 2268; baseline 0.003 -10"><span class='ocrx_word' id='word_1_462' title='bbox 1193 2227 1329 2268; x_wconf 75' lang='lat' dir='ltr'><strong>neqavit</strong></span> <span class='ocrx_word' id='word_1_463' title='bbox 1361 2234 1395 2258; x_wconf 90' lang='lat' dir='ltr'><strong>se</strong></span> <span class='ocrx_word' id='word_1_464' title='bbox 1428 2226 1506 2258; x_wconf 81' lang='lat' dir='ltr'><strong>aliis</strong></span> <span class='ocrx_word' id='word_1_465' title='bbox 1536 2225 1790 2268; x_wconf 80' lang='lat' dir='ltr'><strong>subventurum,</strong></span> <span class='ocrx_word' id='word_1_466' title='bbox 1830 2229 1895 2261; x_wconf 89' lang='lat' dir='ltr'><strong>nisi</strong></span> <span class='ocrx_word' id='word_1_467' title='bbox 1927 2228 2058 2261; x_wconf 78' lang='lat' dir='ltr'><strong>senatui</strong></span> 
     </span>
     <span class='ocr_line' id='line_1_70' title="bbox 1192 2276 2057 2317; baseline 0.001 -8"><span class='ocrx_word' id='word_1_468' title='bbox 1192 2278 1299 2309; x_wconf 82' lang='lat' dir='ltr'><strong>iustas</strong></span> <span class='ocrx_word' id='word_1_469' title='bbox 1319 2277 1550 2309; x_wconf 82' lang='lat' dir='ltr'><strong>necessitatum</strong></span> <span class='ocrx_word' id='word_1_470' title='bbox 1565 2285 1684 2308; x_wconf 80' lang='lat' dir='ltr'><strong>causas</strong></span> <span class='ocrx_word' id='word_1_471' title='bbox 1696 2276 1902 2317; x_wconf 85' lang='lat' dir='ltr'><strong>probassent.</strong></span> <span class='ocrx_word' id='word_1_472' title='bbox 1928 2276 1979 2310; x_wconf 81' lang='lat' dir='ltr'><strong>Cf.</strong></span> <span class='ocrx_word' id='word_1_473' title='bbox 1997 2278 2057 2310; x_wconf 90' lang='lat' dir='ltr'><strong>Se-</strong></span> 
     </span>
     <span class='ocr_line' id='line_1_71' title="bbox 1194 2325 2057 2368; baseline 0.003 -11"><span class='ocrx_word' id='word_1_474' title='bbox 1194 2334 1282 2358; x_wconf 89' lang='lat' dir='ltr'><strong>neca</strong></span> <span class='ocrx_word' id='word_1_475' title='bbox 1303 2325 1347 2357; x_wconf 92' lang='lat' dir='ltr'><strong>de</strong></span> <span class='ocrx_word' id='word_1_476' title='bbox 1364 2325 1484 2357; x_wconf 85' lang='lat' dir='ltr'><strong>Benef.</strong></span> <span class='ocrx_word' id='word_1_477' title='bbox 1502 2325 1540 2365; x_wconf 78' lang='lat'><strong>2,</strong></span> <span class='ocrx_word' id='word_1_478' title='bbox 1558 2325 1589 2357; x_wconf 93' lang='lat'><strong>7.</strong></span> <span class='ocrx_word' id='word_1_479' title='bbox 1612 2343 1646 2349; x_wconf 88' lang='lat'><strong>—</strong></span> <span class='ocrx_word' id='word_1_480' title='bbox 1671 2326 1759 2359; x_wconf 80' lang='lat' dir='ltr'><strong>unde</strong></span> <span class='ocrx_word' id='word_1_481' title='bbox 1780 2328 1878 2360; x_wconf 87' lang='lat' dir='ltr'><strong>ceteri</strong></span> <span class='ocrx_word' id='word_1_482' title='bbox 1893 2344 1911 2351; x_wconf 91' lang='lat'><em>-</em></span> <span class='ocrx_word' id='word_1_483' title='bbox 1923 2343 1941 2350; x_wconf 94' lang='lat'><em>-</em></span> <span class='ocrx_word' id='word_1_484' title='bbox 1950 2335 2057 2368; x_wconf 80' lang='lat' dir='ltr'><strong>prae—</strong></span> 
     </span>
     <span class='ocr_line' id='line_1_72' title="bbox 1187 2375 2056 2419; baseline 0.002 -11"><span class='ocrx_word' id='word_1_485' title='bbox 1187 2375 1338 2417; x_wconf 83' lang='lat' dir='ltr'><strong>posuere]</strong></span> <span class='ocrx_word' id='word_1_486' title='bbox 1369 2376 1511 2408; x_wconf 86' lang='lat' dir='ltr'><strong>Sueton.</strong></span> <span class='ocrx_word' id='word_1_487' title='bbox 1542 2375 1565 2408; x_wconf 95' lang='lat' dir='ltr'><strong>l.</strong></span> <span class='ocrx_word' id='word_1_488' title='bbox 1591 2375 1636 2408; x_wconf 88' lang='lat' dir='ltr'><strong>l.:</strong></span> <span class='ocrx_word' id='word_1_489' title='bbox 1668 2386 1733 2417; x_wconf 90' lang='lat' dir='ltr'><strong>quo</strong></span> <span class='ocrx_word' id='word_1_490' title='bbox 1756 2381 1859 2418; x_wconf 78' lang='lat' dir='ltr'><strong>pacto</strong></span> <span class='ocrx_word' id='word_1_491' title='bbox 1879 2378 2056 2419; x_wconf 82' lang='lat' dir='ltr'><strong>plerosque</strong></span> 
     </span>
     <span class='ocr_line' id='line_1_73' title="bbox 1190 2426 2055 2468; baseline 0.003 -10"><span class='ocrx_word' id='word_1_492' title='bbox 1190 2427 1351 2459; x_wconf 84' lang='lat' dir='ltr'><strong>modestia</strong></span> <span class='ocrx_word' id='word_1_493' title='bbox 1371 2429 1403 2458; x_wconf 89' lang='lat' dir='ltr'><strong>et</strong></span> <span class='ocrx_word' id='word_1_494' title='bbox 1419 2427 1548 2466; x_wconf 80' lang='lat' dir='ltr'><strong>pudore</strong></span> <span class='ocrx_word' id='word_1_495' title='bbox 1570 2426 1748 2468; x_wconf 82' lang='lat' dir='ltr'><strong>deterruit,</strong></span> <span class='ocrx_word' id='word_1_496' title='bbox 1771 2428 1808 2460; x_wconf 87' lang='lat' dir='ltr'><strong>in</strong></span> <span class='ocrx_word' id='word_1_497' title='bbox 1830 2427 1949 2468; x_wconf 83' lang='lat' dir='ltr'><strong>quibus</strong></span> <span class='ocrx_word' id='word_1_498' title='bbox 1965 2428 2055 2460; x_wconf 87' lang='lat' dir='ltr'><strong>Hor—-</strong></span> 
     </span>
     <span class='ocr_line' id='line_1_74' title="bbox 1191 2476 2054 2519; baseline 0.001 -10"><span class='ocrx_word' id='word_1_499' title='bbox 1191 2477 1315 2517; x_wconf 79' lang='lat' dir='ltr'><strong>talwn,</strong></span> <span class='ocrx_word' id='word_1_500' title='bbox 1353 2476 1391 2517; x_wconf 87' lang='lat' dir='ltr'><strong>Q.</strong></span> <span class='ocrx_word' id='word_1_501' title='bbox 1421 2477 1587 2509; x_wconf 86' lang='lat' dir='ltr'><strong>Hortensii</strong></span> <span class='ocrx_word' id='word_1_502' title='bbox 1617 2479 1766 2511; x_wconf 85' lang='lat' dir='ltr'><strong>oratoris</strong></span> <span class='ocrx_word' id='word_1_503' title='bbox 1795 2481 1962 2519; x_wconf 80' lang='lat' dir='ltr'><strong>nepotem,</strong></span> <span class='ocrx_word' id='word_1_504' title='bbox 1995 2478 2054 2519; x_wconf 84' lang='lat' dir='ltr'><strong>qui</strong></span> 
     </span>
     <span class='ocr_line' id='line_1_75' title="bbox 1184 2527 2054 2571; baseline 0.001 -12"><span class='ocrx_word' id='word_1_505' title='bbox 1184 2527 1379 2567; x_wconf 78' lang='lat' dir='ltr'><strong>permodica</strong></span> <span class='ocrx_word' id='word_1_506' title='bbox 1398 2535 1435 2559; x_wconf 85' lang='lat' dir='ltr'><strong>re</strong></span> <span class='ocrx_word' id='word_1_507' title='bbox 1457 2527 1622 2568; x_wconf 75' lang='lat' dir='ltr'><strong>fmnitiari</strong></span> <span class='ocrx_word' id='word_1_508' title='bbox 1643 2530 1779 2561; x_wconf 86' lang='lat' dir='ltr'><strong>auctore</strong></span> <span class='ocrx_word' id='word_1_509' title='bbox 1792 2529 1939 2571; x_wconf 73' lang='lat' dir='ltr'><strong>Auqusto</strong></span> <span class='ocrx_word' id='word_1_510' title='bbox 1953 2529 2054 2570; x_wconf 81' lang='lat' dir='ltr'><strong>quat-</strong></span> 
     </span>
     <span class='ocr_line' id='line_1_76' title="bbox 1190 2575 1561 2610; baseline 0.005 -2"><span class='ocrx_word' id='word_1_511' title='bbox 1190 2578 1267 2608; x_wconf 90' lang='lat' dir='ltr'><strong>tuor</strong></span> <span class='ocrx_word' id='word_1_512' title='bbox 1287 2575 1406 2609; x_wconf 84' lang='lat' dir='ltr'><strong>liberos</strong></span> <span class='ocrx_word' id='word_1_513' title='bbox 1425 2575 1561 2610; x_wconf 84' lang='lat' dir='ltr'><strong>tulerat.</strong></span> 
     </span>
    </p>
   </div>
   <div class='ocr_carea' id='block_1_13' title="bbox 1181 2674 2051 3470">
    <p class='ocr_par' dir='ltr' id='par_1_14' title="bbox 1181 2674 2051 3470">
     <span class='ocr_line' id='line_1_77' title="bbox 1233 2674 2050 2718; baseline 0.002 -10"><span class='ocrx_word' id='word_1_514' title='bbox 1233 2676 1287 2708; x_wconf 88' lang='lat'><strong>76.</strong></span> <span class='ocrx_word' id='word_1_515' title='bbox 1314 2675 1494 2709; x_wconf 85' lang='lat' dir='ltr'><strong>Tiberis--</strong></span> <span class='ocrx_word' id='word_1_516' title='bbox 1506 2676 1733 2718; x_wconf 64' lang='lat' dir='ltr'><strong>stagnaverat]</strong></span> <span class='ocrx_word' id='word_1_517' title='bbox 1749 2677 1813 2710; x_wconf 92' lang='lat' dir='ltr'><strong>Dio</strong></span> <span class='ocrx_word' id='word_1_518' title='bbox 1828 2677 1883 2718; x_wconf 75' lang='lat'><strong>57,</strong></span> <span class='ocrx_word' id='word_1_519' title='bbox 1898 2675 1959 2710; x_wconf 75' lang='lat'><strong>⁴4:</strong></span> <span class='ocrx_word' id='word_1_520' title='bbox 1982 2674 2050 2710; x_wconf 84' lang='grc' dir='ltr'><em>τοῦ</em></span> 
     </span>
     <span class='ocr_line' id='line_1_78' title="bbox 1190 2723 2051 2772; baseline 0.001 -15"><span class='ocrx_word' id='word_1_521' title='bbox 1190 2723 1365 2767; x_wconf 84' lang='grc' dir='ltr'><em>ποταμοῦ</em></span> <span class='ocrx_word' id='word_1_522' title='bbox 1398 2723 1467 2758; x_wconf 84' lang='grc' dir='ltr'><em>τοῦ</em></span> <span class='ocrx_word' id='word_1_523' title='bbox 1502 2724 1696 2772; x_wconf 80' lang='grc' dir='ltr'><em>Τιβέριδος</em></span> <span class='ocrx_word' id='word_1_524' title='bbox 1731 2723 1852 2758; x_wconf 78' lang='grc' dir='ltr'><em>πολλὰ</em></span> <span class='ocrx_word' id='word_1_525' title='bbox 1880 2724 1951 2769; x_wconf 88' lang='grc' dir='ltr'><em>τῆς</em></span> <span class='ocrx_word' id='word_1_526' title='bbox 1979 2723 2051 2759; x_wconf 86' lang='grc' dir='ltr'><strong>πό-</strong></span> 
     </span>
     <span class='ocr_line' id='line_1_79' title="bbox 1189 2771 2047 2818; baseline 0.002 -12"><span class='ocrx_word' id='word_1_527' title='bbox 1189 2773 1281 2815; x_wconf 84' lang='grc' dir='ltr'><em>λεως</em></span> <span class='ocrx_word' id='word_1_528' title='bbox 1308 2771 1572 2816; x_wconf 82' lang='grc' dir='ltr'><em>κατασχόντος</em></span> <span class='ocrx_word' id='word_1_529' title='bbox 1602 2771 1701 2808; x_wconf 79' lang='grc' dir='ltr'><em>ὥστε</em></span> <span class='ocrx_word' id='word_1_530' title='bbox 1732 2773 1979 2818; x_wconf 77' lang='grc' dir='ltr'><em>πλευσθῆναι.</em></span> <span class='ocrx_word' id='word_1_531' title='bbox 2009 2793 2047 2800; x_wconf 93' lang='grc'><strong>-</strong></span> 
     </span>
     <span class='ocr_line' id='line_1_80' title="bbox 1186 2824 2050 2866; baseline 0.001 -9"><span class='ocrx_word' id='word_1_532' title='bbox 1186 2825 1319 2858; x_wconf 78' lang='lat' dir='ltr'><strong>Asinius</strong></span> <span class='ocrx_word' id='word_1_533' title='bbox 1341 2824 1467 2866; x_wconf 85' lang='lat' dir='ltr'><strong>Gallus]</strong></span> <span class='ocrx_word' id='word_1_534' title='bbox 1496 2825 1546 2858; x_wconf 86' lang='lat' dir='ltr'><strong>Cf.</strong></span> <span class='ocrx_word' id='word_1_535' title='bbox 1573 2834 1604 2858; x_wconf 85' lang='lat' dir='ltr'><strong>c.</strong></span> <span class='ocrx_word' id='word_1_536' title='bbox 1629 2826 1683 2859; x_wconf 74' lang='lat'><strong>⁴3.</strong></span> <span class='ocrx_word' id='word_1_537' title='bbox 1711 2843 1747 2851; x_wconf 90' lang='lat'><strong>-—</strong></span> <span class='ocrx_word' id='word_1_538' title='bbox 1771 2826 2050 2859; x_wconf 81' lang='lat' dir='ltr'><strong>renuit--obte-</strong></span> 
     </span>
     <span class='ocr_line' id='line_1_81' title="bbox 1185 2875 2048 2918; baseline 0.002 -9"><span class='ocrx_word' id='word_1_539' title='bbox 1185 2875 1274 2918; x_wconf 74' lang='lat' dir='ltr'><strong>qens]</strong></span> <span class='ocrx_word' id='word_1_540' title='bbox 1309 2875 1442 2908; x_wconf 85' lang='lat' dir='ltr'><strong>veritus</strong></span> <span class='ocrx_word' id='word_1_541' title='bbox 1470 2875 1635 2916; x_wconf 78' lang='lat' dir='ltr'><strong>fortasse,</strong></span> <span class='ocrx_word' id='word_1_542' title='bbox 1667 2885 1712 2909; x_wconf 90' lang='lat' dir='ltr'><strong>ne</strong></span> <span class='ocrx_word' id='word_1_543' title='bbox 1741 2875 1895 2918; x_wconf 86' lang='lat' dir='ltr'><strong>ambigui</strong></span> <span class='ocrx_word' id='word_1_544' title='bbox 1923 2885 2048 2911; x_wconf 87' lang='lat' dir='ltr'><strong>versus</strong></span> 
     </span>
     <span class='ocr_line' id='line_1_82' title="bbox 1187 2925 2047 2968; baseline 0 -8"><span class='ocrx_word' id='word_1_545' title='bbox 1187 2936 1231 2960; x_wconf 80' lang='lat' dir='ltr'><strong>ex</strong></span> <span class='ocrx_word' id='word_1_546' title='bbox 1258 2926 1300 2960; x_wconf 91' lang='lat' dir='ltr'><strong>iis</strong></span> <span class='ocrx_word' id='word_1_547' title='bbox 1327 2925 1583 2968; x_wconf 82' lang='lat' dir='ltr'><strong>proferrentur,</strong></span> <span class='ocrx_word' id='word_1_548' title='bbox 1616 2935 1706 2968; x_wconf 92' lang='lat' dir='ltr'><strong>quos</strong></span> <span class='ocrx_word' id='word_1_549' title='bbox 1735 2926 1898 2959; x_wconf 90' lang='lat' dir='ltr'><strong>homines</strong></span> <span class='ocrx_word' id='word_1_550' title='bbox 1925 2927 1960 2959; x_wconf 90' lang='lat' dir='ltr'><strong>in</strong></span> <span class='ocrx_word' id='word_1_551' title='bbox 1982 2927 2047 2961; x_wconf 89' lang='lat' dir='ltr'><strong>de-</strong></span> 
     </span>
     <span class='ocr_line' id='line_1_83' title="bbox 1185 2976 2043 3019; baseline 0.003 -10"><span class='ocrx_word' id='word_1_552' title='bbox 1185 2976 1350 3010; x_wconf 87' lang='lat' dir='ltr'><strong>teriorem</strong></span> <span class='ocrx_word' id='word_1_553' title='bbox 1378 2977 1516 3018; x_wconf 86' lang='lat' dir='ltr'><strong>partem</strong></span> <span class='ocrx_word' id='word_1_554' title='bbox 1548 2976 1592 3008; x_wconf 91' lang='lat' dir='ltr'><strong>de</strong></span> <span class='ocrx_word' id='word_1_555' title='bbox 1618 2976 1696 3018; x_wconf 90' lang='lat' dir='ltr'><strong>ipso</strong></span> <span class='ocrx_word' id='word_1_556' title='bbox 1718 2976 2043 3019; x_wconf 84' lang='lat' dir='ltr'><strong>interpretarentur.</strong></span> 
     </span>
     <span class='ocr_line' id='line_1_84' title="bbox 1185 3024 2045 3060; baseline 0.001 -1"><span class='ocrx_word' id='word_1_557' title='bbox 1185 3024 1348 3059; x_wconf 88' lang='lat' dir='ltr'><strong>Similiter</strong></span> <span class='ocrx_word' id='word_1_558' title='bbox 1378 3026 1519 3058; x_wconf 90' lang='lat' dir='ltr'><strong>Sueton.</strong></span> <span class='ocrx_word' id='word_1_559' title='bbox 1544 3024 1618 3058; x_wconf 89' lang='lat' dir='ltr'><strong>Tib.</strong></span> <span class='ocrx_word' id='word_1_560' title='bbox 1644 3025 1702 3058; x_wconf 85' lang='lat'><strong>63:</strong></span> <span class='ocrx_word' id='word_1_561' title='bbox 1733 3027 1847 3059; x_wconf 83' lang='lat' dir='ltr'><strong>vicina</strong></span> <span class='ocrx_word' id='word_1_562' title='bbox 1866 3026 1942 3060; x_wconf 84' lang='lat' dir='ltr'><strong>urbi</strong></span> <span class='ocrx_word' id='word_1_563' title='bbox 1962 3036 2045 3060; x_wconf 83' lang='lat' dir='ltr'><strong>ora-</strong></span> 
     </span>
     <span class='ocr_line' id='line_1_85' title="bbox 1185 3075 2046 3115; baseline 0.003 -8"><span class='ocrx_word' id='word_1_564' title='bbox 1185 3075 1261 3107; x_wconf 85' lang='lat' dir='ltr'><strong>cula</strong></span> <span class='ocrx_word' id='word_1_565' title='bbox 1282 3076 1383 3108; x_wconf 84' lang='lat' dir='ltr'><strong>etiam</strong></span> <span class='ocrx_word' id='word_1_566' title='bbox 1405 3075 1542 3107; x_wconf 84' lang='lat' dir='ltr'><strong>disicere</strong></span> <span class='ocrx_word' id='word_1_567' title='bbox 1565 3077 1704 3107; x_wconf 84' lang='lat' dir='ltr'><strong>conatus</strong></span> <span class='ocrx_word' id='word_1_568' title='bbox 1717 3078 1780 3115; x_wconf 84' lang='lat' dir='ltr'><strong>est,</strong></span> <span class='ocrx_word' id='word_1_569' title='bbox 1805 3076 1861 3108; x_wconf 79' lang='lat' dir='ltr'><strong>sed</strong></span> <span class='ocrx_word' id='word_1_570' title='bbox 1873 3077 2046 3110; x_wconf 83' lang='lat' dir='ltr'><strong>maiestate</strong></span> 
     </span>
     <span class='ocr_line' id='line_1_86' title="bbox 1182 3125 2043 3160; baseline 0.002 -2"><span class='ocrx_word' id='word_1_571' title='bbox 1182 3126 1473 3158; x_wconf 77' lang='lat' dir='ltr'><strong>Praenestinarwn</strong></span> <span class='ocrx_word' id='word_1_572' title='bbox 1494 3125 1635 3157; x_wconf 89' lang='lat' dir='ltr'><strong>sortium</strong></span> <span class='ocrx_word' id='word_1_573' title='bbox 1655 3127 1791 3158; x_wconf 82' lang='lat' dir='ltr'><strong>territus</strong></span> <span class='ocrx_word' id='word_1_574' title='bbox 1812 3127 1944 3160; x_wconf 81' lang='lat' dir='ltr'><strong>destitit.</strong></span> <span class='ocrx_word' id='word_1_575' title='bbox 1980 3128 2043 3160; x_wconf 90' lang='lat' dir='ltr'><strong>Dio</strong></span> 
     </span>
     <span class='ocr_line' id='line_1_87' title="bbox 1183 3169 2044 3220; baseline 0.003 -13"><span class='ocrx_word' id='word_1_576' title='bbox 1183 3174 1206 3207; x_wconf 93' lang='lat' dir='ltr'><strong>l.</strong></span> <span class='ocrx_word' id='word_1_577' title='bbox 1231 3174 1275 3207; x_wconf 89' lang='lat' dir='ltr'><strong>l.:</strong></span> <span class='ocrx_word' id='word_1_578' title='bbox 1302 3175 1341 3207; x_wconf 83' lang='grc' dir='ltr'><strong>οἱ</strong></span> <span class='ocrx_word' id='word_1_579' title='bbox 1361 3173 1433 3217; x_wconf 77' lang='grc' dir='ltr'><em>μὲν</em></span> <span class='ocrx_word' id='word_1_580' title='bbox 1453 3169 1563 3206; x_wconf 79' lang='grc' dir='ltr'><em>ἄλλοι</em></span> <span class='ocrx_word' id='word_1_581' title='bbox 1585 3173 1626 3207; x_wconf 81' lang='grc' dir='ltr'><em>ἐν</em></span> <span class='ocrx_word' id='word_1_582' title='bbox 1645 3175 1800 3220; x_wconf 79' lang='grc' dir='ltr'><em>τέρατος</em></span> <span class='ocrx_word' id='word_1_583' title='bbox 1814 3173 1914 3220; x_wconf 82' lang='grc' dir='ltr'><strong><em>λόγῳ</em></strong></span> <span class='ocrx_word' id='word_1_584' title='bbox 1930 3175 2044 3210; x_wconf 83' lang='grc' dir='ltr'><em>τοῦτο</em></span> 
     </span>
     <span class='ocr_line' id='line_1_88' title="bbox 1183 3220 2042 3268; baseline 0.003 -12"><span class='ocrx_word' id='word_1_585' title='bbox 1183 3220 1420 3267; x_wconf 82' lang='grc' dir='ltr'><em>ἐλάμβανον·</em></span> <span class='ocrx_word' id='word_1_586' title='bbox 1445 3222 1590 3265; x_wconf 82' lang='grc' dir='ltr'><em>ἐκεῖνος</em></span> <span class='ocrx_word' id='word_1_587' title='bbox 1611 3222 1652 3257; x_wconf 79' lang='grc' dir='ltr'><strong>δὲ</strong></span> <span class='ocrx_word' id='word_1_588' title='bbox 1673 3223 1721 3268; x_wconf 82' lang='grc' dir='ltr'><strong>δὴ</strong></span> <span class='ocrx_word' id='word_1_589' title='bbox 1737 3226 1900 3268; x_wconf 70' lang='grc' dir='ltr'><em>νομίσας</em></span> <span class='ocrx_word' id='word_1_590' title='bbox 1915 3225 1957 3258; x_wconf 82' lang='grc' dir='ltr'><strong>ἐκ</strong></span> <span class='ocrx_word' id='word_1_591' title='bbox 1972 3236 2042 3259; x_wconf 86' lang='grc' dir='ltr'><strong>πο-</strong></span> 
     </span>
     <span class='ocr_line' id='line_1_89' title="bbox 1183 3271 2043 3320; baseline 0.003 -13"><span class='ocrx_word' id='word_1_592' title='bbox 1183 3272 1393 3318; x_wconf 79' lang='grc' dir='ltr'><em>λυπληθίας</em></span> <span class='ocrx_word' id='word_1_593' title='bbox 1407 3271 1587 3318; x_wconf 84' lang='grc' dir='ltr'><em>ναμάτων</em></span> <span class='ocrx_word' id='word_1_594' title='bbox 1602 3271 1697 3308; x_wconf 77' lang='grc' dir='ltr'><em>αὐτὸ</em></span> <span class='ocrx_word' id='word_1_595' title='bbox 1713 3277 1918 3320; x_wconf 74' lang='grc' dir='ltr'><em>γεγονέναι,</em></span> <span class='ocrx_word' id='word_1_596' title='bbox 1935 3278 2043 3311; x_wconf 80' lang='grc' dir='ltr'><em>πέντε</em></span> 
     </span>
     <span class='ocr_line' id='line_1_90' title="bbox 1182 3321 2041 3372; baseline 0.003 -14"><span class='ocrx_word' id='word_1_597' title='bbox 1182 3321 1243 3358; x_wconf 73' lang='grc' dir='ltr'><strong>ἀεὶ</strong></span> <span class='ocrx_word' id='word_1_598' title='bbox 1282 3323 1492 3367; x_wconf 81' lang='grc' dir='ltr'><em>βουλευτὰς</em></span> <span class='ocrx_word' id='word_1_599' title='bbox 1528 3323 1746 3372; x_wconf 78' lang='grc' dir='ltr'><em>κληρωτοὺς</em></span> <span class='ocrx_word' id='word_1_600' title='bbox 1781 3325 2041 3370; x_wconf 78' lang='grc' dir='ltr'><em>ἐπιμελεῖσθαι</em></span> 
     </span>
     <span class='ocr_line' id='line_1_91' title="bbox 1182 3372 2041 3422; baseline 0.006 -15"><span class='ocrx_word' id='word_1_601' title='bbox 1182 3372 1250 3408; x_wconf 82' lang='grc' dir='ltr'><em>τοῦ</em></span> <span class='ocrx_word' id='word_1_602' title='bbox 1273 3374 1449 3418; x_wconf 81' lang='grc' dir='ltr'><em>ποταμοῦ</em></span> <span class='ocrx_word' id='word_1_603' title='bbox 1471 3372 1711 3422; x_wconf 73' lang='grc' dir='ltr'><em>προσέταξεν.</em></span> <span class='ocrx_word' id='word_1_604' title='bbox 1734 3393 1768 3400; x_wconf 91' lang='grc'><strong>-</strong></span> <span class='ocrx_word' id='word_1_605' title='bbox 1785 3376 1876 3410; x_wconf 80' lang='lat' dir='ltr'><strong>Ateio</strong></span> <span class='ocrx_word' id='word_1_606' title='bbox 1891 3376 2041 3419; x_wconf 80' lang='lat' dir='ltr'><strong>Capitoni</strong></span> 
     </span>
     <span class='ocr_line' id='line_1_92' title="bbox 1181 3423 2042 3470; baseline 0.003 -13"><span class='ocrx_word' id='word_1_607' title='bbox 1181 3426 1213 3457; x_wconf 89' lang='lat' dir='ltr'><strong>et</strong></span> <span class='ocrx_word' id='word_1_608' title='bbox 1233 3423 1271 3457; x_wconf 88' lang='lat' dir='ltr'><strong>L.</strong></span> <span class='ocrx_word' id='word_1_609' title='bbox 1295 3424 1468 3467; x_wconf 74' lang='lat' dir='ltr'><strong>Arruntio]</strong></span> <span class='ocrx_word' id='word_1_610' title='bbox 1492 3424 1543 3458; x_wconf 81' lang='lat' dir='ltr'><strong>Cf.</strong></span> <span class='ocrx_word' id='word_1_611' title='bbox 1562 3434 1596 3458; x_wconf 88' lang='lat' dir='ltr'><strong>c.</strong></span> <span class='ocrx_word' id='word_1_612' title='bbox 1611 3424 1664 3458; x_wconf 82' lang='lat'><strong>79.</strong></span> <span class='ocrx_word' id='word_1_613' title='bbox 1689 3425 1809 3459; x_wconf 79' lang='lat' dir='ltr'><strong>Ateius</strong></span> <span class='ocrx_word' id='word_1_614' title='bbox 1833 3426 1954 3469; x_wconf 84' lang='lat' dir='ltr'><strong>Capito</strong></span> <span class='ocrx_word' id='word_1_615' title='bbox 1977 3435 2042 3470; x_wconf 86' lang='lat' dir='ltr'><strong>per</strong></span> 
     </span>
    </p>
   </div>
  </div>
 </body>
</html>
