2254 3770
261 279 342 321 364
737 283 780 324 P.
814 281 1064 324 CORNELII
1094 282 1262 325 TACITI
1293 281 1559 326 ANNALIUM

262 399 378 429 arma
418 387 630 445 suspectis
661 394 901 445 cunctaque
931 387 1082 431 castris
1113 389 1301 431 Avonam
1328 388 1436 430 inter
1464 394 1506 431 et
1536 386 1758 432 Sabrinam
1789 388 1940 432 fluvios
1971 402 2042 432 co-

263 461 410 505 hibere
439 469 572 520 parat.
603 462 718 520 quod
750 463 872 520 primi
905 462 1018 506 Iceni
1049 463 1259 513 abnuere,
1293 462 1432 505 valida
1462 476 1585 520 gens,
1627 477 1706 507 nec
1735 463 1910 522 proeliis
1941 477 2044 507 con-

260 536 361 588 tusi,
408 538 510 596 quia
547 539 794 581 societatem
833 544 1019 581 nostram
1060 538 1252 581 volentes
1283 545 1569 582 accesserant.
1617 537 1767 598 hisque
1798 538 2044 583 auctoribus

262 611 560 657 circumiectae
591 613 783 657 nationes
815 613 957 657 locum
986 627 1153 671 pugnae
1184 613 1386 671 delegere
1415 620 1609 671 saeptum
1640 615 1796 673 agresti
1825 628 1982 672 aggere
2003 620 2045 658 et

230 686 379 730 saditu
416 695 614 745 angusto,
656 702 709 732 ne
745 689 919 746 pervius
956 689 1088 747 equiti
1128 689 1245 731 foret.
1303 702 1353 732 ea
1390 688 1651 733 munimenta
1691 689 1777 733 dux
1817 691 2042 741 Romanus,

262 776 522 822 quamquam
560 764 652 807 sine
691 763 847 808 robore
883 764 1099 822 legionum
1136 763 1317 808 sociales
1347 764 1493 821 copias
1524 764 1723 816 ducebat,
1766 779 2045 823 perrumpere

262 823 508 895 aggreditur
546 845 589 882 et
625 839 860 883 distributis
901 839 1149 883 cohortibus
1189 845 1349 882 turmas
1379 853 1555 898 quoque
1598 840 1790 897 peditum
1820 840 1873 883 ad
1903 840 2046 883 munia

262 913 453 971 accingit.
490 920 589 958 tunc
618 913 717 958 dato
748 914 868 972 signo
898 915 1163 973 perfringunt
1182 928 1383 971 aggerem
1406 914 1582 972 suisque
1604 915 1799 959 claustris
1822 914 2047 974 impeditos

261 988 441 1032 turbant.
488 995 616 1047 atque
655 989 710 1032 illi
755 990 1015 1034 conscientia
1046 989 1289 1033 rebellionis
1321 996 1362 1032 et
1400 989 1617 1048 obsaeptis
1649 990 1814 1047 effugiis
1845 990 1975 1034 multa
2006 998 2048 1034 et

212 1075 247 1104 ⁴0
261 1063 374 1107 clara
410 1064 597 1108 facinora
636 1065 790 1109 secere.
837 1080 923 1123 qua
960 1080 1102 1123 pugna
1139 1064 1249 1108 filius
1289 1064 1412 1122 legati
1445 1066 1495 1108 M.
1528 1065 1725 1109 Ostorius
1756 1066 1912 1109 servati
1943 1065 2046 1109 civis

261 1138 395 1182 decus
427 1140 591 1183 meruit.
639 1140 720 1196 (32)
752 1146 943 1184 ceterum
974 1140 1096 1184 clade
1137 1141 1363 1183 Icenorum
1392 1141 1615 1198 compositi
1646 1141 1720 1199 qui
1752 1140 1908 1184 bellum
1939 1141 2047 1184 inter

260 1221 302 1258 et
331 1228 483 1272 paoem
507 1215 778 1268 dubitabant;
811 1222 852 1259 et
873 1216 1026 1259 ductus
1050 1216 1088 1258 in
1111 1217 1336 1272 Decangos
1358 1216 1583 1259 exercitus.
1616 1217 1763 1260 vastati
1786 1217 1888 1273 agri,
1921 1230 2046 1274 prae-

260 1290 341 1333 dae
372 1291 533 1348 passim
563 1297 701 1341 actae,
743 1305 826 1334 non
857 1292 972 1334 ausis
1004 1291 1141 1334 aciem
1172 1290 1387 1342 hostibus,
1419 1290 1486 1334 vel
1517 1291 1551 1334 si
1584 1305 1637 1334 ex
1667 1291 1836 1336 occulto
1867 1305 2045 1350 carpere

260 1379 411 1422 agmen
444 1373 713 1424 temptarent,
748 1367 894 1424 punito
927 1366 1040 1409 dolo.
1071 1366 1243 1424 iamque
1274 1373 1445 1410 ventum
1476 1366 1587 1409 haud
1620 1365 1767 1423 procul
1799 1367 1902 1410 mari
1929 1367 2046 1425 quod

210 1450 246 1479 45
259 1440 508 1484 Hiberniam
538 1441 719 1485 insulam
748 1449 955 1499 aspectat,
989 1456 1085 1485 cum
1117 1448 1235 1485 ortae
1266 1441 1378 1499 apud
1407 1441 1628 1498 Brigantas
1650 1441 1893 1485 discordiae
1914 1448 2047 1485 retra-

258 1530 360 1559 xere
391 1516 563 1568 ducem,
597 1517 889 1560 destinationis
921 1523 1105 1568 certum,
1149 1531 1202 1560 ne
1234 1530 1343 1559 nova
1374 1516 1595 1560 moliretur
1625 1517 1703 1560 nisi
1733 1517 1948 1574 prioribus
1976 1516 2047 1560 fir-

260 1593 395 1635 matis.
442 1599 483 1635 et
522 1592 741 1650 Brigantes
772 1592 964 1650 quidem,
1008 1592 1158 1650 paucis
1189 1592 1261 1650 qui
1293 1606 1410 1635 arma
1440 1592 1695 1650 coeptabant
1726 1592 1973 1644 interfectis,
2007 1594 2047 1636 in

259 1666 448 1726 reliquos
470 1666 568 1711 data
587 1668 723 1718 venia,
746 1668 972 1711 resedere:
1007 1667 1194 1711 Silurum
1215 1681 1319 1725 gens
1341 1681 1423 1710 non
1445 1667 1686 1719 atrocitate,
1719 1681 1803 1711 non
1825 1667 2047 1713 clementia

324 1802 355 1832 4.
379 1800 529 1833 Avonam
551 1802 728 1834 Mannert:
754 1804 915 1833 anconam
931 1801 982 1838 M;
1007 1801 1172 1840 Ausonam
1189 1800 1346 1833 Camden
1364 1800 1552 1841 (Britannia
1569 1809 1603 1842 p.
1623 1799 1716 1840 375);
1742 1799 1904 1832 Avionam
1920 1801 2046 1834 Haase.

261 1874 296 1879 —
315 1857 401 1889 inter
419 1858 594 1891 Heinsius:
621 1867 692 1890 om.
712 1859 743 1891 M
762 1859 874 1899 (usque
888 1859 1052 1897 Ritterus,
1069 1861 1188 1890 contra
1204 1857 1308 1899 Sillig,
1332 1858 1388 1897 ad,
1413 1859 1492 1900 post
1506 1858 1637 1898 castris,
1660 1856 1841 1898 Bipontini)
1861 1875 1894 1880 —
1915 1858 1946 1890 2.
1968 1867 2050 1904 pre-

256 1913 310 1947 liis
332 1916 363 1947 M
391 1931 425 1936 -
452 1913 483 1947 4.
508 1918 633 1955 septum
655 1916 687 1948 M
713 1931 748 1937 —
776 1915 807 1948 6.
833 1924 1029 1957 quanquam
1051 1916 1082 1947 M
1110 1934 1144 1938 -
1172 1915 1203 1947 9.
1221 1914 1360 1955 obseptis
1382 1915 1415 1947 M
1441 1932 1476 1937 ——
1504 1914 1556 1946 40.
1581 1913 1724 1946 seruatis
1747 1922 1800 1954 pr.
1819 1914 1853 1946 M
1876 1932 1919 1938 —-
1943 1915 1995 1947 ⁴2.
2014 1915 2049 1947 in

258 1972 431 2012 Decangos
447 1970 731 2012 Bezzenberger:
758 1971 833 2003 inde
848 1980 971 2013 canqos
986 1972 1019 2004 M
1029 1981 1036 2009 ;
1062 1972 1138 2003 inde
1152 1972 1187 2003 in
1203 1971 1332 2012 Canqos
1348 1971 1517 2005 Pie-hena:
1542 1970 1577 2002 in
1594 1971 1760 2002 Decantas
1775 1970 1927 2002 Ritterus
1945 1969 2047 2012 (duce

259 2025 461 2059 Ptolemaeo
486 2028 524 2066 2,
549 2027 581 2065 3,
609 2028 673 2067 42).
710 2029 786 2060 Non
810 2026 901 2060 solet
923 2028 1061 2060 Tacitus
1085 2028 1118 2059 in
1145 2027 1318 2060 eiusmodi
1342 2027 1526 2059 structuris
1549 2026 1847 2068 praepositionem
1871 2026 2046 2065 omittere,

259 2083 298 2114 ut
326 2083 443 2115 omisit
472 2084 612 2116 Curtius
636 2083 668 2122 6,
693 2083 753 2123 24,
779 2083 832 2115 36.
859 2084 890 2123 9,
916 2084 970 2124 34,
998 2085 1050 2116 44.
1084 2083 1135 2116 Cf.
1163 2093 1194 2116 c.
1221 2084 1261 2116 46
1287 2086 1321 2115 et
1344 2083 1397 2115 33.
1433 2083 1598 2115 Ceterum
1626 2083 1698 2114 tam
1722 2082 1827 2123 Canai
1850 2090 1956 2122 quam
1980 2083 2049 2114 De—

258 2139 357 2180 canyi
379 2138 519 2171 aliunde
544 2138 637 2171 haud
661 2140 789 2180 cogniti
813 2141 906 2172 suut:
926 2157 961 2162 —
991 2141 1042 2173 45,
1069 2143 1138 2172 orte
1162 2141 1194 2172 M
1220 2158 1255 2162 —
1281 2140 1457 2181 Brigantes
1480 2137 1616 2170 litterae
1640 2146 1658 2170 e
1679 2139 1919 2180 superscripta
1942 2147 1976 2178 a,
2002 2138 2046 2170 ab

260 2194 405 2234 eadem,
437 2197 476 2227 ut
505 2195 660 2235 videtur,
697 2205 803 2229 manu
827 2197 861 2229 M
894 2214 929 2219 ·—
962 2197 1014 2229 47.
1040 2197 1215 2238 captabant
1238 2197 1289 2235 M;
1327 2198 1522 2236 coeptarunt
1543 2193 1731 2228 Acidalius.
1760 2211 1795 2217 —
1823 2194 1874 2227 48.
1900 2195 2049 2227 Silurum

260 2251 464 2284 Rhenanus:
491 2252 656 2284 siluarum
678 2253 721 2286 M.

1181 2375 1223 2398 eo
1247 2367 1361 2397 tractu
1384 2364 1488 2397 sedes
1512 2365 1599 2396 erat.
1626 2364 1689 2396 Dio
1714 2364 1767 2404 60,
1793 2364 1854 2396 2⁴:
1889 2364 2048 2406 Καμου-

1180 2412 1365 2448 λόδουνον
1388 2411 1433 2446 τὸ
1456 2410 1524 2446 τοῦ
1548 2412 1827 2454 Κυνοβελλίνου
1851 2413 2049 2454 βασίλειον

262 2365 314 2405 43,
340 2365 399 2398 54;
430 2366 537 2406 captis
567 2366 727 2406 caesisve,
761 2367 817 2406 qui
844 2366 1054 2406 pervicacius
1075 2374 1130 2398 re-

259 2416 423 2448 stiterant.
449 2418 528 2457 Agr.
547 2416 607 2448 36:
633 2417 749 2449 stratis
768 2418 824 2456 qui
846 2418 882 2449 in
905 2425 1010 2456 aequo
1027 2416 1131 2447 adsti-

259 2470 380 2498 terant.
410 2485 444 2490 -
471 2467 620 2499 Avonam
643 2471 673 2499 et
695 2467 884 2509 Sabrinam]
911 2467 1014 2500 hodie
1037 2468 1131 2500 Avon

261 2518 296 2548 et
318 2517 461 2556 Severn,
495 2517 529 2549 in
561 2518 776 2549 aestuarium
809 2517 977 2550 Sabrinae
1003 2518 1130 2559 (sinum

262 2565 535 2606 Bristoliensem)
550 2567 748 2600 influentes.
768 2585 803 2590 —
818 2567 915 2609 Iceni]
934 2567 978 2599 ad
992 2569 1132 2609 septen-

261 2617 411 2649 trionem
436 2616 706 2655 Trinobantum,
732 2617 836 2649 hodie
854 2618 980 2659 Suffolk
996 2620 1031 2649 et
1046 2618 1132 2649 Nor—

260 2667 338 2707 solk.
368 2684 402 2690 —
430 2668 574 2710 contusi]
606 2666 774 2699 debilitati
799 2670 905 2709 atque
930 2668 1066 2706 afflicti,
1094 2668 1132 2699 ut

261 2716 397 2749 Sallust.
428 2718 499 2758 lug.
526 2717 585 2750 43:
621 2720 756 2749 nostrae
783 2727 858 2758 opes
887 2721 1042 2750 contusae
1071 2718 1132 2750 ho-

259 2769 422 2808 stiumque
444 2771 573 2799 auctae.
600 2769 687 2800 Ann.
713 2767 745 2806 4,
772 2767 832 2800 46:
857 2769 1001 2800 contusis
1024 2769 1131 2800 Thra-

260 2827 336 2850 cum
357 2818 515 2860 pentibus.
544 2834 578 2840 —
611 2821 740 2850 turmas
771 2827 900 2858 qaoque
922 2818 1004 2859 cet]
1037 2819 1130 2850 Con-

262 2869 378 2900 strue:
404 2871 533 2899 turmas
553 2876 681 2907 quoque
697 2868 876 2909 (equitum)
895 2868 1038 2909 accinyit
1054 2868 1130 2909 (pa-

262 2920 355 2951 ratas
371 2917 489 2957 habet)
507 2918 552 2949 ad
567 2919 684 2949 munia
702 2919 849 2957 peditum
866 2918 1128 2960 (exsequenda).

263 2968 406 3009 Equites
436 2977 504 3000 nou
534 2976 604 3000 uno
634 2966 711 2999 loco
743 2967 835 3008 apud
868 2969 1001 3000 Livium
1029 2968 1130 3009 equis

263 3019 484 3051 descendunt
508 3020 543 3051 et
565 3018 684 3050 munia
708 3018 866 3059 peditum
886 3021 1063 3060 praestare
1080 3019 1133 3050 iu-

265 3069 403 3101 bentur.
430 3069 509 3101 ERN.
531 3084 565 3090 --
584 3069 631 3100 M.
652 3067 809 3109 Ostorius]
836 3067 884 3100 Cf.
915 3067 967 3105 44,
993 3067 1045 3101 48.
1073 3069 1127 3105 46,

266 3118 305 3150 44
329 3126 382 3159 sq.
412 3134 446 3141 -
474 3118 598 3150 servati
621 3117 702 3150 civis
725 3116 831 3158 decus]
858 3117 908 3149 Cf.
935 3117 967 3157 3,
992 3118 1047 3150 24.

306 3169 358 3201 32.
385 3167 575 3210 Brigantas]
601 3169 633 3199 in
652 3167 914 3209 septentrionali
931 3168 1129 3200 Britanniae

266 3220 375 3259 parte.
404 3235 438 3240 -—
466 3227 566 3250 arma
588 3216 793 3258 coeptabant]
819 3216 869 3249 Cf.
896 3215 928 3254 4,
955 3216 1013 3249 46;
1041 3221 1131 3250 ante-

265 3277 366 3308 quam
389 3277 489 3300 arma
509 3268 700 3308 inciperent.
728 3285 761 3289 -
788 3266 947 3306 Silurum]
973 3267 1005 3298 in
1031 3269 1129 3308 parte

266 3317 484 3350 meridionali
508 3318 723 3359 principatus
749 3316 877 3355 Wales,
903 3315 994 3347 inter
1016 3316 1132 3348 Sabri-

265 3376 347 3400 nam
371 3369 407 3399 et
426 3376 523 3399 mare
540 3366 779 3399 Hibernicum.
802 3383 837 3389 -
857 3365 1129 3407 Camulodunum]

266 3417 360 3460 quod
376 3416 628 3450 Trinobantum
644 3416 811 3459 oppidum
829 3417 931 3448 antea
956 3423 1079 3457 regum
1096 3416 1130 3447 in

1181 2463 1255 2499 εἷλε
1272 2464 1471 2506 (Claudius).
1502 2465 1615 2496 Prima
1641 2463 1703 2496 fuit
1726 2464 1962 2496 Romanorum
1986 2474 2050 2496 co-

1180 2517 1270 2550 lonia
1301 2517 1336 2548 in
1362 2515 1549 2547 Britannia.
1589 2514 1639 2547 Cf.
1667 2515 1776 2547 Inscr.
1804 2515 1876 2546 Lat.
1902 2524 1936 2547 n.
1961 2514 2046 2547 208:
2085 2537 2089 2544 .

1180 2575 1339 2600 CENSITOR
1370 2574 1483 2598 cmm
1513 2572 1710 2596 nommant
1739 2572 1902 2597 commate
1924 2572 2050 2597 nerm-

1180 2625 1297 2650 cfflvsm
1331 2624 1415 2655 QVAE
1450 2623 1512 2648 Esr
1548 2624 1585 2647 11v
1617 2622 1793 2646 animum
1830 2622 2046 2647 σΑιΑιουνΝι.

1181 2666 1445 2700 Camalodunwm
1467 2666 1615 2697 vocatur
1638 2664 1743 2696 etiam
1766 2672 1786 2695 a
1811 2663 1918 2696 Plinio
1941 2665 1981 2696 N.
2004 2664 2045 2696 H.

1179 2719 1199 2749 ¹2
1225 2717 1243 2758 5
1270 2717 1342 2748 487.
1380 2716 1515 2747 Nomen
1543 2714 1723 2746 derivatur
1752 2722 1771 2745 a
1800 2714 2047 2746 Britannorum

1180 2769 1289 2801 Marte
1314 2767 1460 2800 Camulo.
1489 2766 1615 2798 lnscrr.
1642 2765 1728 2797 Latt.
1748 2774 1781 2796 n.
1802 2764 1897 2797 ⁴977.
1923 2766 2049 2797 Putant

1181 2826 1260 2850 esse
1296 2816 1505 2848 hodiernum
1540 2815 1676 2847 Maldon
1710 2823 1820 2856 prope
1856 2814 2045 2847 Colchester.

1182 2884 1216 2890 —
1242 2865 1492 2906 veteranorum]
1520 2863 1665 2906 legionis
1695 2865 1750 2896 VI.
1777 2864 1936 2896 Victricis
1969 2864 2048 2897 Piae

1181 2916 1318 2950 Fidelis.
1346 2917 1471 2948 lnscrr.
1491 2915 1578 2947 Latt.
1599 2924 1633 2947 n.
1651 2913 1726 2947 845.
1746 2914 1843 2947 6744.
1861 2932 1896 2937 -
1915 2914 2048 2947 inbuen—

1180 2968 1230 2999 dis
1251 2966 1347 2998 sociis
1370 2965 1458 3007 cet]¹
1480 2966 1518 2996 ut
1540 2965 1625 2997 socii
1649 2963 1822 3006 obsequio
1847 2973 1928 3005 erga
1952 2963 2048 3005 leges

1181 3019 1216 3049 et
1238 3016 1387 3058 imperio
1412 3016 1648 3048 Romanorum
1673 3014 1923 3047 adsuefierent.

1224 3067 1276 3099 33.
1304 3066 1472 3107 Carataci]
1499 3066 1606 3098 Huius
1630 3065 1674 3097 ad
1691 3074 1722 3098 a.
1742 3074 1775 3097 u.
1794 3065 1857 3098 796
1874 3073 1954 3097 cum
1971 3065 2047 3098 sine

1181 3116 1288 3149 dubio
1312 3117 1527 3149 mentionem
1553 3115 1712 3153 fecisset.
1742 3115 1800 3147 hic
1823 3114 1979 3147 breviter
2001 3114 2046 3147 de

1181 3176 1223 3199 eo
1242 3166 1408 3208 loquitur,
1435 3166 1491 3203 ita,
1516 3166 1555 3196 ut
1573 3165 1692 3207 paucis
1709 3163 1952 3196 tantummodo
1969 3173 2047 3196 ver-

1180 3217 1234 3249 bis
1257 3215 1379 3248 lectori
1403 3216 1435 3247 in
1459 3215 1669 3247 memoriam
1685 3215 1847 3253 revocet,
1873 3213 2045 3246 eiusmodi

1180 3268 1432 3309 imperatorem
1455 3265 1551 3298 illum
1575 3265 1701 3303 fuisse,
1727 3267 1764 3296 ut
1783 3265 1922 3296 ceteros
1946 3273 2047 3305 prae-

1182 3318 1342 3348 mineret.
1368 3317 1442 3348 lam
1458 3324 1522 3358 per
1538 3324 1570 3347 v.
1589 3319 1659 3347 tum
1675 3313 1797 3346 transit
1811 3313 1856 3345 ad
1873 3321 1926 3351 ea,
1953 3322 2044 3355 quae

1181 3368 1259 3398 octo
1284 3366 1363 3407 post
1386 3366 1485 3398 annis
1509 3365 1553 3397 ab
1571 3373 1613 3396 eo
1629 3365 1726 3405 gesta
1743 3364 1853 3395 erant.
1879 3362 1931 3395 Ad
1948 3362 2044 3396 illum

1180 3423 1311 3448 annum
1336 3415 1399 3447 Dio
1423 3415 1477 3455 60,
1495 3415 1554 3447 20:
1576 3410 1615 3447 Ὁ
1638 3407 1708 3447 οὖν
1729 3409 1920 3455 Πλαύτιος
1943 3409 2045 3460 πρῶ-
