2254 3770
739 248 915 299 „Lmen
941 247 1025 292 xv.
1071 248 1171 306 cap.
1202 248 1270 292 ιι.
1300 248 1367 292 45.

1888 247 1971 292 549

188 353 1724 424 „QQQAEQ
1495 369 1516 398 r
1535 355 1695 416 urbem,
1713 355 1859 416 stistte.
1884 368 1971 412 <1¹10

186 437 336 474 cuncta
366 429 558 488 undique
587 430 747 474 atrocia
776 436 848 473 aut
871 429 1074 488 pudenda
1095 429 1314 474 confluunt
1334 430 1706 489 celebranturque.
1737 430 1865 488 igitur
1885 429 1972 487 pri-

185 519 300 548 mum
341 505 527 563 correpti
571 505 645 563 qui
690 505 941 556 fatebantur,
989 505 1146 549 deinde
1182 505 1341 550 indicio
1371 520 1521 550 eorum
1554 505 1778 549 multitudo
1808 505 1970 562 ingens,

184 579 1307 650 haiQQodio
1278 580 1449 654 humani
1466 582 1641 646 generis
1662 580 1842 625 convicti
1863 586 1972 623 sunt.

183 662 226 699 et
253 655 533 713 pereuntibus
563 655 705 699 addita
736 655 936 708 ludibria,
969 663 1015 699 ut
1042 637 1239 701 ferarffffi
1257 639 1441 714 tergisww
1417 670 1468 701 co
1443 663 1597 701 ontecti
1645 651 1785 700 anian
1816 649 2005 700 c'anums

183 730 420 781 interirent,
452 737 524 774 aut
554 731 754 775 crucibus
784 730 914 782 affixi,
947 738 1020 775 aut
1048 731 1315 783 flammandi,
1347 739 1476 790 atque
1508 732 1579 775 ubi
1610 731 1840 776 defecisset
1865 730 1971 782 dies,

181 805 224 848 in
254 820 378 849 usum
409 807 605 850 nocturni
634 806 805 850 luminis
834 813 1074 853 urerentur.
1106 807 1251 850 hortos
1282 821 1384 850 suos
1415 807 1454 850 ei
1486 806 1733 872 spectaculo
1753 808 1865 850 Nero
1895 805 1974 869 ob:

181 881 335 925 tulerat
364 889 406 925 et
436 882 629 925 circense
659 881 871 925 ludicrum
901 881 1078 932 edebat,
1115 881 1260 925 habitu
1290 882 1464 938 aurigae
1494 882 1728 940 permixtus
1758 881 1874 939 plebi
1903 881 1974 924 vel

174 929 319 943 Μ

182 956 395 1001 curriculo
417 957 628 1000 insistens.
650 956 776 1007 unde,
800 970 1060 1014 quamquam
1077 957 1285 1000 adversus
1306 963 1450 1000 sontes
1469 965 1511 1000 et
1529 957 1761 1001 novissima
1777 955 1974 1014 exempla

181 1032 368 1084 meritos,
399 1032 616 1076 miseratio
647 1031 876 1083 oriebatur,
909 1040 1124 1090 tamquam
1154 1046 1239 1076 non
1274 1032 1450 1076 utilitate
1479 1032 1664 1090 publica,
1696 1031 1775 1076 sed
1805 1033 1847 1075 in
1876 1046 1973 1076 sae-
1986 1045 2023 1075 4ο

180 1107 324 1151 vitiam
353 1108 481 1151 unius
511 1107 851 1151 absumerentur.
900 1108 981 1164 (45)
1013 1108 1176 1152 interea
1205 1108 1476 1151 conferendis
1505 1108 1700 1166 pecuniis
1729 1113 1972 1165 pervastata

246 1216 277 1249 4.
301 1215 435 1248 iudeam
458 1216 490 1249 M
517 1234 550 1238 —
579 1216 610 1248 2.
633 1216 783 1256 primum
805 1217 856 1248 M:
881 1218 992 1256 primo
1015 1214 1083 1248 alii.
1105 1233 1141 1239 —
1166 1214 1199 1248 4.
1222 1216 1359 1256 perinde
1383 1217 1426 1248 G:
1448 1216 1591 1257 proinde
1612 1217 1692 1258 (per
1709 1215 1970 1258 compendium)

179 1273 224 1305 M.
250 1271 301 1305 Cf.
320 1281 355 1314 p.
372 1272 449 1311 546,
467 1271 499 1305 4.
524 1290 556 1298 -
583 1272 724 1304 convicti
746 1273 790 1304 G:
815 1273 983 1305 coniuncti
1005 1273 1039 1306 M
1064 1289 1099 1294 —
1126 1273 1157 1304 6.
1181 1272 1379 1315 stammandi
1402 1273 1455 1305 M:
1480 1273 1648 1315 flammati
1671 1271 1750 1304 cod.
1767 1270 1967 1313 Agricolae,

177 1330 316 1370 flamma
336 1330 402 1361 usti
423 1329 597 1362 Meursius
622 1330 675 1369 (ex
699 1328 849 1370 Sulpicio
873 1327 1036 1371 Severo);
1059 1330 1199 1371 flamma
1222 1329 1275 1362 die
1296 1327 1465 1362 Halmius.
1494 1347 1530 1352 —
1560 1329 1592 1360 7.
1616 1337 1713 1361 usum
1736 1327 1967 1361 Puteolanus:

177 1394 241 1417 usu
260 1386 292 1418 M
314 1403 356 1409 -
380 1385 411 1418 8.
437 1386 555 1427 auriye
578 1386 610 1418 M
637 1402 670 1407 —
698 1385 729 1417 9.
755 1386 922 1418 curriculo
945 1385 1024 1418 cod.
1048 1384 1250 1427 Agricolae:
1282 1385 1406 1417 circulo
1429 1386 1462 1419 M
1489 1403 1523 1407 —
1551 1393 1747 1426 quanquam
1769 1385 1803 1418 Μ
1829 1402 1864 1407 -
1891 1388 1970 1417 tan-

179 1450 281 1483 quam
304 1442 336 1475 M
363 1459 396 1465 —
426 1441 477 1474 40.
504 1442 658 1474 seuitiam
681 1442 725 1475 M.

178 1539 225 1568 tes
248 1536 352 1568 Roma
374 1536 513 1576 expulit.
540 1536 626 1567 Lirs.
659 1537 710 1568 De
734 1536 876 1568 nomine
900 1536 1050 1569 Chrestus

178 1584 259 1617 vide
291 1585 446 1617 Lactant.
479 1585 520 1618 D.
547 1586 630 1618 Inst.
658 1587 688 1625 4,
713 1584 746 1624 4,
771 1587 804 1618 7.
834 1603 867 1608 —-
897 1587 1050 1619 Pontium

176 1635 330 1678 Pilatum]
356 1635 416 1676 qui
438 1636 559 1668 sextus
574 1637 784 1677 procurator
799 1635 950 1669 Iudaeae
966 1644 1049 1669 cum

178 1687 353 1728 potestate
370 1685 541 1727 praesidis
557 1685 630 1717 fuit.
657 1686 827 1727 Iosephus
843 1686 895 1726 48,
909 1686 941 1719 3.
960 1687 1046 1719 Lirs.

177 1735 307 1780 Pilatus
338 1736 469 1768 missus
493 1744 512 1767 a
537 1735 675 1768 Tiberio
698 1745 789 1768 anno
814 1737 950 1778 imperii
974 1737 1049 1769 XIII

177 1787 257 1828 post
279 1787 422 1818 exactos
445 1786 602 1818 muneris
626 1786 679 1818 sui
702 1786 793 1818 male
815 1787 904 1827 gesti
920 1786 1057 1819 decem.

177 1843 288 1868 annos
311 1844 332 1867 a
358 1834 503 1874 Vitellio,
534 1836 654 1876 Syriae
684 1836 868 1878 praeside,
902 1838 1048 1869 Romam

178 1884 349 1927 purgandi
373 1886 427 1918 sui
451 1893 557 1918 causa
574 1885 625 1917 ire
642 1886 775 1924 iussus,
801 1886 930 1918 deinde
948 1895 966 1918 a
986 1887 1050 1919 Ca—

178 1934 280 1976 ligula
313 1935 348 1967 in
378 1934 520 1967 exilium
549 1934 672 1976 pulsus
696 1938 760 1968 est.
797 1937 969 1978 Iosephus
993 1936 1045 1975 48,

177 1983 215 2024 4,
240 1985 285 2017 *2.χ
299 1983 428 2017 Euseb.
457 1984 496 2017 H.
515 1983 608 2016 Eccl.
626 1986 659 2024 2,
678 1986 718 2017 7;
745 1982 817 2018 οὐκ
840 1983 993 2029 ἀγνοεῖν
1008 1984 1048 2018 δὲ

176 2029 304 2076 ἄξιον,
329 2030 383 2075 ὥς
403 2035 469 2067 καὶ
491 2030 612 2068 αὐτὸν
634 2034 782 2067 ἐκεῖνον
804 2033 872 2068 τὸν
895 2035 956 2069 ἐπὶ
979 2031 1047 2069 τοῦ

176 2079 350 2131 σωτῆρος
360 2082 527 2117 Πιλάτου
539 2084 638 2117 κατὰ
649 2083 766 2118 Γάϊον
777 2105 796 2110 -
808 2106 828 2111 -
840 2084 1047 2128 τοσαύταις

176 2138 390 2192 περιπεσεῖν
412 2136 562 2175 κατέχει
586 2133 701 2180 λόγος
725 2141 966 2184 συμφοραῖς,
995 2133 1047 2178 ὦς

175 2183 217 2228 ἐξ
239 2181 412 2229 ἀνάγκης
434 2183 627 2229 φονευτὴν
642 2186 782 2220 ἑαυτοῦ
798 2189 864 2220 καὶ
878 2185 1047 2233 τιμωρὸν

176 2232 384 2281 αὐτόχειρα
398 2236 589 2280 γενέσθαι.
602 2255 638 2260 -
654 2238 837 2271 exitiabilis
847 2238 1046 2280 superstitio]

176 2286 263 2319 Vide
287 2286 332 2318 ad
356 2287 409 2326 43,
427 2287 480 2319 32.
506 2288 562 2320 Sic
578 2288 613 2319 in
629 2287 775 2328 epistola
793 2289 1047 2321 Viennensium

177 2338 213 2368 et
242 2335 529 2377 Lugdunensium
561 2337 655 2378 apud
682 2337 810 2370 Euseb.
837 2339 878 2370 H.
904 2339 942 2370 E.
967 2339 1000 2377 5,
1026 2339 1040 2370 4

177 2387 265 2419 extr.
294 2385 442 2427 gentiles
475 2386 521 2418 de
557 2387 779 2420 Christianis:
816 2385 928 2430 ξένην
961 2384 1046 2420 τινὰ

159 2436 242 2468 -καὶ
263 2432 403 2478 καινὴν
423 2431 518 2478 ἡμῖν
541 2434 743 2480 εἰσάγουσι
766 2437 986 2483 θρησκείαν.
1006 2455 1042 2460 -

176 2488 236 2528 qui
255 2485 458 2527 fatebantur]
483 2489 624 2527 sponte,
652 2485 743 2518 nulla
761 2489 970 2520 necessitate
987 2496 1045 2520 co-

176 2535 255 2568 acti.
288 2534 338 2567 Cf.
365 2536 418 2574 44,
445 2536 482 2567 l:
517 2536 617 2576 fateri
648 2536 856 2577 gloriamque
886 2537 1046 2577 facinoris

175 2585 264 2617 ultro
290 2588 411 2625 petere.
440 2603 476 2608 -
502 2586 538 2617 in
566 2586 705 2618 crimine
719 2604 738 2610 —
753 2604 772 2610 -
786 2587 929 2618 convicti
958 2586 1043 2627 sunt]

176 2634 228 2667 Cf.
247 2634 318 2667 Cic.
337 2634 381 2667 de
406 2631 536 2667 Invent.
560 2636 578 2667 2
604 2635 701 2676 532ε
727 2637 910 2675 ostendere,
935 2637 963 2668 si
981 2645 1046 2676 quo

174 2686 210 2717 in
229 2685 310 2725 pari
331 2688 408 2717 ante
431 2688 569 2725 peceato
591 2687 759 2718 convictus
780 2687 832 2718 sit.
865 2695 929 2728 pro
952 2685 1044 2718 Sulla

176 2734 196 2775 5
216 2734 278 2767 83:
303 2735 451 2775 quotiens
473 2736 610 2776 quisque
631 2740 677 2768 est
698 2738 734 2768 in
755 2737 815 2768 hoc
837 2737 956 2768 scelere
969 2745 1045 2768 con-

174 2785 292 2817 victus.
315 2802 349 2808 —
368 2784 445 2817 odio
466 2785 603 2817 humani
625 2785 764 2828 generis]
788 2785 1045 2818 Incredibiliter

177 2833 265 2866 haec
287 2834 536 2876 interpretatus
560 2837 614 2867 est
628 2836 731 2876 Zyro,
757 2835 939 2877 professor
961 2835 1045 2867 Ber—

177 2883 314 2916 nensis:
341 2886 510 2926 «propter
532 2885 669 2923 odium,
696 2894 767 2927 quo
790 2887 825 2918 in
848 2894 909 2918 eos
926 2886 1043 2918 cuncti

176 2932 391 2971 ferebantur,
409 2935 449 2966 ut
463 2934 667 2966 incendiarii
685 2934 910 2967 condemnati
925 2936 1041 2968 sunt.»

175 2983 288 3014 Immo
312 2982 439 3014 eadem
463 2985 518 3016 est
539 2993 642 3017 mens
666 2985 789 3023 Taciti,
817 2993 922 3025 quam
948 2985 989 3016 H.
1008 2985 1041 3024 5,

175 3032 197 3064 5
219 3032 394 3073 expressit
415 3032 460 3064 de
484 3032 641 3066 Iudaeis:
671 3034 762 3073 apud
782 3034 870 3073 ipsos
890 3034 969 3074 fides
991 3033 1044 3065 ob—

175 3082 320 3120 stinata,
344 3081 574 3114 misericordia
596 3084 632 3114 in
648 3087 828 3124 promptu,
852 3084 908 3115 sed
927 3084 1045 3115 adver-

175 3140 232 3163 sus
251 3140 361 3163 omnes
383 3131 467 3163 alios
488 3132 601 3164 hostile
623 3134 745 3165 odium.
775 3132 907 3165 Indicia
924 3134 1043 3165 autem

177 3181 279 3213 huius
309 3181 378 3212 odii
401 3180 613 3213 videbantur
640 3183 804 3215 Romanis
829 3182 1044 3215 Christ-iano-

177 3239 256 3264 rum
268 3230 478 3263 abstinentia
492 3240 510 3262 a
526 3231 750 3272 spectaculis,
763 3241 781 3263 a
796 3231 922 3264 diebus
935 3233 1042 3271 iestis,

177 3290 197 3313 a
225 3280 405 3313 sacrificiis
436 3283 471 3313 et
494 3281 714 3313 victimarum
744 3282 908 3314 carnibus
932 3291 974 3314 ac
996 3283 1045 3314 si-

178 3329 282 3362 milia.
303 3348 339 3353 —
358 3330 468 3372 tergis]
486 3330 574 3362 Vide
590 3330 635 3362 ad
650 3330 683 3368 4,
701 3331 754 3363 72.
777 3348 811 3354 -
837 3332 1044 3374 flammandi]

178 3378 271 3412 clara
301 3379 446 3413 flamma
477 3379 700 3413 absumendi.

1098 1536 1318 1578 praegressis
1339 1535 1525 1568 interirent.
1547 1553 1581 1558 —
1605 1538 1704 1575 atque
1718 1552 1767 1559 --
1780 1534 1969 1577 urerentur]

1099 1587 1166 1618 Per
1190 1585 1402 1627 epexegesin
1426 1585 1516 1617 haec
1539 1583 1745 1617 horribilem
1768 1584 1873 1617 huius
1889 1593 1970 1626 sup-

1098 1635 1190 1678 plicii
1211 1635 1357 1668 modum
1373 1635 1545 1675 indicant,
1571 1636 1671 1676 quasi
1688 1634 1851 1667 dixisset:
1878 1644 1970 1668 «non

1098 1685 1304 1728 simpliciter
1336 1687 1372 1718 in
1407 1694 1492 1727 rogo
1526 1686 1595 1718 usti
1626 1687 1726 1724 sunt,
1763 1685 1828 1717 sed
1858 1685 1970 1718 induti

1098 1738 1211 1769 tunica
1234 1735 1288 1768 illa
1312 1736 1449 1768 molesta
1470 1734 1627 1775 (Martial.
1645 1735 1698 1775 40,
1716 1735 1769 1774 25,
1789 1736 1821 1767 5.
1846 1736 1966 1768 Iuven.

1099 1786 1131 1826 8,
1156 1786 1249 1825 235),
1276 1794 1357 1818 cera
1382 1784 1437 1817 vel
1461 1785 1540 1826 pice
1556 1783 1681 1824 oblita,
1706 1784 1847 1817 ludibrii
1863 1793 1968 1818 causa

1099 1836 1199 1877 quasi
1222 1837 1257 1868 in
1281 1843 1385 1868 usum
1405 1835 1567 1867 nocturni
1581 1834 1734 1867 luminis.
1758 1834 1823 1867 Alii
1838 1833 1906 1867 loci
1922 1834 1968 1868 de

1098 1885 1299 1918 huiusmodi
1339 1883 1510 1926 supplicio
1551 1886 1633 1917 sunt
1667 1884 1762 1926 apud
1795 1885 1966 1918 Senecam

1099 1937 1206 1978 Epist.
1232 1935 1292 1968 ⁴4:
1317 1935 1411 1967 illam
1433 1935 1581 1967 tunicam
1602 1935 1767 1967 alimentis
1787 1935 1917 1976 iynium
1938 1938 1970 1967 et

1096 1986 1218 2018 illitam
1239 1988 1269 2017 et
1291 1986 1468 2017 intextam.
1499 1984 1614 2018 Schol.
1640 1984 1685 2017 ad
1708 1985 1829 2017 Iuven.
1853 1986 1886 2025 4,
1903 1985 1967 2018 455

1098 2037 1211 2078 (taeda
1232 2036 1351 2068 lucebis
1372 2037 1407 2068 in
1428 2036 1505 2076 illa,
1535 2044 1603 2076 qua
1624 2039 1748 2068 stantes
1770 2036 1891 2069 ardent
1911 2036 1969 2077 qui

1095 2089 1166 2130 fimo
1187 2090 1320 2129 gutture
1341 2086 1506 2129 flumantss
1544 2086 1642 2118 Vivus
1670 2086 1818 2126 ardebis,
1851 2095 1967 2126 quem·

1097 2138 1276 2170 admodum
1303 2137 1340 2169 in
1368 2145 1504 2169 munere
1533 2137 1674 2169 Neronis
1700 2137 1768 2169 vivi
1799 2140 1967 2177 arserunt,

1097 2187 1136 2219 de
1159 2186 1276 2228 quibus
1299 2186 1353 2219 ille
1374 2187 1519 2219 iusserat
1536 2195 1646 2219 cereos
1658 2187 1749 2228 timi,
1773 2190 1811 2219 ut
1825 2187 1970 2219 lucerent

1095 2236 1349 2277 spectatoribus,
1385 2245 1462 2268 cum
1489 2237 1564 2277 sizna
1593 2239 1696 2268 essent
1727 2236 1794 2268 illis
1814 2238 1966 2277 yuttura,

1096 2296 1137 2319 ne
1158 2295 1192 2319 se
1209 2289 1402 2318 curvarent.
1426 2286 1515 2318 Nero
1530 2287 1696 2327 maleficos
1709 2286 1855 2319 homines
1869 2286 1968 2318 taeda

1096 2340 1128 2369 et
1146 2346 1278 2377 papyro
1300 2340 1330 2368 et
1349 2345 1428 2368 cera
1443 2336 1713 2377 super-vestiebat,
1739 2340 1770 2369 et
1790 2337 1836 2369 sic
1857 2337 1968 2378 i9nem

1095 2386 1267 2418 admoveri
1281 2385 1424 2426 iubebat,
1448 2389 1486 2418 ut
1498 2387 1664 2419 arderent.
1690 2387 1741 2419 De
1758 2387 1828 2419 tota
1846 2388 1966 2419 autem

1095 2437 1163 2469 hac
1187 2436 1468 2469 Christianorum
1491 2436 1739 2477 persecutione
1761 2436 1804 2468 cf.
1823 2434 1963 2468 Tertull.

1095 2485 1238 2527 Apolog.
1258 2494 1289 2518 c.
1308 2486 1348 2518 5:
1374 2485 1539 2518 Consulite
1553 2486 1808 2518 commentarios
1821 2489 1945 2518 vestros
1952 2494 1964 2524 ,-

1093 2536 1161 2568 illic
1189 2536 1360 2576 reperietis
1382 2536 1533 2576 primum
1554 2537 1719 2569 Neronem
1747 2536 1784 2568 in
1805 2536 1891 2568 hanc
1914 2544 1966 2568 se-

1094 2591 1182 2618 ctam
1197 2595 1272 2618 cum
1287 2587 1436 2618 maxime
1451 2587 1574 2619 Romae
1588 2588 1747 2619 orientem
1763 2586 1966 2619 Caesariano

1093 2636 1206 2678 gladio
1226 2636 1391 2676 ferocisse.
1412 2653 1447 2658 —
1466 2636 1502 2668 in
1523 2645 1622 2668 usum
1643 2637 1798 2668 nocturni
1820 2635 1964 2677 luminis]

1096 2694 1186 2727 «pro
1209 2684 1433 2718 luminibus».
1452 2702 1488 2708 -—
1513 2686 1624 2731 hortos
1644 2687 1730 2726 suos]
1754 2687 1849 2718 trans
1866 2684 1965 2717 Tibe·

1093 2735 1177 2773 rim,
1202 2735 1236 2766 in
1259 2733 1349 2767 valle
1372 2731 1559 2767 Vaticana.''
1588 2735 1639 2768 Cf.
1666 2735 1720 2776 44,
1746 2735 1798 2768 44.
1828 2752 1864 2757 -
1889 2744 1966 2767 cur-

1092 2785 1198 2817 riculo
1213 2785 1372 2826 insistens]
1390 2785 1441 2817 Cf.
1463 2784 1515 2824 44,
1535 2785 1587 2818 44.
1604 2803 1640 2809 --
1661 2786 1841 2818 novissima
1855 2793 1965 2817 emem-

1088 2834 1160 2875 pla]
1186 2836 1362 2867 extremas
1386 2843 1519 2876 poenas
1543 2834 1618 2868 aliis
1644 2836 1680 2868 in
1703 2834 1865 2877 exempla
1889 2842 1965 2867 ces-

1092 2893 1205 2918 suras.
1232 2884 1282 2916 Cf.
1303 2885 1356 2924 42,
1375 2885 1428 2917 20.

1136 2933 1190 2966 45.
1215 2934 1420 2975 conferendis
1438 2935 1599 2978 pecuniis]
1625 2935 1754 2977 quibus
1774 2943 1880 2967 aurea
1898 2933 1963 2966 do—

1093 2991 1173 3016 mus
1188 2984 1338 3016 Neronis
1355 2985 1631 3018 construeretur.
1659 2985 1845 3018 Suetonius
1860 2992 1891 3017 c.
1906 2984 1960 3017 38:

1092 3033 1333 3066 conlationibus
1366 3044 1432 3066 non
1465 3036 1605 3076 receptis
1637 3036 1751 3074 modo,
1787 3043 1905 3066 verum
1934 3037 1965 3066 et

1093 3083 1300 3124 efflayitatis‚
1329 3086 1524 3124 provincias
1551 3087 1827 3126 privatorumque
1850 3093 1965 3116 census

1091 3141 1194 3173 prope
1215 3133 1381 3166 exhausit.
1409 3135 1471 3167 Dio
1495 3135 1549 3174 62,
1576 3135 1635 3167 48·
1661 3132 1854 3180 Χρήματα
1875 3132 1916 3167 δὲ
1940 3130 1963 3166 ὃ

1094 3182 1223 3228 Νέρων
1255 3182 1467 3227 παμπληθῆ
1491 3185 1559 3217 καὶ
1582 3181 1685 3230 παρὰ
1708 3182 1782 3216 τῶν
1807 3182 1963 3217 ἰδιωτῶν

1095 3231 1159 3263 καὶ
1183 3229 1286 3289 παρὰ
1307 3231 1382 3265 τῶν
1405 3231 1550 3276 δήμων,
1578 3231 1626 3266 τὰ
1646 3233 1719 3276 μὲν
1741 3232 1810 3277 βίᾳ
1832 3231 1894 3266 ἐπὶ
1914 3233 1961 3280 τῇ

1096 3279 1290 3327 προφάσει
1311 3282 1379 3316 τοῦ
1396 3281 1646 3328 ἐμπρησμοῦ,
1672 3280 1720 3315 τὰ
1738 3281 1779 3316 δὲ
1794 3283 1859 3317 καὶ
1875 3285 1961 3330 παρ’

1095 3328 1261 3364 ἑκόντων
1297 3330 1413 3375 δῆθεν
1449 3329 1754 3392 ἠργυρολόγησε,
1789 3333 1854 3366 καὶ
1888 3333 1963 3366 τῶν

743 3380 968 3423 Subintellige
1002 3390 1046 3414 ex
1091 3377 1286 3425 Ῥωμαίων
1307 3378 1435 3416 αἰτῶν
1456 3380 1501 3416 τὸ
1524 3383 1741 3430 σιτηρέσιον
1765 3381 1962 3431 παρεσπά-
