2254 3770
321 290 405 334 302

800 291 846 335 P.
864 290 1129 336 ,CORNELII
1158 291 1328 336 TACITI
1357 291 1625 338 ANNALIUM

322 411 476 443 recens
506 403 623 443 aetas
651 397 812 456 largius
843 397 1023 450 invenit3
1054 397 1179 442 simul
1209 398 1369 456 probra
1397 398 1438 442 in
1459 398 1718 443 Artabanum
1747 398 1992 451 fundebant,
2020 411 2113 444 ma·-

317 480 441 518 terna
469 473 635 532 origine
665 472 918 522 Arsaciden,
957 479 1102 518 cetera
1132 473 1405 532 degenerem.
1451 473 1658 518 Tiridates
1686 488 1780 519 rem
1809 474 2114 519 Seleucensem

321 549 481 607 populo
521 549 737 607 permittit.
792 562 892 593 mox
922 549 1165 595 consultans
1195 562 1384 607 quonam
1412 548 1484 594 die
1514 549 1732 594 sollemnia
1761 550 1881 608 regni
1912 563 2115 608 capesse-

321 630 406 675 ret,
446 624 607 669 litteras
644 624 837 668 Phraatis
880 631 923 669 et
951 625 1169 675 Hieronis,
1210 625 1284 683 qui
1314 624 1600 669 validissimas
1627 626 1918 684 praefecturas
1946 625 2115 685 optine-

287 700 440 752 sbant‚
481 700 653 758 accipit,
692 699 872 744 brevem
906 714 1070 744 moram
1109 700 1388 758 precantium.
1445 700 1733 760 placitumque
1773 702 1961 760 opperiri
1998 701 2114 746 viros

320 775 643 834 praepollentis,
687 781 817 834 atque
856 776 1025 820 interim
1055 775 1303 834 Ctesiphon,
1351 775 1480 820 sedes
1523 776 1708 835 imperii,
1751 778 1895 836 petita.
1926 776 2006 822 sed
2039 775 2114 822 uhi

320 851 436 895 diem
474 866 527 895 ex
556 850 628 895 die
657 851 946 909 prolatabant,
988 851 1130 895 multis
1160 866 1304 896 coram
1336 858 1378 895 et
1408 851 1745 910 adprobantibus
1776 853 1940 898 Surena
1974 852 2114 911 patrio

320 941 440 971 more
462 926 677 972 Tiridaten
705 927 858 986 insigni
889 928 1008 986 regio
1037 927 1207 972 evinxit.

1245 927 1326 984 (43)
1349 940 1400 972 ac
1420 927 1456 971 si
1477 928 1615 972 statim
1636 928 1839 973 interiora
1859 934 2115 986 ceterasque

320 1003 514 1047 nationes
552 1003 791 1061 petivisset,
835 1017 1045 1061 oppressa
1083 1003 1372 1048 cunctantium
1410 1003 1616 1048 dubitatio
1646 1011 1689 1048 et
1717 1017 1868 1048 omnes
1909 1003 1952 1046 in
1980 1017 2112 1047 unum

269 1091 307 1122 ιο
321 1078 554 1124 cedebant:
584 1077 826 1125 adsidendo
856 1077 1098 1130 castellum,
1130 1079 1172 1121 in
1203 1078 1319 1136 quod
1354 1080 1582 1137 pecuniam
1600 1086 1644 1124 et
1667 1079 1856 1138 paelices
1877 1078 2114 1124 Artabanus

318 1154 575 1205 contulerat,
620 1153 738 1198 dedit
776 1154 960 1212 spatium
990 1153 1175 1198 exuendi
1206 1161 1344 1212 pacta.
1388 1168 1487 1199 nam
1516 1155 1719 1199 Phraates
1748 1161 1792 1199 et
1819 1154 1971 1206 Hiero,
2005 1160 2049 1199 et
2076 1154 2113 1198 si

319 1231 393 1289 qui
434 1230 504 1275 alii
535 1229 750 1278 delectum
786 1229 996 1288 capiendo
1028 1229 1258 1274 diademati
1289 1230 1403 1274 diem
1435 1230 1518 1275 bau
1549 1230 1974 1281 concelebraverant,
2012 1242 2114 1288 pars

318 1313 454 1358 metu,
486 1306 662 1365 quidam
691 1305 851 1350 invidia
881 1305 923 1349 in
953 1305 1254 1363 Abdagaesen,
1287 1307 1361 1364 qui
1391 1312 1482 1349 tum
1511 1306 1607 1350 aula
1637 1311 1680 1350 et
1707 1320 1821 1350 novo
1845 1319 1948 1364 rege
1976 1305 2115 1364 potie-

317 1382 459 1434 batur,
497 1382 552 1426 ad
581 1381 842 1427 Artabanum
874 1388 1053 1427 vertere.
1105 1381 1229 1439 isque
1267 1381 1309 1424 in
1345 1382 1557 1441 Hyrcanis
1595 1388 1792 1440 repertus
1826 1386 1910 1432 est,
1956 1380 2114 1427 inluvie

268 1469 305 1500 ⁴5
318 1458 484 1505 obsitus
514 1464 557 1502 et
585 1457 784 1502 alimenta
814 1471 918 1503 arcu
940 1456 1186 1515 expediens.
1234 1471 1284 1502 ac
1304 1458 1462 1515 primo,
1495 1464 1712 1516 tamquam
1732 1456 1857 1501 dolus
1876 1462 2111 1515 pararetur,

318 1535 503 1586 territus,
535 1533 608 1578 ubi
639 1534 739 1578 data
768 1533 876 1578 fides
902 1532 1150 1578 reddendae
1171 1533 1449 1578 dominationi
1468 1533 1651 1583 venisse,
1683 1532 1905 1577 adlevatur
1925 1532 2113 1577 animum

318 1617 363 1655 et
389 1624 503 1669 quae
533 1609 757 1668 repentina
785 1609 962 1653 mutatio
993 1609 1190 1667 exquirit.
1222 1615 1309 1653 tum
1340 1609 1470 1653 Hiero
1501 1609 1728 1666 pueritiam
1748 1608 1943 1653 Tiridatis
1973 1608 2113 1653 incre-

317 1692 408 1745 pat,
440 1700 583 1744 neque
612 1699 748 1744 penes
778 1685 1288 1743 Arsacidenimperium,
1320 1683 1400 1728 sed
1430 1684 1554 1728 inane
1584 1698 1738 1728 nomen
1765 1683 1879 1742 apud
1911 1682 2112 1729 inbellem

319 1768 495 1807 externa
534 1761 726 1811 mollitia,
770 1761 857 1818 vim
896 1760 939 1804 in
978 1759 1243 1818 Abdagaesis
1291 1759 1433 1804 domo.
1478 1760 1560 1818 (44)
1590 1760 1724 1805 sensit
1751 1767 1875 1804 vetus
1905 1758 2109 1817 regnandi

266 1838 461 1885 sofalsos,
483 1838 527 1882 in
567 1851 714 1882 amore
750 1835 850 1881 odia
877 1850 963 1880 non
992 1835 1166 1895 fingere.
1212 1849 1294 1880 nec
1323 1835 1431 1880 ultra
1461 1843 1671 1888 moratus,
1712 1850 1840 1895 quam
1871 1835 1975 1880 dum
2003 1836 2112 1895 Scy⁴

317 1915 483 1959 tharum
514 1912 670 1958 auxilia
691 1912 890 1963 conciret,
921 1911 1060 1970 pergit
1087 1926 1300 1970 properus
1322 1918 1364 1956 et
1384 1912 1667 1970 praeveniens
1688 1911 1956 1956 inimicorum
1978 1917 2108 1961 astus,

317 1990 554 2035 amicorum
581 1987 886 2048 paenitentiam
897 2002 910 2041 ;-
938 2001 1082 2046 neque
1112 1994 1289 2032 exuerat
1317 1986 1553 2046 paedorem
1571 1994 1619 2031 ut
1638 1987 1812 2046 vulgum
1836 1987 2110 2032 miseratione

383 2139 415 2172 4.
439 2140 588 2170 materne
609 2137 644 2171 M
667 2153 704 2159 —
729 2135 762 2169 2.
789 2136 945 2177 degenere
967 2135 1001 2169 M
1025 2153 1061 2159 —
1087 2133 1120 2168 4.
1141 2134 1365 2176 praefecturis
1386 2134 1420 2168 M
1444 2151 1480 2158 -
1505 2134 1538 2167 ὃ.
1555 2134 1680 2176 operiri
1702 2134 1735 2168 M
1751 2151 1787 2157 —
1814 2134 1846 2167 6.
1866 2133 1902 2168 C.
1922 2131 2059 2176 Tesiph6
2074 2134 2109 2168 M

320 2213 355 2221 -
383 2195 416 2228 7.
440 2194 570 2228 exdiem
592 2193 625 2227 M
651 2210 688 2217 —-
713 2192 747 2225 8.
772 2191 899 2224 tiridan
921 2192 972 2231 M3
999 2191 1178 2224 Tiridatem
1201 2199 1338 2233 margo.
1357 2208 1393 2214 -
1419 2190 1452 2224 9.
1477 2190 1679 2224 dubitatione
1699 2198 1810 2223 omnes
1831 2190 2108 2225 Freinshemius.

318 2270 356 2277 -
382 2250 455 2286 om's
476 2253 511 2286 M
533 2268 570 2275 —
596 2250 650 2283 40.
675 2249 845 2282 adsitendo
867 2249 901 2282 M
927 2265 963 2271 ——
990 2248 1043 2281 44.
1067 2249 1227 2281 eoesuendi
1249 2249 1282 2281 M
1306 2265 1342 2271 —
1370 2248 1424 2280 42.
1449 2247 1523 2280 haci
1546 2248 1599 2288 M;
1623 2247 1713 2280 haud
1727 2247 1891 2280 Pichena.
1912 2264 1950 2272 —
1974 2246 2029 2280 43.
2047 2247 2110 2280 ab·

317 2311 456 2357 dacqsen
485 2309 519 2343 M
549 2324 585 2331 -
621 2307 674 2340 48.
698 2306 849 2340 inbellem
872 2314 964 2339 corr.
989 2314 1009 2338 a
1031 2306 1146 2348 prima
1170 2313 1277 2338 manu
1301 2314 1345 2338 ex
1366 2304 1521 2338 inbellum
1543 2305 1577 2339 M
1601 2321 1637 2328 —
1663 2305 1718 2338 20.
1743 2312 1846 2346 quam
1868 2303 1947 2337 dum
1968 2303 2109 2338 Rhena-

317 2375 402 2401 nus:
428 2373 531 2408 quam
552 2367 623 2397 tum
643 2364 695 2403 M3
720 2366 883 2406 quantum
904 2360 1108 2396 Beroaldus.
1134 2379 1167 2386 —
1196 2362 1251 2395 22.
1275 2363 1433 2395 ewsuerat
1454 2369 1508 2404 pr.
1533 2361 1586 2400 M;
1614 2363 1748 2394 exserat
1769 2369 1861 2394 corr.
1885 2359 1932 2395 M.
2076 2352 2078 2355 ’

316 2495 449 2531 bitratu
477 2502 520 2527 ac
547 2500 612 2535 pro
641 2489 756 2524 lubitu
783 2488 1056 2523 moderantium.
1093 2488 1189 2522 Thu-

318 2545 400 2588 cyd.
421 2544 454 2584 3,
473 2543 531 2576 62':
557 2538 748 2585 ἐγγυτάτω
771 2536 960 2586 ,τυράννου
983 2536 1188 2572 δυναστεία

318 2592 457 2640 ὀλίγων
479 2589 638 2640 ἀνδρῶν.
659 2609 694 2616 -
713 2593 869 2624 materna
888 2589 1026 2632 oriyine]
1043 2590 1094 2623 De
1111 2590 1187 2624 eius

318 2647 433 2682 matre
455 2642 540 2681 nihil
562 2642 711 2676 constat.
739 2640 982 2674 Arsacidarum
995 2648 1013 2673 e
1027 2640 1189 2681 sanquine

318 2697 446 2731 dicitur
475 2694 514 2734 2,
543 2692 575 2726 3.
615 2691 755 2725 Ibidem
787 2691 926 2731 patrem
959 2689 1187 2731 peregrinum

317 2747 427 2781 fuisse
449 2741 665 2785 significatur
679 2740 800 2774 verbis
816 2742 897 2781 aput
910 2739 1028 2773 Dahas
1041 2739 1185 2772 adultus.

319 2796 370 2831 Cf.
396 2795 432 2831 6.
456 2793 519 2827 36:
550 2791 717 2832 Hyrcanis
739 2789 993 2830 Carmaniisque
1014 2797 1079 2830 per
1101 2789 1188 2830 adfl—

316 2848 456 2880 nitatem
476 2846 623 2879 inncxus
644 2845 730 2876 erat.
758 2859 795 2866 —
821 2839 1004 2882 Ctesiphon}
1028 2839 1078 2873 Ea
1100 2838 1188 2872 urbs

318 2897 393 2931 sive
415 2901 528 2938 pagus
550 2892 666 2935 potius
682 2891 819 2925 vicinus
835 2889 1030 2924 Seleuciae.
1061 2888 1187 2922 Strabo

318 2948 373 2988 46,
391 2947 424 2987 4,
441 2945 484 2979 46
506 2952 542 2986 p.
559 2942 643 2976 743:
667 2940 844 2985 Πλησίον
865 2939 896 2974 δ’
920 2940 1003 2974 ἐστὶ
1025 2938 1108 2983 (τῆς
1123 2939 1189 2972 Σε-

317 2994 485 3037 λευκίας)
515 2989 628 3035 κώμη
650 2989 861 3034 Κτησιφῶν
883 2989 1088 3035 λεγομένη,
1117 2999 1188 3033 με-

316 3045 428 3092 γάλη.
467 3040 610 3087 ταύτην
640 3040 669 3075 δ’
698 3040 902 3076 ἐποιοῦντο
925 3039 1126 3084 χειμάδιον
1149 3040 1190 3074 οἰ

316 3095 392 3130 τῶν
414 3093 646 3142 Παρθυαίων
668 3090 853 3132 βασιλεῖς.
889 3091 1018 3125 Plinius
1040 3092 1082 3124 N.
1106 3091 1148 3124 H.
1167 3090 1187 3123 6

318 3147 338 3189 S
363 3146 445 3180 ⁴22:
479 3144 531 3178 Ad
557 3143 645 3176 hanc
667 3140 898 3184 (Seleuciam)
922 3141 1188 3174 exhauriendam

318 3195 554 3236 Ctesiphontem
574 3193 677 3226 iuxta
697 3191 832 3224 tertiam
854 3190 896 3222 ab
919 3199 960 3223 ea
986 3190 1130 3231 lapidem
1150 3190 1188 3223 in

320 3245 525 3280 chalonitide
540 3243 715 3279 condidere
729 3241 861 3279 Parthi,
883 3240 971 3281 quod
983 3250 1073 3273 nunc
1089 3243 1187 3281 caput

317 3299 364 3328 est
385 3302 577 3337 regnorum.
604 3309 641 3316 -
665 3289 812 3332 Surena]
845 3291 979 3322 Nomen
1011 3289 1186 3331 dignitatis

318 3344 553 3378 hereditariae
588 3342 624 3375 et
657 3339 802 3383 quidem
835 3338 1017 3382 proximae
1051 3347 1072 3370 a
1101 3347 1187 3379 rege

319 3392 414 3435 apud
441 3391 609 3432 Parthos,
639 3390 740 3425 cuius
769 3386 902 3422 mentio
924 3385 1019 3428 apud
1042 3386 1188 3420 Strabo-

321 3451 404 3479 nem
425 3442 481 3485 46,
505 3443 539 3485 4,
562 3440 605 3476 23
627 3448 663 3484 p.
688 3438 764 3474 747.
782 3478 783 3481 Ἴ
798 3435 975 3473 Plutarch.
998 3436 1036 3470 in
1058 3436 1186 3470 Crasso

1239 2497 1269 2523 c.
1296 2489 1338 2522 56
1362 2488 1398 2521 et
1419 2487 1472 2521 59.
1499 2486 1627 2521 zosim.
1649 2486 1683 2528 3,
1709 2487 1762 2520 45.
1786 2486 1993 2520 Ammianus
2013 2485 2109 2520 Mar-

1238 2537 1384 2572 cellinus
1400 2537 1455 2578 24.
1472 2537 1513 2570 2:
1538 2537 1671 2570 Surena
1686 2539 1765 2578 post
1783 2544 1896 2578 regem
1917 2535 2014 2578 apud.
2026 2536 2110 2570 Per-

1237 2598 1293 2624 sas
1307 2588 1514 2631 promeritae
1535 2588 1722 2630 dignitatis.
1756 2586 1808 2620 Cf.
1833 2585 1889 2627 30,
1910 2587 1951 2619 2:
1975 2586 2110 2620 Seu-ena

1235 2640 1408 2682 potestatis
1439 2639 1602 2672 secundae
1630 2641 1706 2680 post
1737 2645 1861 2679 reuom-
1894 2654 1932 2662 -
1966 2636 2107 2679 ovio-avit]

1238 2690 1388 2724 verbum
1423 2688 1468 2722 de
1496 2688 1565 2723 hac
1592 2695 1634 2722 re
1664 2688 1862 2731 proprium.
1903 2685 1955 2720 Cf.
1985 2686 2040 2726 44,
2064 2685 2105 2720 b:

1239 2741 1417 2774 Claudium
1430 2739 1542 2780 spicea
1555 2747 1682 2771 corona
1695 2738 1872 2772 evinctum.
1897 2737 1952 2778 ⁴5,
1969 2736 2010 2769 2:
2033 2736 2108 2771 dia·

1238 2792 1366 2824 demate
1392 2793 1494 2831 caput
1516 2789 1675 2823 Tiridatis
1703 2787 1843 2822 evinoeit.
1873 2786 1959 2821 [list.
1983 2785 2018 2827 t,
2040 2785 2104 2820 ³22

1236 2842 1383 2883 spatium
1403 2849 1517 2880 mnne,
1547 2840 1635 2882 quod
1657 2839 1776 2881 templo
1798 2837 2107 2879 dicabam-‚wai-

1237 2894 1327 2924 ctum
1347 2890 1440 2923 vittis
1460 2890 1667 2931 coronisque.

1280 2963 1334 2998 43.
1360 2962 1528 3006 oppressa]
1550 2963 1600 2997 Ex
1622 2961 1736 2996 verbo
1753 2959 1849 3004 quod
1872 2960 2032 3005 sequitur
2047 2969 2106 2995 ca-

1237 3015 1356 3049 debant
1371 3012 1495 3057 supple
1510 3016 1594 3047 erat.
1611 3031 1647 3038 —
1666 3011 1858 3055 adsidendo]
1881 3012 1993 3046 otiose
2009 3010 2105 3056 apud

1236 3063 1322 3098 illud
1344 3062 1527 3098 castellum
1552 3065 1695 3106 tempus
1717 3062 1867 3096 terendo
1889 3062 1965 3096 sine
1989 3060 2104 3105 oppu-

1237 3114 1418 3157 gnatione,
1443 3121 1560 3156 neque
1584 3111 1662 3146 ullis
1685 3112 1857 3146 machinis
1873 3109 2102 3153 turrihusque

1238 3163 1463 3198 constructis.
1500 3163 1550 3196 Cf.
1576 3162 1614 3203 3,
1639 3161 1692 3196 34.
1727 3179 1764 3187 -
1798 3169 1883 3195 arcu
1911 3158 2102 3202 emmim]

1237 3214 1367 3247 venatu
1390 3211 1456 3246 sibi
1480 3221 1628 3255 parans,
1662 3212 1701 3244 ut
1723 3212 1865 3245 Sueton.
1897 3208 1960 3243 Iul.
1984 3206 2024 3243 i:
2057 3208 2104 3242 ad

1236 3261 1458 3303 expediendas
1472 3262 1645 3303 pecunias.
1667 3277 1704 3285 —
1729 3268 1818 3303 quae
1835 3258 2011 3301 repentina
2029 3266 2104 3292 nno-

1236 3311 1330 3354 tatio]
1353 3311 1427 3346 scil.
1452 3311 1543 3346 facte
1566 3313 1673 3346 esset.

1279 3385 1334 3420 44,
1357 3389 1453 3419 vetus
1472 3385 1647 3428 recitandi]
1672 3384 1724 3418 Cf.
1749 3391 1783 3421 c.
1805 3383 1862 3416 ⁴2.
1882 3400 1919 3407 -
1939 3382 2044 3424 [daos
2062 3382 2101 3416 in

1235 3443 1350 3469 amore
1365 3434 1447 3477 cet.]
1470 3434 1631 3476 eosdem,
1656 3433 1715 3476 qui
1739 3431 1815 3467 falsi
1836 3431 1935 3475 prins
1953 3431 2103 3467 tuissent
