2254 3770
307 304 389 350 558

784 311 828 353 P.
861 309 1111 354 CORNELII
1139 310 1311 355 TACITI
1338 311 1608 358 ANNALIUM

307 413 427 466 tium,
468 415 681 459 Neronem
718 421 791 459 aut
828 415 1064 474 Tigillinum
1093 423 1166 461 aut
1195 430 1325 476 quem
1355 417 1485 461 alium
1514 419 1750 476 potentium
1779 420 1975 466 adulatus
2005 429 2092 468 est:

304 488 383 532 sed
413 488 570 548 flagitia
598 490 803 548 principis
833 491 914 535 sub
944 492 1187 536 nominibus
1218 492 1482 537 exoletorum
1508 493 1847 554 feminarumque
1869 502 1912 540 et
1930 498 2093 542 novita-

303 571 390 608 tem
419 565 630 623 cuiusque
660 566 794 623 stupri
824 567 1076 624 perscripsit
1105 574 1234 625 atque
1264 568 1486 625 obsignata
1516 569 1630 612 misit
1667 571 1837 614 Neroni.
1881 571 2091 632 fregitque

303 639 488 691 anulum,
519 653 574 684 ne
603 654 702 684 mox
729 641 826 684 usui
858 648 974 685 esset
1002 642 1055 686 ad
1089 642 1281 686 facienda
1312 643 1514 701 pericula.
1558 645 1644 702 (20)
1673 645 1900 703 ambigenti
1921 647 2088 700 Neroni,

270 728 488 773 squonam
520 715 648 759 modo
677 716 865 759 noctium
895 730 1070 760 suarum
1102 718 1269 775 ingenia
1300 725 1592 771 notescerent,
1633 719 1810 764 offertur
1838 721 1959 774 Silia,
2001 736 2091 767 ma-

302 790 498 834 trimonio
542 791 752 834 senatoris
796 790 910 834 haud
949 792 1091 849 ignota
1133 799 1176 836 et
1204 793 1286 851 ipsi
1317 793 1369 837 ad
1402 807 1573 838 omnem
1602 794 1819 839 libidinem
1849 796 2011 842 adscita
2040 811 2091 843 ac

301 866 500 909 Petronio
542 879 752 924 perquam
789 866 1019 910 familiaris.
1064 868 1201 925 agitur
1240 869 1282 910 in
1313 868 1504 921 exilium,
1543 876 1758 928 tamquam
1789 885 1874 915 non
1903 871 2091 918 siluisset

299 954 414 999 quae
443 940 609 984 viderat
638 941 979 1025 pertuleratque,
1012 943 1188 1000 proprio
1219 942 1332 1026 odio.
1378 950 1420 987 at
1450 945 1677 1028 Minucium
1709 944 1935 1030 Thermum
1964 961 2091 1005 prae·
2150 947 2155 953 ’

250 1106 287 1135 10
300 1092 355 1136 de
385 1091 578 1150 Tigillino
609 1092 836 1136 criminose
867 1092 1096 1143 detulerat,
1128 1107 1240 1151 quae
1271 1094 1529 1138 cruciatibus
1549 1101 1856 1139 tormentorum
1877 1097 1982 1155 ipse,
2013 1111 2091 1156 pa-

297 1173 447 1211 tronus
477 1168 570 1211 eius
600 1180 708 1211 nece
738 1167 933 1229 inmerita
963 1166 1096 1211 luere.

411 1243 491 1299 (21)
532 1243 766 1287 Trucidatis
809 1249 871 1286 tot
913 1243 1148 1301 insignibus
1193 1243 1295 1287 viris
1334 1243 1388 1287 ad
1431 1251 1696 1302 postremum
1735 1246 1847 1290 Nero
1885 1248 2084 1292 virtutem

299 1319 435 1376 ipsam
456 1318 686 1363 excindere
707 1318 951 1376 concupivit
971 1317 1191 1363 interfecto
1212 1318 1398 1363 Thrasea
1418 1320 1550 1364 Paeto
1570 1327 1613 1364 et
1633 1322 1767 1365 Barea
1788 1321 1964 1375 Sorano,
1987 1322 2088 1367 olim

363 1447 394 1479 4.
419 1446 596 1489 ιόρίαἱηιινη
618 1446 669 1480 M:
698 1446 893 1488 Tiyellinum
915 1445 1030 1487 vulgo.
1055 1446 1144 1480 Vide
1161 1446 1207 1480 ad
1224 1455 1260 1489 p.
1278 1446 1354 1486 475,
1373 1447 1405 1480 7.
1426 1465 1462 1471 -
1487 1448 1520 1480 2.
1545 1448 1766 1482 exsoletorum
1788 1450 1821 1483 M
1845 1466 1880 1472 —
1906 1449 2088 1483 novitatem

296 1503 413 1536 Neue:
438 1495 587 1536 nouitate
607 1503 640 1536 M
667 1514 703 1526 —
730 1503 762 1535 5.
780 1503 900 1544 offetur
922 1503 955 1536 M
981 1520 1016 1526 —
1043 1502 1074 1535 6.
1100 1503 1169 1535 aud
1193 1503 1226 1536 M
1252 1521 1286 1526 -
1314 1503 1346 1536 7.
1365 1507 1528 1545 tanquam
1543 1505 1575 1537 M
1599 1523 1642 1529 —
1664 1505 1695 1538 8.
1715 1506 1900 1538 Minucium
1914 1505 2084 1547 Ryckius:

293 1560 478 1592 municium
501 1560 533 1593 M
559 1577 596 1583 —
622 1559 653 1593 9.
679 1559 815 1601 tiqillini
837 1559 890 1592 M:
925 1558 1074 1601 Tigellini
1099 1558 1216 1601 vulgo.
1249 1559 1300 1593 Cf.
1326 1569 1360 1592 v.
1387 1561 1417 1593 4.
1445 1577 1481 1583 -
1514 1560 1603 1593 dedit
1624 1560 1832 1594 Rhenanus:
1864 1562 2009 1595 dedum
2031 1562 2084 1602 Mg

293 1616 418 1649 dedidit
439 1614 507 1648 alii.
533 1632 570 1639 —
604 1617 658 1649 40.
682 1616 824 1657 εἰρᾶιίἱηο
847 1616 899 1649 Μ;
932 1615 1088 1658 leelllno
1110 1614 1228 1657 vulgo.
1260 1615 1312 1649 Cf.
1337 1625 1372 1648 v.
1398 1616 1430 1648 4.
1459 1635 1494 1640 -
1525 1617 1607 1658 ipsej
1636 1621 1776 1651 atron&
1796 1618 1828 1652 M
1855 1633 1892 1642 —
1919 1619 1972 1651 44.
1997 1618 2089 1652 luero

294 1671 487 1705 Acidalius:
518 1672 623 1705 lueret
644 1673 695 1714 M,
728 1673 784 1705 «in
808 1681 877 1715 qua
902 1671 1051 1705 lectione
1075 1675 1089 1704 t
1111 1681 1155 1705 ex
1178 1680 1254 1713 seq.
1280 1672 1456 1705 trucidatis
1481 1672 1656 1707 adhaesit,
1688 1673 1751 1714 (Cf.
1776 1682 1850 1707 var.
1874 1672 1956 1707 lect.
1980 1673 2025 1707 ad
2047 1683 2084 1717 p.

294 1727 370 1768 559,
396 1729 461 1770 42.)
494 1729 702 1762 Emendatio
726 1728 815 1761 luere
837 1729 907 1761 iam
930 1727 976 1760 ob
1001 1737 1081 1761 eam
1105 1737 1250 1762 causam
1266 1729 1468 1762 necessaria
1486 1730 1553 1769 est,
1583 1728 1680 1771 quod
1702 1729 1840 1763 Tacitus
1862 1730 1898 1763 in
1921 1728 1980 1763 tali
2001 1739 2087 1764 sen-

294 1786 424 1818 tentiae
449 1785 727 1818 conformatione
752 1784 925 1828 pluralem
948 1793 1137 1818 numerum
1160 1784 1262 1818 verbi
1285 1787 1449 1828 usurpat,
1477 1786 1516 1819 ut
1539 1786 1571 1826 4,
1595 1786 1628 1819 8.
1654 1786 1686 1827 6,
1710 1785 1765 1820 46.
1791 1787 1846 1827 42,
1870 1785 1924 1820 4⁴.
1949 1785 2004 1820 45.
2028 1786 2083 1828 ⁴4,

292 1841 348 1874 34.
371 1841 426 1874 53.
451 1842 506 1882 45,
530 1841 562 1876 7.
589 1843 642 1884 46,
667 1843 687 1875 7
711 1844 748 1875 et
769 1842 952 1885 permultis
975 1841 1050 1876 aliis
1072 1841 1170 1876 locis.
1196 1843 1305 1876 Ham.

291 1950 429 1991 partem
452 1947 578 1981 saltem
601 1947 778 1981 bonorum
802 1956 947 1981 suorum
964 1948 1160 1981 servarent.

294 2015 330 2021 —
355 1999 489 2041 tlayitia
505 1999 670 2039 principis
684 2016 703 2022 —
714 2015 734 2022 -
746 1999 950 2039 perscripsit]
974 1998 1044 2031 Hos
1061 2006 1161 2030 com-

291 2049 485 2082 mentarios
507 2048 638 2081 breves
661 2050 699 2081 et
719 2050 841 2091 paucis
862 2047 989 2082 diebus
1012 2057 1161 2090 compo-

290 2100 395 2140 sitos,
420 2098 465 2131 ah
488 2099 578 2131 irato
603 2099 740 2131 Nerone
763 2098 858 2131 haud
881 2098 989 2131 dubie
1010 2097 1158 2139 deletos,

290 2148 374 2181 nihil
397 2149 575 2191 pertinere
599 2147 645 2181 ad
666 2148 874 2190 primarium
892 2148 1044 2181 Petronii
1069 2149 1161 2181 scri-

289 2199 402 2241 ptum,
428 2198 547 2231 docuit
561 2198 714 2231 Ritterus
729 2198 763 2230 in
780 2198 901 2232 Museo
917 2198 1027 2231 Rhen.
1045 2206 1081 2240 p.
1096 2198 1160 2231 569

292 2249 418 2282 -ὕἩ,
447 2266 482 2273 -
507 2248 567 2281 sub
588 2247 785 2290 nominibus]
816 2249 1049 2281 «memoratis
1072 2249 1159 2290 ipsis

288 2298 491 2332 nominibus
525 2299 700 2340 virorum,
745 2299 805 2340 qui
843 2298 1030 2331 muliebria
1064 2299 1160 2340 passi

289 2351 401 2389 erant,
418 2358 462 2383 ac
477 2349 690 2382 feminarum
705 2348 951 2382 lascivarum.»
979 2349 1159 2390 (Ceterum

287 2408 433 2443 prorsus
466 2400 609 2433 diverse
643 2398 820 2432 Burnouf:
862 2400 919 2432 «Je
950 2407 1049 2440 pense
1081 2408 1160 2432 avec

287 2452 500 2490 Davaunati,
531 2451 698 2490 Petrucct',
725 2450 879 2490 Gordon,
905 2449 1049 2489 Crevier,
1074 2450 1159 2482 Dot-

286 2502 393 2535 tevine
420 2505 451 2534 et
479 2504 611 2541 autres,
645 2501 727 2542 qu'e'l
755 2501 855 2542 s’ayit
881 2501 922 2533 de
950 2508 1045 2532 nortis
1077 2509 1158 2541 sup-

280 2553 425 2595 poses»)
449 2570 485 2576 —
510 2552 691 2585 novitatem
711 2552 870 2593 metusque
891 2551 1010 2593 stupri]
1036 2550 1072 2583 id
1089 2552 1155 2590 est,

286 2602 393 2645 «quid
415 2604 451 2636 in
462 2611 607 2644 quoque
622 2604 745 2644 stupro
763 2610 876 2635 novae
894 2610 936 2634 ac
954 2604 1158 2634 monstruo—

285 2662 348 2686 sae
377 2652 531 2686 libidinis
558 2653 759 2694 quaesitum
782 2653 912 2685 esset.»
939 2669 975 2674 —
1006 2651 1157 2691 anulum]

285 2704 527 2745 signatorium,
553 2702 672 2742 talem,
697 2701 792 2744 quali
810 2701 906 2734 haud
928 2701 1035 2734 dubie
1055 2700 1157 2734 abusi

285 2755 388 2786 erant
398 2753 636 2792 accusatores,
653 2760 768 2794 nuper
780 2752 1020 2785 adsimulandis
1031 2751 1158 2784 Lucam·

283 2804 425 2844 litteris,
445 2803 517 2836 vid.
542 2812 574 2836 c.
601 2804 654 2836 47.
679 2803 788 2835 ΒοΕΒ.

327 2854 382 2888 20.
407 2853 585 2896 migma·
606 2854 732 2886 Neroni
755 2852 837 2894 cet]
870 2853 961 2885 Scita
988 2854 1043 2886 est
1064 2853 1154 2885 Bur-

284 2903 392 2938 mfii
419 2903 620 2937 adnotatio:
656 2903 708 2935 «ll
734 2903 809 2944 faut
837 2906 906 2936 etre
925 2904 1015 2944 juste
1040 2911 1155 2936 envers

282 2955 438 2993 nemun
466 2954 520 2986 s'e'l
545 2953 803 2985 s’abandonnait
830 2961 920 2993 pour
946 2962 1004 2985 son
1027 2957 1156 2994 compte

282 3014 356 3038 aaa:
375 3007 464 3038 vices
482 3003 676 3045 nyreables,
705 3003 758 3035 s't‘l
784 3003 908 3044 reqlait
928 3003 958 3035 le
979 3006 1036 3035 ton
1057 3006 1088 3035 et
1109 3003 1154 3036 les

281 3062 488 3087 amemens
506 3054 550 3086 de
570 3053 605 3085 la
626 3061 726 3092 cour,
750 3061 797 3084 au
810 3052 918 3084 moins
931 3060 1016 3085 nous
1028 3061 1154 3092 noyons

281 3103 326 3136 ἰοί
348 3103 430 3144 ρι’-41
450 3109 492 3136 ne
511 3102 704 3144 pammait
722 3109 788 3142 pas
809 3101 855 3133 les
870 3101 1048 3134 debauches
1069 3102 1152 3134 hon-

282 3156 385 3186 teum
406 3156 436 3186 et
458 3153 591 3186 wok-§os
612 3152 658 3184 du
679 3147 792 3191 tumis.
827 3151 1017 3184 Autrement
1037 3152 1152 3184 Neron

281 3204 412 3236 n’avait
435 3211 500 3244 pas
526 3211 569 3235 eu
589 3202 699 3235 besem
721 3202 761 3234 de
781 3201 934 3233 chmher
956 3201 1013 3242 qua·
1039 3202 1084 3234 les
1105 3201 1152 3234 lui

283 3255 380 3286 avait
400 3253 578 3286 revelans.-
603 3269 640 3276 —
670 3252 817 3284 uocum»
843 3259 982 3284 suarum
1004 3251 1149 3294 inqem'a]

284 3304 320 3336 h.
339 3312 371 3336 e.
395 3303 552 3336 noctium
581 3311 601 3335 a
628 3310 667 3336 se
697 3302 922 3344 peractarum
948 3300 1084 3334 indoles
1113 3302 1151 3334 et

284 3353 416 3392 forma;
449 3352 493 3386 cf.
518 3352 551 3392 3,
575 3352 630 3385 26.
655 3352 741 3384 Hist.
765 3351 798 3391 2,
822 3350 883 3383 Ἥ.
916 3353 1022 3383 cetero
1042 3351 1150 3383 Nero-

281 3404 407 3436 mnae
429 3403 528 3436 aulae
547 3402 692 3443 maenio.
718 3417 754 3425 -
783 3400 922 3441 pmprio
944 3399 1029 3441 odio]
1050 3400 1149 3433 Haec

282 3460 355 3487 non
376 3451 423 3485 ad
444 3451 562 3486 Siliam
585 3451 733 3485 Neronis
760 3449 925 3484 libidines
946 3448 1043 3482 haud
1064 3450 1150 3482 ret-l-

1211 1948 1352 1980 centem
1375 1947 1589 1988 referuntur,
1613 1949 1653 1981 ut
1674 1947 1749 1983 vult
1770 1947 1994 1990 waltherus,
2017 1948 2084 1984 sed

1211 1998 1257 2031 ad
1272 1999 1450 2032 Neronem
1460 2024 1468 2040 ,
1494 1999 1552 2041 qui
1568 2001 1756 2041 propterea
1773 1998 1891 2033 Siliam
1906 1999 1988 2033 odio
2003 2008 2084 2042 per-

1210 2047 1445 2090 sequebatur;
1467 2051 1694 2091 opponuntur
1709 2051 1828 2083 autem
1844 2050 2028 2092 sequentia
2044 2053 2083 2083 at

1209 2099 1412 2139 Minucium,
1437 2107 1545 2140 quem
1568 2099 1645 2141 ipse
1668 2108 1739 2132 non
1762 2099 1907 2141 oderat,
1937 2099 2081 2142 stylum·

1207 2149 1431 2181 simultatibus
1443 2150 1542 2182 dedit.
1558 2166 1594 2173 —
1612 2150 1797 2183 Minucium
1813 2150 1997 2192 stomun]
2014 2148 2083 2183 ffli-

1209 2207 1271 2232 um
1296 2199 1445 2232 fortasse
1469 2200 1565 2239 eius,
1589 2201 1635 2234 de
1658 2208 1729 2242 quo
1753 2200 1786 2240 6,
1810 2201 1844 2233 7.
1871 2218 1907 2224 -
1935 2200 2079 2243 milzini

1208 2249 1431 2282 simultatibus
1451 2248 1549 2291 dedit]
1574 2249 1625 2282 Cf.
1651 2250 1683 2291 4,
1710 2250 1773 2283 4οε
1811 2250 1916 2284 Cassii
1937 2253 1968 2284 et
1989 2251 2082 2284 Bru·

1208 2302 1319 2332 torum
1347 2299 1457 2332 emitus
1480 2300 1632 2340 paternis
1658 2299 1842 2333 ininucitiis
1869 2301 1977 2333 datos.
2013 2300 2081 2333 Pro

1208 2349 1358 2382 lectione
1389 2350 1512 2383 dedidit
1539 2348 1656 2382 afferri
1685 2352 1834 2392 possunt
1864 2349 1932 2383 loci
1963 2350 1996 2391 3,
2022 2350 2078 2384 23.

1209 2400 1263 2440 ⁴6,
1289 2400 1343 2433 ιο.
1371 2417 1407 2423 -
1433 2400 1598 2441 quaedam
1626 2400 1665 2432 ae
1693 2400 1854 2444 Tigillino]
1885 2409 1906 2434 a
1929 2401 2080 2435 Minucio
2150 2382 2157 2386 ”

1208 2451 1243 2483 in
1267 2450 1482 2483 deteriorem
1505 2452 1644 2492 partem
1668 2450 1773 2484 dicta.

1251 2501 1305 2534 2⁴.
1332 2501 1477 2533 Thrasea
1497 2500 1607 2543 Paeto]
1633 2500 1685 2534 Cf.
1711 2501 1764 2542 43,
1789 2500 1844 2535 49.
1870 2500 1924 2542 44,
1949 2501 2004 2535 ⁴2.
2021 2501 2077 2535 48.

1209 2551 1262 2591 46,
1283 2551 1337 2583 20.
1355 2550 1408 2583 23.
1434 2547 1631 2592 Πούπλιος
1646 2550 1822 2597 Θρασέας
1844 2550 1990 2593 Παῖτος
2011 2559 2079 2586 no-

1208 2601 1362 2633 minatur
1384 2609 1403 2633 a
1428 2601 1539 2634 Dione
1562 2601 1616 2640 64,
1643 2601 1696 2633 45.
1735 2601 1910 2634 «Thrasea
1932 2601 1990 2634 hic
2012 2600 2079 2633 ad-

1207 2651 1355 2684 mirator
1369 2652 1494 2684 unicus
1511 2651 1664 2690 Catonis,
1685 2650 1730 2683 de
1747 2651 1847 2684 cuius
1862 2651 1930 2684 vita
1947 2649 2077 2684 librum

1207 2701 1365 2743 scripsit,
1398 2701 1575 2734 indicante
1606 2699 1792 2734 Plutarcho
1817 2702 1859 2742 (c.
1884 2701 1926 2734 25
1948 2702 1988 2735 et
2008 2700 2076 2743 37).

1207 2750 1345 2783 Laudes
1362 2750 1438 2783 eius
1453 2758 1599 2792 sparsae
1615 2751 1650 2783 in
1662 2750 1792 2791 Tacito,
1808 2750 1955 2784 Arriano
1971 2750 2074 2791 (Dina.

1206 2801 1238 2840 4,
1265 2801 1296 2839 4,
1321 2800 1393 2842 26),
1426 2801 1555 2839 Dione;
1592 2800 1656 2833 sed
1685 2802 1767 2834 ante
1800 2799 1865 2833 alia
1896 2800 2076 2842 egregium

1205 2849 1357 2892 elogium
1381 2849 1426 2882 de
1456 2848 1514 2882 illo
1541 2850 1650 2892 ipsius
1672 2850 1821 2884 Neronis
1843 2850 1878 2883 in
1900 2849 2076 2883 Plutarchi

1204 2898 1321 2932 libello
1332 2897 1546 2932 Πολιτικῶν
1561 2897 1884 2959 παραγγελμάτων
1898 2900 1941 2933 33
1952 2908 1990 2942 p.
1996 2899 2073 2933 8⁴0:

1203 2949 1334 2996 Νέρων
1363 2945 1493 2993 ὀλίγον
1520 2945 1741 2996 εμπροσθεν
1762 2945 1792 2993 ἢ
1813 2951 1977 2994 κτεῖναι,
2007 2945 2076 2982 τὸν

1203 2999 1380 3059 Θρασέαν
1411 2997 1583 3042 μάλιστα
1614 2998 1742 3043 μισῶν
1772 2999 1839 3033 καὶ
1872 2995 2075 3042 φοβούμε-

1202 3059 1290 3091 νος,
1324 3046 1432 3092 ὅμως
1457 3047 1712 3094 ἐγκαλοῦντός
1740 3059 1843 3091 τινος
1867 3046 1921 3091 ὥς
1946 3045 2073 3090 zemulis

1201 3101 1428 3159 κεκριμένου
1457 3101 1521 3133 καὶ
1550 3096 1709 3142 ἀδίκως,
1740 3096 1983 3143 Ἐβουλόμην
2008 3094 2071 3140 ἄν,

1201 3146 1292 3194 ἐφη,
1318 3150 1495 3208 Θρασέαν
1518 3146 1640 3193 οὕτως
1655 3150 1724 3194 ἐμὲ
1739 3149 1878 3192 φιλεῖν,
1898 3146 1952 3191 ὦς
1965 3148 2071 3182 δικα-

1202 3197 1297 3243 στὴς
1318 3195 1480 3247 αριστός
1502 3199 1615 3234 ἐστιν.
1622 3213 1638 3231 ιο
1665 3202 1751 3234 Lirs.
1783 3201 1848 3234 Dio
1871 3200 1926 3241 62,
1950 3200 2012 3233 26.
2033 3196 2072 3232 ‘0

1200 3248 1242 3283 δὲ
1263 3247 1311 3293 δὴ
1335 3249 1510 3297 Θρασέας
1543 3251 1609 3283 καὶ
1640 3246 1663 3283 ὁ
1693 3247 1891 3296 Σωρανός,
1920 3249 1987 3282 καὶ
2007 3249 2071 3293 st-

1201 3309 1292 3342 νους
1313 3300 1380 3333 καὶ
1401 3298 1570 3334 πλούτου
1593 3298 1664 3344 τῆς
1684 3309 1726 3333 τε
1748 3299 1958 3343 συμπάσης
1977 3294 2070 3355 ἀρε·-

1200 3347 1270 3393 τῆς
1299 3349 1339 3391 ἐς
1365 3346 1413 3382 τὰ
1442 3348 1573 3407 πρῶτα
1597 3345 1826 3392 ἀνήκοντες,
1859 3346 2069 3392 ἐπιβουλῆς

1198 3399 1271 3442 μὲν
1300 3400 1427 3433 αἰτίαν
1455 3396 1527 3433 οὐκ
1554 3394 1685 3439 ἔσχον,
1713 3394 1910 3432 ἀπέθανον
1937 3396 1979 3432 δὲ
2000 3398 2067 3432 καὶ

1199 3446 1310 3483 αυτοὶ
1331 3447 1439 3491 τότε,
1471 3445 1533 3483 ὅτι
1555 3447 1723 3483 τοιοῦτοι
1746 3442 1860 3492 ἦσαν.
1890 3467 1921 3475 -
1953 3448 2066 3483 Bam
