2254 3770
286 345 384 376 xxu

287 438 524 482 hemeuter
566 437 809 481 hortamur
849 442 937 481 cet.
996 438 1087 480 Iam
1129 449 1185 479 ex
1227 437 1378 479 verbis
1415 449 1525 479 mox
1555 447 1661 478 vero
1691 448 1721 477 a
1749 434 1881 477 nobis
1909 437 2079 479 iterum

288 516 545 570 recoquitos
586 513 796 555 nonnulla
837 525 862 555 a
900 513 1122 556 Francino
1167 513 1392 567 correcta,
1433 511 1588 552 saltem
1620 512 1786 552 mutata
1818 522 1918 553 esse
1948 510 2079 554 colli-

288 592 401 647 gunt
413 602 425 640 3
465 589 566 643 sed,
607 590 796 643 excepto
828 590 974 631 tamen
1007 587 1237 630 Bernardo
1271 585 1545 629 Philomatbe
1578 585 1742 628 Pisano
1773 587 1817 627 in
1848 587 2078 642 praeclaro

291 664 364 705 illo
397 663 589 719 Apuleio
621 676 659 705 a.
688 662 753 705 M.
771 662 822 705 D.
842 662 1004 718 XXII,
1037 663 1234 718 plerique
1266 663 1337 703 isti
1368 661 1563 703 editores
1594 661 1759 702 Iuntini
1779 661 1931 703 verbis
1950 660 2079 704 dum-

292 741 418 781 taxat
448 738 691 797 magnificis
719 741 919 780 veterum
951 739 1214 793 scriptorum
1246 740 1526 779 correctores
1559 748 1659 778 sese
1691 737 1995 790 metaverant,
2025 749 2078 779 eo

293 815 386 857 fere
417 816 638 871 contenti,
668 816 716 856 ut
746 815 1010 856 anteriorem
1042 815 1229 868 aliquam
1252 812 1501 867 editionem,
1532 810 1723 853 Aldinas
1745 812 1964 868 imprimiS‚
1995 824 2080 856 ex-

294 891 542 945 primerent·

404 1226 549 1268 Alteri
590 1226 769 1268 editioni
813 1239 954 1281 pauca
997 1226 1239 1282 praefanda
1279 1226 1501 1269 babemus.
1563 1224 1672 1267 Post
1715 1222 1926 1268 Orellium
1958 1225 2081 1268 multi

291 1303 374 1343 viri
414 1301 558 1355 docti,
603 1303 743 1356 ipsius
782 1303 922 1357 copiis
963 1304 1115 1360 innisi,
1157 1315 1251 1344 cum
1294 1302 1478 1360 egregie
1519 1300 1573 1342 de
1604 1300 1760 1343 Tacito
1801 1301 1940 1343 meriti
1970 1302 2080 1356 sint,

291 1376 478 1432 HAAsz,
516 1376 800 1431 ΝιΡΡΕηυΕΥ,
840 1377 1098 1433 Rrrmuus,
1139 1376 1362 1434 Unmcns,
1402 1377 1496 1429 alii,
1535 1388 1643 1430 prae
1673 1377 1836 1417 ceteris
1865 1376 2081 1419 HALMms

291 1455 465 1503 noster,
498 1464 644 1493 eorum
676 1464 760 1506 ope
795 1451 909 1493 hand
941 1465 1081 1508 pauca
1103 1456 1146 1494 et
1178 1454 1221 1494 in
1243 1452 1386 1495 Taciti
1407 1452 1556 1494 verbis
1579 1455 1624 1493 et
1644 1452 1690 1492 in
1710 1436 2080 1506 interpretatione

291 1527 335 1567 in
367 1527 519 1568 melius
549 1529 714 1569 mutata
745 1530 869 1568 sunt:
913 1540 1169 1583 quamquam
1204 1528 1450 1580 festinatio,
1481 1538 1609 1582 quam
1641 1526 1907 1582 bibliopolae
1937 1527 2081 1569 ratio-

293 1614 371 1644 nes
402 1600 687 1660 flagitabant,
726 1615 886 1660 magno
917 1603 1226 1657 impedimento
1259 1603 1363 1658 fuit⁷
1404 1615 1460 1645 ne
1491 1603 1619 1658 plura
1648 1602 1722 1644 vel
1753 1600 1975 1643 emendari
2007 1602 2080 1644 vel
2154 1631 2157 1633 >

290 1676 392 1719 addi
424 1680 618 1731 possent.
664 1677 870 1719 Codicum
903 1677 1208 1720 Medic-eorum
1240 1678 1456 1720 lecti-ones
1487 1676 1714 1733 aliquanto
1739 1677 1913 1731 plenius
1933 1679 1977 1719 et
1998 1689 2080 1719 ac-

290 1753 486 1794 curatius
517 1752 726 1794 exhibere
760 1754 998 1806 potuimus,
1034 1766 1127 1795 cum
1161 1754 1351 1807 nostris,
1392 1766 1479 1795 non
1520 1753 1677 1795 alienis
1713 1751 1890 1795 schedis
1925 1755 2078 1794 utere-

291 1840 396 1868 mur.
446 1828 497 1869 In
530 1826 887 1885 orthographicis
919 1828 1050 1870 rebus
1080 1842 1106 1869 a
1136 1828 1333 1870 codicum
1365 1829 1585 1883 scriptura
1607 1827 1690 1869 nisi
1713 1829 1878 1869 monito
1910 1828 2078 1870 lectore

289 1915 377 1944 non
409 1901 701 1945 discessimus,
731 1903 1053 1956 Inscriptiones
1083 1904 1261 1957 saepius
1292 1905 1421 1945 etiam
1454 1915 1580 1958 quam
1611 1906 1745 1944 antea
1774 1903 1817 1943 in
1843 1915 1967 1945 usum
1991 1916 2077 1945 vo-

289 1979 416 2020 catae
441 1980 564 2018 sunt:
601 1990 709 2032 quas
729 1979 798 2019 ubi
823 1976 1079 2031 simpliciter
1103 1976 1272 2020 Inscrr.
1295 1978 1423 2021 Latt.
1451 1979 1785 2032 nominavimus,
1801 1977 2077 2036 significatur

288 2053 491 2096 collectio
523 2050 767 2103 Oretstana,
802 2054 1021 2094 volumine
1054 2055 1185 2095 tertio
1217 2055 1454 2111 insigniter
1483 2056 1614 2096 aucta
1638 2066 1664 2095 a
1686 2052 1803 2097 θυι.
1829 2054 2076 2106 ΗΕΝΖΕΝιο,

289 2140 373 2183 quo
407 2128 731 2184 librolegregio
760 2127 985 2170 Romanae
1017 2130 1293 2184 antiquitatis
1323 2128 1510 2170 studiosi
1544 2130 1625 2170 nisi
1657 2141 1751 2171 cum
1784 2130 1969 2170 maximo
1991 2128 2075 2171 de-

290 2203 492 2244 trimento
538 2214 691 2245 carere
723 2216 810 2243 non
842 2206 1064 2258 poterunt.
1111 2205 1163 2245 ln
1203 2203 1495 2246 Monumento
1529 2204 1772 2260 Ancyrano
1813 2203 2076 2259 exhibendo,

290 2277 405 2333 quod
447 2290 562 2320 nunc
604 2277 770 2319 demum
811 2279 1024 2330 accessit,
1064 2280 1216 2333 paucis
1256 2280 1434 2320 mutatis
1464 2278 1697 2321 editionem
1731 2280 1794 2320 Io.
1825 2278 2001 2321 Franzii
2032 2282 2076 2322 et

289 2352 347 2395 A.
371 2354 446 2394 W.
468 2352 663 2407 Zumptii
694 2355 949 2408 repetiimus
980 2356 1112 2408 atque
1143 2354 1392 2396 curavimus
1420 2357 1467 2395 ut
1489 2354 1663 2398 Graeca
1688 2360 1732 2396 et
1757 2355 1917 2397 Latina
1938 2356 2076 2398 verba

289 2428 371 2468 sibi
410 2429 615 2482 opposita
655 2441 739 2468 uno
785 2432 1029 2483 conspectu
1065 2431 1348 2484 apparerent.
1411 2429 1462 2470 In
1495 2429 1665 2470 Latinis
1701 2442 1812 2485 quae
1851 2431 2076 2473 inclinatis

290 2503 449 2545 litteris
469 2506 649 2557 scripta,
673 2505 715 2544 in
738 2502 924 2546 Graecis
946 2515 1057 2559 quae
1079 2505 1253 2546 seclusa
1273 2509 1390 2560 sunt,
1418 2502 1631 2546 editorum
1654 2505 1726 2546 vel
1744 2504 2075 2548 emendationes

291 2578 364 2619 vel
393 2578 699 2633 supplementa
730 2591 829 2620 esse
862 2578 1093 2621 tenendum
1128 2584 1208 2621 est.

404 2669 488 2709 Ser.
520 2668 684 2718 Turici‚
716 2669 859 2711 Idibus
891 2670 1202 2725 Septembribus
1232 2684 1268 2712 a.
1299 2672 1353 2713 Μ.
1372 2670 1519 2712 DCCC.
1537 2671 1679 2710 LVIII.

1268 2842 1337 2899 1⁰.
1368 2843 1632 2899 GEORGIUS
1661 2844 1933 2902 BAl'l'liRUS.
