2254 3770
707 263 710 266 ·
755 253 910 298 LIBER
936 254 1006 298 111.
1050 253 1151 312 Cap.
1182 252 1248 298 Μ.
1282 253 1346 300 ⁴2.
1377 254 1444 300 ⁴3.
1907 255 1988 300 ⁴53

211 364 356 409 datum
391 375 418 407 a
457 375 505 406 se
542 366 714 406 auctore
751 366 902 405 senatu
937 359 1071 404 rebus
1109 366 1211 419 aput
1239 361 1459 406 Orientem
1496 361 1850 406 administrandis.
1905 361 1991 406 illic

210 437 475 484 contumacia
516 443 559 481 et
605 435 906 481 certaminibus
942 442 1186 494 asperasset
1220 436 1421 481 iuvenem
1450 437 1652 496 exituque
1681 437 1774 481 eius
1811 436 1989 480 laetatus

209 520 341 564 esset,
385 526 439 557 an
478 511 643 556 scelere
680 511 945 561 extinxisset,
989 512 1166 570 integris
1211 512 1364 556 animis
1403 511 1732 557 diiudicandum.
1785 525 1915 556 «nam
1954 513 1990 555 si

206 590 371 647 legatus
400 586 526 632 officii
556 587 779 637 terminos,
820 586 1077 646 obsequium
1106 600 1208 645 erga
1236 587 1536 645 imperatorem
1565 588 1680 632 exuit
1708 587 1990 645 eiusdemque

205 671 342 710 morte
377 670 420 708 et
453 663 571 707 luctu
607 676 704 707 meo
741 662 922 707 laetatus
959 669 1040 712 est,
1089 662 1222 707 odero
1260 676 1555 722 seponamque
1599 677 1624 707 a
1664 662 1793 707 domo
1822 676 1920 706 mea
1948 669 2021 706 ets

205 741 390 800 privatas
420 738 659 783 inimicitias
690 752 776 782 non
804 738 846 781 vi
875 738 1080 796 principis
1109 737 1304 782 ulciscar.
1350 739 1417 782 sin
1436 739 1599 783 facinus
1618 739 1662 782 in
1681 739 1989 796 cuiuscumque

205 815 447 861 mortalium
474 827 581 858 nece
610 813 909 857 vindicandum
941 813 1170 871 detegitur,
1201 827 1279 857 vos
1308 827 1411 858 vero
1442 820 1484 858 et
1510 814 1669 858 liberos
1691 814 1927 858 Germanici
1949 819 1992 857 et

206 906 286 936 nos
313 896 513 950 parentes
541 889 664 932 iustis
693 888 862 932 solaciis
893 887 1073 932 adficite.
1128 888 1342 947 simulque
1370 889 1472 932 illud
1502 896 1713 947 reputate,
1750 889 1919 932 turbide
1950 894 1994 932 et

208 967 412 1012 seditiose
441 964 680 1009 tractaverit
710 964 921 1008 exercitus
950 964 1072 1015 Piso,
1111 964 1305 1022 quaesita
1334 965 1416 1008 sint
1443 979 1521 1022 per
1549 965 1823 1009 ambitionem
1851 964 1992 1008 studia

206 1042 407 1092 militum,
450 1040 579 1085 armis
617 1040 798 1098 repetita
834 1039 1071 1098 provincia,
1112 1053 1164 1083 an
1201 1038 1305 1083 salsa
1342 1037 1450 1084 haec
1491 1040 1532 1083 in
1562 1041 1699 1084 maius
1727 1040 2040 1098 vulgaverintio

207 1123 501 1169 accusatores3
542 1129 727 1175 quorum
755 1128 836 1172 ego
873 1114 1015 1158 nimiis
1045 1114 1196 1158 studiis
1226 1115 1318 1159 iure
1348 1129 1597 1159 suscenseo.
1648 1129 1746 1159 nam
1776 1129 1863 1174 quo
1891 1129 1992 1173 per—

206 1193 328 1237 tinuit
359 1191 522 1236 nudare
551 1205 707 1249 corpus
728 1197 770 1235 et
790 1189 1138 1235 contrectandum
1156 1189 1270 1247 vulgi
1293 1190 1427 1234 oculis
1446 1191 1712 1249 permittere,
1745 1190 1990 1248 differrique

207 1269 334 1314 etiam
362 1282 440 1327 per
469 1274 666 1312 externos
695 1273 912 1325 tamquam
939 1279 1106 1310 veneno
1137 1266 1396 1324 interceptus
1427 1272 1560 1318 esset,
1598 1267 1632 1310 si
1663 1267 1824 1311 incerta
1852 1266 1992 1310 adhuc

206 1347 287 1390 ista
316 1350 359 1388 et
389 1342 617 1388 scrutanda
646 1341 775 1386 sunt?
805 1340 945 1385 defleo
975 1341 1177 1400 equidem
1202 1340 1335 1384 filium
1356 1355 1499 1385 meum
1520 1355 1776 1400 semperque
1797 1340 1989 1394 defleb03

210 1420 288 1465 sed
318 1432 461 1477 neque
489 1432 612 1462 reum
641 1417 850 1476 prohibeo
879 1431 966 1475 quo
995 1403 1136 1460 minus
1167 1423 1318 1461 cuncta
1351 1417 1536 1475 proferat
1564 1417 1721 1476 quibus
1749 1409 2041 1461 innocentiam

210 1496 304 1540 eius
335 1494 549 1539 sublevari
579 1500 671 1545 aut,
704 1493 739 1536 si
770 1507 854 1551 qua
883 1492 959 1536 fuit
988 1492 1187 1550 iniquitas
1214 1492 1473 1543 Germanici,
1507 1493 1679 1551 coargui
1709 1493 1861 1551 possit,
1893 1506 1992 1535 vos-

210 1584 296 1630 que
325 1584 402 1614 oro
430 1584 502 1620 ne,
535 1570 636 1628 quia
665 1568 803 1612 dolori
832 1582 930 1612 meo
961 1581 1091 1612 causa
1120 1581 1283 1612 conexa
1313 1575 1394 1619 est,
1427 1568 1595 1613 obiecta
1615 1569 1791 1612 crimina
1819 1582 1895 1626 pro
1916 1567 1992 1611 ad-

207 1646 399 1706 probatis
440 1645 670 1703 accipiatis.
723 1644 758 1688 si
795 1658 906 1703 quos
942 1644 1208 1702 propinquus
1239 1644 1412 1701 sanguis
1442 1650 1515 1688 aut
1542 1643 1650 1687 fides
1681 1658 1758 1687 sua
1786 1652 1991 1702 patronos

209 1721 348 1773 dedit,
390 1726 595 1779 quantum
629 1719 812 1779 quisque
842 1718 1087 1777 eloquentia
1115 1726 1159 1763 et
1187 1733 1288 1763 eura
1316 1719 1446 1770 valet,
1487 1720 1627 1763 iuvate
1666 1714 1989 1777 periclitantem.

209 1797 263 1841 ad
293 1796 479 1840 eundem
509 1795 717 1847 laborem,
760 1794 941 1839 eandem
970 1795 1247 1839 constantiam
1276 1801 1547 1839 accusatores
1577 1795 1733 1839 hortor.
1778 1795 1821 1838 id
1852 1794 2039 1838 solum2o

211 1872 464 1917 Germanico
508 1885 640 1930 super
676 1871 794 1928 leges
827 1871 1183 1929 praestiterimus,
1229 1870 1346 1929 quod
1381 1871 1422 1913 in
1463 1871 1581 1914 curia
1617 1870 1757 1928 potius
1788 1885 1917 1929 quam
1947 1871 1996 1913 in.

207 1948 316 1999 foro,
348 1955 450 2006 aput
478 1954 672 1991 senatum
700 1961 829 2005 quam
858 1953 960 2005 aput
988 1946 1153 1990 iudices
1185 1946 1239 1990 de
1270 1953 1404 1990 morte
1435 1946 1529 1990 eius
1560 1947 1807 2004 anquiritur.
1846 1953 1988 1990 cetera

207 2023 299 2082 pari
328 2023 539 2067 modestia
567 2029 809 2066 tractentur.
854 2035 980 2065 nemo
1011 2022 1136 2065 Drusi
1167 2021 1380 2073 lacrimas,
1411 2036 1538 2066 nemo
1568 2023 1819 2066 maestitiam
1849 2036 1989 2066 meam

208 2105 388 2158 spectet,
420 2112 501 2142 nec
529 2098 565 2142 si
594 2111 680 2156 qua
708 2098 750 2140 in
779 2112 859 2141 nos
888 2097 1071 2141 adversa
1098 2096 1351 2155 finguntur.»
1405 2099 1436 2154 (l
1447 2098 1486 2154 3)
1513 2098 1625 2142 exim
1651 2097 1828 2162 biduum
1849 2098 1990 2142 crimi-

272 2232 305 2266 4.
329 2232 440 2265 exsuit
460 2232 494 2265 M
524 2249 560 2255 —-
594 2232 626 2264 5.
652 2231 775 2264 luctum
797 2240 834 2264 eo
857 2232 890 2264 M
921 2231 1022 2273 (luctu
1042 2240 1113 2264 meo
1136 2230 1271 2273 margo)
1304 2250 1339 2255 -
1374 2231 1405 2264 6.
1430 2240 1496 2263 non
1525 2231 1559 2262 vi
1586 2232 1759 2264 Muretus:
1790 2231 1870 2264 noui
1891 2232 1924 2265 M
1950 2249 1986 2255 -

208 2290 261 2323 ⁴0.
284 2288 331 2331 in]
357 2292 375 2321 ἴ
393 2298 436 2322 ex
459 2289 678 2322 correctione
701 2289 740 2333 M·
760 2306 796 2312 —
820 2288 874 2322 24.
901 2288 1126 2321 eximbiduum
1148 2297 1202 2331 pr.
1227 2289 1280 2322 M:
1305 2289 1520 2324 ewinbiduum
1543 2296 1634 2320 corr.
1658 2289 1704 2321 M.

206 2403 333 2445 fiducia
346 2404 454 2443 capto.
476 2419 512 2424 -
530 2401 690 2434 cohiberet
705 2410 746 2433 ac
761 2401 936 2443 premerel]
952 2402 1074 2442 Aeque
1119 2401 1342 2443 vulqaverint]
1362 2401 1412 2434 Cf.
1429 2410 1459 2433 c.
1475 2400 1536 2434 44:
1561 2402 1597 2433 in
1611 2400 1721 2432 ”taius
1736 2400 1873 2432 credito.
1900 2399 1985 2432 Hist.

209 2449 417 2499 ῥητορικῶς
450 2450 576 2484 Plinius
600 2453 727 2492 Paneg.
753 2451 792 2484 4:
822 2461 947 2492 parens
968 2454 1078 2483 noster
1122 2452 1152 2489 4,
1180 2451 1231 2483 48.
1265 2453 1352 2484 Ann.
1380 2451 1432 2489 ⁴3,
1459 2451 1496 2483 8:
1531 2452 1568 2483 in
1589 2451 1699 2482 maius
1721 2449 1895 2482 celebrata.
1933 2450 1986 2488 45,

202 2504 361 2543 privatas
389 2503 582 2544 gratiarum
612 2502 757 2534 actiones
785 2501 909 2533 cohibet
934 2504 965 2534 et
987 2509 1077 2533 com-

202 2553 332 2594 primit.
361 2570 395 2576 —
427 2552 519 2585 haud
541 2551 637 2593 alias]
669 2553 704 2584 et
727 2551 772 2583 ad
794 2552 952 2584 intentior
974 2553 1009 2583 et
1031 2550 1077 2583 ad

202 2604 280 2644 plus
301 2602 362 2635 sibi
378 2603 534 2644 permisit
556 2600 658 2634 simul
682 2601 919 2634 referendum.
948 2603 1073 2634 Durum.

213 2670 249 2676 —
275 2654 453 2693 suspicacss
474 2651 605 2694 silentii]
638 2651 734 2693 quod
756 2652 873 2694 ipsum
896 2651 1076 2684 offendere

211 2702 367 2736 debebat
389 2702 578 2735 Tiberium.

253 2753 306 2785 42.
323 2753 479 2784 meditato
496 2750 759 2793 temperamento]
780 2751 848 2783 voll
861 2751 1078 2784 iiberdachter

207 2802 483 2845 Abqenaessenheit
512 2803 704 2841 Gutmann,
731 2802 822 2843 plein
854 2802 892 2834 de
920 2804 1078 2843 menoge-

208 2861 299 2886 mens
321 2853 447 2884 e'tudie‘s
467 2851 633 2884 Burnout.
662 2851 711 2884 Cf.
737 2853 789 2891 Μ,
807 2851 839 2884 4.
866 2851 951 2884 Hist.
972 2853 1001 2890 l,
1021 2850 1074 2883 83.

213 2921 249 2926 —
267 2901 423 2944 legatum]
441 2902 477 2935 in
494 2902 670 2943 Hispania,
694 2902 734 2933 ut
749 2903 896 2943 apparet
911 2910 954 2933 ex
970 2909 1001 2933 c.
1022 2900 1074 2933 43.

1120 2501 1180 2534 30:
1206 2504 1328 2533 cuncta
1349 2502 1385 2533 in
1406 2502 1515 2533 maius
1536 2501 1705 2533 extollens.
1726 2518 1761 2522 —
1780 2502 1989 2532 contrectan-

1120 2554 1199 2584 dum
1220 2553 1314 2593 vutyi
1337 2551 1451 2592 oculis]
1476 2552 1675 2583 Lactantius
1700 2550 1743 2583 de
1765 2550 1851 2592 Opis.
1870 2550 1931 2582 Dei
1949 2551 1961 2581 l
1978 2559 1985 2580 z

1120 2611 1206 2643 quae
1221 2611 1325 2642 neque
1340 2603 1540 2634 contrectari
1561 2601 1664 2633 oculis
1680 2609 1784 2641 meque
1802 2601 1895 2641 tanyi
1911 2609 1988 2631 ma-

1119 2663 1167 2685 nu
1191 2662 1294 2694 neque
1310 2654 1439 2693 percipi
1464 2652 1609 2684 sensibus
1627 2655 1775 2692 possunt.
1811 2651 1987 2683 Audacius

1121 2705 1227 2735 etiam
1259 2703 1381 2734 Cicero
1405 2703 1506 2735 Tusc.
1524 2703 1556 2741 3,
1583 2701 1678 2743 §33³
1704 2702 1821 2734 incitat
1842 2701 1887 2733 ad
1908 2709 1988 2732 con-

1120 2753 1304 2794 spiciendas
1337 2755 1472 2794 totaque
1503 2754 1610 2784 mente
1644 2751 1896 2784 contrectandas
1924 2759 1987 2781 va-

1120 2804 1193 2835 rias
1226 2803 1422 2843 voluptates.
1459 2802 1603 2843 Proprie
1630 2801 1772 2833 Ovidius
1802 2810 1845 2832 ex
1879 2800 1986 2832 Ponto

1120 2853 1159 2892 ⁶2,
1185 2853 1226 2891 2,
1252 2852 1312 2884 59:
1350 2852 1499 2883 Vulneris
1527 2852 1563 2883 id
1586 2860 1690 2892 yenus
1711 2854 1758 2883 est
1779 2851 1882 2891 quod,
1913 2857 1988 2881 cum

1119 2901 1270 2934 sanabile
1291 2910 1359 2933 non
1379 2902 1439 2940 sit,
1472 2902 1547 2932 Non
1568 2902 1767 2933 contrectari
1797 2901 1900 2932 tutius
1921 2906 1987 2930 esse

213 2971 250 2977 —
276 2951 472 2993 adiutorem]
496 2952 567 2984 Liv.
593 2952 624 2990 6,
650 2952 711 2984 22:
747 2953 794 2984 M.
819 2952 921 2984 Furio
944 2952 1079 2983 adiutor
1114 2954 1242 2992 putem.
1270 2967 1306 2972 —
1339 2951 1375 2982 in
1405 2950 1513 2991 curia]
1537 2950 1709 2983 Videlicet
1730 2949 1848 2992 populi
1871 2947 1986 2981 studia

210 3011 254 3035 ex
286 3002 427 3034 tribunis
456 3005 543 3034 sorte
571 3002 608 3034 L.
634 3002 756 3034 Furius
783 3002 881 3033 datus
932 3001 1074 3032 Sueton.

211 3051 286 3085 Tib.
312 3051 372 3084 63:
409 3060 494 3092 quae
527 3051 716 3083 consulares
730 3068 778 3074 --
795 3059 857 3091 per
891 3050 1016 3091 leyotos
1048 3052 1080 3082 et

211 3103 380 3134 adiutores
408 3109 484 3133 suos
512 3101 719 3141 oaesequenda
747 3102 918 3132 curarent.
954 3099 1075 3131 lustin.

213 3151 266 3190 ⁴3,
290 3151 322 3183 6.
351 3169 387 3174 -
418 3151 557 3192 integris
579 3149 710 3191 animis]
738 3157 854 3190 neque
878 3148 1076 3189 suspicione

212 3199 337 3233 odiove
361 3208 476 3242 neque
501 3199 619 3232 favore
636 3199 834 3241 occupatis,
858 3197 1074 3239 unbefanyen.

215 3268 251 3273 —
274 3259 341 3283 uon
372 3251 406 3283 vi
433 3248 608 3291 principis]
644 3250 743 3282 «Non
777 3250 855 3280 utar
888 3248 1075 3288 potestate,

212 3307 317 3341 quam
340 3300 504 3342 princeps
527 3298 654 3336 habet:
680 3298 743 3331 sed
768 3304 877 3330 noxas
899 3295 984 3328 mihi
1006 3295 1076 3329 illa·

212 3349 267 3381 tas
289 3351 327 3382 ut
347 3350 504 3392 privatus
526 3349 708 3382 ulciscar.»
732 3348 788 3380 Sic
798 3348 842 3387 ·5,
868 3346 907 3377 5:
934 3350 1077 3385 paratos

213 3398 258 3431 ad
277 3398 434 3433 ultionem
450 3400 485 3432 vi
494 3400 659 3441 principis
671 3398 836 3439 impediri.
857 3414 894 3420 —
916 3395 955 3427 in
967 3397 1077 3430 maius

1121 2999 1304 3033 metuebat
1325 3000 1494 3033 Tiberius.
1532 3000 1581 3033 Cf.
1610 3000 1649 3039 4,
1676 3002 1712 3033 6:
1748 3001 1820 3032 Iam
1838 2999 1987 3039 primum

1121 3052 1166 3093 (a.
1202 3059 1237 3082 u.
1273 3050 1350 3090 776)
1379 3050 1518 3091 publica
1550 3052 1684 3093 negotia
1714 3054 1746 3082 et
1772 3051 1987 3090 privator-mn

1119 3100 1274 3132 maxima
1295 3103 1377 3141 aput
1393 3103 1511 3141 patres
1531 3100 1774 3133 tractabantur.
1795 3115 1831 3120 —
1855 3099 1891 3130 in
1911 3098 1986 3138 soro

1120 3153 1271 3191 --aput
1302 3151 1437 3193 iudices]
1473 3151 1523 3184 Cf.
1549 3152 1586 3189 2,
1613 3151 1665 3183 79.
1698 3168 1734 3173 —
1769 3152 1878 3180 cetera
1906 3150 1986 3188 pari

1118 3200 1278 3232 modestia
1298 3200 1495 3243 tractentur]
1532 3201 1678 3233 «Cetera
1701 3198 1864 3237 crimina,
1893 3206 1983 3239 quae

1119 3249 1155 3281 in
1178 3250 1339 3282 Pisonem
1362 3250 1607 3289 conferuntur,
1632 3249 1762 3291 pariter
1777 3250 1883 3290 atque
1899 3247 1985 3280 alio—

1119 3297 1199 3331 nml
1222 3300 1350 3333 civium
1373 3300 1505 3333 similes
1529 3308 1670 3338 causas,
1700 3297 1860 3330 modeste
1884 3300 1985 3340 (tem-

1118 3349 1295 3390 peranter)
1327 3358 1369 3382 ac
1399 3350 1475 3382 sine
1506 3349 1574 3381 ulla
1601 3347 1800 3390 principalis
1822 3347 1982 3381 fortunae

1119 3400 1316 3441 arrogantia
1337 3400 1477 3432 tractari
1501 3397 1612 3432 volo.·
1639 3416 1674 3422 -
1702 3398 1855 3442 adversa]
1878 3399 1983 3431 nach-
