2254 3770
259 295 337 340 192
734 300 778 342 Ρ.
813 298 1064 342 CORNELII
1093 299 1264 343 TACITI
1294 299 1563 344 ANNALIUM

256 403 365 446 saris
395 404 451 447 ob
482 410 647 448 vetusta
677 405 718 447 in
740 405 871 462 partis
891 405 1043 449 merita
1064 411 1105 449 et
1125 419 1277 449 recens
1297 405 1382 448 divi
1405 405 1580 464 Augusti
1602 405 1820 450 decretum
1839 405 2043 457 adtulere,

255 477 412 538 laudati
450 479 567 537 quod
606 480 855 523 Parthorum
896 480 1182 538 inruptionem
1218 480 1318 523 nihil
1360 487 1516 524 mutata
1554 481 1594 524 in
1631 481 1836 540 populum
1866 483 1911 525 R.
1942 496 2045 526 con-

254 554 407 597 stantia
436 553 722 611 pertulissent.
760 554 835 598 sed
858 554 1253 613 Aphrodisiensium
1276 555 1423 599 civitas
1446 557 1632 606 Veneris,
1665 557 2044 601 Stratonicensium

254 628 366 671 Iovis
388 635 430 672 et
450 629 614 673 Triviae
646 629 897 687 religionem
918 630 1156 674 tuebantur.
1195 630 1319 674 altius
1341 631 1768 675 Hierocaesarienses
1789 646 2042 690 exposuere,

223 704 472 748 5Persicam
492 711 594 762 aput
614 718 661 748 se
682 704 873 755 Dianam,
896 705 1124 749 delubrum
1145 719 1247 763 rege
1270 706 1383 765 Cyro
1405 706 1610 759 dicatum,
1638 713 1680 750 et
1699 707 2046 751 memorabantur

252 780 524 836 Perpennae,
565 780 740 824 Isaurici
773 780 991 838 multaque
1021 780 1103 824 alia
1133 781 1438 839 imperatorum
1469 782 1657 832 nomina,
1695 783 1769 840 qui
1800 797 1884 826 non
1915 783 2044 826 modo

253 854 412 912 templo
442 854 520 898 sed
546 854 716 898 duobus
745 855 916 899 milibus
943 870 1146 913 passuum
1167 855 1349 899 eandem
1371 857 1635 901 sanctitatem
1655 858 1901 901 tribuerant.
1933 858 2045 902 exim

254 930 399 988 Cyprii
431 929 566 973 tribus
596 930 645 972 de
675 930 883 980 delubris,
916 945 1101 989 quorum
1130 932 1464 975 vetustissimum
1495 931 1682 989 Paphiae
1712 934 1864 977 Veneri
1895 939 2046 977 auctor

252 1006 420 1059 A'eriaS,
459 1012 556 1064 post
596 1006 708 1050 filius
738 1007 831 1050 eius
861 1006 1063 1049 Amathus
1095 1006 1249 1050 Veneri
1280 1006 1572 1059 Amathusiae,
1615 1014 1657 1051 et
1697 1009 1782 1052 Iovi
1816 1007 2045 1052 Salaminio

206 1082 434 1133 ioTeucer,
468 1081 706 1126 Telamonis
738 1082 869 1139 patris
902 1082 962 1124 ira
992 1081 1217 1139 profugus.
1250 1082 1509 1139 posuissent.
1554 1083 1635 1139 (63)
1667 1082 1836 1127 auditae
1867 1084 2043 1127 aliarum

252 1171 428 1215 quoque
450 1157 683 1200 civitatium
712 1157 959 1214 legationes.
1006 1171 1191 1214 quorum
1217 1157 1341 1214 copia
1371 1156 1471 1200 fessi
1502 1163 1658 1214 patres,
1689 1165 1733 1201 et
1762 1158 1860 1216 quia
1892 1158 2044 1202 studiis

252 1232 511 1283 certabatur,
550 1230 798 1276 cunsulibus
838 1231 1073 1289 permisere
1111 1239 1155 1274 ut
1184 1238 1410 1290 perspecto
1441 1232 1551 1279 iure,
1591 1239 1634 1276 et
1663 1233 1698 1276 si
1729 1247 1813 1291 qua
1845 1233 2044 1292 iniquitas

253 1307 550 1359 involveretur,
583 1321 675 1351 rem
705 1308 914 1364 integram
944 1321 1114 1350 rursum
1145 1307 1198 1349 ad
1222 1314 1417 1350 senatum
1439 1308 1657 1351 referrent.
1693 1308 1892 1351 consules
1912 1322 2045 1366 super

252 1396 327 1426 eas
349 1384 552 1434 civitates,
585 1397 694 1441 quas
725 1382 970 1433 memoravi,
1003 1389 1106 1440 aput
1125 1384 1380 1440 Pergamum
1401 1382 1642 1441 Aesculapii
1663 1389 1915 1441 conpertum
1943 1397 2044 1442 asy-

318 1562 349 1594 4.
374 1561 525 1593 adultere
548 1560 582 1593 M
607 1559 767 1602 (adtulere
790 1558 922 1601 margo)
957 1575 990 1582 --
1029 1559 1061 1591 5.
1094 1559 1166 1600 reyi
1191 1561 1222 1601 (a
1244 1560 1342 1603 rege)
1367 1560 1638 1594 Freinshemius.
1667 1579 1703 1584 —
1730 1561 1760 1594 6.
1781 1569 1971 1602 perpenaae
1991 1562 2040 1595 M:

250 1619 437 1659 Perpernae
462 1618 510 1659 (ut
534 1617 588 1650 est
611 1617 646 1648 in
671 1616 767 1648 fastis
793 1614 1005 1657 Capitolonis
1029 1624 1060 1648 a.
1087 1615 1161 1657 664)
1186 1616 1340 1658 Lipsius;
1366 1616 1431 1649 sed
1455 1617 1498 1650 cf.
1524 1618 1634 1650 Inscr.
1661 1618 1733 1650 Lat.
1760 1627 1794 1650 n.
1812 1618 1888 1650 569.
1913 1617 2042 1652 Ritschl

251 1674 296 1707 de
326 1674 473 1707 miliario
502 1672 693 1715 Popilliano
722 1681 757 1714 p.
782 1673 836 1706 28.
875 1690 912 1697 ·-
948 1673 980 1705 7.
1001 1670 1105 1714 passu?
1135 1673 1168 1706 M
1198 1690 1234 1696 -
1271 1673 1303 1706 8.
1328 1674 1423 1715 cypri
1445 1675 1478 1707 M
1502 1691 1538 1697 --
1571 1675 1675 1707 tribus
1695 1676 1735 1708 de
1756 1674 1898 1707 delubris
1921 1675 2043 1717 (expo-

251 1731 367 1772 suere)
392 1730 676 1772 Bezzenberger:
702 1730 808 1763 tribus
830 1729 973 1762 delubris
995 1731 1029 1763 M
1054 1747 1091 1753 -
1117 1730 1149 1762 9.
1175 1733 1311 1763 amatus
1334 1731 1448 1764 ueneri
1471 1732 1657 1764 amatusiae
1679 1732 1724 1766 M.

252 1902 288 1907 -
315 1884 383 1916 divi
403 1883 544 1926 Auyusti
566 1881 742 1923 decretum]
768 1882 842 1914 Hoc
859 1881 903 1914 ad
919 1881 1014 1914 solos
1030 1881 1121 1913 Stra-

250 1935 451 1967 tonicenses
474 1933 630 1975 spectat,
656 1940 764 1974 quem
789 1931 835 1964 ad
859 1931 1006 1964 modum
1030 1931 1121 1962 Cae-—

249 1984 337 2017 saris
372 1983 558 2016 decretum
596 1982 640 2014 ad
678 1980 772 2014 solos
810 1981 1118 2023 Aphrodisienses.

247 2033 340 2066 Illius
366 2033 501 2066 decreti
524 2033 657 2064 mentio
681 2031 772 2063 facta
789 2033 843 2064 est
862 2031 897 2063 in
914 2030 1011 2063 titulo
1028 2031 1121 2062 Stra-

248 2084 420 2116 tonicensi
456 2082 506 2122 (C.
545 2083 571 2114 Ι.
609 2083 665 2113 Gr.
699 2089 733 2112 n.
765 2080 862 2121 ’2745)
899 2081 951 2113 his
981 2079 1117 2112 verbis:

250 2130 493 2179 [Σωσάνδρου
523 2129 591 2164 τοῦ
622 2128 854 2173 Διομήδο]υς
882 2129 975 2172 [τ]οὗ
998 2140 1120 2176 γραμ-

247 2184 398 2227 ματέως
421 2180 490 2224 τῆς
512 2179 659 2223 βουλῆς
682 2178 877 2221 εἰπόντος,
907 2178 979 2223 τήν
1010 2178 1121 2212 πόλιν

247 2229 398 2267 ἄνωθεν
428 2230 474 2279 τῇ
499 2230 574 2264 τῶν
598 2228 847 2276 προεστώτων
870 2226 991 2273 αὐτῆς
1012 2231 1120 2274 μεγί-

248 2294 349 2318 στων
372 2281 493 2322 θεῶν,
527 2279 629 2324 [Διὸς
659 2279 727 2313 τοῦ
751 2280 1027 2327 ΙΙ]ανημε[ρίου
1054 2282 1120 2320 (lo-

247 2344 330 2368 vem
346 2333 595 2368 Panemerium
610 2333 895 2364 commemorant
911 2333 1018 2363 etiam
1034 2329 1120 2362 tituli

248 2385 346 2418 2746.
371 2385 469 2416 2747.
487 2382 593 2420 2749ς
619 2381 664 2414 ab
688 2382 769 2413 Iove
787 2380 1012 2422 Chrysaoreo
1037 2388 1118 2412 eum

247 2434 352 2478 plane
385 2434 603 2474 distinguunt
638 2440 698 2464 nn.
734 2431 820 2463 2720
854 2431 890 2463 et
922 2430 1019 2470 272⁴)
1054 2429 1119 2462 καὶ

243 2481 435 2528 Ἐκ]ά.της,
483 2483 525 2516 ἐκ
560 2479 709 2514 πολλῶν
742 2481 806 2512 καὶ
843 2477 1021 2531 μεγάλων
1052 2480 1118 2512 καὶ

248 2533 420 2574 συνεχῶν
447 2530 632 2566 κινδύνων
657 2529 875 2571 σεσῶσθαι,
906 2529 960 2562 ὠν
983 2529 1048 2562 καὶ
1070 2526 1119 2561 τὰ

248 2582 331 2632 ἱερὰ
352 2580 480 2618 ἄσυλα
502 2583 567 2616 καὶ
589 2581 710 2615 ἱκέται
724 2581 790 2613 καὶ
807 2578 889 2627 ἱερὰ
906 2578 1118 2623 σύνκλητος

246 2635 409 2680 δόγματι
424 2630 636 2676 semaam&
653 2631 849 2678 Καίσαρος
864 2631 941 2673 καὶ]
959 2628 1027 2673 τῆς
1043 2630 1118 2662 τῶν

246 2687 387 2734 κυρίων
417 2681 612 2726 Ῥωμαίων
641 2682 799 2714 αἰωνίου
831 2677 956 2728 ἀρχῆς
985 2676 1119 2722 ἐποιή-

247 2745 367 2770 σαντο
391 2736 602 2781 προφανεῖς
625 2731 832 2778 ἐναργείας.
859 2748 895 2754 -
930 2731 1060 2763 laudati
1083 2739 1115 2770 q.

245 2787 444 2820 Parthorum
473 2784 696 2823 inruptionem
720 2781 802 2823 cet.]
836 2789 868 2813 a.
893 2790 929 2813 ιι.
955 2779 1030 2812 744.
1063 2779 1114 2812 Cf.

246 2838 310 2871 Dio
334 2836 389 2876 48,
413 2835 477 2868 26:
511 2830 534 2865 ὁ
556 2830 753 2875 Λαβιῆνος
788 2831 1010 2873 (Parthorum
1033 2828 1115 2871 dux)

246 2885 317 2931 τήν
350 2895 391 2919 τε
418 2883 592 2918 Κιλικίαν
621 2883 786 2920 κατέσχε
815 2881 880 2913 καὶ
903 2878 972 2923 τῆς
991 2876 1116 2920 Ἀσίας

244 2933 577 2983 τὰς”ἧπειρώτιδας
593 2931 720 2973 πόλεις
732 2928 1002 2978 παρεστήσατο
1018 2926 1116 2973 πλὴν

245 2986 547 3036 Στρατονικείας.
566 3002 586 3008 -
598 3002 618 3007 -
633 2981 679 3029 τῇ
695 2982 964 3029 Στρατονικείᾳ
986 2979 1028 3013 δὲ
1043 2990 1115 3013 πο-

246 3036 314 3072 λὺν
336 3037 408 3080 μὲν
431 3031 693 3083 προσήδρευσε
716 3031 878 3078 χρόνον,
914 3027 1052 3064 οὐδένα
1073 3029 1114 3064 δὲ

245 3085 367 3132 αὐτὴν
389 3083 532 3134 τρόπον
551 3083 648 3118 ἑλεῖν
664 3079 851 3126 ἠδυνήθη.
873 3100 908 3106 -
926 3081 1037 3124 allius]
1061 3090 1111 3114 sc.

246 3139 407 3182 repetita.
441 3155 476 3161 -
511 3133 921 3172 Persicam-—Dianam
963 3134 1110 3165 Pausan.

246 3190 278 3227 3,
298 3190 351 3229 46,
364 3189 403 3221 8;
426 3184 562 3220 Λυδῶν
584 3180 643 3225 οἷς
660 3182 764 3216 ἐστὶν
783 3178 995 3228 Ἀρτέμιδος
1011 3179 1113 3228 ἱερὸν

241 3234 471 3278 Ἀναιίτιδος.
505 3236 603 3269 Idem
627 3235 660 3274 ὅ,
685 3233 740 3273 27,
765 3233 803 3264 5:
825 3228 936 3264 οἘστι
958 3230 1112 3273 Λυδίοις

246 3287 445 3331 ἐπίκλησιν
467 3286 673 3332 Περσικοῖς
702 3278 784 3329 ἱερὰ
807 3276 848 3313 ἓν
870 3291 911 3313 τε
932 3278 1111 3327 Ἱεροκαι-

246 3339 381 3384 σαρείᾳ
404 3335 622 3381 καλουμένῃ
646 3329 754 3365 πόλει
768 3331 834 3363 καὶ
849 3330 888 3363 ἐν
904 3327 1108 3371 Ὑπαίποις,

245 3387 287 3420 ἐν
316 3386 480 3433 ἑκατέρῳ
508 3384 549 3418 δὲ
576 3382 652 3417 τῶν
682 3379 791 3429 ἱερῶν
815 3377 960 3423 οἴκημά
982 3389 1023 3412 τε
1045 3381 1110 3413 καὶ

244 3436 286 3470 ἑν
307 3435 359 3483 τῷ
383 3434 565 3479 οἰκήματί
592 3433 696 3467 ἐστιν
721 3431 780 3465 ἐπὶ
803 3429 939 3474 βωμοῦ
962 3431 1106 3477 τέφρα·

1172 1878 1272 1926 χρόα
1299 1879 1340 1914 δὲ
1364 1877 1409 1914 οὗ
1434 1880 1532 1914 κατὰ
1557 1881 1703 1929 τέφραν
1725 1881 1829 1915 ἐστὶν
1851 1876 1948 1929 αὐτῇ
1971 1879 2042 1926 τὴν

1171 1925 1301 1974 ἄλλην.
1338 1929 1507 1964 ἐσελθών
1539 1930 1580 1964 δὲ
1615 1931 1654 1973 ἐς
1687 1929 1732 1964 τὸ
1767 1930 1913 1975 οἴκημα
1942 1928 2042 1980 ἀνὴρ

1170 1980 1296 2025 μάγος
1318 1982 1383 2014 καὶ
1406 1979 1502 2023 ξύλα
1524 1980 1768 2030 ἐπιφορήσας
1790 1977 1868 2015 αὖα
1889 1982 1951 2016 ἐπὶ
1975 1979 2042 2017 τὸν

1170 2028 1306 2074 βωμὸν
1330 2029 1460 2078 πρῶτα
1480 2031 1552 2075 μὲν
1575 2030 1709 2079 τιάραν
1729 2032 1887 2066 ἐπέθετο
1910 2032 1972 2066 ἐπὶ
1993 2031 2040 2080 τῇ

1171 2080 1336 2128 κεφαλῇ’,
1351 2080 1507 2128 δεύτερα
1522 2081 1552 2114 δ’
1570 2082 1768 2126 ἐπίκλησιν
1784 2079 1925 2126 ὁτουδὴ
1942 2082 2042 2116 θεῶν

1171 2131 1301 2176 ἐπᾴδει
1315 2130 1496 2179 βάρβαρα
1509 2134 1689 2175 (Persica‘i)
1701 2134 1764 2166 καὶ
1779 2129 1959 2177 οὐδαμῶς
1970 2143 2041 2168 συ-

1171 2179 1260 2214 νετὰ
1276 2178 1472 2226 Ἕλλησιν·
1497 2179 1627 2226 ἐπᾴδει
1650 2181 1690 2216 δὲ
1713 2182 1982 2227 ἐπιλεγόμενος
1997 2183 2040 2217 ἐκ

1170 2230 1335 2272 βιβλίου.
1368 2228 1459 2265 ἄνευ
1482 2242 1523 2264 τε
1545 2229 1592 2275 δή
1617 2230 1737 2279 πυρὸς
1759 2230 1908 2277 ἀνάγκη
1932 2232 2041 2266 πᾶσα

1170 2278 1346 2325 ἁφθῆναι
1368 2280 1416 2314 τὰ
1439 2279 1534 2324 ξύλα
1557 2283 1622 2315 καὶ
1645 2282 1836 2330 περιφανῆ
1856 2282 1985 2328 φλόγα
1999 2282 2042 2326 ἐξ

1170 2329 1297 2365 αὐτῶν
1320 2330 1532 2375 ἐκλάμψαι.
1558 2350 1593 2356 —
1619 2343 1697 2375 reye
1719 2334 1816 2376 Cyro]
1842 2335 1957 2376 «Cyro
1980 2343 2042 2368 re-

1171 2384 1333 2424 gnante».
1353 2402 1384 2408 —
1413 2383 1612 2425 Perpennae]
1637 2383 1789 2417 consulis
1807 2393 1839 2417 a.
1858 2393 1892 2417 u.
1911 2393 1942 2417 c.
1961 2383 2037 2426 624,

1170 2434 1229 2474 qui
1253 2434 1490 2466 Aristonicum
1511 2434 1641 2466 victum
1658 2428 1896 2467 Stratoniceae
1913 2434 1959 2467 ad
1974 2435 2040 2468 de-

1170 2483 1339 2516 ditionem
1364 2483 1491 2525 adegit.
1523 2484 1667 2526 Eutrop.
1692 2483 1731 2524 4,
1749 2484 1803 2517 20.
1823 2502 1860 2507 —
1883 2485 2038 2528 Isaurici]

1169 2535 1206 2565 P.
1231 2533 1364 2566 Servilii
1389 2535 1425 2566 P.
1451 2533 1474 2566 f.
1501 2533 1539 2566 C.
1566 2542 1601 2566 n.
1626 2534 1746 2567 Vatiae
1772 2533 1926 2567 consulis
1948 2543 1981 2568 a.
1998 2544 2035 2568 u.

1170 2583 1250 2623 606,
1277 2592 1341 2625 pro
1366 2582 1510 2616 consule
1535 2584 1636 2616 Asiae
1660 2593 1692 2616 a.
1719 2592 1754 2616 u.
1780 2584 1855 2617 708.
1880 2583 1965 2626 (Cic.
1990 2585 2036 2618 ad

1169 2632 1287 2665 Famil.
1315 2633 1369 2674 43,
1395 2642 1452 2675 ep.
1477 2633 1518 2665 68
1541 2633 1634 2675 sqq.)
1664 2633 1867 2674 cognomen
1891 2635 2035 2667 isaurici

1168 2684 1269 2725 pater
1292 2684 1386 2722 eius,
1412 2681 1534 2716 consul
1553 2692 1584 2715 a.
1603 2692 1638 2715 u.
1657 2683 1733 2723 675,
1758 2682 1925 2724 obtinuit,
1951 2693 2034 2718 cum

1168 2742 1232 2774 pro
1263 2732 1409 2766 consule
1440 2732 1579 2766 Ciliciae
1609 2733 1749 2765 Isauros
1780 2732 1978 2767 domuisset
1999 2736 2036 2767 et

1167 2781 1299 2824 aliquot
1321 2782 1430 2816 urbes
1452 2783 1647 2824 piratarum
1671 2785 1917 2824 expugnasset.
1942 2784 2033 2826 Epit.

1167 2833 1239 2865 Liv.
1258 2833 1310 2864 93.
1339 2850 1374 2855 —
1401 2833 1544 2873 Paphiae
1561 2831 1687 2874 Venern]
1715 2831 1767 2865 Cf.
1786 2832 1871 2865 Hist.
1889 2833 1923 2873 2,
1940 2834 1960 2866 2
1976 2842 2033 2876 sq.

1170 2901 1205 2906 —
1230 2883 1360 2923 auctor]
1385 2882 1506 2924 templi
1529 2883 1551 2915 i.
1577 2891 1609 2915 e.
1634 2882 1800 2923 conditor,
1827 2884 1865 2914 ut
1886 2885 2035 2916 vocatur

1166 2932 1251 2965 Hist.
1269 2933 1306 2972 2,
1325 2932 1356 2965 3.
1379 2951 1414 2956 —
1442 2932 1572 2974 Teucer]
1597 2931 1648 2965 Cf.
1674 2940 1765 2973 quae
1786 2932 2032 2967 adnotavimus

1163 2981 1208 3015 ad
1232 2983 1350 3015 Horat.
1375 2983 1414 3016 C.
1440 2983 1471 3023 4,
1496 2982 1529 3023 7,
1553 2982 1608 3015 24.

1207 3033 1262 3066 63.
1287 3032 1446 3075 quorum]
1479 3033 1500 3065 i.
1525 3041 1557 3065 e.
1591 3040 1741 3074 quarum
1769 3041 1888 3066 rerum
1914 3034 2031 3076 (argu—

1164 3083 1366 3115 mentorum
1388 3091 1407 3114 a
1432 3080 1609 3115 Graeculis
1631 3081 1840 3124 allatorum).
1877 3082 1928 3116 cf.
1954 3084 2028 3117 Cic.

1163 3132 1208 3165 ad
1232 3131 1351 3165 Famil.
1376 3133 1415 3173 2,
1440 3133 1478 3171 8,
1503 3132 1543 3165 2:
1575 3140 1649 3164 cum
1675 3133 1826 3173 Pompeio
1847 3133 2031 3174 complures

1165 3183 1232 3215 dies
1261 3183 1360 3215 nullis
1386 3183 1421 3214 in
1451 3182 1527 3214 aliis
1547 3182 1612 3214 πίει·
1633 3182 1672 3215 de
1693 3191 1730 3214 re
1747 3182 1882 3224 publica
1902 3192 2030 3216 sermo-

1161 3233 1256 3265 nibus
1284 3231 1435 3266 versatus
1462 3241 1551 3273 sum,
1581 3241 1668 3274 quae
1696 3241 1755 3265 nec
1773 3235 1910 3273 possunt
1929 3234 2028 3267 scribi

1159 3292 1219 3316 nec
1241 3282 1412 3315 scribenda
1433 3285 1519 3315 sunt.
1540 3300 1575 3305 —
1594 3283 1675 3323 quia
1694 3282 1811 3315 studiis
1823 3281 2025 3326 certabatur]

1160 3334 1300 3374 patrum
1324 3333 1415 3365 inter
1437 3341 1493 3372 se,
1518 3340 1670 3374 quorum
1692 3330 1748 3364 alii
1767 3329 1852 3365 alias
1866 3332 2024 3367 civitates

1160 3382 1332 3421 iuvarent,
1349 3380 1433 3414 alias
1448 3382 1712 3424 postponerent.
1737 3380 1787 3413 cf.
1807 3381 1860 3421 44,
1877 3381 1935 3414 23:
1952 3386 2025 3415 stu-

1158 3432 1222 3464 diis
1250 3431 1387 3464 diversis
1407 3430 1610 3464 certabatur.
1646 3430 1732 3464 Hist.
1758 3431 1790 3472 4,
1815 3430 1875 3463 9οε
1906 3432 2023 3465 studiis

2213 3328 2243 3770 'fflssae—‘Qoffl-u-:wk-,stq2
2237 3287 2246 3308 ,ὲ
2236 3235 2247 3252 Α
2239 3194 2248 3220 -.
2240 3171 2242 3174 ,
2235 3152 2238 3154 .
2235 3081 2246 3085 ,.
2247 3033 2249 3038 -
2240 3010 2242 3014 .
