2254 3770
778 321 932 366 LIBER
961 321 1025 366 fv.
1072 321 1172 379 Cap.
1203 322 1242 365 5.
1272 322 1310 365 6.
1341 321 1380 365 7.

1888 320 1969 363 209

188 442 265 472 sua
283 427 553 486 praetoribus
573 428 759 486 species;
790 428 1001 472 minorum
1021 441 1195 486 quoque
1214 428 1536 485 magistratuum
1556 426 1741 471 exercita
1758 432 1966 484 potestas3

187 503 409 562 legesque,
450 503 485 547 si
522 503 754 547 maiestatis
790 505 985 561 quaestio
1021 504 1294 554 eximeretur,
1337 503 1452 548 bono
1482 503 1526 546 in
1553 517 1647 547 usu.
1690 509 1731 547 at
1760 502 1968 545 frumenta

188 584 231 622 et
258 578 466 635 pecuniae
494 578 737 636 vectigales,
769 585 911 623 cetera
939 578 1207 636 publicorum
1237 578 1449 623 fructuum
1479 578 1753 623 societatibus
1777 579 1969 636 equitum

186 654 474 697 Romanorum
493 654 769 711 agitabantur.
803 667 874 698 res
895 668 995 697 suas
1016 654 1173 698 Caesar
1189 654 1500 711 spectatissimo
1522 654 1689 712 cuique,
1712 653 1968 711 quibusdam

185 727 337 785 ignotis
367 742 421 772 ex
455 728 563 773 fama
602 728 847 781 mandabat3
888 728 1109 787 semelque
1147 728 1358 787 adsumpti
1388 729 1640 774 tenebantur
1667 743 1845 787 prorsus
1875 729 1998 773 sines

184 803 331 854 modo,
372 817 468 847 cum
507 803 702 863 plerique
739 804 876 848 isdem
913 804 1093 861 negotiis
1124 805 1454 849 insenescerent.
1494 805 1646 863 plebes
1676 805 1763 849 acri
1793 805 1967 863 quidem

185 892 351 922 annona
380 879 641 938 fatigabatur,
673 879 750 923 sed
782 879 896 923 nulla
927 880 968 922 in
999 894 1053 923 eo
1077 879 1202 938 culpa
1223 894 1276 924 ex
1304 881 1513 938 principe:
1545 881 1647 939 quin
1678 880 1967 924 infecunditati

184 960 392 998 terrarum
422 960 494 998 aut
523 955 687 1012 asperis
717 955 847 998 maris
877 954 1047 998 obviam
1075 955 1138 1006 iit,
1177 962 1382 1014 quantum
1416 956 1632 1014 impendio
1662 955 1967 1014 diligentiaque

183 1035 362 1087 poterat.
407 1035 450 1074 et
478 1044 532 1074 ne
561 1030 806 1088 provinciae
835 1029 957 1073 novis
987 1030 1191 1075 oneribus
1219 1031 1502 1083 turbarentur,
1538 1037 1669 1089 utque
1700 1038 1845 1076 vetera
1875 1032 1967 1075 sine

183 1105 357 1149 avaritia
395 1111 467 1149 aut
501 1104 749 1149 crudelitate
786 1106 1104 1163 magistratuum
1140 1106 1386 1159 tolerarent,
1423 1106 1695 1165 providebat:
1738 1120 2017 1164 corporumto

183 1179 375 1229 verbera,
408 1180 702 1239 ademptiones
723 1180 934 1224 bonorum
955 1180 1142 1225 aberant.
1189 1183 1241 1239 (7)
1263 1183 1345 1226 rari
1365 1196 1445 1241 per
1464 1182 1624 1226 Italiam
1646 1182 1841 1226 Caesaris
1864 1182 1964 1240 agri,

184 1255 378 1299 modesta
397 1256 579 1305 servitia,
610 1256 718 1300 intra
749 1270 910 1314 paucos
939 1256 1115 1301 libertos
1136 1257 1309 1311 domus;
1341 1272 1392 1302 ac
1412 1258 1448 1301 si
1470 1258 1641 1316 quando
1666 1272 1764 1302 cum
1792 1258 1966 1316 privatis

184 1331 458 1389 disceptaret,
489 1331 627 1375 forum
656 1338 699 1376 et
727 1332 806 1375 ius.

297 1408 417 1460 Quae
448 1414 610 1457 cuncta,
642 1422 726 1451 non
746 1407 920 1466 quidem
942 1409 1052 1452 comi
1080 1408 1160 1458 via,
1193 1408 1271 1452 sed
1301 1407 1500 1452 horridus
1531 1423 1581 1453 ac
1609 1408 1862 1467 plerumque
1883 1408 1968 1452 for-

182 1482 377 1531 midatus,
409 1483 617 1527 retinebat
644 1489 797 1535 tamen,
829 1483 968 1527 donec
996 1490 1133 1527 morte
1158 1484 1284 1527 Drusi
1314 1490 1600 1528 verterentur:
1635 1498 1731 1528 nam
1764 1484 1865 1527 dum
1896 1498 1968 1527 su-
1982 1495 2017 1525 ⁴5

182 1558 353 1616 perfuit,
391 1571 604 1609 mansere,
637 1559 739 1616 quia
769 1559 947 1602 Seianus
982 1559 1209 1617 incipiente
1239 1558 1380 1603 adhuc
1409 1560 1597 1617 potentia
1626 1560 1750 1603 bonis
1781 1560 1968 1603 consiliis

182 1640 406 1677 notescere
428 1632 606 1682 volebat,
639 1640 681 1677 et
710 1633 821 1677 ultor
850 1634 1118 1678 metuebatur
1147 1649 1232 1677 non
1258 1634 1450 1678 occultus
1472 1634 1570 1686 odii,
1604 1642 1670 1679 set
1690 1635 1841 1679 crebro
1862 1650 1969 1693 que-

181 1722 281 1753 rens
303 1708 500 1753 incolumi
522 1708 608 1752 filio
637 1708 876 1753 adiutorem
904 1709 1071 1767 imperii
1101 1709 1230 1753 alium
1249 1710 1404 1754 vocari.
1451 1716 1492 1753 et
1511 1717 1716 1768 quantum
1737 1725 1967 1768 superesse

227 1838 260 1870 2.
285 1836 331 1878 at]
353 1836 404 1869 Aa
425 1837 460 1870 M
480 1853 517 1860 —
543 1835 575 1870 4.
601 1845 656 1869 res
676 1846 755 1869 suas
770 1854 789 1861 -
803 1854 822 1861 -
835 1838 1072 1870 insenescerent
1093 1838 1175 1870 ante
1200 1837 1310 1879 prima
1334 1836 1443 1870 verba
1468 1838 1591 1879 capitis
1614 1838 1633 1870 7
1656 1838 1732 1870 rari
1750 1847 1813 1879 per
1834 1838 1969 1870 Italiam

183 1890 448 1935 transponenda
470 1893 635 1926 videntur
659 1894 797 1927 Haasio.
826 1911 862 1916 —
889 1894 920 1926 6.
939 1893 1045 1935 plebis
1066 1902 1120 1936 pr.
1144 1894 1179 1927 M
1204 1911 1240 1916 —
1266 1895 1343 1936 agri
1365 1894 1399 1927 M
1424 1911 1460 1917 —
1493 1894 1546 1926 47.
1573 1895 1639 1927 odii
1661 1895 1717 1927 sed
1738 1894 1964 1927 Doederlein:

182 1950 333 1993 odiissset
355 1950 405 1989 M3
430 1949 497 1982 odii
518 1953 549 1982 et
571 1950 717 1992 Lipsius.
739 1968 775 1974 —
801 1957 941 1996 querens
962 1950 1007 1983 M.

176 2050 365 2092 praefectus
387 2051 553 2088 vocatum
589 2058 623 2082 v.
649 2049 709 2088 42,
738 2049 790 2083 47.
830 2050 917 2082 Hist.
942 2050 980 2090 2,
1007 2050 1048 2082 45

182 2102 219 2134 et
240 2101 293 2133 92.
329 2100 367 2141 3,
394 2100 434 2133 49
459 2101 495 2133 et
517 2100 569 2133 35.
605 2099 643 2140 4,
668 2100 704 2132 34
734 2101 770 2132 et
797 2099 851 2133 32.
886 2101 967 2142 Agr.
993 2100 1046 2133 37.

180 2152 312 2185 Rima.
345 2169 382 2174 —
416 2158 521 2190 neque
546 2151 648 2182 multo
678 2150 784 2192 secus]
819 2151 909 2184 Dicit
940 2150 1047 2191 clare,

180 2211 251 2235 non
285 2203 401 2235 minus
436 2201 565 2233 virium
598 2200 808 2242 roborisque
845 2202 881 2235 in
915 2202 1048 2235 auxiliis

179 2251 286 2285 fuisse
310 2259 418 2293 quam
440 2251 474 2283 in
490 2250 698 2293 legionibus.
715 2251 803 2283 L11>s,
824 2268 861 2274 —
887 2251 1049 2285 incertum

176 2302 289 2346 suerit]
317 2302 368 2335 Cf.
393 2310 424 2334 c.
450 2302 512 2334 32:
537 2310 604 2334 non
626 2304 737 2334 tamen
759 2302 828 2334 sine
851 2310 915 2334 usu
935 2303 1046 2343 suerit.

179 2362 213 2386 c.
239 2352 300 2385 33:
332 2352 413 2384 haec
434 2351 587 2391 conquiri
609 2352 764 2390 tradique
784 2351 820 2383 in
841 2360 912 2384 rem
933 2352 1046 2393 fuerit.

178 2401 238 2442 44,
276 2402 339 2434 56:
373 2409 441 2433 non
474 2404 583 2433 tamen
613 2401 754 2442 sapienti
785 2402 860 2434 viro
894 2402 1048 2435 decorum

176 2452 289 2494 fuerit.
321 2452 374 2492 45,
394 2450 431 2484 44
448 2460 456 2483 z
482 2451 638 2484 domuum
659 2455 690 2484 et
711 2451 897 2484 insularum
919 2456 951 2485 et
965 2456 1047 2485 tem-

175 2502 327 2544 plorum,
363 2510 449 2542 quae
477 2502 602 2534 amissa
630 2505 722 2542 sunt,
757 2510 932 2535 numerum
962 2503 1048 2536 inire

179 2552 269 2584 haud
279 2554 471 2593 promptum
484 2551 597 2593 fuerit.
622 2551 708 2584 Hist.
727 2552 760 2592 2,
778 2552 818 2584 2:
844 2552 934 2584 haud
946 2553 1048 2595 fuerit

178 2601 314 2644 lonqum
335 2601 434 2633 initia
454 2600 624 2643 religionis
641 2601 761 2642 paucis
783 2601 950 2635 disserere.

221 2653 255 2685 6.
274 2650 412 2692 publica
431 2650 575 2693 negotia]
600 2651 789 2693 praecipue
805 2651 912 2684 etiam
927 2651 1046 2693 legum

178 2701 279 2741 latio;
313 2700 403 2734 duae
432 2702 550 2733 autem
575 2699 671 2733 solae
695 2700 740 2733 ad
763 2700 891 2734 Tiberii
914 2702 1046 2745 princi-

177 2753 302 2795 patum
324 2750 542 2791 referuntur,
572 2749 629 2783 lex
652 2751 767 2791 Iunia,
798 2760 817 2783 a
842 2760 912 2793 quo
935 2753 1047 2785 Latini

176 2802 310 2836 Iuniani
340 2801 422 2834 dicti
455 2801 578 2842 (Gaius
600 2800 638 2841 3,
663 2801 741 2843 56),
771 2802 806 2834 et
827 2800 883 2834 lex
905 2801 1045 2836 Visellia

179 2850 353 2894 (Ulpianus
376 2851 430 2883 Fr.
455 2851 519 2883 Tit.
537 2851 570 2891 5,
589 2850 633 2892 3).
660 2850 711 2883 Cf.
738 2851 824 2883 Ann.
851 2851 905 2891 43,
930 2851 983 2884 49.
1006 2868 1041 2875 -

176 2902 330 2935 inlustres
351 2902 439 2934 domi
462 2899 567 2943 artes]
599 2902 694 2934 artes
715 2901 830 2943 pacis,
862 2902 975 2934 studia
996 2902 1046 2934 ci-

176 2952 259 2985 vilia
282 2951 326 2993 (3,
350 2951 416 2992 75).
442 2951 494 2984 Cf.
519 2950 551 2991 3,
575 2951 629 2984 70.
656 2968 692 2974 -—
721 2951 857 2994 species]
882 2951 1043 2993 dignitas,

178 3000 362 3045 splendor,
393 3002 599 3034 ornamenta
630 3001 775 3041 eadem,
808 3010 900 3043 quae
922 3003 1044 3035 vetere

177 3061 217 3085 re
249 3049 402 3094 publica.
439 3050 511 3083 Cic.
535 3050 572 3083 in
601 3051 717 3083 Pison.
744 3050 764 3092 S
787 3050 848 3084 24:
883 3052 1046 3092 Magnum

178 3110 297 3135 nomen
319 3103 385 3141 ost,
420 3109 547 3142 maana
568 3101 708 3141 species,
739 3109 866 3143 maana
888 3101 1044 3143 dignitas,

178 3161 305 3194 magna
325 3151 482 3184 maiestas
502 3150 654 3182 consulis.
674 3168 711 3173 —
731 3151 910 3193 frumenta]
934 3150 1046 3184 decu-

179 3210 261 3234 mae
284 3210 328 3234 ex
350 3200 442 3242 agris
464 3197 613 3242 publicis
629 3199 664 3232 et
681 3198 926 3240 vectigalibus,
953 3201 991 3232 ut
1011 3200 1046 3232 in

181 3249 306 3283 Sicilia.
352 3251 420 3283 Per
446 3249 607 3290 pecunias
636 3248 810 3290 vectiyales
841 3255 912 3281 non
938 3248 1045 3281 modo

183 3301 355 3343 scriptura
383 3301 419 3333 et
445 3299 658 3342 portorium,
689 3298 753 3332 sed
783 3299 901 3331 cetera
925 3298 1044 3339 etiam,

185 3358 275 3392 quae
308 3349 352 3383 ab
382 3350 538 3392 Augusto
567 3349 723 3382 instituta
744 3349 827 3382 sunt
858 3348 1047 3391 (centesima

183 3407 297 3432 rorum
320 3399 487 3433 venalium
510 3400 542 3440 4,
566 3399 621 3433 78.
655 3398 811 3431 vicesima
830 3398 1048 3432 hereditatum

186 3450 217 3481 et
245 3447 428 3489 haam-um
455 3448 598 3483 sueton.
622 3448 710 3490 Aug.
735 3446 790 3482 49.
822 3447 886 3481 Dio
912 3447 966 3488 55,
991 3446 1044 3488 25)

255 3507 397 3543 Tannus
416 3509 444 3543 1.

1097 2049 1279 2092 vectigalia
1317 2048 1551 2091 intelligenda.
1603 2050 1719 2083 Cetera
1759 2051 1968 2091 publicorum

1097 2101 1269 2142 fructuum
1297 2101 1379 2134 sunt
1400 2100 1531 2133 tributa
1554 2100 1828 2142 provincialibus
1852 2103 1967 2145 impo-

1099 2151 1175 2184 sita.
1201 2151 1282 2183 Em«.
1310 2168 1346 2174 —
1378 2150 1606 2193 aquabantur]
1643 2151 1693 2184 Cf.
1720 2152 1855 2184 Seneca
1877 2153 1965 2195 Epp.

1099 2202 1179 2234 ⁴⁴9:
1206 2201 1528 2241 circumspiciebam,
1553 2201 1588 2233 in
1611 2202 1698 2241 quod
1721 2210 1771 2234 me
1792 2212 1886 2235 mare
1907 2213 1968 2236 ne-

1097 2252 1286 2293 qotiaturus
1307 2252 1533 2292 immitterem,
1559 2252 1646 2292 quod
1663 2252 1832 2293 publicum
1854 2255 1968 2296 agita-

1097 2311 1180 2335 rem.
1218 2302 1360 2335 Sueton.
1385 2302 1492 2344 Vesp.
1519 2302 1556 2333 4;
1587 2302 1754 2342 publicum
1777 2304 1968 2346 quadrage-

1098 2353 1202 2384 simae
1216 2352 1252 2384 in
1266 2352 1346 2384 Asia
1360 2353 1437 2393 cyil.
1458 2367 1494 2375 —
1520 2360 1573 2384 res
1587 2361 1666 2384 suas
1681 2353 1715 2385 G.
1733 2355 1967 2393 spectatissimo

1097 2402 1226 2445 cuique]
1251 2402 1427 2444 Significat
1448 2404 1698 2445 procuratores
1716 2404 1876 2437 Caesaris
1895 2407 1967 2438 tam

1097 2453 1131 2485 in
1155 2450 1466 2495 proconsularibus
1491 2460 1599 2493 quam
1621 2453 1657 2484 in
1676 2453 1858 2486 Caesareis
1882 2463 1968 2496 pro-

1095 2503 1219 2536 vinciis
1242 2511 1333 2544 quae
1358 2502 1404 2534 ad
1426 2502 1553 2535 fiscum
1576 2503 1801 2544 pertinebant
1816 2504 1968 2537 admini-

1097 2555 1260 2587 strantes.
1287 2552 1415 2585 Tiberii
1432 2553 1466 2585 in
1482 2553 1550 2585 hac
1566 2562 1605 2585 re
1623 2552 1746 2587 laudes
1762 2556 1843 2587 sunt
1859 2556 1966 2588 etiam

1097 2603 1191 2645 apud
1213 2602 1396 2636 Philonem
1419 2603 1537 2644 Legat.
1560 2602 1605 2635 ad
1622 2604 1745 2636 Gaium
1761 2604 1792 2636 2.
1815 2621 1850 2628 —
1876 2607 1966 2637 tene-

1097 2653 1220 2685 bantur
1230 2660 1370 2693 prorsus
1385 2652 1454 2684 sine
1466 2652 1574 2693 modo]
1594 2652 1643 2685 Cf.
1664 2653 1696 2692 4,
1709 2653 1763 2685 80.
1785 2670 1821 2676 -
1840 2655 1966 2694 asperis

1094 2701 1211 2743 maris]
1237 2701 1288 2735 Cf.
1313 2702 1351 2742 2,
1375 2701 1437 2735 26:
1466 2702 1609 2734 adversa
1629 2703 1746 2734 maris.
1773 2702 1804 2743 3,
1824 2702 1884 2736 54:
1910 2705 1964 2735 in-

1095 2755 1186 2786 certa
1207 2752 1324 2784 maris.

1138 2803 1170 2835 7.
1194 2802 1280 2844 rari]
1305 2810 1375 2834 non
1398 2800 1593 2842 latifundia,
1618 2804 1657 2834 ut
1676 2804 1818 2844 ppstea,
1845 2813 1887 2836 ex
1903 2803 1965 2835 bo·

1095 2860 1222 2886 norum
1246 2851 1482 2894 publicatione
1507 2853 1543 2884 et
1563 2860 1709 2885 reorum
1728 2852 1964 2886 damnationi-

1095 2901 1163 2935 bus
1186 2903 1297 2944 parta.
1322 2902 1408 2933 L1Ps.
1436 2918 1471 2924 —-
1497 2902 1645 2934 modesta
1665 2903 1810 2946 servitia]
1840 2912 1964 2936 servo-

1095 2960 1175 2984 rum
1210 2951 1371 2984 modicus
1406 2959 1599 2991 numerus;
1632 2961 1723 2994 quae
1759 2954 1962 2995 significatio

1096 3001 1277 3044 aptissima
1302 3002 1356 3034 est
1372 3001 1408 3033 et
1420 3001 1513 3034 raris
1527 3002 1621 3043 ayris
1640 3003 1676 3034 et
1693 3005 1813 3043 paucis
1827 3003 1961 3037 libertis.

1095 3050 1159 3083 Alii
1182 3050 1226 3083 de
1250 3058 1436 3083 servorum
1459 3050 1618 3083 moribus
1642 3051 1850 3093 intelligunt,
1877 3055 1962 3087 civi-

1094 3099 1162 3132 bus
1185 3108 1256 3132 non
1279 3098 1521 3133 molestorum.
1547 3118 1582 3124 —
1609 3101 1693 3133 comi
1713 3101 1782 3144 via]
1807 3110 1959 3137 morum.

1096 3148 1146 3181 Cf.
1173 3149 1205 3189 4,
1229 3148 1290 3182 54:
1317 3148 1442 3182 Tiberio
1467 3150 1538 3182 alia
1559 3158 1690 3182 morwn
1706 3151 1772 3182 via.
1799 3150 1882 3184 Plin.
1901 3155 1963 3186 Pa-

1095 3206 1175 3239 neg.
1200 3197 1254 3239 35,
1280 3199 1340 3231 4οι
1371 3199 1415 3231 Ti.
1441 3199 1566 3232 Caesar
1586 3200 1721 3231 minime
1742 3201 1843 3232 comis
1863 3202 1963 3244 impe-

1094 3250 1204 3280 rator.
1237 3266 1273 3272 —
1309 3248 1480 3290 horridus]
1514 3249 1623 3281 tristis
1657 3257 1698 3281 ac
1732 3257 1887 3284 severus.
1922 3271 1958 3277 —

1094 3296 1194 3339 ultor]
1217 3298 1364 3331 Drusus.
1393 3317 1429 3322 —
1455 3299 1599 3331 occultus
1620 3297 1698 3339 odii]
1722 3298 1774 3330 Ad
1799 3303 1962 3335 constru-

1096 3347 1250 3380 ctionem
1273 3347 1317 3381 cf.
1343 3348 1375 3389 6,
1401 3348 1461 3381 36:
1487 3348 1633 3387 aliosque
1653 3348 1960 3393 occultos-consilii3

1097 3395 1142 3429 ad
1160 3397 1371 3430 sententiam
1395 3397 1481 3430 Hist.
1499 3397 1536 3436 2,
1558 3396 1618 3429 38:
1646 3396 1703 3429 Cn.
1720 3397 1891 3440 Pompeius
1905 3411 1962 3435 00..

1096 3446 1227 3487 cultior,
1250 3455 1317 3480 non
1331 3446 1458 3479 melior.
1485 3446 1556 3479 Cic.
1573 3445 1661 3488 Epp.
1679 3445 1724 3479 ad
1740 3447 1836 3482 Fam.
1855 3449 1886 3491 3,
1905 3452 1958 3485 4οε

1734 3506 1787 3550 44
