2254 3770
745 285 899 329 LIBER
927 285 1009 329 lv..
1038 284 1139 341 Cap.
1169 284 1237 327 70.
1266 283 1335 327 74.
1366 284 1432 329 72.
1874 320 1877 322 .
1901 284 1985 328 257

312 391 394 450 (74)
423 393 472 437 Ni
502 393 603 436 mihi
634 392 888 437 destinatum
918 391 1027 435 foret
1055 405 1181 434 suum
1201 405 1403 449 quaeque
1433 391 1475 434 in
1495 405 1653 435 annum
1671 390 1849 442 referre,
1881 404 1982 434 ave-

196 469 452 513 bat‘animus
473 469 608 512 antire
635 468 862 526 statimque
884 481 1123 511 memorare
1142 467 1297 515 exitus,
1330 480 1440 524 quos
1460 466 1649 510 Latinius
1670 471 1798 524 atquc
1819 466 1980 523 Opsius

196 545 414 602 ceterique
445 543 587 602 flagitii
620 545 714 588 eius
736 550 982 601 repertores
1005 542 1213 590 habuere,
1246 556 1330 585 non
1354 542 1483 586 modo
1503 548 1731 600 postquam
1755 542 1798 585 C.
1823 542 1981 585 Caesar

193 633 335 664 rerum
365 620 523 678 potitus
554 626 637 667 est.
671 619 748 663 sed
780 618 980 662 incolumi
1011 618 1201 670 Tiberi03
1233 618 1306 675 qui
1330 618 1542 661 scelerum
1561 618 1777 661 ministros
1806 624 1853 661 ut
1880 630 1981 675 per-

193 695 299 740 verti
329 695 383 739 ab
413 695 507 739 aliis
536 695 725 743 nolebat,
758 695 814 738 ita
845 694 1099 752 plerumque
1129 693 1305 736 satiatus
1336 699 1379 736 et
1406 693 1560 737 oblatis
1591 694 1633 737 in
1662 693 1845 738 eandem
1874 706 2011 749 ope-5

193 785 281 815 ram
321 771 566 815 recentibus
599 777 773 815 veteres
809 776 852 813 et
886 782 1146 827 praegraves
1185 767 1357 812 adflixit.
1420 783 1571 812 verum
1607 768 1685 813 has
1716 775 1845 827 atque
1874 768 1979 812 alias

193 847 377 891 sontium
406 860 569 905 poenas
599 846 642 888 in
670 852 864 904 tempore
894 844 1125 888 trademus.
1172 850 1259 887 tum
1282 844 1449 887 censuit
1468 845 1638 888 Asinius
1658 844 1824 895 Gallus,
1857 844 1979 888 cuius

192 922 426 966 liberorum
457 922 684 980 Agrippina
715 927 943 964 matertera
973 927 1081 970 erat,
1113 919 1346 977 petendum
1375 933 1401 963 a
1429 920 1622 977 principe
1643 926 1690 963 ut
1716 926 1854 964 metus
1875 933 1978 963 suos

193 999 357 1042 senatui
388 997 595 1042 fateretur
617 996 895 1054 amoverique
923 995 1094 1039 sineret.
1125 995 1281 1039 nullam
1309 1008 1448 1053 aeque
1475 995 1688 1047 Tiberius,
1720 1002 1767 1040 ut
1792 996 1977 1047 rebatur,

193 1087 246 1117 ex
274 1073 503 1117 virtutibus
547 1073 636 1116 suis
674 1086 803 1130 quam
841 1070 1224 1116 dissimulationem
1258 1070 1472 1128 diligebat.
1518 1085 1571 1115 eo
1609 1072 1779 1130 aegrius
1814 1072 2029 1130 accepitio

193 1148 354 1201 recludi
385 1162 497 1207 quae
527 1155 744 1206 premeret
803 1147 879 1191 sed
910 1146 1116 1204 mitigavit
1146 1147 1348 1200 Seianus,
1380 1160 1466 1190 non
1497 1146 1600 1190 Galli
1633 1161 1797 1199 amore,
1829 1161 1978 1192 verum

190 1230 236 1267 ut
265 1225 557 1268 cunctationes
586 1223 790 1282 principis
821 1223 1111 1281 opperiretur,
1153 1235 1310 1280 gnarus
1340 1222 1499 1266 lentum
1530 1222 1572 1265 in
1602 1222 1866 1275 meditando,
1905 1222 1979 1267 ubi

190 1300 475 1357 prorupisset,
507 1299 698 1343 tristibus
729 1298 853 1342 dictis
884 1299 1043 1342 atrocia
1073 1298 1181 1342 facta
1210 1298 1483 1356 coniungere.

304 1376 387 1419 Per
415 1375 531 1419 idem
559 1381 728 1433 tempus
759 1373 863 1417 Iulia
894 1380 1074 1417 mortem
1103 1373 1226 1424 obiit,
1271 1387 1401 1432 quam
1430 1380 1602 1432 neptem
1631 1375 1846 1431 Augustus
1877 1388 1978 1418 con-

189 1450 344 1495 victam
385 1450 581 1494 adulterii
612 1450 889 1494 damnaverat
928 1449 1256 1508 proieceratque
1287 1451 1328 1493 in
1358 1449 1540 1494 insulam
1570 1450 1824 1502 Trimerum,
1863 1450 2029 1496 113υάεὸ

189 1525 339 1584 procul
378 1525 525 1584 Apulis
561 1525 767 1570 litoribus.
827 1524 914 1569 illic
952 1525 1097 1582 viginti
1141 1526 1263 1569 annis
1299 1525 1471 1569 exilium
1509 1525 1721 1577 toleravit,
1762 1527 1980 1583 Augustae

192 1615 275 1660 ope
293 1607 560 1655 -sustentata3
590 1615 703 1660 quae
734 1601 935 1644 florentes
964 1601 1183 1658 privignos
1213 1615 1309 1645 cum
1340 1616 1419 1660 per
1444 1601 1658 1646 occultum
1684 1601 1977 1653 subvertisset,

195 1677 536 1722 misericordiam
565 1691 670 1736 erga
698 1676 891 1721 adflictos
921 1676 1061 1735 palam
1091 1678 1342 1721 ostentabat.

155 1810 159 1813 ¹
303 1754 385 1811 (72)
431 1754 594 1798 Eodem
639 1767 750 1797 anno
795 1753 934 1804 Frisii,
980 1752 1315 1797 transrhenanus
1350 1753 1553 1812 populus,
1598 1767 1751 1812 pacem
1795 1768 1976 1806 exuere,

191 1816 336 1873 nostra
375 1830 511 1887 magis
555 1829 730 1873 avaritia
774 1842 904 1887 quam
947 1828 1144 1887 obsequii
1184 1830 1452 1888 inpatientes.
1497 1829 1702 1874 tributum
1731 1830 1783 1873 iis
1812 1831 2029 1877 Drususszo

189 1906 374 1950 iusserat
402 1905 635 1956 modicum,
667 1919 746 1962 pro
765 1904 971 1963 ¹angustia
1001 1918 1166 1956 rerum,
1197 1911 1244 1948 ut
1273 1905 1314 1948 in
1344 1919 1450 1949 usus
1480 1905 1684 1950 militares
1705 1906 1821 1950 coria
1846 1906 1977 1950 boum

187 1981 444 2039 penderent,
484 1995 570 2025 non
601 1981 759 2025 intenta
788 1980 1042 2038 cuiusquam
1074 1995 1177 2025 cura
1207 1994 1319 2039 quae
1348 1980 1583 2031 firmitudo,
1616 1996 1729 2041 quae
1758 1997 1973 2031 mensura,

186 2056 327 2102 donec
356 2056 565 2102 Olennius
595 2071 620 2101 e
648 2055 982 2115 primipilaribus
1013 2056 1212 2114 regendis
1242 2056 1389 2100 Frisiis
1418 2057 1627 2115 inpositus
1658 2064 1778 2116 terga
1798 2073 1976 2103 urorum

248 2216 282 2251 4.
305 2217 460 2250 incolomi
481 2217 516 2252 M
540 2233 576 2240 ·-
602 2216 634 2250 5.
658 2216 802 2249 nollebat
823 2216 857 2250 M
883 2233 918 2238 -—
946 2216 998 2249 44.
1020 2218 1210 2257 praemeret
1230 2217 1265 2250 M
1281 2233 1317 2240 —
1344 2217 1398 2250 ⁴2.
1416 2217 1626 2259 opperiretur
1638 2219 1665 2251 I.
1683 2219 1738 2252 Fr.
1757 2219 1971 2253 Gronovius:

183 2275 396 2316 aperirentur
417 2275 451 2309 M
481 2292 516 2298 -
551 2275 604 2307 45.
624 2274 876 2315 prolcceratque
897 2274 932 2307 M
955 2290 991 2296 —
1024 2273 1206 2307 Tremetum
1228 2274 1504 2308 Freinshemius.
1530 2292 1568 2300 -
1600 2275 1655 2309 23.
1680 2278 1776 2317 ter-,qa
1796 2279 1974 2308 taurorum

183 2330 398 2373 Nipperdey,
428 2339 536 2373 quam
559 2331 800 2364 coniecturam
825 2330 1016 2372 palmarem
1037 2331 1141 2363 vocat
1163 2331 1198 2363 F.
1223 2331 1281 2364 W.
1306 2331 1404 2372 Otto,
1435 2331 1598 2373 infelicem
1619 2330 1753 2366 Urlichs
1776 2332 1812 2365 in
1836 2331 1970 2365 Annali.

183 2386 301 2429 philol.
326 2388 362 2421 et
382 2387 533 2431 paedag.
556 2387 624 2422 vol.
643 2387 685 2421 69
706 2396 742 2431 p.
761 2388 836 2421 464.

1101 2531 1190 2573 filia,
1215 2541 1316 2566 soror
1339 2532 1378 2565 C.
1405 2533 1442 2565 et
1459 2533 1496 2565 L.
1517 2533 1728 2573 Caesarum,
1754 2541 1845 2575 quae
1863 2535 1969 2577 nupta

1102 2585 1178 2616 erat
1207 2584 1244 2615 L.
1270 2581 1416 2615 Aemilio
1443 2581 1561 2615 Paulo.
1589 2601 1626 2607 -
1656 2583 1842 2616 convictam
1870 2585 1970 2617 adul-

181 2533 327 2575 Augusti
358 2531 458 2575 filia),
494 2541 636 2567 sorores
664 2533 946 2575 consanguineae
973 2533 1051 2566 fue-

182 2583 276 2616 runt.
296 2601 331 2606 —
350 2587 390 2616 ut
409 2583 558 2626 rebatur]
582 2583 635 2616 Ad
650 2585 835 2626 sequentia
851 2584 957 2617 refer.
980 2585 1052 2616 Pu—

181 2631 278 2666 tabat
299 2633 392 2666 hanc
408 2633 576 2667 virtutem
599 2642 692 2674 esse,
707 2643 779 2667 non
793 2635 880 2667 erat.
907 2635 1047 2667 L1Ps.—
1100 2633 1186 2675 terii]
1211 2632 1262 2666 Cf.
1288 2632 1326 2673 3,
1351 2632 1406 2666 24.
1433 2649 1469 2655 -
1501 2632 1696 2675 Trimerum]
1722 2642 1829 2666 unam
1853 2643 1897 2667 ex
1919 2636 1970 2668 in-

181 2684 220 2714 ut
240 2683 465 2716 cunctationes
483 2692 539 2724 pr.
566 2683 792 2727 opperiretur]
823 2684 892 2717 hoc
916 2684 987 2723 est,
1013 2684 1052 2716 ut

181 2731 402 2766 subserviret
421 2734 562 2775 ingenio
584 2734 751 2776 principis
775 2735 810 2767 et
832 2734 952 2776 specie
977 2732 1051 2766 cle-

181 2784 351 2816 mentiam
367 2783 550 2817 suadentis
565 2784 667 2818 daret
682 2785 714 2818 ei
727 2785 953 2818 occasionem
966 2793 1050 2817 cun-

182 2832 299 2866 ctandi
339 2833 597 2876 disserendique
632 2833 768 2867 Gallum
807 2835 843 2867 in
877 2835 1050 2868 maturius

181 2882 320 2924 odium,
345 2884 463 2917 sciens
485 2883 584 2917 illum
607 2884 764 2926 gaudere
787 2893 886 2917 mora
911 2886 948 2917 et
963 2893 1050 2926 quo—

181 2932 264 2966 dam
287 2934 403 2974 tractu
426 2932 670 2975 consiliorum,
694 2935 888 2977 postquam
906 2934 1050 2967 decres-

180 2984 251 3024 set,
276 2992 348 3016 non
370 2985 570 3026 paenitere,
596 2983 661 3018 sed
683 2993 704 3017 a
718 2983 839 3018 verbis
853 2983 1048 3017 immitibus

181 3033 228 3066 ad
251 3042 357 3067 saeva
380 3032 551 3076 supplicia
572 3033 780 3077 procedere.
806 3035 831 3067 Ι.
857 3035 892 3067 F.
919 3035 1049 3067 Gnoso-

179 3091 266 3116 vtus.
293 3082 444 3125 (Codicis
466 3081 656 3117 lectionem
679 3083 892 3125 aperirentur
914 3084 966 3116 sic
988 3083 1049 3116 de-

181 3131 291 3165 fendit
313 3131 542 3166 Doederlein:
569 3132 770 3165 «Offensum
785 3132 965 3165 Tiberium
984 3133 1049 3165 mi-

180 3181 316 3223 tigavit,
340 3191 413 3216 non
427 3184 466 3215 ut
481 3181 575 3215 Gallo
590 3182 731 3215 veniam
746 3182 965 3224 impetraret,
983 3181 1048 3215 sed

180 3231 220 3263 ut
249 3232 473 3266 occasionem
502 3231 768 3265 nancisceretur
797 3231 1046 3272 significandae

181 3287 286 3314 verae
302 3283 338 3315 et
353 3282 512 3315 occultae
527 3282 694 3325 principis
708 3279 916 3321 voluntatis,
936 3282 1046 3322 utque

183 3331 344 3372 apertum
378 3331 481 3365 fieret
509 3331 688 3375 patribus,
725 3330 883 3364 cunctari
908 3331 1046 3363 tantum

182 3378 393 3423 principem,
417 3390 490 3415 non
504 3389 651 3425 prorsus
667 3379 778 3422 nolle,
801 3389 844 3414 ac
859 3388 942 3413 mox
957 3379 1044 3420 fore,

182 3427 222 3462 ut
241 3427 409 3464 fateretur
436 3433 553 3467 metus
576 3430 708 3474 suosm)
734 3447 769 3455 —
799 3429 903 3474 Iulia]
939 3427 1046 3463 Iuliae

253 3490 396 3526 'herm
416 3492 444 3527 1.

1100 2682 1185 2716 sulis
1207 2682 1430 2720 Diomedeis,
1454 2682 1559 2715 hodie
1585 2683 1730 2716 Tremiti.

1143 2733 1197 2765 72.
1222 2732 1333 2774 Frisii]
1351 2731 1401 2765 Cf.
1417 2733 1534 2765 Germ.
1550 2732 1604 2766 34.
1618 2751 1654 2756 —
1675 2734 1816 2776 Drusus]
1839 2734 1966 2767 Tiberii

1099 2782 1218 2823 frater,
1243 2783 1344 2824 pat-er
1359 2783 1567 2815 Germanici.
1594 2781 1727 2822 Dio‘54,
1753 2784 1813 2816 32:
1838 2784 1878 2826 ἐς
1899 2782 1966 2817 τὸν

1100 2829 1272 2865 ὠκεανὸν
1286 2830 1348 2865 διὰ
1363 2830 1432 2865 τοῦ
1443 2828 1579 2875 Ῥήνου
1595 2831 1862 2875 καταπλεύσας
1877 2832 1966 2876 τοὺς

1099 2882 1299 2929 Φρεισίους
1313 2877 1546 2925 ᾠκειώσατο.
1564 2899 1600 2905 -
1618 2883 1773 2924 iusserat]
1790 2885 1967 2926 imposue-

1098 2934 1164 2965 rat.
1191 2950 1228 2955 -
1252 2932 1289 2964 in
1310 2941 1390 2964 usus
1410 2932 1584 2973 militares]
1607 2933 1652 2965 ad
1675 2935 1794 2975 scuta,
1823 2935 1868 2966 ad
1891 2935 1966 2968 ten-

1097 2982 1184 3014 toria
1209 2980 1378 3022 militum,
1404 2981 1511 3014 etiam
1535 2981 1580 3014 ad
1600 2983 1843 3016 machinarum
1865 2992 1966 3025 para-

1097 3033 1186 3064 tum.
1204 3032 1290 3064 Lm.
1311 3048 1347 3055 —
1371 3031 1523 3074 rependis
1536 3032 1652 3064 Frisiis
1664 3033 1835 3073 inpositas]
1858 3042 1965 3075 prae—

1098 3081 1224 3114 fectus.
1250 3080 1300 3114 Cf.
1319 3081 1448 3114 Inscrr.
1465 3082 1552 3115 Latt.
1567 3081 1635 3114 vol.
1650 3083 1705 3114 111.
1720 3091 1754 3114 n.
1766 3082 1862 3122 6938,
1878 3083 1963 3116 6939

1099 3132 1134 3164 et
1148 3130 1305 3164 Iudicem
1328 3139 1362 3173 p.
1382 3131 1456 3164 408.
1476 3148 1513 3155 -
1537 3131 1644 3173 terga]
1669 3140 1732 3173 pro
1754 3134 1901 3173 terpora,
1924 3135 1965 3167 ut

1099 3181 1151 3221 45,
1177 3179 1231 3213 44.
1257 3181 1342 3214 Hist.
1367 3181 1401 3219 2.
1419 3181 1473 3214 88.
1499 3180 1636 3214 Sallust.
1661 3181 1747 3213 Hist.
1773 3180 1814 3213 fr.
1832 3182 1902 3215 inc.
1920 3183 1962 3217 ⁴4

1096 3230 1176 3262 Kr.:
1209 3231 1310 3272 tergis
1331 3230 1528 3263 vinciebant.
1554 3229 1681 3271 Vergil.
1706 3231 1793 3262 Aen.
1820 3231 1852 3270 4,
1877 3232 1959 3267 368:

1099 3279 1243 3313 Taurino
1258 3283 1421 3321 quantum
1431 3283 1566 3321 possent
1579 3280 1788 3312 circumdare
1802 3283 1906 3323 tergo.
1923 3301 1959 3307 —

1096 3331 1250 3371 urorum]
1272 3330 1405 3363 Caesar
1425 3331 1464 3363 B.
1490 3331 1528 3362 G.
1551 3330 1583 3369 6,
1601 3328 1662 3361 28:
1687 3330 1821 3361 tertium
1842 3334 1890 3364 est
1908 3342 1964 3375 90-

1096 3387 1159 3412 nus
1187 3388 1302 3413 eorum
1333 3379 1474 3422 (boum)
1504 3379 1562 3419 qui
1586 3379 1642 3410 ari
1664 3379 1886 3419 appellantur.
1920 3384 1963 3416 Hi

1095 3432 1171 3463 sunt
1183 3429 1414 3473 maqnitudine
1421 3428 1527 3470 paulo
1541 3427 1634 3469 infra
1645 3428 1843 3472 elephantos,
1859 3434 1963 3473 specie

1596 3487 1652 3531 ’17
