2254 3770
722 221 729 226 ’
797 244 952 289 LIBER
979 243 1063 290 xv.
1109 243 1210 302 Cap.
1239 244 1307 288 54.
1338 245 1406 290 52.
1907 245 1990 290 525

207 366 395 398 manere.
426 351 504 396 sed
533 352 770 410 provisum,
802 364 990 410 quonam
1021 350 1149 394 modo
1178 365 1342 409 poenas
1371 365 1552 397 eversae
1580 351 1644 396 rei
1673 366 1714 410 p.
1746 350 1888 396 daret:
1919 366 1991 398 ac-

207 429 450 486 cingeretur
476 427 607 471 modo
637 440 794 471 navare
824 440 1001 484 operam
1029 432 1072 469 et
1100 425 1280 470 militum
1308 427 1542 472 acerrimos
1571 427 1731 471 ducere
1760 427 1803 470 in
1832 434 1989 485 partes,

205 517 257 548 ac
292 503 420 560 digna
459 502 595 560 pretia
625 508 882 560 expectaret.
926 501 1099 545 nomina
1130 507 1270 545 tamen
1301 503 1618 547 coniuratorum
1646 502 1826 547 reticuit.
1875 503 1991 547 unde

203 578 373 622 Proculi
403 577 607 621 indicium
637 577 808 621 inritum
838 576 930 627 fuit,
968 577 1165 635 quamvis
1195 590 1266 628 ea,
1310 592 1423 636 quae
1453 578 1662 630 audierat,
1695 577 1748 622 ad
1778 579 1993 622 Neronem

204 653 438 698 detulisset.
469 652 603 696 accita
633 652 795 711 quippe
828 652 1045 710 Epicharis
1076 658 1118 695 et
1147 665 1244 695 cum
1285 652 1426 697 indice
1455 653 1693 711 composita
1720 652 1846 697 nullis
1874 654 2023 697 testi-5

204 729 285 773 bus
307 728 490 771 innisum
509 727 632 772 facile
654 727 896 772 confutavit.
927 726 1006 770 sed
1028 727 1122 784 ipsa
1142 727 1184 770 in
1203 727 1399 772 custodia
1419 735 1584 772 retenta
1603 735 1688 780 est,
1720 735 1993 787 suspectante

203 805 372 848 Nerone
403 803 516 846 baud
546 802 651 846 falsa
680 816 778 847 esse
804 802 933 846 etiam
952 815 1064 860 quae
1086 816 1188 846 vera
1208 816 1293 846 non
1312 803 1616 861 probabantur.
1661 804 1743 861 (52)
1765 804 1994 849 coniuratis

204 885 346 923 tamen
372 884 488 922 metu
518 877 770 936 proditionis
791 878 996 935 permotis
1015 877 1219 935 placitum
1239 884 1452 922 maturare
1473 878 1651 923 caedem
1672 880 1784 937 apud
1808 880 1931 924 Baias
1950 880 1994 923 in

204 953 302 997 villa
331 953 516 1004 Pisonis,
548 953 670 997 cuius
700 953 955 997 amoenitate
986 959 1135 1011 captus
1166 953 1326 997 Caesar
1354 954 1509 998 crebro
1538 954 1769 999 ventitabat
1797 955 1996 999 balneas-

205 1043 291 1088 que
321 1035 364 1073 et
393 1028 543 1086 epulas
572 1028 703 1072 inibat
731 1028 902 1072 omissis
932 1027 1125 1072 excubiis
1155 1035 1198 1072 et
1226 1028 1419 1073 fortunae
1450 1043 1555 1074 suae
1586 1030 1710 1075 mole.
1742 1030 1819 1074 se'd
1847 1030 2044 1075 abnuitio

205 1104 323 1155 Piso,
355 1102 557 1147 invidiam
587 1103 895 1162 praetendens,
927 1104 963 1147 si
989 1117 1111 1147 sacra
1130 1117 1306 1147 mensae
1327 1103 1458 1163 dique
1481 1105 1712 1163 hospitales
1733 1106 1867 1150 caede
1886 1120 1995 1164 qua-

205 1178 444 1237 liscumque
474 1178 679 1236 principis
709 1185 1052 1222 cruentarentur:
1092 1179 1244 1223 melius
1285 1179 1400 1238 apud
1431 1179 1582 1224 urbem
1613 1182 1656 1224 in
1687 1181 1757 1225 illa
1786 1182 1921 1226 invisa
1953 1189 1995 1226 et

205 1254 353 1313 spoliis
391 1254 545 1298 civium
584 1260 774 1297 extructa
812 1255 940 1297 domo
970 1253 1035 1298 vel
1073 1254 1115 1296 in
1144 1254 1317 1312 publico
1347 1261 1589 1313 patraturos
1619 1257 1734 1315 quod
1766 1271 1844 1315 pro
1874 1271 1922 1301 re
1951 1272 1992 1316 p.

205 1329 509 1387 suscepissent.
550 1329 657 1373 haec
688 1329 729 1372 in
758 1343 1003 1380 commune,
1043 1336 1235 1374 ceterum
1265 1330 1418 1374 timore
1448 1331 1634 1382 occulto,
1665 1346 1720 1376 ne
1749 1333 1794 1376 L.
1825 1333 1995 1377 Silanus

206 1405 361 1449 eximia
392 1404 608 1448 nobilitate
638 1404 950 1462 disciplinaque
984 1405 1029 1449 C.
1053 1405 1206 1456 Cassii,
1245 1405 1359 1463 apud
1391 1420 1518 1463 quem
1551 1406 1758 1452 educatus
1787 1415 1898 1460 erat,
1939 1408 1995 1452 ad
2008 1422 2045 1453 ⁴5

205 1494 378 1525 omnem
407 1479 702 1524 claritudinem
733 1479 925 1523 sublatus
957 1481 1181 1538 imperium
1211 1480 1449 1532 invaderet,
1482 1489 1678 1540 prompte
1705 1483 1888 1536 daturis,
1920 1484 1994 1542 qui

206 1570 232 1601 a
269 1555 562 1599 coniuratione
601 1555 752 1612 integri
794 1560 956 1605 essent,
999 1555 1161 1613 quique
1202 1556 1509 1600 miserarentur
1535 1558 1749 1602 Neronem
1777 1566 1996 1618 tamquam

206 1646 286 1690 per
314 1630 457 1676 scelus
487 1630 764 1674 intersectum.
810 1629 1006 1688 plerique
1036 1630 1194 1675 Vestini
1223 1645 1399 1689 quoque
1429 1632 1616 1677 consulis
1647 1647 1746 1678 acre
1780 1635 1997 1693 ingenium

207 1707 408 1751 vitavisse
439 1706 638 1750 Pisonem
668 1704 961 1757 crediderunt,
994 1719 1048 1749 ne
1077 1705 1130 1749 ad
1161 1705 1400 1750 libertatem
1428 1715 1624 1752 oreretur
1641 1709 1708 1753 vel
1729 1709 1898 1754 delecto
1918 1710 1997 1754 im-

206 1789 405 1841 peratore
443 1781 527 1825 alio
563 1781 630 1824 sui
666 1780 857 1824 muneris
897 1794 988 1824 rem
1021 1795 1062 1838 p.
1093 1781 1264 1826 faceret.
1312 1783 1470 1827 etenim
1507 1797 1662 1842 expers
1692 1785 2047 1831 coniurationis2o

206 1865 316 1910 erat,
363 1857 559 1916 quamvis
598 1870 730 1914 super
759 1869 812 1900 eo
848 1855 1024 1899 crimine
1053 1857 1165 1900 Nero
1196 1863 1317 1901 vetus
1350 1857 1582 1903 adversum
1610 1860 1822 1905 insontem
1850 1851 1998 1906 odium

222 2002 227 2003 ⁷
272 2012 303 2044 4.
326 2018 432 2056 penas
452 2009 487 2043 M
512 2027 548 2032 —
573 2008 605 2041 2.
630 2016 762 2041 nauare
776 2024 824 2031 --
840 2008 959 2041 ducere
980 2008 1034 2041 M:
1066 2011 1209 2042 navaret
1222 2026 1272 2034 --
1287 2010 1419 2043 duceret
1444 2010 1520 2050 alii;
1551 2020 1680 2046 navare
1694 2030 1743 2037 -—
1758 2014 1890 2048 duceret
1910 2016 1996 2058 Nip-

205 2067 353 2110 perdey.
381 2084 417 2090 -
441 2065 585 2098 militum
608 2064 687 2097 cod.
705 2063 892 2097 Budensis:
919 2065 1060 2097 multum
1082 2065 1115 2098 M
1141 2083 1176 2089 —
1203 2065 1235 2098 3.
1256 2065 1332 2108 p‘tia
1354 2067 1388 2100 M
1413 2085 1450 2091 —
1475 2067 1508 2101 8.
1533 2069 1643 2102 cedem
1665 2070 1698 2102 M
1724 2086 1760 2093 —
1784 2071 1885 2103 uaias
1906 2072 1939 2105 M
1954 2089 1991 2095 -—

205 2124 237 2156 9.
262 2124 356 2156 cuius
378 2123 429 2156 M:
453 2130 518 2163 quo
540 2121 610 2154 eius
631 2121 796 2154 Picbena.
823 2138 858 2143 —
890 2120 1072 2165 amenitate
1094 2122 1127 2154 M
1151 2138 1187 2144 —
1216 2122 1329 2156 creber
1350 2132 1388 2156 eo
1410 2123 1583 2158 Heinsius.
1611 2142 1647 2148 -
1673 2126 1877 2166 ualneasque
1897 2128 1931 2161 M
1956 2146 1993 2152 —

205 2181 260 2213 44.
285 2181 397 2221 diique
425 2178 592 2219 ospitiales
613 2178 687 2210 cede
708 2178 742 2211 M
768 2195 803 2199 —
837 2176 890 2210 ⁴4.
915 2180 1060 2223 ceterum
1081 2178 1115 2210 M
1139 2194 1174 2200 —
1203 2179 1256 2211 45.
1281 2179 1311 2212 G
1333 2179 1367 2212 M
1394 2196 1428 2202 -
1456 2180 1498 2212 46
1535 2181 1665 2214 daturis
1687 2183 1738 2215 M:
1764 2183 1894 2216 daturis
1915 2193 1997 2226 ope-

204 2245 282 2269 ram
304 2234 379 2274 alii3
403 2235 571 2267 adiuturis
591 2232 870 2275 Bezzenberger.
900 2251 933 2257 -—
961 2234 1014 2266 47.
1039 2236 1202 2274 tanquam
1223 2235 1256 2267 M
1282 2253 1318 2259 —
1344 2235 1398 2268 48.
1422 2236 1592 2278 fingentum
1613 2238 1647 2271 M
1673 2256 1709 2263 -
1736 2238 1788 2272 49.
1812 2239 1998 2274 libertatem

205 2295 357 2326 oreretur
378 2291 547 2324 Pichena:
572 2290 722 2323 libertate
740 2292 928 2323 moreretur
950 2290 1000 2328 M3
1024 2289 1207 2323 libertatem
1227 2295 1418 2325 moveretur
1439 2293 1507 2328 lac.
1526 2293 1733 2329 Gronovius.

207 2436 436 2478 quotidianam
456 2443 575 2468 euram
597 2437 628 2467 et
643 2434 754 2476 iuyem
767 2433 962 2467 exhibebant
974 2434 1077 2467 indu-

1124 2429 1295 2480 ἔπαρχον
1303 2430 1462 2479 Ῥώμης,
1472 2434 1585 2483 τριῶν
1596 2433 1744 2484 ἀνδρῶν
1754 2438 1997 2484 κατασκευῆς

206 2488 336 2520 striam.
364 2503 400 2509 —
429 2494 524 2526 posse
550 2483 672 2525 inpelli]
703 2484 749 2516 ad
772 2483 1007 2516 defectionem
1030 2483 1075 2516 ab
1258 2481 1274 2489 “¹

1126 2494 1276 2530 χρυσου
1299 2485 1363 2518 καὶ
1386 2481 1554 2533 ἀργύρου
1577 2488 1643 2520 καὶ
1661 2487 1831 2531 χαλκοῦ,
1855 2492 1996 2534 ταμίαν

206 2538 345 2570 Nerone
370 2537 406 2568 et
423 2535 687 2568 coniuratorum
703 2535 924 2567 societatem.
944 2551 980 2557 —
999 2534 1078 2575 Epi-

206 2587 317 2619 charis
328 2585 441 2628 plura]
457 2584 549 2618 ultra
563 2583 691 2617 talibus
708 2584 742 2617 in
758 2583 982 2617 sermonibus
998 2592 1078 2625 pro-

207 2644 328 2678 gressa
358 2637 424 2669 est.
452 2654 487 2658 —
520 2643 607 2675 quae
631 2643 715 2667 vera
743 2643 809 2666 non
833 2633 1076 2676 probabantur]

207 2685 243 2719 id
266 2687 337 2726 est,
365 2693 517 2727 quorum
531 2685 662 2717 veritas
677 2683 723 2716 ob
740 2685 881 2717 testium
897 2683 1076 2716 defectum

208 2736 366 2769 nondum
389 2734 545 2777 patebat.
570 2734 652 2767 Ean.

252 2836 306 2869 52.
330 2835 424 2876 mole]
450 2835 623 2877 apparatu
645 2835 680 2867 et
698 2834 865 2867 comitatu
880 2832 981 2867 solito
997 2833 1078 2876 ipsi-

210 2894 280 2928 que
304 2886 433 2919 Neroni
455 2884 633 2917 interd'um
648 2883 811 2917 molesto.
835 2884 891 2916 Sic
906 2884 1077 2926 Iosephus

211 2936 265 2976 48,
283 2935 315 2975 6,
329 2934 350 2967 9
372 2929 490 2978 ὄγκον
505 2931 737 2981 πραγμάτων
753 2933 838 2966 dixit
852 2933 897 2966 de
914 2933 1075 2975 imperio.

213 3002 250 3010 -—
275 2994 378 3018 sacra
398 2985 544 3027 mensae]
575 2984 664 3017 Vide
692 2984 739 3017 ad
762 2985 794 3024 4,
818 2983 860 3017 42
884 2985 921 3016 et
942 2983 996 3023 43,
1023 2984 1075 3016 47.

214 3052 251 3059 -
274 3036 313 3068 L.
330 3035 465 3068 Silanus
486 3035 614 3068 animia
635 3033 815 3076 nobilitate]
839 3034 984 3075 Augusti
1007 3034 1079 3066 sci-

211 3084 293 3118 licet
307 3085 478 3127 adnepos,
501 3085 545 3118 M.
563 3082 667 3116 Silani
683 3083 748 3126 (43,
767 3083 800 3124 4)
815 3082 919 3116 filius.
943 3083 1078 3116 Primos

212 3135 288 3168 eius
308 3135 462 3167 honores
481 3132 638 3166 declarat
654 3132 775 3165 titulus
790 3132 1013 3165 Atheniensis
1026 3133 1076 3172 (C.

211 3185 322 3217 Inscr.
347 3185 406 3217 Gr.
431 3193 465 3216 n.
491 3182 566 3223 369)
590 3191 611 3214 a
633 3181 823 3223 Borghesio
848 3181 981 3223 (Annali
1002 3180 1079 3214 dell*

211 3235 371 3268 Instituto
393 3233 485 3273 XXI,
520 3241 556 3274 p.
581 3232 623 3265 39
647 3231 716 3273 sq.)
750 3232 801 3265 sic
834 3230 1017 3273 suppletus
1043 3233 1079 3264 et

212 3284 332 3316 Latine
354 3283 533 3316 redditus:
563 3281 608 3315 Λ.
630 3278 789 3315 Ἰούνιον
811 3278 970 3327 Μάρκου
994 3282 1079 3314 Σει-

211 3330 329 3366 aava&
353 3329 439 3366 υἱὸν
461 3329 719 3379 Τορκουᾶτον,
747 3331 849 3378 ἱερέα
869 3329 964 3364 θεοῦ
984 3327 1079 3364 Ἰου-

211 3381 295 3417 λίου
317 3383 383 3418 καὶ
406 3383 509 3430 ἱερέα
529 3380 623 3416 θεοῦ
647 3381 844 3429 Καίσαρος
867 3379 1077 3424 Σεβαστοῦ,

1125 2534 1302 2581 Νέρωνος
1317 2535 1508 2570 Κλαυδίου
1523 2538 1719 2587 Καίσαρος
1733 2539 1932 2580 Σεβαστοῦ
1945 2567 1953 2575 .
1963 2567 1972 2575 .
1984 2567 1993 2575 .

1126 2586 1162 2618 L.
1188 2586 1337 2627 Iunium,
1362 2588 1409 2620 M.
1426 2588 1536 2620 Silam·
1554 2589 1679 2631 fllium,
1706 2591 1921 2632 Torquatum,
1944 2601 1998 2625 sa-

1125 2636 1288 2669 cerdotem
1321 2637 1389 2669 divi
1416 2638 1494 2670 Iulii
1521 2638 1719 2680 (flaminem
1746 2640 1933 2683 Iulianum)
1966 2645 1999 2676 et

1125 2686 1328 2719 sacerdotem
1342 2687 1412 2719 divi
1425 2688 1579 2721 Caesaris
1591 2689 1731 2732 Auyusti
1746 2690 1917 2732 (sodalem
1928 2693 1997 2725 An-

1127 2734 1311 2778 gustalem)
1324 2762 1332 2777 ‚
1362 2738 1568 2779 praefectum
1589 2739 1681 2772 urbis
1704 2740 1879 2782 (feriarum
1903 2743 1998 2774 Lati-

1127 2794 1254 2818 narum
1277 2786 1396 2827 causa)
1406 2812 1414 2826 ,
1440 2788 1653 2822 triumvirum
1668 2798 1755 2823 auro
1770 2794 1909 2833 arqento
1924 2792 1998 2824 aeri

1124 2835 1238 2878 flando
1266 2836 1433 2877 fortunae,
1464 2842 1670 2879 quaestorem
1695 2841 1839 2874 Neronis
1866 2842 1998 2875 Claudii

1127 2885 1280 2918 Caesaris
1295 2885 1435 2928 Augusti
1499 2888 1550 2921 Cf.
1570 2889 1623 2929 46,
1638 2889 1658 2922 7
1674 2898 1753 2932 sqq.
1771 2908 1807 2914 —
1826 2890 1861 2924 0.
1880 2891 1998 2934 Cassii]

1127 2935 1249 2977 optimi
1278 2934 1368 2970 illius
1400 2937 1648 2980 iureconsulti,
1680 2939 1724 2973 de
1753 2949 1823 2982 quo
1845 2941 1927 2974 vide
1950 2941 1998 2974 ad

1128 2986 1181 3025 42,
1207 2986 1244 3017 44
1273 2988 1308 3018 et
1330 2987 1384 3020 ⁴2.
1411 3005 1447 3011 —
1466 2992 1622 3030 prompte
1642 2990 1783 3032 dativis]
1806 2991 1855 3023 Ex
1877 2992 1998 3034 proxi-

1129 3036 1196 3067 mis
1223 3034 1375 3078 intellige
1403 3038 1592 3079 imperium.
1621 3055 1656 3062 —
1686 3048 1727 3072 ne
1748 3041 1793 3072 acl
1814 3040 1999 3074 libertatem

1128 3085 1290 3126 oreretur]
1316 3095 1385 3119 «ne
1407 3087 1452 3120 ad
1467 3089 1627 3122 veterem
1649 3088 1850 3123 libertatem
1867 3091 1998 3125 civitati

1128 3134 1350 3168 reddendam
1372 3139 1613 3179 exsurgeret.»
1632 3156 1668 3161 —
1693 3140 1746 3171 sui
1766 3141 1914 3173 muneris
1926 3150 1998 3174 rem

1124 3192 1161 3224 p.
1177 3184 1311 3227 faceret]
1337 3186 1546 3228 «imperium
1569 3186 1624 3220 alii
1648 3189 1795 3232 principi
1813 3191 1997 3233 tamquam

1129 3241 1258 3267 munus
1277 3236 1312 3267 et
1327 3234 1460 3268 donum
1476 3236 1685 3269 conferret».
1717 3238 1768 3271 Cf.
1785 3238 1818 3278 4,
1835 3240 1897 3272 57:
1921 3249 1998 3274 cum

1129 3283 1386 3318 damnationem
1406 3286 1514 3326 ipsam
1535 3287 1658 3320 donum
1679 3287 1748 3320 eius
1771 3289 1910 3331 (Liviae)
1935 3300 1997 3323 ac—

1128 3334 1260 3374 cepisset
1281 3334 1479 3375 (Tiberius).
1508 3353 1543 3359 —
1575 3337 1728 3377 quamvis
1741 3354 1790 3362 --
1803 3339 1996 3383 emplevmt]

1128 3382 1216 3416 Vide
1240 3392 1272 3418 c.
1290 3383 1344 3418 68.
1374 3383 1514 3418 Falsum
1535 3384 1670 3419 scilicet
1690 3386 1726 3420 id
1750 3387 1886 3422 crimen
1907 3397 1995 3422 eon-
