2254 3770
314 296 397 351 386

791 298 836 342 P.
869 298 1120 344 CORNELII
1149 299 1319 344 TACITI
1348 299 1617 355 ANNALIUM

313 403 409 461 lesti
439 418 597 451 arsere.
638 404 802 463 fastigio
835 404 1029 464 Capitolii
1060 420 1239 451 examen
1268 406 1412 465 apium
1442 407 1610 452 insedit.
1648 407 1852 465 biformes
1881 406 2101 462 hominum

312 487 470 540 partuS,
503 489 546 533 et
565 480 653 526 suis
673 481 805 526 fetum
826 481 997 534 editum,
1021 482 1089 527 cui
1109 482 1359 540 accipitrum
1380 497 1545 540 ungues
1566 484 1768 530 inessent.
1797 485 2101 531 numerabatur

312 557 423 615 inter
451 563 616 603 ostenta
646 557 887 604 deminutus
919 558 1108 602 omnium
1138 558 1462 616 magistratuum
1491 574 1715 614 numerus,
1747 567 1995 620 quaestore,
2026 575 2100 606 ae-

311 634 404 687 dili,
437 634 606 679 tribuno
636 647 687 678 ac
715 640 912 692 praetore
944 640 987 678 et
1016 633 1192 678 consule
1223 648 1386 692 paucos
1417 635 1525 680 intra
1554 650 1726 683 menses
1757 637 1980 682 defunctis.
2021 636 2101 682 sed

277 711 352 755 sin
381 710 616 769 praecipuo
646 724 807 769 pavore
826 709 1075 768 Agrippina,
1109 723 1260 754 vocem
1282 710 1464 763 Claudii,
1498 726 1628 770 quam
1647 712 1906 758 temulentus
1926 713 2102 766 iecerat,

308 785 434 831 fatale
462 786 544 831 sibi
575 791 622 830 ut
651 785 879 845 coniugum
909 785 1066 844 flagitia
1095 786 1239 838 ferret,
1285 786 1385 831 dein
1415 788 1602 846 puniret,
1641 795 1856 842 metuens,
1900 803 2030 848 agere
2058 795 2103 843 et

309 860 497 907 celerare
526 863 690 915 statuit,
720 862 887 921 perdita
916 862 1035 921 prius
1066 863 1249 907 Domitia
1277 863 1457 921 Lepida,
1490 864 1772 910 muliebribus
1802 865 1966 917 causis,
1999 864 2101 923 quia

307 938 470 996 Lepida
513 938 678 1004 minore
712 939 891 995 Antonia
932 939 1092 996 genita,
1136 939 1347 984 avunculo
1376 942 1585 998 Augusto,
1627 941 1887 1000 Agrippinae
1926 940 2102 996 sobrina

307 1014 425 1072 prior
454 1028 506 1059 ac
538 1014 669 1059 Gnaei
700 1014 839 1060 mariti
870 1014 963 1059 eius
993 1028 1134 1067 soror,
1165 1029 1316 1073 parem
1346 1014 1428 1059 sibi
1450 1015 1747 1060 claritudinem
1768 1016 1986 1062 credebat.
2017 1030 2101 1063 nec

257 1100 294 1132 ιο
307 1089 441 1135 forma
471 1096 588 1136 aetas
619 1104 727 1149 opes
751 1090 930 1135 multum
954 1090 1188 1144 distabant;
1219 1097 1261 1135 et
1279 1097 1462 1149 utraque
1481 1092 1685 1150 inpudica
1710 1092 1877 1136 infamis
1899 1091 2096 1146 violenta,

305 1165 421 1211 haud
450 1166 591 1221 minus
621 1167 732 1211 vitiis
763 1166 1105 1220 aemulabantur,
1139 1180 1269 1225 quam
1300 1167 1335 1211 si
1366 1181 1452 1226 qua
1482 1181 1534 1212 ex
1561 1168 1725 1212 fortuna
1745 1183 1955 1228 prospera
1974 1182 2099 1219 aecer

305 1249 468 1301 perant.
517 1243 737 1294 enimvero
769 1249 983 1288 certamen
1014 1243 1288 1296 acerrimum,
1321 1243 1448 1299 amita
1477 1244 1620 1302 potius
1650 1258 1704 1289 an
1725 1251 1861 1290 mater
1880 1244 1995 1304 apud
2014 1246 2098 1290 Ne·-

305 1333 456 1363 ronem
486 1319 779 1378 praevaleret:
811 1333 908 1383 nam
938 1319 1101 1377 Lepida
1137 1318 1437 1375 blandimentis
1468 1334 1519 1364 ac
1548 1319 1840 1378 largitionibus
1870 1320 2100 1374 iuvenilem

306 1395 493 1449 animum
530 1394 818 1448 devinciebat,
860 1394 967 1440 truci
1011 1401 1159 1439 contra
1189 1408 1239 1439 ac
1268 1395 1423 1449 minaci
1455 1395 1703 1454 Agrippina,
1736 1411 1848 1455 quae
1877 1396 1964 1441 filio
1994 1396 2098 1441 dare

255 1482 292 1524 is
305 1471 548 1530 imperium,
596 1471 780 1525 tolerare
824 1471 1139 1529 imperitantem
1177 1471 1396 1530 nequibat.
1444 1472 1526 1529 (65)
1568 1478 1759 1516 ceterum
1795 1471 1963 1517 obiecta
2001 1478 2100 1526 sunt

305 1549 422 1607 quod
454 1548 681 1606 coniugem
710 1547 914 1606 principis
945 1546 1516 1605 devotionibuspetivisset,
1561 1547 1766 1606 quodque
1795 1562 1947 1607 parum
1976 1552 2098 1593 co'er-

305 1624 398 1670 citis
428 1638 506 1683 per
537 1624 777 1670 Calabriam
808 1637 1030 1668 servorum
1062 1622 1301 1681 agminibus
1331 1637 1484 1682 pacem
1513 1623 1657 1668 ltaliae
1680 1623 1881 1669 turbaret.
1913 1624 1969 1668 ob
1989 1623 2098 1669 haec

302 1715 419 1745 mors
449 1700 626 1753 indicta,
661 1699 841 1744 multum
871 1699 1126 1744 adversante
1146 1699 1364 1751 Narcisso,
1396 1700 1469 1758 qui
1491 1699 1764 1758 Agrippinam
1786 1699 1920 1758 magis
1940 1699 2098 1758 magis-

302 1790 388 1836 que
419 1783 673 1835 suspectans
709 1776 975 1835 prompsisse
1013 1775 1122 1820 inter
1157 1775 1374 1833 proximos
1405 1775 1621 1820 ferebatur
1641 1783 1811 1823 ¹certam
1840 1776 1922 1820 sibi
1951 1775 2096 1835 perni-

251 1853 432 1907 2ociem,
466 1866 546 1898 seu
574 1852 843 1898 Britannicus
873 1866 1018 1897 rerum
1049 1865 1127 1896 seu
1155 1853 1268 1896 Nero
1298 1857 1538 1910 poteretur3
1574 1866 1724 1897 verum
1754 1852 1810 1896 ita
1840 1851 1896 1897 de
1926 1865 1974 1897 se
2003 1865 2096 1910 me<

365 2008 398 2042 2.
420 2011 564 2050 paratus
585 2007 620 2042 M
646 2023 682 2031 —-
708 2006 865 2041 ediditum
888 2006 922 2040 M
947 2022 982 2030 -
1010 2006 1042 2039 3.
1067 2006 1305 2049 magistratum
1327 2006 1360 2040 M
1383 2024 1420 2030 —-
1445 2009 1594 2047 questore
1616 2006 1650 2040 M
1669 2023 1704 2030 —
1730 2006 1832 2040 aelidi
1853 2006 1888 2040 M
1907 2023 1945 2031 -
1971 2006 2005 2040 7.
2023 2006 2097 2039 Do-

299 2064 397 2099 mitia
417 2065 542 2107 Lepida
563 2064 736 2098 Pichena:
769 2063 938 2098 domitiale
960 2064 994 2097 M
1020 2079 1056 2087 -
1083 2072 1151 2105 qua
1173 2064 1207 2098 M
1234 2082 1269 2087 —
1295 2062 1327 2095 8.
1353 2063 1531 2105 agrippine
1556 2063 1591 2096 M
1616 2080 1652 2086 —
1683 2062 1715 2096 9.
1741 2061 1842 2104 prior
1869 2063 1922 2098 M:
1955 2063 2098 2104 propior

299 2121 517 2156 Vertranius.
546 2139 582 2145 —
609 2121 725 2164 Gnaei]
750 2121 786 2155 C.
810 2122 853 2155 N.
878 2122 912 2155 M
938 2138 974 2145 -
1000 2121 1054 2155 40,
1080 2124 1150 2154 etas
1171 2121 1205 2155 M
1230 2138 1265 2144 —
1290 2120 1436 2155 uiolenta
1458 2121 1510 2155 M:
1534 2120 1703 2154 vinolenta
1725 2118 1792 2154 alii.
1814 2138 1850 2144 —
1875 2119 1930 2154 46.
1953 2117 2094 2162 contina&

300 2178 354 2212 M:
378 2178 571 2222 coniugium
594 2176 662 2211 alii.
691 2195 726 2201 -
752 2177 807 2212 20.
833 2177 1055 2212 brittannicus
1076 2177 1120 2212 M.

299 2307 486 2354 σημῆναι.
529 2310 650 2344 Criniti
683 2309 809 2345 sideris
841 2310 1059 2344 mentionem
1091 2309 1175 2343 fecit
1225 2309 1266 2343 ab
1288 2318 1325 2342 eo
1345 2309 1532 2342 consobrini
1546 2309 1802 2343 consobrinaeve
1814 2308 1922 2352 tilius,
1944 2309 2018 2352 tilia
2030 2317 2096 2342 no·-

300 2363 408 2396 etiam
423 2361 552 2396 Plinius
567 2363 608 2395 N.
626 2362 668 2394 H.
687 2362 707 2394 2
724 2361 742 2403 ἓ
758 2361 812 2393 92.
833 2378 868 2384 -
887 2370 1029 2394 examen
1047 2360 1171 2402 apium]

301 2412 398 2455 quod
428 2421 573 2455 semper
605 2412 698 2444 inter
727 2412 907 2454 portenta,
945 2421 1028 2445 cum
1055 2412 1172 2445 visum

297 2462 376 2496 loco
411 2462 587 2496 insolenti.
623 2463 709 2495 Lirs.
744 2479 787 2486 —
818 2462 970 2504 biformes
1002 2462 1174 2495 hominum

293 2513 426 2555 partus]
451 2512 696 2555 Significantur
714 2511 771 2546 vel
795 2512 992 2554 androgyni
1011 2513 1096 2554 (Liv.
1115 2513 1170 2552 34,

299 2565 359 2606 42)
383 2562 440 2597 vel
470 2564 630 2597 monstra
661 2564 769 2596 mixta
796 2563 949 2596 hominis
971 2562 1171 2604 beluaeque

298 2613 422 2649 forma.
444 2631 480 2637 —-
505 2614 610 2656 fetum
624 2613 758 2655 editum]
782 2612 944 2646 Nonnulli
959 2612 1092 2646 habent
1106 2621 1171 2655 pro

299 2665 514 2700 nominativo
532 2664 672 2707 generis
688 2664 866 2704 neutrius,
886 2664 985 2697 cuius
1000 2671 1086 2697 sane
1102 2663 1171 2696 hoc

297 2724 409 2752 unum
443 2711 537 2748 nunt:
576 2715 673 2748 esset
711 2713 925 2756 exemplum.
967 2714 1170 2747 Orationem

298 2764 480 2808 obliquam
511 2773 590 2798 esse
625 2765 732 2806 atque
761 2764 970 2806 cogitatione
1000 2762 1169 2806 supplen-

297 2815 384 2849 dum
409 2814 611 2849 nuntiabant
632 2813 689 2847 vel
711 2814 876 2856 ferebant,
902 2813 1008 2847 docet
1031 2814 1091 2855 qui
1110 2822 1170 2847 se-

297 2867 416 2908 quitur
446 2863 691 2898 subiunctivus
719 2864 869 2898 inessent.
904 2881 940 2887 -
972 2863 1167 2906 praecipuo]

295 2917 326 2950 si
347 2915 574 2958 comparetur
590 2922 672 2947 cum
689 2914 868 2948 communi
885 2912 1005 2956 populi
1020 2909 1169 2947 Romani

296 2975 340 3000 ex
356 2966 502 3000 ostentis
520 2973 664 3008 pavore.
683 2965 792 2997 Dono.
814 2982 850 2988 —
868 2964 1017 2998 Domitia
1031 2963 1165 3006 Lepida]

294 3017 383 3051 Vide
407 3015 453 3049 ad
477 3015 530 3056 44,
555 3015 609 3048 38.
634 3032 678 3038 -
708 3014 836 3047 minore
858 3014 1020 3056 Antonia]
1056 3015 1166 3047 immo

293 3067 434 3107 maiore,
458 3065 504 3100 M.
522 3064 664 3098 Antonii
689 3072 732 3097 ex
749 3064 909 3105 Octavia,
938 3064 1084 3106 Augusti
1107 3073 1167 3098 so-

294 3125 394 3158 rore,
420 3114 502 3148 filia.
526 3113 616 3147 Vide
639 3113 686 3146 ad
704 3112 744 3154 4,
763 3113 816 3147 44.
838 3131 874 3137 --
894 3114 1070 3155 avunculo]
1088 3122 1167 3147 ma-

296 3175 382 3208 gno,
409 3164 626 3200 Grossoheim.
652 3162 740 3196 Vide
764 3162 809 3196 ad
831 3164 869 3203 2,
895 3163 948 3197 43.
970 3181 1005 3188 —
1031 3163 1166 3197 sobrina

289 3215 398 3258 prior]
423 3214 554 3258 Lepida
574 3212 802 3254 GermanicO,
827 3213 1036 3255 Agrippinae
1060 3214 1163 3256 patri,

294 3263 603 3303 consobrinarum
616 3263 799 3304 utriusque
813 3262 908 3295 enim
921 3265 1053 3297 matres
1066 3264 1165 3296 erant

293 3323 454 3356 sorores,
476 3313 631 3356 Lepidae
647 3311 796 3346 Antonia
813 3312 936 3353 maior,
963 3313 1163 3346 Germanici

292 3365 442 3399 Antonia
472 3364 598 3398 minor.
646 3362 778 3405 Digest.
804 3361 864 3401 38,
891 3362 947 3402 40,
983 3363 1024 3395 40
1055 3363 1074 3405 S
1098 3363 1159 3397 46:

294 3423 391 3457 quem
423 3415 498 3456 quis
525 3413 671 3455 appellat
697 3411 889 3454 propiorem
918 3411 1068 3452 sobrino,
1106 3413 1163 3454 qni

292 3467 341 3504 ost
351 3465 463 3507 patris
477 3464 636 3501 matri-we
649 3461 863 3499 consobrinus
874 3464 935 3495 ant
949 3461 1159 3504 consobrina,

1222 2360 1383 2393 minatur.
1411 2360 1472 2393 Est
1493 2360 1597 2401 igitur
1611 2359 1747 2393 sobrina
1759 2360 1860 2402 prior
1876 2368 1968 2393 «uno
1983 2359 2096 2402 gradu

1221 2410 1365 2452 propior
1396 2419 1503 2452 quam
1527 2410 1707 2444 sobrina.»
1734 2427 1771 2434 —
1799 2410 1916 2451 Gnaei]
1939 2410 2093 2451 Domitii,

1222 2461 1331 2502 patris
1353 2461 1513 2494 Neronis.
1540 2460 1592 2494 Cf.
1617 2459 1650 2502 4,
1675 2461 1729 2493 75.
1757 2459 1811 2500 43,
1837 2459 1892 2493 40.
1919 2477 1955 2485 --
1987 2460 2096 2494 amita

1219 2511 1331 2552 potins
1346 2520 1391 2544 an
1405 2514 1513 2544 mater
1524 2529 1538 2536 -
1548 2529 1563 2535 -
1571 2510 1794 2554 praevaleret]
1809 2511 1954 2545 sueton.
1964 2511 2046 2544 Ner.
2058 2510 2091 2543 7:

1221 2561 1366 2595 Amitam
1395 2562 1554 2602 Lepidam
1578 2570 1675 2595 ream
1695 2561 1879 2595 testimonio
1901 2569 2018 2594 coram
2038 2559 2096 2602 af-

1220 2611 1331 2654 flixit,
1355 2613 1553 2654 qratiflcans
1574 2612 1694 2653 matri,
1722 2620 1745 2644 a
1760 2620 1830 2653 qna
1843 2619 1906 2645 rea
1925 2608 2095 2652 pronwba-

1221 2665 1287 2695 tur.
1311 2680 1347 2685 —
1366 2661 1460 2704 dare]
1486 2661 1615 2704 Supple
1639 2661 1755 2703 quibat
1777 2670 1806 2695 s.
1822 2663 1973 2702 poterat,
1997 2659 2095 2702 quod

1222 2721 1266 2744 ex
1289 2713 1464 2754 sequente
1488 2711 1599 2745 verbo
1623 2712 1781 2755 nequibat
1800 2710 2030 2751 eliciendum,
2055 2711 2095 2744 ut

1221 2761 1274 2803 43,
1294 2763 1348 2795 56.
1373 2762 1519 2796 Rothius
1542 2762 1586 2795 ad
1602 2763 1718 2804 Agric.
1735 2771 1771 2805 p.
1788 2761 1852 2795 272
1868 2761 1972 2794 affert
1986 2760 2094 2794 etiam

1221 2812 1307 2846 Hist.
1334 2813 1365 2853 4,
1391 2813 1430 2846 8:
1461 2813 1565 2855 Rufus
1585 2813 1640 2846 vir
1659 2812 1825 2855 facundus
1838 2815 1869 2846 et
1888 2811 1983 2853 pacis
2004 2810 2094 2844 arti-

1220 2862 1279 2895 bus
1303 2863 1527 2906 (expertus),
1554 2863 1626 2897 belli
1649 2864 1853 2904 inewpertus.
1879 2861 1931 2896 Cf.
1956 2860 2094 2904 Madvig

1220 2912 1264 2945 ad
1289 2913 1361 2946 Cic.
1388 2913 1433 2946 de
1457 2913 1599 2947 Finibus
1623 2922 1656 2956 p.
1683 2913 1759 2947 489.
2071 2921 2073 2923 ’

1262 2963 1315 2996 65.
1341 2963 1577 3006 devotionibus]
1602 2962 1914 3003 incantationibus,
1938 2962 1979 2995 ut
1992 2960 2092 2996 Plau-

1219 3013 1297 3046 cina
1314 3011 1398 3046 olim
1415 3013 1678 3047 Germanicum.
1707 3013 1758 3047 Cf.
1777 3013 1810 3054 2,
1828 3013 1882 3046 69.
1903 3029 1939 3036 -
1964 3014 2092 3051 certam

1215 3062 1278 3096 sibi
1294 3063 1477 3105 perniciem
1500 3063 1582 3106 cet.]
1618 3063 1774 3097 Narcissi
1803 3062 1977 3097 sententia
1999 3061 2090 3096 haec

1217 3113 1290 3146 fere
1319 3113 1477 3147 videtur:
1514 3112 1593 3147 «Ab
1625 3114 1760 3148 utrovis
1785 3112 1920 3147 Claudii
1941 3119 2090 3146 succes—

1216 3172 1296 3197 sore
1327 3164 1471 3197 exitium
1502 3163 1588 3196 mihi
1619 3163 1818 3207 impendet,
1844 3171 1865 3196 a
1886 3161 2088 3196 Britannico

1214 3214 1361 3256 propter
1391 3213 1541 3248 caedem
1574 3214 1694 3248 matris
1717 3211 1942 3252 Messalinae,
1972 3220 1994 3245 a
2016 3211 2088 3245 Ne-

1214 3272 1301 3296 rone
1324 3264 1472 3306 propter
1491 3263 1613 3297 odium
1628 3264 1750 3298 matris
1766 3261 1991 3305 Agrippinae.
2016 3260 2087 3294 Ve-

1214 3322 1294 3347 rum
1317 3315 1370 3347 tot
1391 3323 1449 3347 me
1471 3313 1656 3348 beneficiis
1680 3313 1891 3357 prosecutus
1915 3312 1971 3347 est
1985 3309 2087 3345 Clau-

1214 3363 1313 3404 dius,
1346 3365 1385 3397 ut
1415 3364 1524 3397 vitam
1552 3363 1601 3397 ibi
1632 3363 1748 3407 potius
1775 3361 1993 3406 profundere
2019 3360 2086 3396 de-

1212 3412 1338 3454 beam,
1365 3413 1427 3446 ubi
1451 3415 1483 3447 ei
1507 3412 1634 3447 saltem
1656 3419 1803 3447 caveam
1825 3412 1861 3445 et
1884 3410 1987 3445 saluti
2003 3410 2083 3457 sim.

1211 3462 1253 3496 ld
1275 3464 1395 3499 autem
1412 3463 1570 3506 eveniet,
1595 3463 1642 3506 si,
1667 3460 1973 3507 quemadmodum
1987 3459 2087 3509 uos-¹
