2254 3770
258 268 342 313 202
462 275 507 318 Ρ.
539 274 789 319 CORNELII
819 275 988 319 TACITI
1017 274 1286 319 ANNALIUM
1315 275 1414 318 LIB.
1443 275 1512 318 ΙΙΙ.
1545 275 1645 332 Cap.
1675 273 1742 318 75.
1772 273 1840 317 76.

258 383 376 421 aetas
407 378 493 423 duo
522 381 642 438 pacis
664 380 823 425 decora
853 380 978 424 simul
1009 380 1113 424 tulit.
1160 380 1239 424 sed
1260 379 1404 424 Labeo
1434 380 1679 438 incorrupta
1708 379 1904 424 libertate
1934 385 1978 422 et
1995 378 2052 422 ob

258 451 302 496 id
322 453 432 498 fama
453 455 730 499 celebratior:
763 456 980 514 Capitonis
1001 456 1259 514 obsequium
1279 455 1597 499 dominantibus
1620 455 1752 513 magis
1776 453 2052 513 probabatur.

258 526 328 579 illi,
360 529 475 586 quod
507 538 753 588 praeturam
774 531 881 575 intra
901 532 1025 582 stetit,
1059 530 1373 575 commendatio
1394 545 1448 574 ex
1469 530 1635 583 iniuria,
1666 529 1778 579 huic,
1811 529 1930 588 quod
1952 542 2053 573 con-

259 602 442 647 sulatum
472 604 654 663 adeptus
675 613 750 656 est,
783 606 929 649 odium
951 620 1003 649 ex
1025 605 1183 649 invidia
1205 606 1435 649 oriebatur.
1478 605 1560 662 (76)
1582 611 1625 649 et
1643 605 1762 648 Iunia
1783 603 2053 662 sexagesimo

226 685 410 735 bquarto
442 686 539 737 post
567 679 885 738 Philippensem
916 682 1050 725 aciem
1083 675 1194 724 anno
1225 694 1475 738 supremum
1507 679 1620 724 diem
1650 679 1852 738 explevit,
1893 679 2052 723 Catone

259 753 469 797 avunculo
500 755 652 812 genita,
686 756 730 799 C.
754 756 887 800 Cassii
920 770 1038 806 uxor,
1072 758 1122 798 M.
1145 756 1259 799 Bruti
1292 769 1427 799 soror.
1469 761 1769 798 testamentum
1798 755 1892 798 eius
1922 753 2054 797 multo

258 828 372 885 apud
405 828 575 887 vulgum
613 844 786 874 rumore
819 831 911 882 fuit,
953 831 1054 889 quia
1092 833 1132 873 in
1174 831 1338 888 magnis
1368 830 1543 888 opibus,
1585 844 1682 874 cum
1712 829 1847 873 ferme
1878 835 2055 877 cunctos

258 917 463 960 proceres
494 918 593 948 cum
622 904 786 949 honore
817 906 1132 955 nominavisset,
1166 907 1396 950 Caesarem
1427 906 1580 949 omisit.
1626 904 1745 963 quod
1776 903 1955 948 civiliter
1983 917 2056 948 ac—

259 985 450 1036 ceptum,
494 994 636 1038 neque
673 981 889 1039 prohibuit
927 996 1014 1039 quo
1057 982 1194 1024 minus
1235 981 1480 1025 laudatione
1515 994 1594 1038 pro
1631 980 1781 1024 rostris
1811 979 2057 1037 ceterisque

210 1062 247 1092 10
261 1053 539 1098 sollemnibus
569 1055 694 1099 funus
725 1056 1089 1101 cohonestaretur.
1137 1057 1280 1114 viginti
1313 1055 1644 1100 clarissimarum
1670 1054 1923 1099 familiarum
1951 1054 2057 1097 ima-

262 1130 384 1187 gines
415 1130 623 1174 antelatae
654 1138 761 1182 sunt,
796 1131 946 1182 Manlii,
979 1132 1164 1184 Quinctii
1195 1131 1364 1190 aliaque
1388 1130 1581 1174 eiusdem
1611 1129 1840 1174 nobilitatis
1870 1129 2055 1173 nomina.

261 1205 338 1248 sed
370 1205 693 1264 praefulgebant
713 1207 886 1251 Cassius
917 1214 1046 1265 atque
1077 1209 1231 1251 Brutus
1253 1221 1306 1251 eo
1339 1207 1444 1264 ipso,
1475 1205 1591 1264 quod
1614 1205 1774 1263 effigies
1795 1219 1947 1249 eorum
1970 1218 2055 1248 non

259 1280 519 1324 visebantur.

326 1402 357 1434 3.
378 1405 555 1443 preturam
578 1403 610 1436 M
635 1419 670 1425 -
699 1403 730 1435 5.
754 1403 968 1443 philipensem
992 1404 1023 1436 M
1050 1421 1085 1426 --
1113 1404 1143 1435 7.
1170 1402 1324 1443 operibus
1348 1403 1379 1435 M
1405 1402 1521 1443 (aquid
1545 1402 1574 1434 si
1599 1401 1757 1442 opibus‘i»
1784 1400 1917 1442 margo)
1939 1419 1973 1424 —
2002 1401 2055 1433 42.

256 1460 330 1500 piso
353 1460 386 1492 M
410 1460 490 1500 (ipso
515 1459 649 1501 margo)
675 1477 709 1482 —
738 1460 790 1492 43.
816 1461 849 1493 Ρ.
877 1461 1063 1493 CORNELI
1082 1461 1206 1494 LIBER
1235 1461 1302 1492 .III.
1328 1460 1474 1503 FINITn
1494 1459 1648 1492 INCIPIT
1667 1458 1792 1491 LIBER
1819 1457 1902 1490 .IIII.
1928 1458 1972 1491 M.

260 1568 397 1600 operam
428 1559 579 1598 dederat,
613 1559 763 1599 plurima
792 1559 954 1592 innovare
982 1559 1133 1592 instituit.

264 1628 299 1633 —
324 1611 524 1650 incorrupta
557 1609 724 1651 libertate]
756 1611 894 1651 patrem
921 1609 1132 1649 aemulatus,

261 1660 374 1692 virum
399 1658 622 1701 praeclarum
647 1661 682 1691 et
705 1659 935 1700 prudentem,
963 1660 1023 1700 qui
1042 1658 1135 1692 bello

260 1709 473 1751 Philippensi
506 1718 571 1750 pro
603 1708 762 1741 libertate
794 1709 929 1741 fortiter
955 1709 1133 1741 occubuit.

260 1760 440 1801 Appianus
471 1759 509 1791 Β.
537 1759 574 1791 C.
601 1758 639 1798 4,
667 1759 741 1791 435.
785 1758 993 1801 Exemplum
1027 1759 1136 1792 liber—

262 1810 341 1842 tatis
371 1809 451 1841 vide
483 1809 577 1851 apud
607 1810 749 1841 Sueton.
772 1811 858 1850 Aug.
885 1809 946 1842 54:
978 1810 1138 1842 Antistius

261 1859 368 1891 Labeo
390 1863 524 1891 senatus
539 1859 673 1891 lectione
681 1884 692 1898 ,
717 1868 792 1890 cum
807 1859 862 1890 vir
875 1860 987 1891 virum
1002 1860 1134 1900 leqeret,

261 1911 308 1942 M.
334 1910 508 1949 Lepidum,
540 1909 662 1940 hostem
685 1909 763 1940 olim
787 1909 855 1940 eius
879 1908 1080 1949 (Octaviani)
1105 1911 1136 1941 el

260 1962 338 1991 tunc
361 1959 569 1997 exulantem,
594 1959 688 2000 leqit,
713 1961 1004 1999 interrogatusque
1026 1958 1068 1990 ab
1084 1967 1133 1999 eo,

261 2018 306 2040 an
329 2012 430 2040 essent
453 2008 513 2039 alii
537 2009 722 2049 digniores,
747 2017 845 2040 suum
866 2017 1024 2048 quemque
1045 2009 1135 2039 iudi-

260 2058 348 2090 cium
370 2058 490 2089 habere
511 2057 691 2097 respondit.
725 2057 775 2090 Cf.
802 2058 973 2099 imprimis
999 2058 1061 2089 Dio
1078 2057 1131 2097 54,

262 2110 302 2140 45
326 2110 432 2149 atque
456 2107 554 2140 locus
571 2117 612 2142 ex
632 2109 740 2149 ipsius
756 2108 844 2139 Ateii
863 2108 1040 2148 Capitonis
1058 2108 1134 2148 epi-

261 2157 348 2190 stola
367 2157 411 2189 de
429 2157 593 2189 Labeone
611 2157 704 2199 apud
723 2156 868 2189 Gellium
886 2158 926 2188 N.
945 2159 983 2188 A.
1005 2157 1056 2196 43,
1073 2157 1131 2188 42τ

259 2207 416 2249 Aqitabat
437 2208 599 2239 hominem
621 2207 756 2239 libertas
780 2208 944 2247 quaedam
958 2207 1065 2238 nimia
1080 2210 1135 2238 at-

261 2268 324 2299 que
353 2267 483 2297 vecors,
521 2261 694 2300 tamquam
721 2267 856 2297 eorum,
893 2258 968 2289 divo
990 2258 1135 2298 Auyusto

261 2310 331 2341 iam
351 2309 501 2349 principe
518 2311 546 2340 et
561 2318 631 2340 rem
644 2309 812 2348 publicam
828 2308 999 2346 obtinente,
1021 2312 1136 2339 ratum

263 2364 372 2393 tamen
400 2367 604 2401 pensumque
640 2359 722 2390 nihil
758 2359 911 2397 haberet,
951 2359 1015 2390 nisi
1050 2359 1136 2399 quod

261 2411 383 2443 iustum
405 2414 620 2450 sanctumque
647 2411 681 2441 in
706 2410 861 2442 Romanis
883 2409 1136 2449 antiquitatibus

262 2461 398 2501 leqisset.
436 2460 486 2492 Ad
523 2460 676 2492 eundem
713 2458 979 2491 adulescentem
1011 2459 1136 2491 referri

261 2510 401 2542 videtur
431 2510 561 2542 Horatii
595 2511 692 2542 iocus
717 2509 761 2542 de
787 2509 930 2541 domino
954 2510 989 2541 in
1013 2517 1135 2541 servos

262 2561 366 2593 nimis
390 2568 497 2592 saevo
523 2561 592 2591 Sat.
620 2561 650 2597 4,
677 2560 707 2597 3,
729 2560 784 2591 8-2ῑ
815 2559 964 2591 Labeone
986 2559 1137 2590 insanior

261 2612 348 2643 inter
369 2619 467 2642 sanos
489 2611 644 2648 dicatur;
676 2611 711 2641 et
734 2610 948 2651 Pomponius
972 2609 1017 2641 de
1042 2609 1132 2647 Orig.

261 2661 346 2693 iuris
370 2661 403 2692 in
428 2660 502 2700 Dig.
522 2661 552 2699 4,
571 2660 602 2698 2,
622 2660 640 2691 2
659 2659 678 2700 ἓ
699 2659 759 2691 47;
786 2659 895 2690 Ateius
918 2659 1030 2690 consul
1049 2658 1135 2699 fuit‚·

261 2711 369 2744 Labeo
399 2711 522 2749 noluit,
554 2719 628 2741 cum
658 2711 833 2750 offerretur
861 2710 890 2741 ei
919 2709 961 2740 ab
988 2709 1136 2749 Auquslo

262 2761 470 2799 consulatus,
495 2769 558 2799 quo
581 2760 735 2800 suffectus
754 2760 863 2801 steret,
888 2759 1044 2790 honorem
1061 2758 1135 2799 (uti-

263 2820 332 2853 que
356 2809 499 2848 vanum)
523 2810 707 2849 suscipere,
740 2810 795 2840 sed
815 2809 1000 2848 plurimum
1022 2807 1137 2839 studiis

263 2869 400 2901 operam
423 2860 522 2891 dedit.
542 2877 560 2882 -
573 2878 592 2883 -
608 2859 748 2898 Reliquit
772 2859 1018 2900 quadringenta
1039 2857 1136 2888 volu-

263 2911 374 2949 mina,
407 2918 450 2942 ex
480 2909 596 2950 quibus
623 2909 772 2948 plurima
801 2909 887 2940 inter
916 2916 1037 2939 manus
1058 2915 1136 2938 ver-

263 2964 391 2993 santur.
421 2977 455 2982 -
491 2959 658 2999 Capitonis
685 2957 887 2998 obsequium]
919 2958 1063 2988 Sueton.
1090 2955 1135 2987 de

265 3010 386 3043 illustr.
406 3009 644 3051 grammaticis
662 3017 692 3039 c.
708 3009 768 3040 22:
788 3009 848 3039 Hic
863 3008 949 3039 idem
962 3007 1016 3047 (Μ.
1036 3007 1137 3038 Pom-

265 3062 392 3104 ponius
417 3058 609 3099 Marcellus)
635 3067 711 3090 cum
734 3067 777 3089 ex
799 3059 950 3089 oratione
975 3056 1136 3088 Tiberium

263 3111 536 3152 reprehendisset,
572 3109 763 3150 affirmante
794 3107 885 3139 Ateio
919 3107 1078 3146 Capitone
1106 3109 1138 3138 et

265 3170 331 3192 esse
353 3161 434 3192 illud
460 3159 616 3191 Latinum
638 3160 688 3197 et,
720 3157 748 3188 si
769 3166 835 3188 non
858 3159 953 3195 esset,
984 3157 1137 3196 futurum

267 3214 351 3242 certe
381 3212 450 3242 iam
480 3210 572 3248 inde,
610 3208 819 3240 «Mentitur»
844 3207 951 3247 inquit
978 3206 1134 3245 «Capito.

269 3261 314 3292 Tu
336 3261 438 3299 enim,
465 3260 607 3299 Caesar,
631 3258 799 3290 civitatem
821 3247 904 3288 dare
922 3258 1014 3296 potes
1035 3255 1138 3286 homi-

265 3310 375 3349 nibus,
402 3309 498 3342 verbo
519 3317 586 3342 non
607 3310 730 3350 potos.»

1229 1560 1283 1592 76.
1310 1559 1516 1600 seoeaqesimo
1538 1560 1659 1598 quarto
1686 1566 1720 1597 p.
1746 1558 1801 1589 Ph.
1827 1557 1934 1590 aciem
1956 1556 2057 1599 anno]

1186 1611 1287 1642 Hunc
1319 1617 1450 1641 annum
1485 1608 1565 1640 ideo
1605 1607 1828 1649 potissimum
1865 1608 2055 1647 memorat,

1186 1661 1267 1701 quia
1293 1660 1434 1692 Cassius
1460 1660 1494 1691 et
1517 1659 1644 1690 Brutus
1661 1658 1695 1690 in
1713 1656 1925 1699 Philippensi
1941 1665 2058 1699 pugna

1186 1709 1407 1747 ceciderant;
1441 1706 1673 1740 memorabile
1705 1716 1790 1740 sane
1816 1707 1848 1739 ei
1872 1706 2060 1739 videbatur

1185 1760 1320 1792 Iuniam
1345 1760 1395 1791 tot
1418 1767 1529 1790 annos
1553 1758 1692 1798 utrique
1712 1757 1939 1799 superstitem
1957 1765 2060 1790 man-

1186 1810 1288 1842 sisse.
1311 1827 1346 1832 —
1366 1809 1488 1841 Catone
1511 1807 1689 1847 avunculo]
1714 1807 1754 1839 D.
1773 1807 1891 1839 lunius
1909 1805 2057 1846 Silanus,

1186 1861 1244 1901 qui
1269 1858 1391 1891 consul
1417 1867 1499 1890 cum
1529 1858 1565 1890 L.
1592 1857 1722 1889 Licinio
1746 1857 1892 1890 Murena
1917 1858 1958 1896 (a.
1983 1856 2081 1898 692).

1185 1918 1334 1942 uxorem
1358 1908 1481 1940 habuit
1503 1906 1685 1940 Serviliam
1709 1915 1871 1940 sororem
1888 1907 1932 1940 M.
1952 1907 2059 1938 Cato—

1186 1960 1238 1992 nis
1264 1958 1445 1999 (famosam
1472 1957 1645 1989 continuis
1674 1955 1750 1988 Iulii
1775 1957 1935 1989 Caesaris
1957 1964 2060 1989 amo-

1184 2009 1307 2049 ribus).
1354 2008 1403 2040 Ex
1434 2008 1475 2040 iis
1507 2009 1586 2039 nata
1618 2007 1708 2039 haee
1736 2007 1852 2046 Iunia,
1887 2015 1989 2039 soror
2012 2006 2056 2039 M.

1185 2059 1281 2091 Bruti
1305 2067 1370 2100 per
1393 2059 1544 2090 matrem
1571 2059 1662 2096 (nam
1686 2057 1780 2088 Bruti
1806 2058 1908 2098 pater
1929 2056 1995 2089 fuit
2010 2057 2057 2090 M.

1184 2110 1303 2141 lunius
1334 2109 1490 2147 Brutus),
1522 2107 1637 2139 Tertia
1670 2105 1724 2138 vel
1751 2105 1902 2142 Tertulla
1926 2115 2059 2148 cogno—

1184 2159 1322 2197 mento,
1349 2157 1393 2189 de
1418 2165 1487 2198 qua
1512 2158 1616 2189 notus
1637 2156 1818 2188 Ciceronis
1842 2156 1940 2188 iocus
1963 2155 2059 2198 apud

1185 2208 1390 2241 Suetonium
1416 2208 1517 2238 Caes.
1538 2207 1600 2238 50:
1630 2206 1738 2237 Tertia
1761 2206 1901 2237 deducta
1915 2209 1972 2238 est.
2003 2206 2060 2239 Di-

1185 2267 1287 2290 versa
1313 2258 1417 2298 igitur
1440 2255 1484 2288 ab
1512 2256 1578 2288 hac
1602 2256 1714 2292 Iunia.
1742 2254 1786 2287 de
1812 2264 1882 2296 qua
1906 2254 2059 2289 Velleius

1185 2309 1217 2348 2,
1236 2309 1295 2340 88:
1322 2308 1367 2340 M.
1387 2307 1546 2346 Lepidus,
1566 2306 1695 2338 iuvenis
1709 2306 1820 2346 forma
1835 2314 1938 2345 quam
1951 2308 2059 2338 mento

1184 2359 1318 2398 melior,
1351 2358 1464 2397 Lepidi
1488 2358 1574 2396 eius,
1608 2357 1664 2396 qui
1685 2357 1786 2388 Illvir
1805 2356 1920 2397 fuerat
1943 2356 1980 2388 R.
2006 2357 2057 2398 0.,

1182 2409 1287 2450 filius,
1313 2407 1428 2446 Iunia,
1453 2407 1550 2438 Bruti
1573 2415 1702 2446 sorore,
1727 2409 1838 2438 natus.
1863 2406 1952 2438 Nam
1969 2406 2059 2438 haec

1186 2467 1274 2490 uxor
1297 2457 1417 2498 Lepidi
1442 2456 1523 2495 suit,
1557 2457 1621 2488 nisi
1646 2456 1674 2489 si
1700 2457 1781 2488 ante
1807 2456 1938 2495 Cassii,
1963 2455 2060 2496 quod
2108 2467 2113 2473 ·

1185 2518 1254 2541 non
1279 2508 1414 2549 opinor.
1442 2507 1526 2538 LtPs.
1564 2506 1662 2537 lunia
1693 2505 1811 2547 Lepidi
1842 2507 2060 2538 memoratur

1185 2567 1205 2590 a
1237 2558 1409 2590 Cicerone
1444 2555 1489 2588 ad
1523 2557 1591 2587 Att.
1629 2554 1689 2594 44,
1719 2555 1760 2593 8,
1788 2556 1818 2586 4.
1853 2572 1887 2577 -
1925 2554 2057 2595 Manlii,

1187 2607 1341 2648 Quinctii]
1368 2607 1483 2645 Quare
1501 2604 1645 2638 Manlii?
1669 2605 1754 2643 Quia
1779 2604 1865 2636 lunii
1888 2603 1993 2637 Silani
2009 2605 2060 2636 in-

1186 2658 1264 2690 nexi
1295 2655 1442 2690 Manliae
1472 2655 1578 2696 genti.
1615 2655 1652 2687 T.
1685 2653 1832 2687 Manlius
1861 2654 2058 2694 Torquatus

1186 2706 1295 2739 filium
1325 2707 1359 2738 in
1391 2705 1619 2746 adoptionem
1650 2703 1748 2736 dedit
1778 2705 1817 2736 D.
1844 2703 1977 2742 Silano,
2011 2702 2056 2735 de

1185 2765 1255 2798 quo
1280 2756 1403 2789 Cicero
1428 2754 1472 2787 de
1497 2755 1593 2787 Finn.
1621 2754 1634 2785 4
1663 2753 1682 2794 ἓ,
1706 2753 1759 2785 24.
1787 2751 1946 2785 Valerius
1965 2754 2054 2786 Max.

1184 2808 1223 2845 5,
1247 2807 1287 2846 8,
1313 2806 1345 2838 3.
1393 2806 1444 2837 De
1485 2804 1652 2843 Quinctiis
1695 2801 1866 2835 nihildum
1900 2803 2055 2845 repperi.

1185 2858 1271 2889 Lips.
1301 2873 1336 2878 —
1361 2864 1428 2887 non
1450 2852 1656 2893 visebantur]
1695 2852 1924 2885 Habebantur
1946 2853 2055 2892 domi.

1185 2905 1249 2939 sed
1273 2907 1312 2937 ut
1334 2905 1526 2937 maiestatis
1542 2903 1791 2936 damnatorum
1816 2902 1849 2934 in
1875 2902 2058 2936 funeribus

1185 2965 1253 2988 non
1278 2954 1588 2996 praeferebantur:
1615 2954 1705 2984 sicut
1728 2952 1823 2984 Cotta
1846 2953 2055 2993 Messalinus,

1184 3015 1225 3038 ne
1247 3005 1360 3046 imaqo
1376 3003 1508 3036 Libonis
1530 3003 1708 3041 eoesequias
1727 3005 1938 3041 posterorum
1953 3002 2058 3034 comi-

1185 3059 1333 3095 taretur,
1366 3055 1492 3086 censuit
1522 3054 1570 3094 (2,
1596 3052 1661 3093 32).
1706 3051 1757 3084 Cf.
1783 3051 1823 3090 4,
1856 3051 1909 3084 35.
1944 3052 1997 3090 46,
2022 3052 2055 3084 7.

1186 3105 1271 3138 Plin.
1299 3105 1406 3146 Epist.
1433 3105 1464 3142 4,
1492 3104 1543 3142 47,
1570 3103 1610 3135 3:
1644 3103 1770 3135 Mirum
1793 3104 1859 3140 est,
1885 3110 1953 3142 qua
1973 3102 2056 3134 reli-

1185 3156 1282 3197 9ione
1305 3164 1369 3195 quo
1391 3154 1500 3186 studio
1523 3153 1683 3194 imayines
1707 3152 1899 3191 Brutorum,
1924 3150 2055 3184 Cassio-

1184 3213 1274 3245 rum,
1300 3204 1463 3237 Catonum
1484 3203 1585 3242 domi,
1609 3202 1664 3234 ubi
1681 3204 1800 3242 potest,
1823 3200 1942 3233 habeat
1961 3201 2056 3241 (Titi-

1186 3255 1268 3287 nius
1289 3254 1436 3296 Capito).
1473 3254 1621 3295 Neyatus
1643 3254 1762 3284 autem
1783 3251 1887 3283 honor
1911 3251 2056 3293 gloriam

1158 3306 1163 3343 Ι
1186 3304 1342 3343 intendit,
1368 3304 1406 3336 ut
1428 3303 1614 3336 verissime
1637 3302 1684 3334 ait
1706 3300 1743 3340 4,
1768 3300 1822 3333 26.
