<?xml version="1.0" encoding="UTF-8"?>
<!DOCTYPE html PUBLIC "-//W3C//DTD XHTML 1.0 Transitional//EN"
    "http://www.w3.org/TR/xhtml1/DTD/xhtml1-transitional.dtd">
<html xmlns="http://www.w3.org/1999/xhtml" xml:lang="en" lang="en">
 <head>
  <title>
</title>
<meta http-equiv="Content-Type" content="text/html;charset=utf-8" />
  <meta name='ocr-system' content='tesseract 3.04.00' />
  <meta name='ocr-capabilities' content='ocr_page ocr_carea ocr_par ocr_line ocrx_word'/>
</head>
<body>
  <div class='ocr_page' id='page_1' title='image "./pcorneliitacitio01taciuoft_0599.png"; bbox 0 0 2254 3770; ppageno 0'>
   <div class='ocr_carea' id='block_1_1' title="bbox 627 297 1922 356">
    <p class='ocr_par' dir='ltr' id='par_1_1' title="bbox 627 297 1922 356">
     <span class='ocr_line' id='line_1_1' title="bbox 627 297 1922 356; baseline -0.001 -14"><span class='ocrx_word' id='word_1_1' title='bbox 627 298 782 342; x_wconf 86' lang='lat' dir='ltr'>LIBER</span> <span class='ocrx_word' id='word_1_2' title='bbox 810 298 912 342; x_wconf 88' lang='lat' dir='ltr'>XVI.</span> <span class='ocrx_word' id='word_1_3' title='bbox 958 297 1059 356; x_wconf 93' lang='lat' dir='ltr'><strong>Cap.</strong></span> <span class='ocrx_word' id='word_1_4' title='bbox 1091 299 1158 342; x_wconf 89' lang='lat'><strong>22.</strong></span> <span class='ocrx_word' id='word_1_5' title='bbox 1189 299 1256 343; x_wconf 88' lang='lat'><strong>23.</strong></span> <span class='ocrx_word' id='word_1_6' title='bbox 1288 299 1354 343; x_wconf 78' lang='lat'><strong>24.</strong></span> <span class='ocrx_word' id='word_1_7' title='bbox 1386 299 1454 344; x_wconf 82' lang='grc'><strong>25.</strong></span> <span class='ocrx_word' id='word_1_8' title='bbox 1848 297 1922 341; x_wconf 72' lang='grc'><strong>561</strong></span> 
     </span>
    </p>
   </div>
   <div class='ocr_carea' id='block_1_2' title="bbox 135 405 1977 1895">
    <p class='ocr_par' dir='ltr' id='par_1_2' title="bbox 135 405 1977 1895">
     <span class='ocr_line' id='line_1_2' title="bbox 140 405 1926 464; baseline -0.002 -13"><span class='ocrx_word' id='word_1_9' title='bbox 140 405 400 464; x_wconf 84' lang='lat' dir='ltr'><strong>eloquentia.</strong></span> <span class='ocrx_word' id='word_1_10' title='bbox 445 405 526 462; x_wconf 88' lang='lat'><strong>(23)</strong></span> <span class='ocrx_word' id='word_1_11' title='bbox 557 412 600 450; x_wconf 90' lang='lat' dir='ltr'><strong>at</strong></span> <span class='ocrx_word' id='word_1_12' title='bbox 623 406 801 450; x_wconf 89' lang='lat' dir='ltr'><strong>Baream</strong></span> <span class='ocrx_word' id='word_1_13' title='bbox 823 405 1033 449; x_wconf 90' lang='lat' dir='ltr'><strong>Soranum</strong></span> <span class='ocrx_word' id='word_1_14' title='bbox 1053 405 1137 448; x_wconf 89' lang='lat' dir='ltr'><strong>iam</strong></span> <span class='ocrx_word' id='word_1_15' title='bbox 1157 405 1238 450; x_wconf 89' lang='lat' dir='ltr'>sibi</span> <span class='ocrx_word' id='word_1_16' title='bbox 1260 407 1457 450; x_wconf 81' lang='lat' dir='ltr'><strong>Ostorius</strong></span> <span class='ocrx_word' id='word_1_17' title='bbox 1479 405 1674 456; x_wconf 90' lang='lat' dir='ltr'><strong>Sabinus,</strong></span> <span class='ocrx_word' id='word_1_18' title='bbox 1707 418 1842 462; x_wconf 80' lang='lat' dir='ltr'><strong>eques</strong></span> <span class='ocrx_word' id='word_1_19' title='bbox 1864 406 1926 455; x_wconf 72' lang='lat' dir='ltr'><strong>R„</strong></span> 
     </span>
     <span class='ocr_line' id='line_1_3' title="bbox 139 479 1930 539; baseline -0.002 -14"><span class='ocrx_word' id='word_1_20' title='bbox 139 488 397 539; x_wconf 80' lang='lat' dir='ltr'>poposcerat</span> <span class='ocrx_word' id='word_1_21' title='bbox 425 494 547 525; x_wconf 90' lang='lat' dir='ltr'><strong>reum</strong></span> <span class='ocrx_word' id='word_1_22' title='bbox 569 495 622 525; x_wconf 84' lang='lat' dir='ltr'><strong>ex</strong></span> <span class='ocrx_word' id='word_1_23' title='bbox 651 479 952 539; x_wconf 83' lang='lat' dir='ltr'><strong>proconsulatu</strong></span> <span class='ocrx_word' id='word_1_24' title='bbox 972 480 1109 531; x_wconf 86' lang='lat' dir='ltr'><strong>Asiae,</strong></span> <span class='ocrx_word' id='word_1_25' title='bbox 1143 482 1183 523; x_wconf 94' lang='lat' dir='ltr'><strong>in</strong></span> <span class='ocrx_word' id='word_1_26' title='bbox 1205 495 1289 539; x_wconf 88' lang='lat' dir='ltr'><strong>qua</strong></span> <span class='ocrx_word' id='word_1_27' title='bbox 1311 482 1570 526; x_wconf 84' lang='lat' dir='ltr'><strong>offensiones</strong></span> <span class='ocrx_word' id='word_1_28' title='bbox 1591 480 1795 539; x_wconf 92' lang='lat' dir='ltr'><strong>principis</strong></span> <span class='ocrx_word' id='word_1_29' title='bbox 1815 479 1930 522; x_wconf 89' lang='lat' dir='ltr'><strong>auxit</strong></span> 
     </span>
     <span class='ocr_line' id='line_1_4' title="bbox 138 555 1929 615; baseline -0.002 -15"><span class='ocrx_word' id='word_1_30' title='bbox 138 556 297 600; x_wconf 88' lang='lat' dir='ltr'><strong>iustitia</strong></span> <span class='ocrx_word' id='word_1_31' title='bbox 326 563 455 614; x_wconf 90' lang='lat' dir='ltr'><strong>atque</strong></span> <span class='ocrx_word' id='word_1_32' title='bbox 486 556 709 606; x_wconf 90' lang='lat' dir='ltr'><strong>industria,</strong></span> <span class='ocrx_word' id='word_1_33' title='bbox 742 563 785 599; x_wconf 91' lang='lat' dir='ltr'><strong>et</strong></span> <span class='ocrx_word' id='word_1_34' title='bbox 813 556 917 614; x_wconf 90' lang='lat' dir='ltr'><strong>quia</strong></span> <span class='ocrx_word' id='word_1_35' title='bbox 946 555 1088 612; x_wconf 87' lang='lat' dir='ltr'><strong>portui</strong></span> <span class='ocrx_word' id='word_1_36' title='bbox 1120 556 1399 613; x_wconf 86' lang='lat' dir='ltr'><strong>Ephesiorum</strong></span> <span class='ocrx_word' id='word_1_37' title='bbox 1430 555 1664 615; x_wconf 87' lang='lat' dir='ltr'><strong>aperiendo</strong></span> <span class='ocrx_word' id='word_1_38' title='bbox 1695 569 1839 600; x_wconf 92' lang='lat' dir='ltr'><strong>curam</strong></span> <span class='ocrx_word' id='word_1_39' title='bbox 1866 557 1929 597; x_wconf 91' lang='lat' dir='ltr'><strong>in-</strong></span> 
     </span>
     <span class='ocr_line' id='line_1_5' title="bbox 139 630 1929 689; baseline -0.002 -13"><span class='ocrx_word' id='word_1_40' title='bbox 139 638 397 689; x_wconf 84' lang='lat' dir='ltr'><strong>sumpserat,</strong></span> <span class='ocrx_word' id='word_1_41' title='bbox 438 631 613 689; x_wconf 89' lang='lat' dir='ltr'><strong>vimque</strong></span> <span class='ocrx_word' id='word_1_42' title='bbox 656 631 834 675; x_wconf 89' lang='lat' dir='ltr'><strong>civitatis</strong></span> <span class='ocrx_word' id='word_1_43' title='bbox 865 632 1156 688; x_wconf 81' lang='lat' dir='ltr'><strong>Pergamenae</strong></span> <span class='ocrx_word' id='word_1_44' title='bbox 1187 631 1450 688; x_wconf 89' lang='lat' dir='ltr'><strong>prohibentis</strong></span> <span class='ocrx_word' id='word_1_45' title='bbox 1480 633 1695 682; x_wconf 86' lang='lat' dir='ltr'><strong>Acratum,</strong></span> <span class='ocrx_word' id='word_1_46' title='bbox 1734 630 1929 674; x_wconf 85' lang='lat' dir='ltr'><strong>Caesaris</strong></span> 
     </span>
     <span class='ocr_line' id='line_1_6' title="bbox 137 704 1962 764; baseline -0.001 -15"><span class='ocrx_word' id='word_1_47' title='bbox 137 705 356 757; x_wconf 88' lang='lat' dir='ltr'><strong>libertum,</strong></span> <span class='ocrx_word' id='word_1_48' title='bbox 389 713 550 750; x_wconf 90' lang='lat' dir='ltr'><strong>statuas</strong></span> <span class='ocrx_word' id='word_1_49' title='bbox 582 712 624 750; x_wconf 90' lang='lat' dir='ltr'><strong>et</strong></span> <span class='ocrx_word' id='word_1_50' title='bbox 651 707 839 764; x_wconf 86' lang='lat' dir='ltr'><strong>picturas</strong></span> <span class='ocrx_word' id='word_1_51' title='bbox 869 704 1068 756; x_wconf 87' lang='lat' dir='ltr'><strong>evehere,</strong></span> <span class='ocrx_word' id='word_1_52' title='bbox 1100 706 1272 750; x_wconf 92' lang='lat' dir='ltr'><strong>inultam</strong></span> <span class='ocrx_word' id='word_1_53' title='bbox 1304 708 1517 751; x_wconf 89' lang='lat' dir='ltr'><strong>omiserat.</strong></span> <span class='ocrx_word' id='word_1_54' title='bbox 1558 706 1635 751; x_wconf 91' lang='lat' dir='ltr'><strong>sed</strong></span> <span class='ocrx_word' id='word_1_55' title='bbox 1666 706 1828 751; x_wconf 86' lang='lat' dir='ltr'><strong>crimini</strong></span> <span class='ocrx_word' id='word_1_56' title='bbox 1851 705 1962 749; x_wconf 84' lang='lat' dir='ltr'><strong>da-5</strong></span> 
     </span>
     <span class='ocr_line' id='line_1_7' title="bbox 135 780 1926 840; baseline -0.002 -14"><span class='ocrx_word' id='word_1_57' title='bbox 135 781 261 826; x_wconf 86' lang='lat' dir='ltr'><strong>batur</strong></span> <span class='ocrx_word' id='word_1_58' title='bbox 297 781 479 826; x_wconf 89' lang='lat' dir='ltr'><strong>amicitia</strong></span> <span class='ocrx_word' id='word_1_59' title='bbox 523 781 658 825; x_wconf 90' lang='lat' dir='ltr'><strong>Plauti</strong></span> <span class='ocrx_word' id='word_1_60' title='bbox 689 787 732 825; x_wconf 91' lang='lat' dir='ltr'><strong>et</strong></span> <span class='ocrx_word' id='word_1_61' title='bbox 759 780 935 824; x_wconf 89' lang='lat' dir='ltr'><strong>ambitio</strong></span> <span class='ocrx_word' id='word_1_62' title='bbox 965 780 1259 825; x_wconf 75' lang='lat' dir='ltr'><strong>conciliandae</strong></span> <span class='ocrx_word' id='word_1_63' title='bbox 1289 782 1535 839; x_wconf 89' lang='lat' dir='ltr'><strong>provinciae</strong></span> <span class='ocrx_word' id='word_1_64' title='bbox 1565 782 1618 826; x_wconf 89' lang='lat' dir='ltr'><strong>ad</strong></span> <span class='ocrx_word' id='word_1_65' title='bbox 1650 796 1751 840; x_wconf 91' lang='lat' dir='ltr'><strong>spes</strong></span> <span class='ocrx_word' id='word_1_66' title='bbox 1780 794 1926 825; x_wconf 91' lang='lat' dir='ltr'><strong>novas.</strong></span> 
     </span>
     <span class='ocr_line' id='line_1_8' title="bbox 140 856 1927 914; baseline -0.001 -13"><span class='ocrx_word' id='word_1_67' title='bbox 140 863 309 914; x_wconf 85' lang='lat' dir='ltr'><strong>tempus</strong></span> <span class='ocrx_word' id='word_1_68' title='bbox 339 857 599 901; x_wconf 89' lang='lat' dir='ltr'><strong>damnationi</strong></span> <span class='ocrx_word' id='word_1_69' title='bbox 630 856 862 906; x_wconf 87' lang='lat' dir='ltr'><strong>delectum,</strong></span> <span class='ocrx_word' id='word_1_70' title='bbox 903 869 990 913; x_wconf 88' lang='lat' dir='ltr'><strong>quo</strong></span> <span class='ocrx_word' id='word_1_71' title='bbox 1021 856 1225 900; x_wconf 87' lang='lat' dir='ltr'><strong>Tiridates</strong></span> <span class='ocrx_word' id='word_1_72' title='bbox 1262 857 1512 914; x_wconf 87' lang='lat' dir='ltr'><strong>accipiendo</strong></span> <span class='ocrx_word' id='word_1_73' title='bbox 1542 857 1766 901; x_wconf 88' lang='lat' dir='ltr'><strong>Armeniae</strong></span> <span class='ocrx_word' id='word_1_74' title='bbox 1794 870 1927 914; x_wconf 87' lang='lat' dir='ltr'><strong>regno</strong></span> 
     </span>
     <span class='ocr_line' id='line_1_9' title="bbox 139 930 1927 982; baseline -0.001 -6"><span class='ocrx_word' id='word_1_75' title='bbox 139 931 412 981; x_wconf 85' lang='lat' dir='ltr'><strong>adventabat,</strong></span> <span class='ocrx_word' id='word_1_76' title='bbox 444 937 491 974; x_wconf 91' lang='lat' dir='ltr'><strong>ut</strong></span> <span class='ocrx_word' id='word_1_77' title='bbox 519 931 574 974; x_wconf 92' lang='lat' dir='ltr'><strong>ad</strong></span> <span class='ocrx_word' id='word_1_78' title='bbox 605 938 779 976; x_wconf 85' lang='lat' dir='ltr'><strong>externa</strong></span> <span class='ocrx_word' id='word_1_79' title='bbox 809 930 1054 974; x_wconf 89' lang='lat' dir='ltr'><strong>rumoribus</strong></span> <span class='ocrx_word' id='word_1_80' title='bbox 1084 932 1328 976; x_wconf 89' lang='lat' dir='ltr'><strong>intestinum</strong></span> <span class='ocrx_word' id='word_1_81' title='bbox 1360 932 1502 976; x_wconf 91' lang='lat' dir='ltr'><strong>scelus</strong></span> <span class='ocrx_word' id='word_1_82' title='bbox 1528 933 1841 982; x_wconf 87' lang='lat' dir='ltr'><strong>obscuraretur,</strong></span> <span class='ocrx_word' id='word_1_83' title='bbox 1874 946 1927 975; x_wconf 92' lang='lat' dir='ltr'><strong>an</strong></span> 
     </span>
     <span class='ocr_line' id='line_1_10' title="bbox 137 1006 1927 1065; baseline 0.001 -15"><span class='ocrx_word' id='word_1_84' title='bbox 137 1013 185 1050; x_wconf 85' lang='lat' dir='ltr'><strong>ut</strong></span> <span class='ocrx_word' id='word_1_85' title='bbox 212 1006 546 1065; x_wconf 85' lang='lat' dir='ltr'><strong>magnitudinem</strong></span> <span class='ocrx_word' id='word_1_86' title='bbox 577 1006 892 1064; x_wconf 89' lang='lat' dir='ltr'><strong>imperatoriam</strong></span> <span class='ocrx_word' id='word_1_87' title='bbox 923 1007 1058 1050; x_wconf 89' lang='lat' dir='ltr'><strong>caede</strong></span> <span class='ocrx_word' id='word_1_88' title='bbox 1088 1007 1313 1064; x_wconf 87' lang='lat' dir='ltr'><strong>insignium</strong></span> <span class='ocrx_word' id='word_1_89' title='bbox 1345 1007 1533 1050; x_wconf 88' lang='lat' dir='ltr'><strong>virorum</strong></span> <span class='ocrx_word' id='word_1_90' title='bbox 1563 1008 1686 1065; x_wconf 87' lang='lat' dir='ltr'><strong>quasi</strong></span> <span class='ocrx_word' id='word_1_91' title='bbox 1717 1009 1836 1065; x_wconf 88' lang='lat' dir='ltr'><strong>regio</strong></span> <span class='ocrx_word' id='word_1_92' title='bbox 1866 1007 1927 1051; x_wconf 87' lang='lat' dir='ltr'><strong>sa-</strong></span> 
     </span>
     <span class='ocr_line' id='line_1_11' title="bbox 138 1081 1977 1141; baseline -0.003 -15"><span class='ocrx_word' id='word_1_93' title='bbox 138 1082 285 1126; x_wconf 90' lang='lat' dir='ltr'><strong>cinore</strong></span> <span class='ocrx_word' id='word_1_94' title='bbox 326 1088 568 1126; x_wconf 89' lang='lat' dir='ltr'><strong>ostentaret.</strong></span> <span class='ocrx_word' id='word_1_95' title='bbox 620 1081 702 1137; x_wconf 70' lang='lat'><strong>(24)</strong></span> <span class='ocrx_word' id='word_1_96' title='bbox 744 1082 870 1138; x_wconf 87' lang='lat' dir='ltr'><strong>igitur</strong></span> <span class='ocrx_word' id='word_1_97' title='bbox 909 1082 1023 1125; x_wconf 92' lang='lat' dir='ltr'><strong>omni</strong></span> <span class='ocrx_word' id='word_1_98' title='bbox 1060 1082 1228 1126; x_wconf 88' lang='lat' dir='ltr'><strong>civitate</strong></span> <span class='ocrx_word' id='word_1_99' title='bbox 1265 1082 1317 1125; x_wconf 90' lang='lat' dir='ltr'><strong>ad</strong></span> <span class='ocrx_word' id='word_1_100' title='bbox 1350 1083 1649 1139; x_wconf 88' lang='lat' dir='ltr'><strong>excipiendum</strong></span> <span class='ocrx_word' id='word_1_101' title='bbox 1690 1083 1925 1141; x_wconf 90' lang='lat' dir='ltr'><strong>principem</strong></span> <span class='ocrx_word' id='word_1_102' title='bbox 1940 1093 1977 1122; x_wconf 77' lang='grc' dir='ltr'><strong>4ο</strong></span> 
     </span>
     <span class='ocr_line' id='line_1_12' title="bbox 138 1156 1928 1215; baseline 0.001 -14"><span class='ocrx_word' id='word_1_103' title='bbox 138 1156 505 1215; x_wconf 89' lang='lat' dir='ltr'><strong>spectandumque</strong></span> <span class='ocrx_word' id='word_1_104' title='bbox 541 1170 687 1214; x_wconf 87' lang='lat' dir='ltr'><strong>regem</strong></span> <span class='ocrx_word' id='word_1_105' title='bbox 727 1156 880 1206; x_wconf 82' lang='lat' dir='ltr'><strong>effusa,</strong></span> <span class='ocrx_word' id='word_1_106' title='bbox 919 1156 1105 1200; x_wconf 87' lang='lat' dir='ltr'><strong>Thrasea</strong></span> <span class='ocrx_word' id='word_1_107' title='bbox 1142 1171 1327 1201; x_wconf 91' lang='lat' dir='ltr'><strong>occursu</strong></span> <span class='ocrx_word' id='word_1_108' title='bbox 1362 1157 1601 1215; x_wconf 90' lang='lat' dir='ltr'><strong>prohibitus</strong></span> <span class='ocrx_word' id='word_1_109' title='bbox 1642 1173 1727 1202; x_wconf 92' lang='lat' dir='ltr'><strong>non</strong></span> <span class='ocrx_word' id='word_1_110' title='bbox 1757 1158 1928 1202; x_wconf 90' lang='lat' dir='ltr'><strong>demisit</strong></span> 
     </span>
     <span class='ocr_line' id='line_1_13' title="bbox 138 1231 1927 1291; baseline 0 -14"><span class='ocrx_word' id='word_1_111' title='bbox 138 1233 343 1284; x_wconf 88' lang='lat' dir='ltr'><strong>animum,</strong></span> <span class='ocrx_word' id='word_1_112' title='bbox 375 1232 453 1276; x_wconf 92' lang='lat' dir='ltr'><strong>sed</strong></span> <span class='ocrx_word' id='word_1_113' title='bbox 483 1232 704 1277; x_wconf 86' lang='lat' dir='ltr'><strong>codicillos</strong></span> <span class='ocrx_word' id='word_1_114' title='bbox 732 1231 787 1276; x_wconf 88' lang='lat' dir='ltr'><strong>ad</strong></span> <span class='ocrx_word' id='word_1_115' title='bbox 816 1233 1029 1276; x_wconf 90' lang='lat' dir='ltr'><strong>Neronem</strong></span> <span class='ocrx_word' id='word_1_116' title='bbox 1059 1233 1319 1290; x_wconf 86' lang='lat' dir='ltr'><strong>composuit,</strong></span> <span class='ocrx_word' id='word_1_117' title='bbox 1351 1233 1574 1291; x_wconf 88' lang='lat' dir='ltr'><strong>requirens</strong></span> <span class='ocrx_word' id='word_1_118' title='bbox 1603 1233 1768 1277; x_wconf 86' lang='lat' dir='ltr'><strong>obiecta</strong></span> <span class='ocrx_word' id='word_1_119' title='bbox 1791 1240 1833 1277; x_wconf 91' lang='lat' dir='ltr'><strong>et</strong></span> <span class='ocrx_word' id='word_1_120' title='bbox 1852 1247 1927 1277; x_wconf 87' lang='lat' dir='ltr'><strong>ex-</strong></span> 
     </span>
     <span class='ocr_line' id='line_1_14' title="bbox 138 1306 1924 1366; baseline 0.001 -15"><span class='ocrx_word' id='word_1_121' title='bbox 138 1314 416 1366; x_wconf 84' lang='lat' dir='ltr'><strong>purgaturum</strong></span> <span class='ocrx_word' id='word_1_122' title='bbox 445 1307 728 1358; x_wconf 90' lang='lat' dir='ltr'><strong>adseverans,</strong></span> <span class='ocrx_word' id='word_1_123' title='bbox 762 1307 797 1350; x_wconf 93' lang='lat' dir='ltr'><strong>si</strong></span> <span class='ocrx_word' id='word_1_124' title='bbox 828 1306 1018 1350; x_wconf 88' lang='lat' dir='ltr'><strong>notitiam</strong></span> <span class='ocrx_word' id='word_1_125' title='bbox 1043 1308 1266 1351; x_wconf 86' lang='lat' dir='ltr'><strong>criminum</strong></span> <span class='ocrx_word' id='word_1_126' title='bbox 1287 1315 1330 1351; x_wconf 90' lang='lat' dir='ltr'><strong>et</strong></span> <span class='ocrx_word' id='word_1_127' title='bbox 1350 1308 1518 1365; x_wconf 91' lang='lat' dir='ltr'><strong>copiam</strong></span> <span class='ocrx_word' id='word_1_128' title='bbox 1539 1307 1727 1352; x_wconf 90' lang='lat' dir='ltr'><strong>diluendi</strong></span> <span class='ocrx_word' id='word_1_129' title='bbox 1750 1308 1924 1352; x_wconf 92' lang='lat' dir='ltr'><strong>habuis-</strong></span> 
     </span>
     <span class='ocr_line' id='line_1_15' title="bbox 137 1383 1923 1440; baseline -0.001 -13"><span class='ocrx_word' id='word_1_130' title='bbox 137 1390 214 1428; x_wconf 89' lang='lat' dir='ltr'><strong>set.</strong></span> <span class='ocrx_word' id='word_1_131' title='bbox 245 1397 322 1427; x_wconf 91' lang='lat' dir='ltr'><strong>eos</strong></span> <span class='ocrx_word' id='word_1_132' title='bbox 352 1383 571 1427; x_wconf 89' lang='lat' dir='ltr'><strong>codicillos</strong></span> <span class='ocrx_word' id='word_1_133' title='bbox 600 1384 712 1426; x_wconf 92' lang='lat' dir='ltr'><strong>Nero</strong></span> <span class='ocrx_word' id='word_1_134' title='bbox 742 1389 1024 1440; x_wconf 88' lang='lat' dir='ltr'><strong>properanter</strong></span> <span class='ocrx_word' id='word_1_135' title='bbox 1053 1384 1239 1440; x_wconf 90' lang='lat' dir='ltr'><strong>accepit,</strong></span> <span class='ocrx_word' id='word_1_136' title='bbox 1283 1397 1376 1440; x_wconf 90' lang='lat' dir='ltr'><strong>spe,</strong></span> <span class='ocrx_word' id='word_1_137' title='bbox 1418 1383 1664 1427; x_wconf 82' lang='lat' dir='ltr'><strong>exterritum</strong></span> <span class='ocrx_word' id='word_1_138' title='bbox 1694 1383 1923 1428; x_wconf 90' lang='lat' dir='ltr'><strong>Thraseam</strong></span> 
     </span>
     <span class='ocr_line' id='line_1_16' title="bbox 136 1457 1975 1516; baseline 0.001 -14"><span class='ocrx_word' id='word_1_139' title='bbox 136 1459 363 1516; x_wconf 89' lang='lat' dir='ltr'><strong>scripsisse</strong></span> <span class='ocrx_word' id='word_1_140' title='bbox 393 1472 471 1516; x_wconf 89' lang='lat' dir='ltr'><strong>per</strong></span> <span class='ocrx_word' id='word_1_141' title='bbox 500 1471 613 1516; x_wconf 89' lang='lat' dir='ltr'><strong>quae</strong></span> <span class='ocrx_word' id='word_1_142' title='bbox 643 1457 936 1502; x_wconf 90' lang='lat' dir='ltr'><strong>claritudinem</strong></span> <span class='ocrx_word' id='word_1_143' title='bbox 967 1458 1171 1516; x_wconf 89' lang='lat' dir='ltr'><strong>principis</strong></span> <span class='ocrx_word' id='word_1_144' title='bbox 1202 1458 1424 1502; x_wconf 87' lang='lat' dir='ltr'><strong>extolleret</strong></span> <span class='ocrx_word' id='word_1_145' title='bbox 1445 1471 1654 1516; x_wconf 90' lang='lat' dir='ltr'><strong>suamque</strong></span> <span class='ocrx_word' id='word_1_146' title='bbox 1674 1459 1826 1502; x_wconf 87' lang='lat' dir='ltr'><strong>famam</strong></span> <span class='ocrx_word' id='word_1_147' title='bbox 1848 1459 1975 1503; x_wconf 74' lang='lat' dir='ltr'><strong>‹ie-⁴5</strong></span> 
     </span>
     <span class='ocr_line' id='line_1_17' title="bbox 138 1524 1925 1592; baseline -0.001 -14"><span class='ocrx_word' id='word_1_148' title='bbox 138 1524 392 1578; x_wconf 88' lang='lat' dir='ltr'><strong>honestaret.</strong></span> <span class='ocrx_word' id='word_1_149' title='bbox 423 1533 540 1591; x_wconf 92' lang='lat' dir='ltr'><strong>quod</strong></span> <span class='ocrx_word' id='word_1_150' title='bbox 569 1532 643 1576; x_wconf 84' lang='lat' dir='ltr'><strong>ubi</strong></span> <span class='ocrx_word' id='word_1_151' title='bbox 675 1546 758 1576; x_wconf 91' lang='lat' dir='ltr'><strong>non</strong></span> <span class='ocrx_word' id='word_1_152' title='bbox 780 1533 937 1583; x_wconf 86' lang='lat' dir='ltr'><strong>evenit,</strong></span> <span class='ocrx_word' id='word_1_153' title='bbox 971 1534 1218 1592; x_wconf 87' lang='lat' dir='ltr'><strong>vultumque</strong></span> <span class='ocrx_word' id='word_1_154' title='bbox 1249 1542 1291 1578; x_wconf 89' lang='lat' dir='ltr'><strong>et</strong></span> <span class='ocrx_word' id='word_1_155' title='bbox 1320 1534 1495 1592; x_wconf 87' lang='lat' dir='ltr'><strong>spiritus</strong></span> <span class='ocrx_word' id='word_1_156' title='bbox 1522 1541 1564 1578; x_wconf 91' lang='lat' dir='ltr'><strong>et</strong></span> <span class='ocrx_word' id='word_1_157' title='bbox 1594 1534 1830 1578; x_wconf 90' lang='lat' dir='ltr'><strong>libertatem</strong></span> <span class='ocrx_word' id='word_1_158' title='bbox 1862 1535 1925 1577; x_wconf 91' lang='lat' dir='ltr'><strong>in-</strong></span> 
     </span>
     <span class='ocr_line' id='line_1_18' title="bbox 137 1608 1924 1668; baseline 0 -15"><span class='ocrx_word' id='word_1_159' title='bbox 137 1609 270 1653; x_wconf 89' lang='lat' dir='ltr'><strong>sontis</strong></span> <span class='ocrx_word' id='word_1_160' title='bbox 299 1608 409 1652; x_wconf 88' lang='lat' dir='ltr'><strong>ultro</strong></span> <span class='ocrx_word' id='word_1_161' title='bbox 439 1608 645 1658; x_wconf 88' lang='lat' dir='ltr'><strong>extimuit,</strong></span> <span class='ocrx_word' id='word_1_162' title='bbox 678 1608 822 1652; x_wconf 90' lang='lat' dir='ltr'><strong>vocari</strong></span> <span class='ocrx_word' id='word_1_163' title='bbox 853 1615 995 1666; x_wconf 89' lang='lat' dir='ltr'><strong>patres</strong></span> <span class='ocrx_word' id='word_1_164' title='bbox 1026 1609 1154 1654; x_wconf 86' lang='lat' dir='ltr'><strong>iubet.</strong></span> <span class='ocrx_word' id='word_1_165' title='bbox 1201 1610 1282 1666; x_wconf 84' lang='grc'><strong>(25)</strong></span> <span class='ocrx_word' id='word_1_166' title='bbox 1316 1616 1402 1653; x_wconf 84' lang='lat' dir='ltr'><strong>tum</strong></span> <span class='ocrx_word' id='word_1_167' title='bbox 1432 1609 1615 1654; x_wconf 89' lang='lat' dir='ltr'><strong>Thrasea</strong></span> <span class='ocrx_word' id='word_1_168' title='bbox 1645 1610 1754 1654; x_wconf 90' lang='lat' dir='ltr'><strong>inter</strong></span> <span class='ocrx_word' id='word_1_169' title='bbox 1783 1611 1924 1668; x_wconf 85' lang='lat' dir='ltr'><strong>proxi-</strong></span> 
     </span>
     <span class='ocr_line' id='line_1_19' title="bbox 137 1683 1923 1742; baseline 0.001 -14"><span class='ocrx_word' id='word_1_170' title='bbox 137 1698 230 1728; x_wconf 89' lang='lat' dir='ltr'><strong>mos</strong></span> <span class='ocrx_word' id='word_1_171' title='bbox 260 1683 528 1735; x_wconf 91' lang='lat' dir='ltr'><strong>consultavit,</strong></span> <span class='ocrx_word' id='word_1_172' title='bbox 561 1690 842 1741; x_wconf 90' lang='lat' dir='ltr'><strong>temptaretne</strong></span> <span class='ocrx_word' id='word_1_173' title='bbox 871 1683 1164 1728; x_wconf 85' lang='lat' dir='ltr'><strong>defensionem</strong></span> <span class='ocrx_word' id='word_1_174' title='bbox 1193 1700 1248 1728; x_wconf 77' lang='lat' dir='ltr'><strong>an</strong></span> <span class='ocrx_word' id='word_1_175' title='bbox 1283 1693 1518 1742; x_wconf 89' lang='lat' dir='ltr'><strong>sperneret.</strong></span> <span class='ocrx_word' id='word_1_176' title='bbox 1549 1685 1719 1730; x_wconf 91' lang='lat' dir='ltr'><strong>diversa</strong></span> <span class='ocrx_word' id='word_1_177' title='bbox 1748 1685 1923 1730; x_wconf 91' lang='lat' dir='ltr'><strong>consilia</strong></span> 
     </span>
     <span class='ocr_line' id='line_1_20' title="bbox 137 1759 1923 1818; baseline 0 -14"><span class='ocrx_word' id='word_1_178' title='bbox 137 1760 450 1804; x_wconf 87' lang='lat' dir='ltr'><strong>adferebantur.</strong></span> <span class='ocrx_word' id='word_1_179' title='bbox 481 1759 639 1818; x_wconf 93' lang='lat' dir='ltr'><strong>quibus</strong></span> <span class='ocrx_word' id='word_1_180' title='bbox 668 1759 813 1802; x_wconf 89' lang='lat' dir='ltr'><strong>intrari</strong></span> <span class='ocrx_word' id='word_1_181' title='bbox 843 1760 1005 1803; x_wconf 91' lang='lat' dir='ltr'><strong>curiam</strong></span> <span class='ocrx_word' id='word_1_182' title='bbox 1036 1759 1252 1818; x_wconf 90' lang='lat' dir='ltr'><strong>placebat,</strong></span> <span class='ocrx_word' id='word_1_183' title='bbox 1285 1774 1462 1805; x_wconf 91' lang='lat' dir='ltr'><strong>securos</strong></span> <span class='ocrx_word' id='word_1_184' title='bbox 1493 1775 1591 1805; x_wconf 90' lang='lat' dir='ltr'><strong>esse</strong></span> <span class='ocrx_word' id='word_1_185' title='bbox 1614 1761 1668 1805; x_wconf 92' lang='lat' dir='ltr'><strong>de</strong></span> <span class='ocrx_word' id='word_1_186' title='bbox 1690 1762 1923 1806; x_wconf 87' lang='lat' dir='ltr'><strong>constantia</strong></span> 
     </span>
     <span class='ocr_line' id='line_1_21' title="bbox 137 1833 1973 1895; baseline 0.001 -15"><span class='ocrx_word' id='word_1_187' title='bbox 137 1835 230 1880; x_wconf 90' lang='lat' dir='ltr'><strong>eius</strong></span> <span class='ocrx_word' id='word_1_188' title='bbox 259 1835 498 1887; x_wconf 82' lang='lat' dir='ltr'><strong>disserunt3</strong></span> <span class='ocrx_word' id='word_1_189' title='bbox 530 1833 631 1877; x_wconf 92' lang='lat' dir='ltr'><strong>nihil</strong></span> <span class='ocrx_word' id='word_1_190' title='bbox 661 1834 872 1879; x_wconf 90' lang='lat' dir='ltr'><strong>dicturum</strong></span> <span class='ocrx_word' id='word_1_191' title='bbox 902 1835 982 1879; x_wconf 90' lang='lat' dir='ltr'><strong>nisi</strong></span> <span class='ocrx_word' id='word_1_192' title='bbox 1014 1850 1101 1893; x_wconf 91' lang='lat' dir='ltr'><strong>quo</strong></span> <span class='ocrx_word' id='word_1_193' title='bbox 1130 1835 1306 1894; x_wconf 84' lang='lat' dir='ltr'><strong>gloriam</strong></span> <span class='ocrx_word' id='word_1_194' title='bbox 1336 1843 1524 1895; x_wconf 85' lang='lat' dir='ltr'><strong>augeret.</strong></span> <span class='ocrx_word' id='word_1_195' title='bbox 1566 1851 1723 1894; x_wconf 83' lang='lat' dir='ltr'><strong>segnes</strong></span> <span class='ocrx_word' id='word_1_196' title='bbox 1743 1844 1786 1881; x_wconf 92' lang='lat' dir='ltr'><strong>et</strong></span> <span class='ocrx_word' id='word_1_197' title='bbox 1804 1838 1973 1895; x_wconf 81' lang='lat' dir='ltr'><strong>pavi-20</strong></span> 
     </span>
    </p>
   </div>
   <div class='ocr_carea' id='block_1_3' title="bbox 133 1948 1923 2221">
    <p class='ocr_par' dir='ltr' id='par_1_3' title="bbox 133 1948 1923 2221">
     <span class='ocr_line' id='line_1_22' title="bbox 201 1948 1923 1992; baseline 0.002 -10"><span class='ocrx_word' id='word_1_198' title='bbox 201 1951 233 1982; x_wconf 92' lang='grc'><strong>4.</strong></span> <span class='ocrx_word' id='word_1_199' title='bbox 258 1950 408 1983; x_wconf 55' lang='lat' dir='ltr'><strong>Ostorius</strong></span> <span class='ocrx_word' id='word_1_200' title='bbox 430 1949 584 1991; x_wconf 89' lang='lat' dir='ltr'><strong>Lipsius:</strong></span> <span class='ocrx_word' id='word_1_201' title='bbox 610 1949 715 1981; x_wconf 76' lang='lat' dir='ltr'><strong>torius</strong></span> <span class='ocrx_word' id='word_1_202' title='bbox 729 1949 773 1982; x_wconf 80' lang='lat' dir='ltr'><strong>M.</strong></span> <span class='ocrx_word' id='word_1_203' title='bbox 800 1948 851 1982; x_wconf 79' lang='lat' dir='ltr'><strong>Cr.</strong></span> <span class='ocrx_word' id='word_1_204' title='bbox 870 1957 901 1982; x_wconf 91' lang='lat' dir='ltr'><strong>c.</strong></span> <span class='ocrx_word' id='word_1_205' title='bbox 920 1949 974 1982; x_wconf 92' lang='lat'><strong>33.</strong></span> <span class='ocrx_word' id='word_1_206' title='bbox 995 1969 1031 1973; x_wconf 98' lang='lat'><strong>—</strong></span> <span class='ocrx_word' id='word_1_207' title='bbox 1056 1951 1194 1984; x_wconf 67' lang='lat' dir='ltr'><strong>savinus</strong></span> <span class='ocrx_word' id='word_1_208' title='bbox 1214 1952 1249 1985; x_wconf 87' lang='lat' dir='ltr'><strong>M</strong></span> <span class='ocrx_word' id='word_1_209' title='bbox 1275 1969 1310 1974; x_wconf 96' lang='lat'>—</span> <span class='ocrx_word' id='word_1_210' title='bbox 1336 1952 1369 1984; x_wconf 79' lang='lat'><strong>2.</strong></span> <span class='ocrx_word' id='word_1_211' title='bbox 1387 1960 1490 1992; x_wconf 78' lang='lat' dir='ltr'><strong>asyae</strong></span> <span class='ocrx_word' id='word_1_212' title='bbox 1511 1952 1546 1985; x_wconf 83' lang='lat' dir='ltr'>M</span> <span class='ocrx_word' id='word_1_213' title='bbox 1572 1969 1607 1975; x_wconf 90' lang='lat'><strong>—-</strong></span> <span class='ocrx_word' id='word_1_214' title='bbox 1632 1953 1664 1984; x_wconf 86' lang='lat'><strong>5.</strong></span> <span class='ocrx_word' id='word_1_215' title='bbox 1689 1953 1822 1986; x_wconf 80' lang='lat' dir='ltr'><strong>evehere</strong></span> <span class='ocrx_word' id='word_1_216' title='bbox 1843 1953 1923 1985; x_wconf 86' lang='lat' dir='ltr'><strong>Bai-</strong></span> 
     </span>
     <span class='ocr_line' id='line_1_23' title="bbox 134 2004 1923 2051; baseline 0.002 -11"><span class='ocrx_word' id='word_1_217' title='bbox 134 2007 252 2040; x_wconf 80' lang='lat' dir='ltr'><strong>tems:</strong></span> <span class='ocrx_word' id='word_1_218' title='bbox 280 2006 430 2040; x_wconf 74' lang='lat' dir='ltr'><strong>seuchere</strong></span> <span class='ocrx_word' id='word_1_219' title='bbox 451 2007 503 2045; x_wconf 81' lang='grc' dir='ltr'><strong>Μ;</strong></span> <span class='ocrx_word' id='word_1_220' title='bbox 534 2006 672 2039; x_wconf 78' lang='lat' dir='ltr'><strong>avehere</strong></span> <span class='ocrx_word' id='word_1_221' title='bbox 693 2004 761 2039; x_wconf 90' lang='lat' dir='ltr'><strong>alii.</strong></span> <span class='ocrx_word' id='word_1_222' title='bbox 788 2006 925 2046; x_wconf 81' lang='lat' dir='ltr'><strong>(Baiteri</strong></span> <span class='ocrx_word' id='word_1_223' title='bbox 949 2007 1235 2042; x_wconf 87' lang='lat' dir='ltr'><strong>emendationem</strong></span> <span class='ocrx_word' id='word_1_224' title='bbox 1252 2009 1479 2051; x_wconf 90' lang='lat' dir='ltr'><strong>praecepisse</strong></span> <span class='ocrx_word' id='word_1_225' title='bbox 1504 2010 1540 2041; x_wconf 94' lang='lat' dir='ltr'><strong>P.</strong></span> <span class='ocrx_word' id='word_1_226' title='bbox 1562 2008 1756 2042; x_wconf 91' lang='lat' dir='ltr'><strong>Victorium</strong></span> <span class='ocrx_word' id='word_1_227' title='bbox 1772 2010 1923 2043; x_wconf 80' lang='lat' dir='ltr'><strong>testatur</strong></span> 
     </span>
     <span class='ocr_line' id='line_1_24' title="bbox 133 2054 1919 2113; baseline 0.001 -16"><span class='ocrx_word' id='word_1_228' title='bbox 133 2054 339 2106; x_wconf 71' lang='lat' dir='ltr'><strong>Spensgelius</strong></span> <span class='ocrx_word' id='word_1_229' title='bbox 361 2063 438 2097; x_wconf 92' lang='lat' dir='ltr'><strong>Ind.</strong></span> <span class='ocrx_word' id='word_1_230' title='bbox 462 2064 572 2097; x_wconf 89' lang='lat' dir='ltr'><strong>Lectt.</strong></span> <span class='ocrx_word' id='word_1_231' title='bbox 598 2064 734 2097; x_wconf 77' lang='lat' dir='ltr'><strong>Monac.</strong></span> <span class='ocrx_word' id='word_1_232' title='bbox 754 2062 874 2100; x_wconf 75' lang='grc'><strong>484718</strong></span> <span class='ocrx_word' id='word_1_233' title='bbox 895 2073 931 2106; x_wconf 90' lang='lat' dir='ltr'><strong>p.</strong></span> <span class='ocrx_word' id='word_1_234' title='bbox 949 2065 995 2105; x_wconf 87' lang='lat'><strong>7.)</strong></span> <span class='ocrx_word' id='word_1_235' title='bbox 1023 2083 1059 2089; x_wconf 87' lang='lat'><em>-</em></span> <span class='ocrx_word' id='word_1_236' title='bbox 1092 2065 1123 2098; x_wconf 88' lang='lat'><strong>7.</strong></span> <span class='ocrx_word' id='word_1_237' title='bbox 1149 2067 1342 2113; x_wconf 68' lang='lat' dir='ltr'><strong>accipiendq</strong></span> <span class='ocrx_word' id='word_1_238' title='bbox 1363 2067 1398 2100; x_wconf 77' lang='grc' dir='ltr'><strong>Μ</strong></span> <span class='ocrx_word' id='word_1_239' title='bbox 1423 2084 1459 2089; x_wconf 92' lang='grc'>-</span> <span class='ocrx_word' id='word_1_240' title='bbox 1486 2066 1539 2098; x_wconf 87' lang='grc'><strong>44.</strong></span> <span class='ocrx_word' id='word_1_241' title='bbox 1565 2065 1693 2099; x_wconf 80' lang='lat' dir='ltr'><strong>demisit</strong></span> <span class='ocrx_word' id='word_1_242' title='bbox 1715 2066 1919 2099; x_wconf 85' lang='lat' dir='ltr'><strong>Rhenanus:</strong></span> 
     </span>
     <span class='ocr_line' id='line_1_25' title="bbox 133 2119 1923 2163; baseline 0 -9"><span class='ocrx_word' id='word_1_243' title='bbox 133 2120 258 2154; x_wconf 72' lang='lat' dir='ltr'><strong>dimisit</strong></span> <span class='ocrx_word' id='word_1_244' title='bbox 278 2121 313 2154; x_wconf 79' lang='lat' dir='ltr'>M</span> <span class='ocrx_word' id='word_1_245' title='bbox 337 2138 372 2144; x_wconf 91' lang='lat'>-</span> <span class='ocrx_word' id='word_1_246' title='bbox 401 2119 454 2153; x_wconf 72' lang='lat'><strong>⁴4.</strong></span> <span class='ocrx_word' id='word_1_247' title='bbox 480 2119 595 2153; x_wconf 87' lang='lat' dir='ltr'><strong>Habet</strong></span> <span class='ocrx_word' id='word_1_248' title='bbox 616 2128 672 2160; x_wconf 77' lang='lat' dir='ltr'><strong>spe</strong></span> <span class='ocrx_word' id='word_1_249' title='bbox 695 2120 746 2160; x_wconf 80' lang='lat' dir='ltr'><strong>M,</strong></span> <span class='ocrx_word' id='word_1_250' title='bbox 776 2128 868 2160; x_wconf 92' lang='lat' dir='ltr'><strong>non,</strong></span> <span class='ocrx_word' id='word_1_251' title='bbox 897 2121 935 2152; x_wconf 91' lang='lat' dir='ltr'><strong>ut</strong></span> <span class='ocrx_word' id='word_1_252' title='bbox 957 2122 1118 2161; x_wconf 89' lang='lat' dir='ltr'><strong>narrant,</strong></span> <span class='ocrx_word' id='word_1_253' title='bbox 1150 2130 1258 2163; x_wconf 83' lang='lat' dir='ltr'><strong>saepe.</strong></span> <span class='ocrx_word' id='word_1_254' title='bbox 1286 2139 1321 2144; x_wconf 97' lang='lat'><strong>—</strong></span> <span class='ocrx_word' id='word_1_255' title='bbox 1349 2121 1401 2154; x_wconf 88' lang='grc'><strong>46.</strong></span> <span class='ocrx_word' id='word_1_256' title='bbox 1426 2122 1515 2162; x_wconf 81' lang='lat' dir='ltr'><strong>quod</strong></span> <span class='ocrx_word' id='word_1_257' title='bbox 1534 2121 1591 2154; x_wconf 77' lang='lat' dir='ltr'><strong>ubi</strong></span> <span class='ocrx_word' id='word_1_258' title='bbox 1612 2130 1680 2155; x_wconf 77' lang='lat' dir='ltr'><strong>non</strong></span> <span class='ocrx_word' id='word_1_259' title='bbox 1702 2122 1808 2155; x_wconf 79' lang='lat' dir='ltr'><strong>evenit</strong></span> <span class='ocrx_word' id='word_1_260' title='bbox 1829 2121 1923 2155; x_wconf 90' lang='lat' dir='ltr'><strong>Rhe-</strong></span> 
     </span>
     <span class='ocr_line' id='line_1_26' title="bbox 133 2175 1919 2221; baseline 0 -11"><span class='ocrx_word' id='word_1_261' title='bbox 133 2185 266 2210; x_wconf 87' lang='lat' dir='ltr'><strong>nanus:</strong></span> <span class='ocrx_word' id='word_1_262' title='bbox 290 2185 355 2218; x_wconf 75' lang='lat' dir='ltr'><strong>quo</strong></span> <span class='ocrx_word' id='word_1_263' title='bbox 377 2175 472 2209; x_wconf 75' lang='lat' dir='ltr'><strong>dubie</strong></span> <span class='ocrx_word' id='word_1_264' title='bbox 493 2184 561 2209; x_wconf 76' lang='lat' dir='ltr'><strong>non</strong></span> <span class='ocrx_word' id='word_1_265' title='bbox 582 2177 673 2209; x_wconf 74' lang='lat' dir='ltr'><strong>uenit</strong></span> <span class='ocrx_word' id='word_1_266' title='bbox 695 2177 727 2209; x_wconf 80' lang='lat' dir='ltr'><strong>M</strong></span> <span class='ocrx_word' id='word_1_267' title='bbox 757 2194 787 2200; x_wconf 94' lang='lat'>-</span> <span class='ocrx_word' id='word_1_268' title='bbox 817 2176 870 2209; x_wconf 88' lang='grc'><strong>48.</strong></span> <span class='ocrx_word' id='word_1_269' title='bbox 896 2185 942 2209; x_wconf 81' lang='lat' dir='ltr'><strong>an</strong></span> <span class='ocrx_word' id='word_1_270' title='bbox 965 2178 1108 2221; x_wconf 32' lang='lat' dir='ltr'><strong>G210m.</strong></span> <span class='ocrx_word' id='word_1_271' title='bbox 1133 2178 1167 2211; x_wconf 82' lang='lat' dir='ltr'><strong>M</strong></span> <span class='ocrx_word' id='word_1_272' title='bbox 1192 2196 1228 2200; x_wconf 98' lang='lat'><strong>—</strong></span> <span class='ocrx_word' id='word_1_273' title='bbox 1254 2179 1307 2211; x_wconf 77' lang='lat'><strong>20.</strong></span> <span class='ocrx_word' id='word_1_274' title='bbox 1334 2178 1498 2211; x_wconf 59' lang='lat' dir='ltr'><strong>disserunt</strong></span> <span class='ocrx_word' id='word_1_275' title='bbox 1520 2177 1635 2211; x_wconf 86' lang='lat' dir='ltr'><strong>Haase</strong></span> <span class='ocrx_word' id='word_1_276' title='bbox 1660 2178 1793 2220; x_wconf 84' lang='lat' dir='ltr'><strong>(Diurn.</strong></span> <span class='ocrx_word' id='word_1_277' title='bbox 1812 2178 1919 2220; x_wconf 86' lang='lat' dir='ltr'><strong>antiq.</strong></span> 
     </span>
    </p>
   </div>
   <div class='ocr_carea' id='block_1_4' title="bbox 132 2232 1923 2330">
    <p class='ocr_par' dir='ltr' id='par_1_4' title="bbox 132 2232 1923 2330">
     <span class='ocr_line' id='line_1_27' title="bbox 132 2232 1923 2277; baseline 0.001 -11"><span class='ocrx_word' id='word_1_278' title='bbox 132 2232 227 2266; x_wconf 85' lang='lat' dir='ltr'><strong>stud.</strong></span> <span class='ocrx_word' id='word_1_279' title='bbox 252 2242 284 2267; x_wconf 89' lang='lat' dir='ltr'><strong>a.</strong></span> <span class='ocrx_word' id='word_1_280' title='bbox 310 2233 395 2266; x_wconf 84' lang='grc'><strong>4836</strong></span> <span class='ocrx_word' id='word_1_281' title='bbox 417 2241 452 2266; x_wconf 88' lang='lat' dir='ltr'><strong>n.</strong></span> <span class='ocrx_word' id='word_1_282' title='bbox 477 2232 552 2274; x_wconf 77' lang='lat'><strong>84):</strong></span> <span class='ocrx_word' id='word_1_283' title='bbox 584 2234 742 2266; x_wconf 76' lang='lat' dir='ltr'><strong>dixerunt</strong></span> <span class='ocrx_word' id='word_1_284' title='bbox 765 2234 797 2267; x_wconf 77' lang='lat' dir='ltr'>M</span> <span class='ocrx_word' id='word_1_285' title='bbox 824 2251 860 2257; x_wconf 95' lang='lat'><strong>—</strong></span> <span class='ocrx_word' id='word_1_286' title='bbox 884 2234 985 2267; x_wconf 75' lang='lat' dir='ltr'><strong>nichil</strong></span> <span class='ocrx_word' id='word_1_287' title='bbox 1007 2234 1040 2267; x_wconf 83' lang='lat' dir='ltr'>M</span> <span class='ocrx_word' id='word_1_288' title='bbox 1066 2252 1101 2257; x_wconf 96' lang='lat'>—</span> <span class='ocrx_word' id='word_1_289' title='bbox 1126 2235 1238 2277; x_wconf 72' lang='lat' dir='ltr'><strong>yloria</strong></span> <span class='ocrx_word' id='word_1_290' title='bbox 1260 2238 1400 2277; x_wconf 63' lang='lat' dir='ltr'><strong>augeret</strong></span> <span class='ocrx_word' id='word_1_291' title='bbox 1420 2236 1470 2275; x_wconf 88' lang='grc' dir='ltr'><strong>Μ;</strong></span> <span class='ocrx_word' id='word_1_292' title='bbox 1502 2235 1615 2277; x_wconf 65' lang='lat' dir='ltr'><strong>aleria</strong></span> <span class='ocrx_word' id='word_1_293' title='bbox 1636 2238 1818 2277; x_wconf 73' lang='lat' dir='ltr'><strong>auqeretur</strong></span> <span class='ocrx_word' id='word_1_294' title='bbox 1840 2233 1923 2268; x_wconf 89' lang='lat' dir='ltr'><strong>Hal—</strong></span> 
     </span>
     <span class='ocr_line' id='line_1_28' title="bbox 133 2289 567 2330; baseline 0 -8"><span class='ocrx_word' id='word_1_295' title='bbox 133 2289 226 2322; x_wconf 82' lang='lat' dir='ltr'><strong>mins</strong></span> <span class='ocrx_word' id='word_1_296' title='bbox 249 2289 296 2330; x_wconf 89' lang='lat' dir='ltr'><strong>(in</strong></span> <span class='ocrx_word' id='word_1_297' title='bbox 319 2289 567 2330; x_wconf 85' lang='lat' dir='ltr'><strong>adnotatione).</strong></span> 
     </span>
    </p>
   </div>
   <div class='ocr_carea' id='block_1_5' title="bbox 131 2389 1003 3535">
    <p class='ocr_par' dir='ltr' id='par_1_5' title="bbox 131 2389 1002 2681">
     <span class='ocr_line' id='line_1_29' title="bbox 132 2389 1002 2432; baseline 0.001 -11"><span class='ocrx_word' id='word_1_298' title='bbox 132 2389 258 2423; x_wconf 69' lang='lat' dir='ltr'><strong>sutiam·</strong></span> <span class='ocrx_word' id='word_1_299' title='bbox 280 2389 440 2432; x_wconf 44' lang='lat' dir='ltr'><strong>amenum]</strong></span> <span class='ocrx_word' id='word_1_300' title='bbox 473 2389 524 2422; x_wconf 83' lang='lat' dir='ltr'><strong>Cf.</strong></span> <span class='ocrx_word' id='word_1_301' title='bbox 551 2398 583 2422; x_wconf 89' lang='lat' dir='ltr'><strong>c.</strong></span> <span class='ocrx_word' id='word_1_302' title='bbox 607 2389 662 2422; x_wconf 76' lang='lat'><strong>2⁴:</strong></span> <span class='ocrx_word' id='word_1_303' title='bbox 689 2392 828 2431; x_wconf 80' lang='lat' dir='ltr'><strong>praeter</strong></span> <span class='ocrx_word' id='word_1_304' title='bbox 850 2391 1002 2422; x_wconf 77' lang='lat' dir='ltr'><strong>animum</strong></span> 
     </span>
     <span class='ocr_line' id='line_1_30' title="bbox 133 2439 1002 2481; baseline 0 -9"><span class='ocrx_word' id='word_1_305' title='bbox 133 2439 180 2472; x_wconf 79' lang='lat' dir='ltr'><strong>ad</strong></span> <span class='ocrx_word' id='word_1_306' title='bbox 200 2440 332 2481; x_wconf 66' lang='lat' dir='ltr'><strong>napitia</strong></span> <span class='ocrx_word' id='word_1_307' title='bbox 351 2439 566 2480; x_wconf 66' lang='lat' dir='ltr'><strong>praecipitem</strong></span> <span class='ocrx_word' id='word_1_308' title='bbox 586 2440 720 2479; x_wconf 74' lang='lat' dir='ltr'><strong>iniquus</strong></span> <span class='ocrx_word' id='word_1_309' title='bbox 736 2440 907 2473; x_wconf 65' lang='lat' dir='ltr'><strong>straseae.</strong></span> <span class='ocrx_word' id='word_1_310' title='bbox 933 2441 1002 2472; x_wconf 86' lang='lat' dir='ltr'><strong>Re—</strong></span> 
     </span>
     <span class='ocr_line' id='line_1_31' title="bbox 133 2488 1002 2531; baseline 0.001 -10"><span class='ocrx_word' id='word_1_311' title='bbox 133 2489 312 2531; x_wconf 87' lang='lat' dir='ltr'><strong>spondent</strong></span> <span class='ocrx_word' id='word_1_312' title='bbox 332 2488 400 2522; x_wconf 90' lang='lat' dir='ltr'><strong>sibi</strong></span> <span class='ocrx_word' id='word_1_313' title='bbox 422 2489 554 2521; x_wconf 72' lang='lat' dir='ltr'><strong>am‘mus</strong></span> <span class='ocrx_word' id='word_1_314' title='bbox 571 2492 747 2530; x_wconf 75' lang='lat' dir='ltr'><strong>promptus</strong></span> <span class='ocrx_word' id='word_1_315' title='bbox 761 2490 797 2522; x_wconf 90' lang='lat' dir='ltr'><strong>et</strong></span> <span class='ocrx_word' id='word_1_316' title='bbox 811 2490 944 2522; x_wconf 74' lang='lat' dir='ltr'><strong>animus</strong></span> <span class='ocrx_word' id='word_1_317' title='bbox 957 2490 1002 2522; x_wconf 82' lang='lat' dir='ltr'><strong>ad</strong></span> 
     </span>
     <span class='ocr_line' id='line_1_32' title="bbox 131 2539 1002 2582; baseline 0.001 -10"><span class='ocrx_word' id='word_1_318' title='bbox 131 2539 265 2582; x_wconf 60' lang='lat' dir='ltr'><strong>flagitia</strong></span> <span class='ocrx_word' id='word_1_319' title='bbox 283 2548 459 2580; x_wconf 80' lang='lat' dir='ltr'><strong>praeceps;</strong></span> <span class='ocrx_word' id='word_1_320' title='bbox 484 2540 561 2572; x_wconf 89' lang='lat' dir='ltr'><strong>tum</strong></span> <span class='ocrx_word' id='word_1_321' title='bbox 578 2540 634 2572; x_wconf 74' lang='lat' dir='ltr'><strong>ira</strong></span> <span class='ocrx_word' id='word_1_322' title='bbox 651 2539 730 2580; x_wconf 74' lang='lat' dir='ltr'><strong>(orob</strong></span> <span class='ocrx_word' id='word_1_323' title='bbox 746 2540 867 2581; x_wconf 77' lang='lat' dir='ltr'><strong>iram»)</strong></span> <span class='ocrx_word' id='word_1_324' title='bbox 884 2541 920 2573; x_wconf 90' lang='lat' dir='ltr'><strong>et</strong></span> <span class='ocrx_word' id='word_1_325' title='bbox 934 2541 1002 2573; x_wconf 75' lang='lat' dir='ltr'><strong>im·-</strong></span> 
     </span>
     <span class='ocr_line' id='line_1_33' title="bbox 133 2589 1000 2632; baseline 0 -10"><span class='ocrx_word' id='word_1_326' title='bbox 133 2598 218 2630; x_wconf 72' lang='lat' dir='ltr'><strong>quus</strong></span> <span class='ocrx_word' id='word_1_327' title='bbox 246 2589 419 2627; x_wconf 69' lang='lat' dir='ltr'><strong>Thraseae,</strong></span> <span class='ocrx_word' id='word_1_328' title='bbox 445 2607 481 2612; x_wconf 88' lang='lat'>—</span> <span class='ocrx_word' id='word_1_329' title='bbox 506 2589 703 2623; x_wconf 79' lang='lat' dir='ltr'><strong>Marcellum</strong></span> <span class='ocrx_word' id='word_1_330' title='bbox 723 2590 883 2632; x_wconf 76' lang='lat' dir='ltr'><strong>Epm&#39;um]</strong></span> <span class='ocrx_word' id='word_1_331' title='bbox 913 2590 1000 2623; x_wconf 87' lang='lat' dir='ltr'><strong>Vide</strong></span> 
     </span>
     <span class='ocr_line' id='line_1_34' title="bbox 133 2639 318 2681; baseline 0.005 -9"><span class='ocrx_word' id='word_1_332' title='bbox 133 2639 179 2674; x_wconf 84' lang='lat' dir='ltr'><strong>ad</strong></span> <span class='ocrx_word' id='word_1_333' title='bbox 202 2640 260 2681; x_wconf 80' lang='grc'><strong>42,</strong></span> <span class='ocrx_word' id='word_1_334' title='bbox 285 2639 318 2673; x_wconf 72' lang='lat'><strong>4.</strong></span> 
     </span>
    </p>

    <p class='ocr_par' dir='ltr' id='par_1_6' title="bbox 131 2689 1003 3481">
     <span class='ocr_line' id='line_1_35' title="bbox 175 2689 998 2732; baseline 0.001 -9"><span class='ocrx_word' id='word_1_335' title='bbox 175 2689 231 2723; x_wconf 72' lang='lat'><strong>23.</strong></span> <span class='ocrx_word' id='word_1_336' title='bbox 254 2689 426 2732; x_wconf 72' lang='lat' dir='ltr'><strong>Acratum]</strong></span> <span class='ocrx_word' id='word_1_337' title='bbox 451 2689 502 2723; x_wconf 81' lang='lat' dir='ltr'><strong>Cf.</strong></span> <span class='ocrx_word' id='word_1_338' title='bbox 527 2691 582 2729; x_wconf 86' lang='grc'><strong>45,</strong></span> <span class='ocrx_word' id='word_1_339' title='bbox 607 2689 661 2723; x_wconf 75' lang='lat'><strong>45.</strong></span> <span class='ocrx_word' id='word_1_340' title='bbox 683 2708 719 2713; x_wconf 98' lang='lat'><strong>—</strong></span> <span class='ocrx_word' id='word_1_341' title='bbox 745 2693 874 2723; x_wconf 81' lang='lat' dir='ltr'><strong>statuas</strong></span> <span class='ocrx_word' id='word_1_342' title='bbox 896 2694 926 2724; x_wconf 86' lang='lat' dir='ltr'><strong>et</strong></span> <span class='ocrx_word' id='word_1_343' title='bbox 944 2691 998 2732; x_wconf 72' lang='lat' dir='ltr'><strong>pi-</strong></span> 
     </span>
     <span class='ocr_line' id='line_1_36' title="bbox 132 2739 998 2781; baseline 0 -9"><span class='ocrx_word' id='word_1_344' title='bbox 132 2742 247 2772; x_wconf 79' lang='lat' dir='ltr'><strong>cturas</strong></span> <span class='ocrx_word' id='word_1_345' title='bbox 265 2739 407 2781; x_wconf 76' lang='lat' dir='ltr'><strong>evehere]</strong></span> <span class='ocrx_word' id='word_1_346' title='bbox 432 2739 483 2773; x_wconf 81' lang='lat' dir='ltr'><strong>Cf.</strong></span> <span class='ocrx_word' id='word_1_347' title='bbox 509 2740 581 2773; x_wconf 91' lang='lat' dir='ltr'><strong>Cic.</strong></span> <span class='ocrx_word' id='word_1_348' title='bbox 604 2740 704 2773; x_wconf 90' lang='lat' dir='ltr'><strong>Verr.</strong></span> <span class='ocrx_word' id='word_1_349' title='bbox 723 2740 798 2773; x_wconf 85' lang='lat' dir='ltr'><strong>Lib.</strong></span> <span class='ocrx_word' id='word_1_350' title='bbox 817 2741 849 2780; x_wconf 89' lang='grc'><strong>4,</strong></span> <span class='ocrx_word' id='word_1_351' title='bbox 866 2741 922 2781; x_wconf 77' lang='lat'><strong>20,</strong></span> <span class='ocrx_word' id='word_1_352' title='bbox 939 2740 998 2773; x_wconf 80' lang='lat'><strong>53:</strong></span> 
     </span>
     <span class='ocr_line' id='line_1_37' title="bbox 131 2789 1000 2833; baseline 0.001 -11"><span class='ocrx_word' id='word_1_353' title='bbox 131 2791 193 2822; x_wconf 79' lang='lat' dir='ltr'><strong>hoc</strong></span> <span class='ocrx_word' id='word_1_354' title='bbox 214 2791 306 2830; x_wconf 64' lang='lat' dir='ltr'><strong>dico,</strong></span> <span class='ocrx_word' id='word_1_355' title='bbox 330 2790 460 2823; x_wconf 79' lang='lat' dir='ltr'><strong>nullum</strong></span> <span class='ocrx_word' id='word_1_356' title='bbox 482 2794 512 2822; x_wconf 83' lang='lat' dir='ltr'><strong>te</strong></span> <span class='ocrx_word' id='word_1_357' title='bbox 532 2789 674 2831; x_wconf 77' lang='lat' dir='ltr'><strong>Aspendi</strong></span> <span class='ocrx_word' id='word_1_358' title='bbox 695 2791 845 2833; x_wconf 67' lang='lat' dir='ltr'><strong>signant,</strong></span> <span class='ocrx_word' id='word_1_359' title='bbox 873 2791 1000 2831; x_wconf 84' lang='lat' dir='ltr'><strong>Verres,</strong></span> 
     </span>
     <span class='ocr_line' id='line_1_38' title="bbox 132 2839 1000 2881; baseline 0.001 -9"><span class='ocrx_word' id='word_1_360' title='bbox 132 2839 321 2880; x_wconf 52' lang='lat' dir='ltr'><strong>reliquium</strong></span> <span class='ocrx_word' id='word_1_361' title='bbox 351 2840 465 2873; x_wconf 75' lang='lat' dir='ltr'><strong>omnia</strong></span> <span class='ocrx_word' id='word_1_362' title='bbox 486 2848 530 2872; x_wconf 67' lang='lat' dir='ltr'><strong>ex</strong></span> <span class='ocrx_word' id='word_1_363' title='bbox 550 2840 656 2881; x_wconf 75' lang='lat' dir='ltr'><strong>fanis,</strong></span> <span class='ocrx_word' id='word_1_364' title='bbox 684 2849 728 2873; x_wconf 77' lang='lat' dir='ltr'><strong>ex</strong></span> <span class='ocrx_word' id='word_1_365' title='bbox 749 2841 830 2873; x_wconf 75' lang='lat' dir='ltr'><strong>locis</strong></span> <span class='ocrx_word' id='word_1_366' title='bbox 847 2839 1000 2881; x_wconf 72' lang='lat' dir='ltr'><strong>publicis,</strong></span> 
     </span>
     <span class='ocr_line' id='line_1_39' title="bbox 131 2889 1003 2931; baseline 0.001 -9"><span class='ocrx_word' id='word_1_367' title='bbox 131 2890 267 2930; x_wconf 79' lang='lat' dir='ltr'><strong>palam,</strong></span> <span class='ocrx_word' id='word_1_368' title='bbox 301 2889 523 2931; x_wconf 72' lang='lat' dir='ltr'><strong>spectantibus</strong></span> <span class='ocrx_word' id='word_1_369' title='bbox 552 2889 701 2922; x_wconf 75' lang='lat' dir='ltr'><strong>onmibus</strong></span> <span class='ocrx_word' id='word_1_370' title='bbox 728 2890 864 2931; x_wconf 76' lang='lat' dir='ltr'><strong>plostris</strong></span> <span class='ocrx_word' id='word_1_371' title='bbox 891 2894 1003 2923; x_wconf 77' lang='lat' dir='ltr'><strong>evecta</strong></span> 
     </span>
     <span class='ocr_line' id='line_1_40' title="bbox 132 2939 999 2981; baseline 0 -9"><span class='ocrx_word' id='word_1_372' title='bbox 132 2942 377 2981; x_wconf 64' lang='lat' dir='ltr'><strong>emper-tutaque</strong></span> <span class='ocrx_word' id='word_1_373' title='bbox 397 2948 475 2972; x_wconf 84' lang='lat' dir='ltr'><strong>esse.</strong></span> <span class='ocrx_word' id='word_1_374' title='bbox 503 2956 538 2962; x_wconf 90' lang='lat'><em>-</em></span> <span class='ocrx_word' id='word_1_375' title='bbox 567 2939 688 2980; x_wconf 72' lang='lat' dir='ltr'><strong>Plauti]</strong></span> <span class='ocrx_word' id='word_1_376' title='bbox 713 2939 763 2973; x_wconf 77' lang='lat' dir='ltr'><strong>Cf.</strong></span> <span class='ocrx_word' id='word_1_377' title='bbox 789 2939 842 2979; x_wconf 75' lang='lat'><strong>⁴4,</strong></span> <span class='ocrx_word' id='word_1_378' title='bbox 867 2941 921 2973; x_wconf 72' lang='lat'><strong>22.</strong></span> <span class='ocrx_word' id='word_1_379' title='bbox 946 2940 999 2972; x_wconf 84' lang='lat'><strong>57.</strong></span> 
     </span>
     <span class='ocr_line' id='line_1_41' title="bbox 134 2989 1001 3030; baseline -0.001 -8"><span class='ocrx_word' id='word_1_380' title='bbox 134 2989 189 3022; x_wconf 83' lang='lat'><strong>59.</strong></span> <span class='ocrx_word' id='word_1_381' title='bbox 217 3007 253 3012; x_wconf 97' lang='lat'><strong>—</strong></span> <span class='ocrx_word' id='word_1_382' title='bbox 281 2997 346 3030; x_wconf 77' lang='lat' dir='ltr'><strong>quo</strong></span> <span class='ocrx_word' id='word_1_383' title='bbox 372 2989 535 3022; x_wconf 69' lang='lat' dir='ltr'><strong>Tiridates</strong></span> <span class='ocrx_word' id='word_1_384' title='bbox 562 2990 645 3030; x_wconf 88' lang='lat' dir='ltr'><strong>cet.]</strong></span> <span class='ocrx_word' id='word_1_385' title='bbox 678 2989 728 3022; x_wconf 81' lang='lat' dir='ltr'><strong>Cf.</strong></span> <span class='ocrx_word' id='word_1_386' title='bbox 755 2990 808 3029; x_wconf 77' lang='lat'><strong>⁴5,</strong></span> <span class='ocrx_word' id='word_1_387' title='bbox 834 2989 888 3022; x_wconf 85' lang='lat'><strong>29.</strong></span> <span class='ocrx_word' id='word_1_388' title='bbox 926 2990 1001 3029; x_wconf 90' lang='lat' dir='ltr'><strong>Quo</strong></span> 
     </span>
     <span class='ocr_line' id='line_1_42' title="bbox 135 3038 1002 3081; baseline 0.001 -10"><span class='ocrx_word' id='word_1_389' title='bbox 135 3038 242 3072; x_wconf 88' lang='lat' dir='ltr'><strong>modo</strong></span> <span class='ocrx_word' id='word_1_390' title='bbox 265 3047 444 3081; x_wconf 86' lang='lat' dir='ltr'><strong>quamque</strong></span> <span class='ocrx_word' id='word_1_391' title='bbox 467 3038 651 3081; x_wconf 84' lang='lat' dir='ltr'><strong>splendide</strong></span> <span class='ocrx_word' id='word_1_392' title='bbox 679 3040 713 3072; x_wconf 90' lang='lat' dir='ltr'><strong>in</strong></span> <span class='ocrx_word' id='word_1_393' title='bbox 738 3039 827 3072; x_wconf 87' lang='lat' dir='ltr'><strong>urbe</strong></span> <span class='ocrx_word' id='word_1_394' title='bbox 848 3040 920 3072; x_wconf 86' lang='lat' dir='ltr'><strong>tota</strong></span> <span class='ocrx_word' id='word_1_395' title='bbox 944 3047 1002 3072; x_wconf 87' lang='lat' dir='ltr'><strong>res</strong></span> 
     </span>
     <span class='ocr_line' id='line_1_43' title="bbox 134 3088 1002 3131; baseline 0 -9"><span class='ocrx_word' id='word_1_396' title='bbox 134 3089 227 3122; x_wconf 79' lang='lat' dir='ltr'><strong>inter</strong></span> <span class='ocrx_word' id='word_1_397' title='bbox 254 3090 431 3122; x_wconf 87' lang='lat' dir='ltr'><strong>Neronem</strong></span> <span class='ocrx_word' id='word_1_398' title='bbox 461 3090 498 3122; x_wconf 83' lang='lat' dir='ltr'><strong>et</strong></span> <span class='ocrx_word' id='word_1_399' title='bbox 525 3088 700 3121; x_wconf 87' lang='lat' dir='ltr'><strong>Tiridaten</strong></span> <span class='ocrx_word' id='word_1_400' title='bbox 728 3091 805 3121; x_wconf 88' lang='lat' dir='ltr'><strong>acta</strong></span> <span class='ocrx_word' id='word_1_401' title='bbox 829 3090 890 3129; x_wconf 90' lang='lat' dir='ltr'><strong>sit,</strong></span> <span class='ocrx_word' id='word_1_402' title='bbox 924 3088 1002 3131; x_wconf 86' lang='lat' dir='ltr'><strong>lege</strong></span> 
     </span>
     <span class='ocr_line' id='line_1_44' title="bbox 135 3137 1003 3181; baseline 0 -10"><span class='ocrx_word' id='word_1_403' title='bbox 135 3138 231 3181; x_wconf 86' lang='lat' dir='ltr'><strong>apud</strong></span> <span class='ocrx_word' id='word_1_404' title='bbox 252 3139 401 3171; x_wconf 90' lang='lat' dir='ltr'><strong>Dionem</strong></span> <span class='ocrx_word' id='word_1_405' title='bbox 421 3138 476 3178; x_wconf 90' lang='lat'><strong>36,</strong></span> <span class='ocrx_word' id='word_1_406' title='bbox 493 3139 525 3171; x_wconf 82' lang='lat'><strong>5.</strong></span> <span class='ocrx_word' id='word_1_407' title='bbox 551 3137 603 3171; x_wconf 89' lang='lat' dir='ltr'><strong>lbi</strong></span> <span class='ocrx_word' id='word_1_408' title='bbox 625 3139 715 3171; x_wconf 88' lang='lat' dir='ltr'><strong>haec</strong></span> <span class='ocrx_word' id='word_1_409' title='bbox 731 3139 823 3172; x_wconf 89' lang='lat' dir='ltr'><strong>inter</strong></span> <span class='ocrx_word' id='word_1_410' title='bbox 838 3138 903 3171; x_wconf 88' lang='lat' dir='ltr'><strong>alia</strong></span> <span class='ocrx_word' id='word_1_411' title='bbox 919 3139 1003 3172; x_wconf 89' lang='lat' dir='ltr'><strong>dicit</strong></span> 
     </span>
     <span class='ocr_line' id='line_1_45' title="bbox 136 3183 1003 3235; baseline -0.001 -13"><span class='ocrx_word' id='word_1_412' title='bbox 136 3189 249 3222; x_wconf 84' lang='lat' dir='ltr'><strong>Nero:</strong></span> <span class='ocrx_word' id='word_1_413' title='bbox 271 3187 441 3222; x_wconf 76' lang='grc' dir='ltr'><strong><em>Βασιλέα</em></strong></span> <span class='ocrx_word' id='word_1_414' title='bbox 456 3198 501 3220; x_wconf 85' lang='grc' dir='ltr'><strong>σε</strong></span> <span class='ocrx_word' id='word_1_415' title='bbox 518 3185 588 3230; x_wconf 77' lang='grc' dir='ltr'><strong>τῆς</strong></span> <span class='ocrx_word' id='word_1_416' title='bbox 598 3183 791 3235; x_wconf 75' lang='grc' dir='ltr'><strong>Ἀρμενίας</strong></span> <span class='ocrx_word' id='word_1_417' title='bbox 805 3187 916 3229; x_wconf 83' lang='grc' dir='ltr'><strong>ποιῶ,</strong></span> <span class='ocrx_word' id='word_1_418' title='bbox 941 3188 1003 3221; x_wconf 77' lang='grc' dir='ltr'><strong>ἵνα</strong></span> 
     </span>
     <span class='ocr_line' id='line_1_46' title="bbox 135 3234 1003 3280; baseline 0.001 -10"><span class='ocrx_word' id='word_1_419' title='bbox 135 3237 202 3270; x_wconf 79' lang='grc' dir='ltr'><strong>καὶ</strong></span> <span class='ocrx_word' id='word_1_420' title='bbox 216 3236 266 3271; x_wconf 73' lang='grc' dir='ltr'><strong>σὺ</strong></span> <span class='ocrx_word' id='word_1_421' title='bbox 282 3239 348 3271; x_wconf 80' lang='grc' dir='ltr'><strong>καὶ</strong></span> <span class='ocrx_word' id='word_1_422' title='bbox 362 3237 502 3272; x_wconf 81' lang='grc' dir='ltr'><strong><em>ἐκεῖνοι</em></strong></span> <span class='ocrx_word' id='word_1_423' title='bbox 517 3235 710 3280; x_wconf 77' lang='grc' dir='ltr'><strong>μάθωσιν,</strong></span> <span class='ocrx_word' id='word_1_424' title='bbox 728 3234 788 3271; x_wconf 82' lang='grc' dir='ltr'><strong>ὅτι</strong></span> <span class='ocrx_word' id='word_1_425' title='bbox 801 3239 868 3272; x_wconf 78' lang='grc' dir='ltr'><strong>καὶ</strong></span> <span class='ocrx_word' id='word_1_426' title='bbox 883 3235 1003 3279; x_wconf 83' lang='grc' dir='ltr'><em>ἀφαι-</em></span> 
     </span>
     <span class='ocr_line' id='line_1_47' title="bbox 136 3285 999 3334; baseline 0.001 -14"><span class='ocrx_word' id='word_1_427' title='bbox 136 3287 289 3333; x_wconf 75' lang='grc' dir='ltr'><strong><em>ρεῖσθαι</em></strong></span> <span class='ocrx_word' id='word_1_428' title='bbox 308 3287 508 3329; x_wconf 80' lang='grc' dir='ltr'><em>βασιλείας</em></span> <span class='ocrx_word' id='word_1_429' title='bbox 522 3287 587 3320; x_wconf 74' lang='grc' dir='ltr'><strong>καὶ</strong></span> <span class='ocrx_word' id='word_1_430' title='bbox 602 3285 808 3334; x_wconf 75' lang='grc' dir='ltr'><em>δωρεῖσθαι</em></span> <span class='ocrx_word' id='word_1_431' title='bbox 822 3286 999 3331; x_wconf 78' lang='grc' dir='ltr'><strong>δύναμαι.</strong></span> 
     </span>
     <span class='ocr_line' id='line_1_48' title="bbox 138 3334 1003 3381; baseline 0.001 -11"><span class='ocrx_word' id='word_1_432' title='bbox 138 3337 251 3371; x_wconf 77' lang='grc' dir='ltr'><strong><em>Ταῦτ’</em></strong></span> <span class='ocrx_word' id='word_1_433' title='bbox 275 3335 391 3371; x_wconf 77' lang='grc' dir='ltr'><strong><em>εἰπών</em></strong></span> <span class='ocrx_word' id='word_1_434' title='bbox 412 3335 587 3370; x_wconf 78' lang='grc' dir='ltr'><strong>ἀνελθεῖν</strong></span> <span class='ocrx_word' id='word_1_435' title='bbox 608 3347 649 3370; x_wconf 84' lang='grc' dir='ltr'><strong>τε</strong></span> <span class='ocrx_word' id='word_1_436' title='bbox 671 3334 791 3371; x_wconf 80' lang='grc' dir='ltr'><strong><em>αὐτὸν</em></strong></span> <span class='ocrx_word' id='word_1_437' title='bbox 812 3336 911 3371; x_wconf 83' lang='grc' dir='ltr'><strong><em>κατὰ</em></strong></span> <span class='ocrx_word' id='word_1_438' title='bbox 933 3335 1003 3381; x_wconf 78' lang='grc' dir='ltr'><strong>τὴν</strong></span> 
     </span>
     <span class='ocr_line' id='line_1_49' title="bbox 138 3382 1002 3435; baseline 0 -15"><span class='ocrx_word' id='word_1_439' title='bbox 138 3382 278 3420; x_wconf 73' lang='grc' dir='ltr'><strong><em>ἄνοδον</em></strong></span> <span class='ocrx_word' id='word_1_440' title='bbox 305 3386 376 3430; x_wconf 80' lang='grc' dir='ltr'><strong>τὴν</strong></span> <span class='ocrx_word' id='word_1_441' title='bbox 404 3387 461 3422; x_wconf 80' lang='grc' dir='ltr'><strong>ἐπ’</strong></span> <span class='ocrx_word' id='word_1_442' title='bbox 496 3382 600 3431; x_wconf 74' lang='grc' dir='ltr'><strong>αὐτῷ</strong></span> <span class='ocrx_word' id='word_1_443' title='bbox 633 3385 756 3432; x_wconf 80' lang='grc' dir='ltr'><em>τούτῳ</em></span> <span class='ocrx_word' id='word_1_444' title='bbox 783 3383 1002 3435; x_wconf 70' lang='grc' dir='ltr'><em>ἔμπροσθεν</em></span> 
     </span>
     <span class='ocr_line' id='line_1_50' title="bbox 137 3434 1003 3481; baseline 0.002 -11"><span class='ocrx_word' id='word_1_445' title='bbox 137 3434 206 3471; x_wconf 80' lang='grc' dir='ltr'><strong>τοῦ</strong></span> <span class='ocrx_word' id='word_1_446' title='bbox 235 3435 412 3481; x_wconf 79' lang='grc' dir='ltr'><strong><em>βήματος</em></strong></span> <span class='ocrx_word' id='word_1_447' title='bbox 434 3437 695 3481; x_wconf 77' lang='grc' dir='ltr'><strong><em>πεποιημένην</em></strong></span> <span class='ocrx_word' id='word_1_448' title='bbox 717 3436 908 3480; x_wconf 76' lang='grc' dir='ltr'><strong>ἐκέλευσε,</strong></span> <span class='ocrx_word' id='word_1_449' title='bbox 937 3438 1003 3472; x_wconf 74' lang='grc' dir='ltr'><strong>καὶ</strong></span> 
     </span>
    </p>

    <p class='ocr_par' dir='ltr' id='par_1_7' title="bbox 206 3499 395 3535">
     <span class='ocr_line' id='line_1_51' title="bbox 206 3499 395 3535; baseline 0.005 -2"><span class='ocrx_word' id='word_1_450' title='bbox 206 3499 347 3535; x_wconf 67' lang='lat' dir='ltr'><strong>Taum</strong></span> <span class='ocrx_word' id='word_1_451' title='bbox 368 3500 395 3534; x_wconf 91' lang='lat'><strong>1.</strong></span> 
     </span>
    </p>
   </div>
   <div class='ocr_carea' id='block_1_6' title="bbox 1048 2386 1933 3479">
    <p class='ocr_par' dir='ltr' id='par_1_8' title="bbox 1049 2386 1933 2624">
     <span class='ocr_line' id='line_1_52' title="bbox 1049 2386 1921 2435; baseline 0.002 -13"><span class='ocrx_word' id='word_1_452' title='bbox 1049 2389 1293 2433; x_wconf 77' lang='grc' dir='ltr'><em>καθιζηθέντι</em></span> <span class='ocrx_word' id='word_1_453' title='bbox 1322 2386 1424 2435; x_wconf 79' lang='grc' dir='ltr'><em>αὐτῷ</em></span> <span class='ocrx_word' id='word_1_454' title='bbox 1458 2386 1535 2423; x_wconf 82' lang='grc' dir='ltr'><strong>ὑπὸ</strong></span> <span class='ocrx_word' id='word_1_455' title='bbox 1557 2387 1625 2423; x_wconf 83' lang='grc' dir='ltr'><strong>τὸν</strong></span> <span class='ocrx_word' id='word_1_456' title='bbox 1648 2388 1748 2424; x_wconf 83' lang='grc' dir='ltr'><em>πόδα</em></span> <span class='ocrx_word' id='word_1_457' title='bbox 1771 2388 1815 2424; x_wconf 85' lang='grc' dir='ltr'><strong>τὸ</strong></span> <span class='ocrx_word' id='word_1_458' title='bbox 1838 2389 1921 2424; x_wconf 88' lang='grc' dir='ltr'><em>διά-</em></span> 
     </span>
     <span class='ocr_line' id='line_1_53' title="bbox 1049 2439 1933 2486; baseline 0.002 -13"><span class='ocrx_word' id='word_1_459' title='bbox 1049 2439 1155 2484; x_wconf 85' lang='grc' dir='ltr'><strong><em>δημα</em></strong></span> <span class='ocrx_word' id='word_1_460' title='bbox 1187 2440 1374 2484; x_wconf 77' lang='grc' dir='ltr'><em>ἐπέθηκε·</em></span> <span class='ocrx_word' id='word_1_461' title='bbox 1410 2440 1505 2481; x_wconf 81' lang='grc' dir='ltr'><em>βοαί</em></span> <span class='ocrx_word' id='word_1_462' title='bbox 1537 2450 1577 2473; x_wconf 83' lang='grc' dir='ltr'><strong>τε</strong></span> <span class='ocrx_word' id='word_1_463' title='bbox 1611 2442 1676 2475; x_wconf 81' lang='grc' dir='ltr'><strong>καὶ</strong></span> <span class='ocrx_word' id='word_1_464' title='bbox 1706 2441 1767 2475; x_wconf 81' lang='grc' dir='ltr'><strong>ἐπὶ</strong></span> <span class='ocrx_word' id='word_1_465' title='bbox 1797 2440 1933 2486; x_wconf 79' lang='grc' dir='ltr'><em>τούτῳ-</em></span> 
     </span>
     <span class='ocr_line' id='line_1_54' title="bbox 1050 2490 1922 2536; baseline 0.002 -13"><span class='ocrx_word' id='word_1_466' title='bbox 1050 2490 1187 2524; x_wconf 64' lang='lat' dir='ltr'><strong>nonai</strong></span> <span class='ocrx_word' id='word_1_467' title='bbox 1215 2491 1282 2524; x_wconf 79' lang='grc' dir='ltr'><strong>καὶ</strong></span> <span class='ocrx_word' id='word_1_468' title='bbox 1311 2490 1551 2525; x_wconf 78' lang='grc' dir='ltr'><em>παντοδαπαὶ</em></span> <span class='ocrx_word' id='word_1_469' title='bbox 1584 2491 1771 2536; x_wconf 83' lang='grc' dir='ltr'><strong>ἐγένοντο.</strong></span> <span class='ocrx_word' id='word_1_470' title='bbox 1805 2510 1840 2515; x_wconf 96' lang='grc'>-</span> <span class='ocrx_word' id='word_1_471' title='bbox 1875 2494 1922 2525; x_wconf 79' lang='lat' dir='ltr'><strong>ad</strong></span> 
     </span>
     <span class='ocr_line' id='line_1_55' title="bbox 1049 2541 1921 2584; baseline 0.001 -10"><span class='ocrx_word' id='word_1_472' title='bbox 1049 2545 1193 2574; x_wconf 73' lang='lat' dir='ltr'><strong>externa</strong></span> <span class='ocrx_word' id='word_1_473' title='bbox 1219 2541 1420 2584; x_wconf 72' lang='lat' dir='ltr'><strong>rwnon‘bus]</strong></span> <span class='ocrx_word' id='word_1_474' title='bbox 1450 2543 1472 2575; x_wconf 90' lang='lat' dir='ltr'><strong>i.</strong></span> <span class='ocrx_word' id='word_1_475' title='bbox 1500 2551 1531 2574; x_wconf 91' lang='lat' dir='ltr'><strong>e.</strong></span> <span class='ocrx_word' id='word_1_476' title='bbox 1558 2541 1761 2576; x_wconf 87' lang='lat' dir='ltr'><strong>rumoribus</strong></span> <span class='ocrx_word' id='word_1_477' title='bbox 1788 2541 1833 2574; x_wconf 90' lang='lat' dir='ltr'><strong>ad</strong></span> <span class='ocrx_word' id='word_1_478' title='bbox 1857 2551 1921 2575; x_wconf 91' lang='lat' dir='ltr'><strong>ex-</strong></span> 
     </span>
     <span class='ocr_line' id='line_1_56' title="bbox 1050 2592 1298 2624; baseline 0 0"><span class='ocrx_word' id='word_1_479' title='bbox 1050 2593 1151 2624; x_wconf 89' lang='lat' dir='ltr'><strong>terna</strong></span> <span class='ocrx_word' id='word_1_480' title='bbox 1174 2592 1298 2624; x_wconf 89' lang='lat' dir='ltr'><strong>versis.</strong></span> 
     </span>
    </p>

    <p class='ocr_par' dir='ltr' id='par_1_9' title="bbox 1048 2640 1922 3380">
     <span class='ocr_line' id='line_1_57' title="bbox 1093 2640 1921 2685; baseline 0.001 -12"><span class='ocrx_word' id='word_1_481' title='bbox 1093 2640 1148 2674; x_wconf 76' lang='lat'><strong>24.</strong></span> <span class='ocrx_word' id='word_1_482' title='bbox 1173 2641 1218 2673; x_wconf 85' lang='lat' dir='ltr'><strong>ad</strong></span> <span class='ocrx_word' id='word_1_483' title='bbox 1239 2641 1470 2682; x_wconf 72' lang='lat' dir='ltr'><strong>excipiendum</strong></span> <span class='ocrx_word' id='word_1_484' title='bbox 1488 2642 1675 2685; x_wconf 73' lang='lat' dir='ltr'><strong>principem</strong></span> <span class='ocrx_word' id='word_1_485' title='bbox 1689 2641 1921 2683; x_wconf 78' lang='lat' dir='ltr'><strong>spectandum—</strong></span> 
     </span>
     <span class='ocr_line' id='line_1_58' title="bbox 1050 2690 1920 2733; baseline 0 -9"><span class='ocrx_word' id='word_1_486' title='bbox 1050 2699 1113 2732; x_wconf 76' lang='lat' dir='ltr'><strong>que</strong></span> <span class='ocrx_word' id='word_1_487' title='bbox 1139 2691 1260 2733; x_wconf 70' lang='lat' dir='ltr'><strong>reqem]</strong></span> <span class='ocrx_word' id='word_1_488' title='bbox 1298 2692 1390 2724; x_wconf 90' lang='lat' dir='ltr'><strong>Nero</strong></span> <span class='ocrx_word' id='word_1_489' title='bbox 1422 2700 1504 2724; x_wconf 92' lang='lat' dir='ltr'><strong>cum</strong></span> <span class='ocrx_word' id='word_1_490' title='bbox 1536 2691 1687 2724; x_wconf 88' lang='lat' dir='ltr'><strong>Tiridate</strong></span> <span class='ocrx_word' id='word_1_491' title='bbox 1711 2700 1753 2724; x_wconf 86' lang='lat' dir='ltr'><strong>ex</strong></span> <span class='ocrx_word' id='word_1_492' title='bbox 1776 2690 1920 2733; x_wconf 89' lang='lat' dir='ltr'><strong>Neapoli</strong></span> 
     </span>
     <span class='ocr_line' id='line_1_59' title="bbox 1050 2742 1921 2784; baseline 0 -10"><span class='ocrx_word' id='word_1_493' title='bbox 1050 2742 1197 2774; x_wconf 88' lang='lat' dir='ltr'><strong>Romam</strong></span> <span class='ocrx_word' id='word_1_494' title='bbox 1213 2742 1308 2775; x_wconf 89' lang='lat' dir='ltr'><strong>adiit.</strong></span> <span class='ocrx_word' id='word_1_495' title='bbox 1333 2742 1398 2775; x_wconf 90' lang='lat' dir='ltr'><strong>Dio</strong></span> <span class='ocrx_word' id='word_1_496' title='bbox 1414 2742 1468 2782; x_wconf 89' lang='lat'><strong>63,</strong></span> <span class='ocrx_word' id='word_1_497' title='bbox 1486 2742 1506 2774; x_wconf 82' lang='lat'><strong>2</strong></span> <span class='ocrx_word' id='word_1_498' title='bbox 1523 2750 1602 2784; x_wconf 90' lang='lat' dir='ltr'><strong>sqq.</strong></span> <span class='ocrx_word' id='word_1_499' title='bbox 1623 2760 1658 2766; x_wconf 89' lang='lat'><em>-</em></span> <span class='ocrx_word' id='word_1_500' title='bbox 1685 2751 1824 2774; x_wconf 80' lang='lat' dir='ltr'><strong>occursu</strong></span> <span class='ocrx_word' id='word_1_501' title='bbox 1844 2751 1921 2783; x_wconf 81' lang='lat' dir='ltr'><strong>pro-</strong></span> 
     </span>
     <span class='ocr_line' id='line_1_60' title="bbox 1048 2791 1922 2834; baseline -0.001 -10"><span class='ocrx_word' id='word_1_502' title='bbox 1048 2791 1180 2833; x_wconf 74' lang='lat' dir='ltr'><strong>hibitus]</strong></span> <span class='ocrx_word' id='word_1_503' title='bbox 1204 2791 1305 2830; x_wconf 88' lang='lat' dir='ltr'><strong>Quod</strong></span> <span class='ocrx_word' id='word_1_504' title='bbox 1321 2792 1460 2833; x_wconf 85' lang='lat' dir='ltr'><strong>signum</strong></span> <span class='ocrx_word' id='word_1_505' title='bbox 1476 2792 1643 2834; x_wconf 88' lang='lat' dir='ltr'><strong>principis</strong></span> <span class='ocrx_word' id='word_1_506' title='bbox 1659 2791 1868 2833; x_wconf 84' lang='lat' dir='ltr'><strong>indignantis</strong></span> <span class='ocrx_word' id='word_1_507' title='bbox 1886 2793 1922 2824; x_wconf 92' lang='lat' dir='ltr'><strong>et</strong></span> 
     </span>
     <span class='ocr_line' id='line_1_61' title="bbox 1051 2840 1919 2883; baseline -0.001 -9"><span class='ocrx_word' id='word_1_508' title='bbox 1051 2850 1070 2874; x_wconf 92' lang='lat' dir='ltr'><strong>a</strong></span> <span class='ocrx_word' id='word_1_509' title='bbox 1095 2850 1134 2874; x_wconf 91' lang='lat' dir='ltr'><strong>se</strong></span> <span class='ocrx_word' id='word_1_510' title='bbox 1157 2842 1263 2882; x_wconf 86' lang='lat' dir='ltr'><strong>atque</strong></span> <span class='ocrx_word' id='word_1_511' title='bbox 1287 2843 1434 2883; x_wconf 90' lang='lat' dir='ltr'><strong>aspectu</strong></span> <span class='ocrx_word' id='word_1_512' title='bbox 1458 2850 1523 2874; x_wconf 91' lang='lat' dir='ltr'><strong>suo</strong></span> <span class='ocrx_word' id='word_1_513' title='bbox 1539 2842 1751 2883; x_wconf 89' lang='lat' dir='ltr'><strong>spernentis.</strong></span> <span class='ocrx_word' id='word_1_514' title='bbox 1777 2841 1857 2874; x_wconf 85' lang='lat' dir='ltr'><strong>Tale</strong></span> <span class='ocrx_word' id='word_1_515' title='bbox 1874 2840 1919 2873; x_wconf 90' lang='lat' dir='ltr'><strong>ab</strong></span> 
     </span>
     <span class='ocr_line' id='line_1_62' title="bbox 1051 2890 1920 2933; baseline 0 -10"><span class='ocrx_word' id='word_1_516' title='bbox 1051 2890 1180 2923; x_wconf 90' lang='lat' dir='ltr'><strong>eodem</strong></span> <span class='ocrx_word' id='word_1_517' title='bbox 1196 2892 1335 2923; x_wconf 89' lang='lat' dir='ltr'><strong>Nerone</strong></span> <span class='ocrx_word' id='word_1_518' title='bbox 1348 2891 1565 2933; x_wconf 88' lang='lat' dir='ltr'><strong>Vespasiano</strong></span> <span class='ocrx_word' id='word_1_519' title='bbox 1581 2890 1712 2924; x_wconf 85' lang='lat' dir='ltr'><strong>factum</strong></span> <span class='ocrx_word' id='word_1_520' title='bbox 1725 2890 1820 2932; x_wconf 89' lang='lat' dir='ltr'><strong>apud</strong></span> <span class='ocrx_word' id='word_1_521' title='bbox 1836 2891 1920 2923; x_wconf 90' lang='lat' dir='ltr'><strong>Sue-</strong></span> 
     </span>
     <span class='ocr_line' id='line_1_63' title="bbox 1050 2940 1921 2983; baseline -0.001 -10"><span class='ocrx_word' id='word_1_522' title='bbox 1050 2941 1184 2973; x_wconf 88' lang='lat' dir='ltr'><strong>tonium</strong></span> <span class='ocrx_word' id='word_1_523' title='bbox 1214 2941 1250 2973; x_wconf 88' lang='lat' dir='ltr'><strong>in</strong></span> <span class='ocrx_word' id='word_1_524' title='bbox 1272 2941 1491 2983; x_wconf 88' lang='lat' dir='ltr'><strong>Vespasiano</strong></span> <span class='ocrx_word' id='word_1_525' title='bbox 1516 2949 1547 2973; x_wconf 89' lang='lat' dir='ltr'><strong>c.</strong></span> <span class='ocrx_word' id='word_1_526' title='bbox 1572 2940 1612 2974; x_wconf 79' lang='lat'><strong>4:</strong></span> <span class='ocrx_word' id='word_1_527' title='bbox 1640 2941 1827 2982; x_wconf 73' lang='lat' dir='ltr'><strong>prohibitus</strong></span> <span class='ocrx_word' id='word_1_528' title='bbox 1854 2949 1921 2972; x_wconf 76' lang='lat' dir='ltr'><strong>non</strong></span> 
     </span>
     <span class='ocr_line' id='line_1_64' title="bbox 1050 2990 1920 3031; baseline -0.002 -8"><span class='ocrx_word' id='word_1_529' title='bbox 1050 2990 1262 3023; x_wconf 71' lang='lat' dir='ltr'><strong>contubernio</strong></span> <span class='ocrx_word' id='word_1_530' title='bbox 1291 2991 1404 3031; x_wconf 84' lang='lat' dir='ltr'><strong>modo,</strong></span> <span class='ocrx_word' id='word_1_531' title='bbox 1437 2991 1492 3023; x_wconf 82' lang='lat' dir='ltr'><strong>sed</strong></span> <span class='ocrx_word' id='word_1_532' title='bbox 1514 2991 1615 3023; x_wconf 76' lang='lat' dir='ltr'><strong>etiam</strong></span> <span class='ocrx_word' id='word_1_533' title='bbox 1632 2990 1769 3031; x_wconf 76' lang='lat' dir='ltr'><strong>publica</strong></span> <span class='ocrx_word' id='word_1_534' title='bbox 1789 2990 1920 3022; x_wconf 83' lang='lat' dir='ltr'><strong>saluta-</strong></span> 
     </span>
     <span class='ocr_line' id='line_1_65' title="bbox 1050 3039 1917 3082; baseline -0.002 -10"><span class='ocrx_word' id='word_1_535' title='bbox 1050 3041 1146 3073; x_wconf 72' lang='lat' dir='ltr'><strong>tione.</strong></span> <span class='ocrx_word' id='word_1_536' title='bbox 1164 3042 1278 3082; x_wconf 84' lang='lat' dir='ltr'><strong>Atque</strong></span> <span class='ocrx_word' id='word_1_537' title='bbox 1293 3042 1332 3072; x_wconf 86' lang='lat' dir='ltr'><strong>ut</strong></span> <span class='ocrx_word' id='word_1_538' title='bbox 1346 3039 1395 3072; x_wconf 92' lang='lat' dir='ltr'><strong>ibi</strong></span> <span class='ocrx_word' id='word_1_539' title='bbox 1411 3039 1467 3073; x_wconf 92' lang='lat' dir='ltr'><strong>ille</strong></span> <span class='ocrx_word' id='word_1_540' title='bbox 1484 3039 1692 3073; x_wconf 86' lang='lat' dir='ltr'><strong>salutatione</strong></span> <span class='ocrx_word' id='word_1_541' title='bbox 1708 3039 1917 3081; x_wconf 90' lang='lat' dir='ltr'><strong>prohibitus,</strong></span> 
     </span>
     <span class='ocr_line' id='line_1_66' title="bbox 1051 3087 1919 3123; baseline -0.003 0"><span class='ocrx_word' id='word_1_542' title='bbox 1051 3091 1102 3123; x_wconf 86' lang='lat' dir='ltr'><strong>sic</strong></span> <span class='ocrx_word' id='word_1_543' title='bbox 1116 3090 1183 3123; x_wconf 86' lang='lat' dir='ltr'><strong>iste</strong></span> <span class='ocrx_word' id='word_1_544' title='bbox 1200 3097 1361 3122; x_wconf 83' lang='lat' dir='ltr'><strong>occursu.</strong></span> <span class='ocrx_word' id='word_1_545' title='bbox 1380 3091 1467 3122; x_wconf 74' lang='lat' dir='ltr'><strong>Lirs.</strong></span> <span class='ocrx_word' id='word_1_546' title='bbox 1497 3088 1654 3121; x_wconf 88' lang='lat' dir='ltr'><strong>Similem</strong></span> <span class='ocrx_word' id='word_1_547' title='bbox 1671 3087 1919 3121; x_wconf 84' lang='lat' dir='ltr'><strong>contumeliam</strong></span> 
     </span>
     <span class='ocr_line' id='line_1_67' title="bbox 1051 3137 1916 3180; baseline -0.002 -9"><span class='ocrx_word' id='word_1_548' title='bbox 1051 3139 1206 3172; x_wconf 86' lang='lat' dir='ltr'><strong>Thrasea</strong></span> <span class='ocrx_word' id='word_1_549' title='bbox 1240 3139 1310 3171; x_wconf 85' lang='lat' dir='ltr'><strong>iam</strong></span> <span class='ocrx_word' id='word_1_550' title='bbox 1345 3140 1448 3172; x_wconf 87' lang='lat' dir='ltr'><strong>antea</strong></span> <span class='ocrx_word' id='word_1_551' title='bbox 1478 3139 1667 3180; x_wconf 88' lang='lat' dir='ltr'><strong>acceperat</strong></span> <span class='ocrx_word' id='word_1_552' title='bbox 1697 3138 1762 3178; x_wconf 78' lang='lat'><strong>(⁴5,</strong></span> <span class='ocrx_word' id='word_1_553' title='bbox 1787 3137 1853 3177; x_wconf 74' lang='lat'><strong>23).</strong></span> <span class='ocrx_word' id='word_1_554' title='bbox 1880 3153 1916 3159; x_wconf 97' lang='lat'>-</span> 
     </span>
     <span class='ocr_line' id='line_1_68' title="bbox 1049 3186 1920 3231; baseline -0.003 -10"><span class='ocrx_word' id='word_1_555' title='bbox 1049 3189 1139 3221; x_wconf 76' lang='lat' dir='ltr'><strong>ultro</strong></span> <span class='ocrx_word' id='word_1_556' title='bbox 1172 3189 1343 3231; x_wconf 67' lang='lat' dir='ltr'><strong>extirnuit}</strong></span> <span class='ocrx_word' id='word_1_557' title='bbox 1380 3190 1554 3222; x_wconf 73' lang='lat' dir='ltr'><strong>«Tantum</strong></span> <span class='ocrx_word' id='word_1_558' title='bbox 1584 3187 1670 3220; x_wconf 86' lang='lat' dir='ltr'><strong>afuit</strong></span> <span class='ocrx_word' id='word_1_559' title='bbox 1696 3190 1735 3219; x_wconf 92' lang='lat' dir='ltr'><strong>ut</strong></span> <span class='ocrx_word' id='word_1_560' title='bbox 1767 3186 1920 3219; x_wconf 90' lang='lat' dir='ltr'><strong>Thrasea</strong></span> 
     </span>
     <span class='ocr_line' id='line_1_69' title="bbox 1052 3235 1922 3279; baseline -0.005 -8"><span class='ocrx_word' id='word_1_561' title='bbox 1052 3239 1193 3271; x_wconf 87' lang='lat' dir='ltr'><strong>timeret</strong></span> <span class='ocrx_word' id='word_1_562' title='bbox 1221 3239 1416 3278; x_wconf 89' lang='lat' dir='ltr'><strong>Neronem,</strong></span> <span class='ocrx_word' id='word_1_563' title='bbox 1450 3240 1489 3270; x_wconf 91' lang='lat' dir='ltr'><strong>ut</strong></span> <span class='ocrx_word' id='word_1_564' title='bbox 1515 3237 1658 3270; x_wconf 89' lang='lat' dir='ltr'><strong>mutatis</strong></span> <span class='ocrx_word' id='word_1_565' title='bbox 1680 3235 1840 3279; x_wconf 86' lang='lat' dir='ltr'><strong>partibus</strong></span> <span class='ocrx_word' id='word_1_566' title='bbox 1863 3237 1922 3277; x_wconf 83' lang='lat' dir='ltr'><strong>ty-</strong></span> 
     </span>
     <span class='ocr_line' id='line_1_70' title="bbox 1052 3285 1920 3328; baseline -0.003 -8"><span class='ocrx_word' id='word_1_567' title='bbox 1052 3296 1183 3321; x_wconf 88' lang='lat' dir='ltr'><strong>rannus</strong></span> <span class='ocrx_word' id='word_1_568' title='bbox 1198 3288 1314 3320; x_wconf 85' lang='lat' dir='ltr'><strong>virum</strong></span> <span class='ocrx_word' id='word_1_569' title='bbox 1338 3296 1463 3321; x_wconf 91' lang='lat' dir='ltr'><strong>severo</strong></span> <span class='ocrx_word' id='word_1_570' title='bbox 1478 3286 1576 3319; x_wconf 91' lang='lat' dir='ltr'><strong>vultu</strong></span> <span class='ocrx_word' id='word_1_571' title='bbox 1596 3286 1779 3328; x_wconf 90' lang='lat' dir='ltr'><strong>liberoque</strong></span> <span class='ocrx_word' id='word_1_572' title='bbox 1796 3285 1920 3327; x_wconf 91' lang='lat' dir='ltr'><strong>spiritu</strong></span> 
     </span>
     <span class='ocr_line' id='line_1_71' title="bbox 1051 3337 1513 3380; baseline -0.002 -10"><span class='ocrx_word' id='word_1_573' title='bbox 1051 3337 1354 3380; x_wconf 85' lang='lat' dir='ltr'><strong>pertimesceret.»</strong></span> <span class='ocrx_word' id='word_1_574' title='bbox 1380 3339 1513 3370; x_wconf 69' lang='lat' dir='ltr'><strong>nmen.</strong></span> 
     </span>
    </p>

    <p class='ocr_par' dir='ltr' id='par_1_10' title="bbox 1050 3384 1922 3479">
     <span class='ocr_line' id='line_1_72' title="bbox 1095 3384 1922 3430; baseline -0.005 -9"><span class='ocrx_word' id='word_1_575' title='bbox 1095 3389 1149 3421; x_wconf 76' lang='lat'><strong>25.</strong></span> <span class='ocrx_word' id='word_1_576' title='bbox 1175 3387 1349 3430; x_wconf 73' lang='lat' dir='ltr'><strong>disserunt]</strong></span> <span class='ocrx_word' id='word_1_577' title='bbox 1370 3387 1422 3420; x_wconf 78' lang='lat' dir='ltr'><strong>Cf.</strong></span> <span class='ocrx_word' id='word_1_578' title='bbox 1441 3387 1495 3427; x_wconf 85' lang='grc'><strong>43,</strong></span> <span class='ocrx_word' id='word_1_579' title='bbox 1514 3387 1552 3419; x_wconf 88' lang='lat'><strong>6:</strong></span> <span class='ocrx_word' id='word_1_580' title='bbox 1578 3386 1638 3419; x_wconf 76' lang='lat' dir='ltr'><strong>alii</strong></span> <span class='ocrx_word' id='word_1_581' title='bbox 1651 3385 1767 3418; x_wconf 72' lang='lat' dir='ltr'><strong>melius</strong></span> <span class='ocrx_word' id='word_1_582' title='bbox 1781 3384 1922 3418; x_wconf 78' lang='lat' dir='ltr'><strong>evenisse</strong></span> 
     </span>
     <span class='ocr_line' id='line_1_73' title="bbox 1050 3436 1921 3479; baseline -0.006 -6"><span class='ocrx_word' id='word_1_583' title='bbox 1050 3439 1225 3472; x_wconf 70' lang='lat' dir='ltr'><strong>disserunt.</strong></span> <span class='ocrx_word' id='word_1_584' title='bbox 1251 3437 1304 3479; x_wconf 75' lang='lat'><strong>⁴4,</strong></span> <span class='ocrx_word' id='word_1_585' title='bbox 1331 3437 1390 3471; x_wconf 75' lang='lat'><strong>43:</strong></span> <span class='ocrx_word' id='word_1_586' title='bbox 1416 3437 1560 3470; x_wconf 71' lang='lat' dir='ltr'><strong>invisum</strong></span> <span class='ocrx_word' id='word_1_587' title='bbox 1577 3436 1782 3479; x_wconf 60' lang='lat' dir='ltr'><strong>Agrippinae</strong></span> <span class='ocrx_word' id='word_1_588' title='bbox 1803 3443 1921 3468; x_wconf 72' lang='lat' dir='ltr'><strong>nenton</strong></span> 
     </span>
    </p>
   </div>
   <div class='ocr_carea' id='block_1_7' title="bbox 1548 3497 1603 3541">
    <p class='ocr_par' dir='ltr' id='par_1_11' title="bbox 1548 3497 1603 3541">
     <span class='ocr_line' id='line_1_74' title="bbox 1548 3497 1603 3541; baseline -0.018 0"><span class='ocrx_word' id='word_1_589' title='bbox 1548 3497 1603 3541; x_wconf 88' lang='lat'><strong>36</strong></span> 
     </span>
    </p>
   </div>
  </div>
 </body>
</html>
