2254 3770
688 335 843 379 LIBER
869 334 956 378 ΧΠ.
1001 333 1103 392 Cap.
1133 333 1200 377 38.
1230 333 1297 377 39.
1329 333 1397 380 ιο.
1845 331 1927 374 369

148 441 374 501 spoliaque*
400 447 443 485 et
471 442 660 499 captivos
689 441 908 499 largiendo
939 447 1104 485 ceteras
1135 455 1310 499 quoque
1340 440 1533 484 nationes
1562 438 1615 483 ad
1645 438 1928 483 defectionem

146 517 389 568 trahebant,
422 530 517 561 curn
547 516 689 560 taedio
720 531 920 560 curarum
949 516 1088 560 fessus
1109 516 1307 561 Ostorius
1338 516 1551 560 concessit
1569 515 1674 566 vita,
1705 513 1828 558 laetis
1853 513 1928 557 ho-

147 592 301 644 stibus,
332 599 549 650 tamquam
580 592 735 637 ducem
765 591 876 635 haud
910 591 1219 649 spernendum,
1252 592 1331 635 etsi
1361 606 1445 636 non
1475 590 1705 650 proelium,
1742 597 1784 633 at
1813 595 1929 633 certe

147 667 306 712 bellum
335 667 657 725 absumpsisset.
702 667 783 724 (40)
814 674 856 710 at
887 668 1045 711 Caesar
1075 667 1242 725 cognita
1271 674 1406 711 morte
1435 666 1583 725 legati,
1626 680 1681 709 ne
1711 665 1931 723 provincia

147 743 238 786 sine
269 750 435 787 rectore
465 742 590 794 foret,
622 745 667 786 A.
702 742 870 785 Didium
901 741 1079 786 suffecit.
1124 743 1161 786 is
1191 756 1375 800 propere
1402 748 1551 786 vectus
1582 755 1667 785 non
1697 747 1836 784 tamen
1867 741 1963 783 in-5

147 825 288 877 tegras
325 832 396 862 res
435 818 613 869 invenit,
653 818 836 862 adversa
874 818 1042 860 interim
1072 817 1251 875 legionis
1280 832 1440 875 pugna,
1473 818 1541 861 cui
1571 816 1749 861 Manlius
1778 815 1931 860 Valens

147 901 363 952 praeerat;
396 900 607 952 auctaque
638 900 703 936 est
733 892 845 951 apud
877 893 1021 936 hostes
1051 894 1145 936 eius
1166 893 1228 936 rei
1249 893 1374 944 fama,
1407 907 1494 951 quo
1516 892 1757 936 venientem
1777 891 1933 935 ducem

150 975 433 1021 exterrerent,
475 982 614 1027 aeque
645 968 715 1012 illo
745 975 926 1026 augente
958 968 1122 1018 audita,
1163 977 1210 1011 ut
1239 969 1373 1012 maior
1402 967 1495 1012 laus
1525 968 1747 1026 compositi
1776 966 1864 1018 vel,
1896 966 1932 1010 si

150 1044 437 1096 duravissent,
477 1045 600 1088 venia
638 1044 788 1088 iustior
822 1044 1093 1087 tribueretur.
1153 1043 1315 1088 Silures
1355 1044 1398 1087 id
1436 1058 1611 1102 quoque
1640 1042 1842 1087 damnum
1870 1043 1935 1085 in-

150 1120 355 1173 tulerant;
386 1119 556 1178 lateque
586 1119 900 1178 persultabant,
933 1119 1071 1163 donec
1097 1118 1282 1163 adcursu
1305 1119 1417 1162 Didii
1438 1118 1710 1177 pellerentur.
1742 1117 1820 1163 sed
1838 1125 1936 1176 post
1948 1130 1985 1160 io

151 1202 322 1254 captum
354 1196 608 1240 Caratacum
636 1195 895 1253 praecipuus
926 1195 1103 1238 scientia
1130 1195 1194 1238 rei
1224 1194 1414 1238 militaris
1443 1195 1667 1246 Venutius,
1709 1208 1733 1238 e
1763 1194 1937 1252 Brigan-

151 1278 237 1315 tum
260 1271 440 1322 civitate,
472 1277 519 1314 ut
547 1285 676 1328 supra
698 1270 947 1321 memoravi,
980 1268 1180 1328 fidusque
1198 1270 1271 1313 diu
1293 1277 1335 1314 et
1353 1270 1552 1315 Romanis
1572 1270 1700 1314 armis
1721 1269 1935 1322 defensus,

151 1361 250 1391 cum
287 1346 630 1391 Cartimanduam
668 1346 859 1404 reginam
897 1345 1165 1389 matrimonio
1200 1351 1382 1398 teneret3
1423 1360 1523 1390 mox
1560 1352 1653 1389 orto
1684 1345 1865 1390 discidio
1896 1352 1939 1389 et

152 1423 293 1466 statim
322 1421 432 1466 bello
462 1422 590 1466 etiam
618 1421 826 1466 adversus
855 1435 934 1464 nos
964 1420 1132 1465 hostilia
1150 1420 1360 1465 induerat.
1390 1421 1466 1465 sed
1489 1421 1627 1479 primo
1648 1428 1808 1465 tantum
1830 1421 1939 1466 inter

154 1498 272 1556 ipsos
302 1497 574 1550 certabatur,
594 1497 845 1555 callidisque
873 1495 1174 1541 Cartimandua
1202 1496 1363 1540 artibus
1391 1496 1562 1541 fratrem
1592 1511 1644 1541 ac
1672 1497 1938 1555 propinquos
1951 1508 1988 1538 45

154 1573 321 1618 Venutii
353 1573 589 1631 intercepit.
622 1572 720 1616 inde
750 1572 920 1616 accensi
942 1571 1106 1635 hostes,
1138 1571 1379 1616 stimulante
1399 1572 1649 1631 ignominia,
1682 1587 1737 1617 ne
1756 1572 1939 1617 feminae

154 1649 336 1707 imperio
367 1648 672 1699 subderentur,
703 1647 843 1691 valida
873 1654 915 1691 et
943 1646 1053 1691 lecta
1083 1649 1212 1692 armis
1242 1648 1458 1700 iuventus,
1490 1662 1669 1706 regnum
1699 1649 1791 1693 eius
1820 1649 1940 1693 inva-

155 1723 274 1769 dunt.
315 1724 432 1783 quod
461 1724 586 1768 nobis
616 1723 881 1782 praevisum3
921 1730 962 1767 et
993 1723 1153 1767 missae
1184 1723 1340 1767 auxilio
1371 1723 1569 1768 cohortes
1599 1737 1699 1769 acre
1729 1723 1940 1782 proelium

153 1800 312 1851 fecere,
344 1800 467 1844 cuius
496 1799 612 1843 initio
643 1799 841 1857 ambiguo
862 1798 957 1842 finis
977 1798 1128 1843 laetior
1148 1798 1234 1842 fuit.
1256 1813 1398 1857 neque
1419 1799 1578 1858 dispari
1601 1807 1756 1844 eventu
1777 1814 1940 1860 pugna-

153 1881 247 1919 tuni
273 1889 299 1920 a
327 1874 506 1933 legione,
539 1875 607 1919 cui
630 1875 807 1919 Caesius
833 1874 986 1918 Nasica
1014 1881 1225 1932 praeerat.
1255 1888 1354 1918 nam
1374 1874 1536 1927 Didius,
1558 1883 1777 1920 senectute
1798 1876 1988 1934 gravism

154 1957 198 1995 et
239 1951 370 1995 multa
413 1950 536 2008 copia
574 1950 805 2002 honorum,
850 1964 930 2008 per
967 1941 1182 1993 ministros
1223 1963 1351 2008 agere
1390 1957 1432 1994 et
1461 1965 1610 1996 arcere
1641 1951 1807 1996 hostem
1837 1953 1939 1996 satis

153 2025 351 2071 habebat.
394 2025 518 2077 haec,
558 2039 820 2084 quamquam
848 2039 875 2069 a
902 2024 1071 2070 duobus
1103 2025 1292 2083 [Ostorio
1324 2025 1551 2085 Didioquej
1589 2028 1941 2085 propraetoribus

153 2101 300 2159 plures
328 2115 409 2160 per
437 2115 572 2146 annos
602 2108 738 2159 gesta,
771 2101 987 2153 coniunxi,
1021 2114 1075 2145 ne
1106 2101 1242 2145 divisa
1271 2100 1386 2145 haud
1414 2102 1596 2160 perinde
1616 2102 1670 2146 ad
1691 2104 1937 2148 memoriam

155 2176 221 2221 sui
250 2176 454 2222 valerent.
493 2176 547 2221 ad
577 2183 818 2236 temporum
848 2176 1043 2221 ordinem
1071 2175 1216 2221 redeo.

219 2336 252 2368 4.
276 2335 467 2377 defectiones
490 2335 669 2376 (correctis
692 2334 819 2368 eadem
842 2334 990 2368 fortasse
1013 2343 1122 2368 manu
1145 2334 1267 2368 litteris
1290 2343 1323 2367 es
1337 2335 1372 2367 in
1387 2334 1418 2375 ὃ)
1434 2335 1468 2369 M
1487 2351 1523 2358 -
1541 2336 1574 2367 2.
1598 2335 1670 2368 uitii
1691 2337 1725 2370 M
1750 2354 1785 2362 —
1811 2337 1844 2370 3.
1861 2340 1939 2370 tan-

156 2400 258 2434 quam
279 2392 314 2425 M
337 2409 373 2415 —
395 2392 540 2438 prelium
561 2392 596 2425 M
620 2409 656 2414 —
683 2392 728 2424 ad
749 2395 834 2424 certe
856 2392 890 2424 M
914 2408 949 2414 —
973 2391 1005 2424 4.
1023 2392 1239 2432 adsumpsiset
1262 2391 1333 2434 (sic)
1358 2392 1392 2424 M
1417 2409 1452 2414 —
1479 2391 1510 2424 7.
1537 2395 1701 2433 auctaque
1722 2396 1768 2425 est
1787 2394 1940 2436 Nipper—

157 2448 248 2491 dey:
273 2452 438 2491 auctaque
460 2451 492 2481 et
512 2448 563 2487 M;
589 2451 691 2481 aucta
712 2457 815 2489 aeque
836 2449 1011 2481 Heinsius.
1031 2466 1066 2472 -
1093 2448 1126 2481 8.
1151 2457 1254 2489 aeque
1276 2447 1450 2482 Halmius:
1475 2452 1577 2489 atque
1597 2450 1631 2482 M
1656 2466 1690 2474 —
1716 2449 1774 2483 illo
1795 2450 1844 2483 M:
1869 2450 1940 2491 ipso

155 2505 349 2539 Ernestius.
369 2523 406 2529 —
431 2504 547 2537 audica
568 2508 631 2545 est,
655 2507 692 2537 ut
714 2505 878 2537 Ritterus.
906 2522 941 2528 —
967 2497 1138 2545 composita·
1162 2505 1213 2537 M:
1238 2505 1425 2545 compositis
1447 2505 1594 2547 Lipsius.
1616 2523 1650 2530 -
1679 2506 1732 2538 44.
1758 2514 1775 2539 e
1795 2506 1939 2549 Brigan-

156 2566 226 2596 tum
256 2560 460 2604 Rudolphus
488 2560 664 2603 Agricola:
697 2562 890 2604 euiyantum
911 2562 946 2595 M
977 2580 1012 2584 —
1043 2562 1096 2595 43.
1121 2563 1369 2595 car-limandum
1390 2562 1442 2599 M:
1476 2562 1766 2595 Cartimanduam
1788 2562 1936 2605 Lipsius.

155 2618 244 2652 Vide
272 2618 318 2651 ad
347 2627 378 2652 c.
404 2617 457 2651 36.
482 2636 527 2642 —
560 2619 613 2651 ⁴5.
642 2619 871 2652 eartimannus
900 2618 971 2660 (sic)
1001 2620 1053 2659 M;
1090 2619 1350 2653 Cartismandua
1377 2619 1525 2661 Lipsius.
1558 2637 1594 2643 -
1633 2619 1685 2652 46.
1714 2620 1814 2652 hostis
1842 2621 1874 2654 M
1899 2639 1935 2645 —

158 2675 212 2708 ⁴7.
234 2674 467 2715 subderentur,
494 2674 609 2707 valida
632 2675 764 2708 Haase:
792 2675 1019 2708 subderentur.
1043 2675 1158 2708 valida
1179 2674 1295 2717 vulgo.
1323 2693 1360 2699 —
1395 2676 1447 2709 48.
1469 2675 1665 2716 praeutsum
1687 2676 1737 2709 M:
1767 2678 1939 2717 provisum

157 2729 225 2765 alii.
252 2748 288 2754 —
307 2731 456 2777 prelium
477 2730 512 2764 M
536 2748 572 2754 —
598 2731 652 2763 20.
676 2732 780 2764 cestus
799 2732 833 2766 M
858 2749 894 2756 -—
924 2731 979 2765 22.
1005 2740 1198 2773 quanquam
1221 2733 1254 2765 M
1279 2749 1315 2755 —
1340 2732 1441 2764 ostrio
1462 2731 1508 2764 M.
1538 2732 1616 2763 Duo
1640 2731 1728 2765 haec
1751 2734 1893 2766 nomina
1917 2742 1936 2766 e

158 2785 274 2828 glossa
301 2786 421 2820 addita
443 2795 524 2821 esse
547 2787 632 2820 vidit
653 2788 925 2822 Freinshemius.
953 2805 988 2813 —
1014 2788 1069 2821 23.
1093 2789 1231 2822 eoniuoei
1253 2790 1287 2823 M
1309 2806 1352 2813 —
1371 2789 1511 2830 proinde
1534 2789 1609 2830 (per
1624 2789 1753 2831 notam)
1778 2791 1824 2824 M.
1849 2790 1936 2823 Vide

159 2843 206 2876 ad
227 2844 260 2886 3,
285 2845 339 2878 47.

160 2983 226 3008 «re
261 2975 343 3008 ante
375 2975 551 3018 provisa-1·
587 2977 675 3011 Usus
705 2985 784 3010 esse
813 2975 953 3009 videtur
977 2976 1023 3009 ad

159 3023 354 3067 analogiam
376 3025 476 3059 verbi
500 3026 572 3059 iam
594 3026 736 3060 Tulliani
764 3027 956 3068 improviso.
984 3045 1020 3050 —

160 3075 265 3108 excisi
285 3078 346 3108 aul
366 3076 402 3109 in
425 3076 554 3110 Gauius
574 3077 715 3120 traiecti]
739 3077 826 3110 Vide
850 3076 896 3110 ad
915 3077 948 3117 2,
966 3077 1020 3111 26.

203 3123 258 3158 40.
281 3124 321 3158 Δ.
344 3125 493 3167 Didium]
518 3124 664 3159 Gallum.
697 3126 748 3160 Cf.
770 3135 804 3160 c.
822 3127 877 3159 45.
896 3125 949 3166 44,
967 3125 1021 3158 29.

160 3175 242 3216 Agr.
267 3174 320 3209 44.
354 3176 442 3210 Ante
476 3176 572 3209 hunc
603 3185 735 3210 annum
768 3185 891 3210 curam
912 3184 1024 3217 aqua-

160 3232 242 3257 rum
264 3225 401 3266 egerat,
425 3226 516 3259 teste
532 3225 694 3258 Frontino
718 3234 750 3259 c.
769 3226 843 3258 ⁴02.
865 3242 901 3248 —
923 3225 1025 3257 Man-

161 3273 225 3306 lius
249 3274 375 3318 Valens]
405 3275 504 3310 Conf.
529 3275 615 3309 nist.
641 3276 674 3316 4,
695 3275 748 3309 64.
775 3293 811 3298 -
841 3274 1023 3316 compositi]

162 3330 213 3356 sc.
235 3322 358 3358 hostes
381 3326 518 3365 essent;
544 3325 601 3358 «si
619 3325 815 3368 compositi,
840 3324 955 3367 pacati
982 3332 1024 3356 ac

161 3371 244 3405 vieti
272 3376 392 3408 essent
417 3373 583 3409 Silures.»
617 3376 687 3408 Iac.
715 3375 910 3408 Gronovius
944 3381 1026 3406 con·

163 3418 240 3454 tulit
266 3422 487 3459 ovidianum⁴
503 3423 607 3458 illud:
641 3426 791 3458 servatus
816 3424 928 3466 aleria
948 3431 1026 3455 ma-

161 3469 216 3502 ior
237 3477 305 3504 ere.
325 3471 362 3498 -‘
383 3473 413 3507 si
434 3473 652 3517 duravissent]
679 3474 709 3508 si
730 3473 851 3507 hostes
872 3473 908 3506 in
931 3470 1024 3505 bello

231 3532 372 3569 Tannus
393 3535 420 3569 1.

1073 2975 1362 3019 perseverassent
1395 2983 1462 3007 nec
1491 2973 1630 3008 devinci
1658 2976 1863 3017 potuissent.
1896 2994 1932 3000 -

1072 3024 1187 3067 supra]
1211 3025 1247 3057 iu
1269 3023 1366 3058 libris
1389 3023 1592 3066 deperditis.
1624 3025 1694 3058 Sed
1718 3025 1760 3058 οἰ.
1786 3026 1873 3058 Hist.
1900 3025 1932 3066 3,

1074 3075 1128 3109 45.
1154 3091 1189 3098 -
1218 3082 1259 3106 ue
1283 3073 1427 3115 feminae
1451 3074 1588 3115 imperio
1616 3074 1845 3116 subderentur]
1881 3084 1932 3108 sc.

1074 3123 1182 3156 inviti.
1224 3123 1312 3156 Nam
1346 3132 1411 3165 per
1438 3132 1477 3157 se
1507 3123 1716 3157 seminarum
1746 3124 1935 3166 imperium

1074 3172 1247 3206 Britannis
1269 3181 1340 3204 non
1354 3172 1626 3214 ignominiosum
1642 3174 1728 3205 erat.
1754 3173 1809 3204 Sic
1826 3172 1879 3214 44,
1893 3173 1934 3206 35

1073 3221 1250 3254 Boudicca
1278 3222 1426 3254 testatur
1446 3222 1579 3256 solitum
1599 3222 1771 3254 Britannis
1797 3222 1937 3263 femina-

1073 3281 1150 3304 rum
1171 3271 1273 3304 ductu
1294 3271 1431 3312 bellare,
1457 3275 1492 3305 et
1507 3273 1621 3313 Agric.
1641 3273 1699 3304 ⁴6:
1723 3281 1829 3312 neque
1849 3275 1936 3306 enim

1073 3330 1192 3354 sexum
1223 3321 1259 3354 iu
1290 3321 1438 3362 imperiis
1465 3322 1654 3354 discernunt
1681 3321 1868 3363 (Britanni).
1895 3340 1932 3347 -

1076 3370 1212 3404 Caesius
1231 3370 1568 3412 Nasicalnusquam
1589 3372 1774 3412 praeterea
1797 3379 1936 3405 memo-

1075 3421 1184 3453 ratus.
1204 3437 1240 3443 —
1252 3420 1367 3462 plures
1385 3429 1446 3461 per
1468 3428 1572 3452 annos
1589 3418 1692 3460 qesta]
1715 3418 1760 3451 ab
1784 3428 1875 3453 anno
1900 3431 1933 3454 u.

1076 3477 1106 3503 c.
1132 3469 1195 3503 803
1216 3478 1330 3512 usque
1354 3469 1399 3503 ad
1422 3477 1553 3502 annum
1576 3466 1651 3502 844.
1678 3468 1728 3502 Cf.
1755 3468 1812 3510 44,
1836 3470 1891 3504 29.

1558 3528 1612 3573 24
