2254 3770
717 309 899 362 “LIBER
927 318 992 362 vl.
1038 317 1138 375 Cap.
1168 316 1235 360 37.
1265 317 1332 360 38.
1362 316 1430 362 39.
1893 313 1977 358 299

192 438 282 476 nos,
314 424 447 469 decus
476 423 662 483 quisque
699 437 826 468 suum
855 429 898 468 et
931 423 1076 467 iidem*
1098 423 1340 468 retinerent.
1385 424 1497 469 exim
1527 436 1624 468 cum
1659 421 1898 479 legionibus
1934 420 1978 464 in

191 500 360 560 Syriam
388 499 606 543 remeavit.

301 574 383 631 (38)
414 574 535 627 Quae
565 573 734 618 duabus
764 573 997 618 aestatibus
1032 579 1153 631 gesta
1181 573 1399 624 coniunxi,
1436 587 1524 632 quo
1560 572 1854 632 requiesceret
1888 570 1979 614 ani-

189 660 284 693 mus
313 655 339 693 a‘
367 649 613 694 domesticis
642 649 776 693 malis.
821 663 907 692 non
942 649 1056 692 enim
1090 648 1323 699 Tiberium,
1365 661 1627 707 quamquam
1662 647 1844 692 triennio
1880 651 1979 703 post

188 724 367 770 caedem
387 724 541 775 Seiani,
571 737 685 783 quae
707 732 875 769 ceteros
902 723 1069 767 mollire
1097 723 1245 772 solent,
1279 730 1445 782 tempus
1475 734 1628 782 preces
1657 723 1786 768 satias
1809 722 2009 779 mitiga-5

187 799 305 850 bant,
342 799 446 858 quin
476 799 636 844 incerta
664 799 732 844 vel
763 799 919 843 abolita
947 813 1027 857 pro
1057 799 1320 856 gravissimis
1350 806 1393 843 et
1423 799 1666 843 recentibus
1695 798 1878 857 puniret.
1923 810 1977 841 eo

188 881 303 919 metu
333 874 549 918 Fulcinius
579 875 674 918 Trio
706 874 939 932 ingruentis
969 880 1243 918 accusatores
1274 874 1357 917 bau
1386 887 1639 932 perpessus,
1672 873 1886 932 supremis
1915 879 1979 916 ta—

186 949 298 993 bulis
336 949 468 994 multa
498 955 541 993 et
576 949 736 993 atrocia
774 949 816 994 in
855 949 1096 993 Macronem
1135 963 1186 993 ac
1215 949 1473 1007 praecipuos
1503 949 1753 993 libertorum
1782 948 1978 993 Caesaris

187 1025 423 1083 conposuit,
459 1025 541 1083 ipsi
570 1022 728 1068 fluxam
757 1024 879 1068 senio
909 1031 1093 1068 mentem
1123 1031 1165 1068 et
1193 1025 1395 1068 continuo
1424 1024 1631 1069 abscessu
1661 1024 1777 1068 velut
1805 1023 1977 1068 exilium

187 1099 454 1144 obiectando.
492 1113 605 1158 quae
636 1099 689 1143 ab
720 1099 953 1143 heredibus
982 1099 1192 1144 occultata
1220 1100 1390 1144 recitari
1419 1100 1614 1144 Tiberius
1644 1100 1784 1150 iussit,
1815 1099 2031 1158 patien-to

186 1176 287 1220 tiam
317 1174 521 1219 libertatis
550 1174 715 1219 alienae
738 1181 955 1219 ostentans
975 1182 1018 1219 et
1038 1181 1305 1233 contemptor
1324 1188 1432 1219 suae
1449 1175 1658 1224 infamiae,
1691 1188 1744 1218 an
1765 1174 1979 1219 scelerum

188 1251 330 1295 Seiani
350 1250 423 1294 diu
454 1250 638 1301 nescius,
668 1265 768 1294 mox
787 1265 963 1310 quoquo
995 1250 1123 1294 modo
1144 1249 1444 1309 dicta⁵vulgari
1475 1250 1659 1294 malebat
1687 1250 1977 1307 veritatisque,

188 1326 256 1371 cui
287 1325 474 1370 adulatio
504 1325 643 1376 officit,
673 1338 753 1384 per
781 1325 940 1384 probra
969 1325 1118 1370 saltem
1148 1339 1305 1383 gnarus
1324 1325 1431 1370 fieri.
1464 1325 1600 1369 isdem
1622 1325 1776 1369 diebus
1797 1324 1979 1369 Granius

187 1402 426 1446 Marcianus
456 1407 628 1444 senator
658 1415 682 1444 a
707 1401 751 1445 C.
775 1401 967 1445 Graccho
995 1401 1228 1445 maiestatis
1257 1400 1497 1458 postulatus
1527 1401 1610 1444 vim
1640 1401 1752 1445 vitae
1782 1414 1886 1444 suae
1917 1405 1980 1444 at-

187 1477 300 1530 tulit3
340 1477 577 1534 Tariusque
608 1476 849 1527 Gratianus,
891 1483 1091 1534 praetura
1122 1477 1307 1526 functus,
1349 1476 1445 1533 lege
1475 1476 1629 1520 eadem
1658 1483 1895 1520 extremum
1923 1475 2030 1518 adis

188 1552 446 1611 supplicium
485 1551 710 1595 damnatus
739 1559 810 1595 est.
866 1552 950 1609 (39)
990 1565 1071 1596 nec
1107 1552 1302 1610 dispares
1340 1551 1594 1596 Trebellieni
1634 1551 1727 1596 Rufi
1769 1558 1811 1595 et
1849 1550 1980 1595 Sextii

188 1628 415 1672 Paconiani
437 1627 598 1671 exitus:
628 1640 724 1670 nam
754 1627 1047 1671 Trebellienus
1077 1641 1155 1671 sua
1184 1641 1311 1671 manu
1334 1626 1497 1676 cecidit,
1530 1627 1797 1671 Paconianus
1825 1627 1866 1669 in
1887 1639 1981 1670 car-

6 1762 10 1765 ·
187 1717 288 1748 cere
318 1702 374 1747 ob
405 1702 594 1746 carmina
622 1701 708 1746 illic
735 1703 778 1745 in
808 1703 1045 1761 principem
1074 1703 1258 1747 factitata
1287 1702 1572 1759 strangulatus
1603 1709 1680 1746 est.
1719 1702 1827 1747 baec
1856 1701 1982 1745 Tibe-

0 1782 10 1833 ?
191 1778 281 1821 rius
302 1791 387 1821 non
414 1778 529 1827 mari,
562 1784 608 1820 ut
628 1776 739 1827 olim,
773 1777 935 1821 divisus
965 1792 1107 1836 neque
1138 1791 1217 1836 per
1246 1777 1501 1836 longinquos
1531 1777 1701 1821 nuntios
1730 1777 1979 1836 accipiebat,

0 1841 3 1848 ’
189 1853 266 1897 sed
308 1852 459 1896 urbem
497 1853 629 1900 iuxta,
669 1852 825 1897 eodem
859 1860 906 1897 ut
936 1853 1005 1897 die
1035 1853 1101 1896 vel
1141 1854 1278 1897 noctis
1319 1853 1543 1897 interiectu
1579 1852 1728 1897 litteris
1758 1852 1979 1897 consulum
1992 1859 2031 1891 ²0

189 1930 464 1983 rescriberet,
498 1929 621 1987 quasi
653 1929 866 1987 aspiciens
895 1928 1125 1973 undantem
1156 1942 1237 1987 per
1267 1928 1418 1973 domos
1448 1928 1699 1986 sanguinem
1728 1935 1800 1972 aut
1827 1941 1980 1972 manus

188 2004 447 2050 carnificum.
1106 1999 1109 2001 ’

301 2081 403 2124 Fine
433 2080 531 2124 anni
561 2081 792 2138 Poppaeus
822 2079 1006 2123 Sabinus
1036 2079 1248 2124 concessit
1277 2079 1378 2130 vita,
1417 2078 1612 2124 modicus
1640 2078 1833 2136 originis,
1866 2079 1982 2136 prin-

191 2156 335 2215 cipum
351 2156 536 2200 amicitia
555 2155 823 2200 consulatum
842 2168 892 2199 ac
920 2155 1173 2213 triumphale
1195 2155 1328 2200 decus
1358 2155 1540 2213 adeptus
1571 2154 1852 2212 maximisque
1881 2168 1981 2212 pro-

255 2277 287 2310 ⁴.
311 2277 402 2310 emim
423 2285 477 2319 pr.
502 2277 536 2310 M
545 2285 553 2308 z
577 2277 660 2310 emin
682 2285 773 2309 corr.
800 2277 833 2310 Μ
859 2294 893 2300 -
920 2277 951 2309 5.
977 2276 1135 2309 caedaem
1161 2275 1285 2316 (Ilttera
1308 2273 1584 2317 antepenultima
1599 2275 1729 2318 puncto
1745 2274 1875 2315 notata)
1890 2276 1923 2308 M
1942 2292 1978 2298 —

188 2334 298 2366 sacius
320 2333 353 2366 Μ
378 2350 414 2357 -
439 2333 471 2365 7.
488 2333 556 2365 hau
579 2333 829 2374 (superscripta
848 2331 962 2365 littera
979 2332 1010 2373 d)
1029 2334 1059 2365 M
1086 2350 1121 2355 —
1147 2332 1179 2365 8.
1205 2333 1252 2365 im
1273 2333 1307 2367 M
1334 2350 1369 2356 -
1395 2332 1448 2364 43.
1465 2332 1561 2364 [stem
1575 2332 1609 2365 Μ
1629 2349 1663 2355 --
1690 2330 1743 2364 ⁴4.
1762 2331 1812 2374 C.]
1831 2331 1870 2364 G.
1889 2332 1922 2364 M
1940 2349 1977 2354 —

190 2390 243 2422 ⁴5.
270 2389 450 2429 Tariusque
472 2389 524 2421 M:
561 2389 737 2429 Tatiusque
766 2387 971 2421 Beroaldus.
1000 2405 1036 2411 —
1068 2389 1121 2421 46.
1151 2391 1197 2421 est
1225 2388 1449 2430 Nipperdey:
1485 2395 1558 2420 om.
1584 2388 1615 2420 M
1645 2404 1682 2411 —
1717 2387 1771 2421 23.
1798 2387 1984 2429 poppaeius

192 2443 317 2487 (littera
339 2444 352 2476 i
373 2443 419 2476 ab
444 2443 570 2476 eadem
595 2452 703 2477 manu
727 2446 858 2487 puncto
882 2445 1010 2485 notata)
1034 2445 1078 2478 Μ.

234 2549 288 2583 38.
325 2549 495 2582 Fulcinius
525 2549 600 2582 Trio
615 2568 665 2574 --
679 2550 747 2583 hau
771 2559 947 2592 perpessus
977 2551 1059 2591 cet]

189 2599 283 2633 haud
317 2601 545 2641 exspectans,
582 2600 697 2633 donec
726 2602 951 2634 accusatione
976 2610 1061 2643 per-

189 2651 268 2683 acta
299 2649 614 2688 condemnaretur,
648 2649 714 2683 sed
745 2651 906 2684 inimicos
929 2651 1060 2693 princi-

190 2709 344 2743 pemque
367 2701 629 2742 sanguinarium
649 2702 895 2742 praeveniens.
926 2702 989 2734 Dio
1005 2701 1060 2742 58,

188 2751 231 2783 25
255 2750 357 2793 plane
381 2751 603 2784 cum·Tacit0
628 2753 872 2784 consentiens:
899 2750 1061 2785 Φουλκί-

189 2797 272 2841 νιός
293 2810 352 2841 τις
373 2800 520 2847 Τρὶων,
556 2799 671 2842 φίλος
698 2800 771 2843 μὲν
797 2799 868 2834 τοῦ
892 2800 1060 2845 Σηϊανοῦ

189 2848 373 2894 γεγονώς,
407 2849 562 2897 σφόδρα
583 2849 614 2883 δ’
638 2847 742 2895 αὐτῷ
765 2848 828 2884 διὰ
850 2849 920 2892 τὰς
943 2862 1063 2885 συκο-

190 2901 354 2941 φαντίας
384 2902 679 2948 κεχαρισμένος,
711 2884 992 2959 ’ἔατηγορηθείς
1021 2911 1063 2934 τε

190 2947 386 3033 ,Ἔρεδόθη
409 2951 473 2983 καὶ
492 2949 621 2992 δείσας
637 2948 775 2984 ἑαυτὸν
791 2952 1062 3010 προαπέκτεινε

265 2997 313 3032 λὰ
334 2999 406 3043 μὲν
428 2999 574 3033 ἐκεῖνον
597 2998 720 3034 πολλὰ
743 2999 784 3034 δὲ
806 3003 871 3033 καὶ
895 2998 963 3033 τὸν
979 2999 1063 3033 Μά-

190 3059 318 3096 κρωνα
340 3049 381 3083 ἐν
403 3051 488 3091 ταῖς
509 3049 716 3094 διαθήκαις
738 3048 983 3098 λοιδορήσας.
1010 3052 1061 3084 De

191 3099 344 3133 Fulcinio
368 3100 411 3132 cf.
438 3101 471 3140 2,
497 3101 551 3133 28.
570 3119 605 3124 —
634 3103 790 3134 continuo
814 3101 965 3133 abscessu
980 3100 1061 3143 cet]

193 3150 414 3182 «continuam
449 3159 532 3182 cum
563 3150 760 3183 absentiam
789 3152 930 3189 servet,
968 3150 1063 3182 idem

192 3200 260 3232 hoc
283 3208 363 3233 esse
387 3208 429 3232 ac
453 3200 481 3232 si
506 3199 727 3232 exsularetur
741 3213 756 3229 ι»
777 3218 813 3223 -
833 3209 919 3240 quae
941 3199 983 3232 ab
1005 3200 1063 3232 he-

191 3250 323 3283 redibus
345 3251 511 3282 occultata
535 3250 616 3292 cet]
643 3251 705 3283 Dio
729 3249 750 3298 l.
773 3249 795 3282 1.
810 3260 816 3280 τ
842 3251 907 3282 καὶ
932 3250 972 3282 οἱ
991 3249 1063 3292 μὲν

193 3298 323 3340 παῖδες
343 3296 463 3332 αὐτοῦ
482 3301 517 3340 (1⁴
520 3299 646 3340 ulcinii)
665 3295 737 3333 οὐκ
756 3297 978 3342 ἐτόλμησαν
993 3294 1064 3332 αὐ·-

193 3346 266 3390 τὰς
289 3348 564 3410 δημοσιεῦσαι,
601 3347 624 3383 ὁ
655 3348 696 3382 δὲ
718 3347 765 3392 δὴ
790 3349 964 3396 Τιβέριος
985 3360 1063 3392 μα-

194 3395 275 3430 θεὸν
302 3398 350 3432 τὰ
377 3401 621 3447 γεγραμμένα
649 3399 689 3442 ἐς
719 3397 765 3433 τὸ
787 3397 1063 3460 βουλευτήριόν

196 3457 301 3490 σφας
322 3449 606 3495 ἐσκομισθῆναι
627 3450 836 3485 ἐκέλευσεν.
862 3446 1002 3495 ἥκιστά
1021 3459 1064 3484 τε

1111 2547 1184 2597 γὰρ
1213 2546 1316 2594 αὐτῷ
1345 2548 1422 2582 τῶν
1451 2546 1637 2583 τοιούτων
1667 2543 1793 2593 ἔμελε,
1824 2549 1889 2582 καὶ
1911 2546 1982 2590 τὰς

1111 2601 1347 2647 κακηγορίας
1369 2600 1435 2633 καὶ
1458 2597 1727 2641 λανθανούσας
1749 2595 1832 2633 εσθ’
1856 2595 1921 2633 ὅτε
1942 2600 1982 2641 ἐς

1111 2649 1204 2693 τοὺς
1233 2649 1399 2693 πολλοὺς
1428 2649 1547 2692 ἑκών,
1583 2646 1712 2698 ὥσπερ
1741 2648 1847 2692 τινὰς
1875 2650 1982 2684 ἐπαὶ-

1111 2712 1223 2744 νους,
1250 2700 1459 2744 ἑξέφαινεν.
1487 2719 1523 2726 -
1550 2702 1585 2735 C.
1612 2702 1773 2745 Graccho]
1798 2702 1848 2735 Cf.
1874 2701 1906 2742 4,
1926 2701 1978 2733 ⁴3.

1115 2770 1150 2775 —
1180 2753 1363 2792 Tariusque
1386 2751 1583 2793 Gratianus]
1607 2752 1644 2784 L.
1663 2753 1752 2785 Tarii
1777 2752 1870 2792 Rufi,
1895 2760 1981 2784 con-

1113 2802 1198 2835 sulis
1216 2803 1352 2836 suffecti
1369 2811 1400 2836 a.
1420 2812 1454 2834 u.
1473 2803 1537 2835 738
1557 2801 1613 2844 (de
1631 2811 1700 2844 quo
1717 2803 1760 2836 cf.
1779 2802 1865 2836 Plin.
1882 2803 1922 2835 N.
1937 2802 1978 2834 H.

1115 2854 1156 2886 48
1180 2853 1282 2894 ἓ37),
1309 2852 1411 2885 filius.
1435 2871 1469 2877 -
1497 2856 1686 2886 eoetremum
1707 2854 1751 2886 ad
1772 2851 1979 2894 supplicium]

1114 2903 1165 2935 Cf.
1192 2903 1224 2943 3,
1248 2903 1309 2936 49:
1334 2904 1496 2936 indictum
1518 2913 1576 2936 reo
1597 2905 1751 2937 ultimum
1771 2903 1977 2944 supplicium.

1157 3003 1210 3035 39.
1239 3001 1428 3035 Trebelliem'
1450 3001 1534 3045 Rufi]
1561 3002 1612 3036 Cf.
1630 3004 1664 3042 2,
1682 3003 1735 3036 67.
1752 3021 1796 3027 -
1817 3002 1982 3035 Paconia-

1111 3062 1176 3085 nus
1198 3052 1280 3094 cet.]
1318 3052 1378 3094 qui
1408 3061 1522 3095 paene
1547 3053 1732 3086 damnatus
1756 3055 1792 3086 et
1814 3053 1980 3085 indicium

1114 3103 1295 3144 professus
1311 3104 1393 3135 ante
1410 3104 1597 3136 triennium
1614 3104 1656 3145 (c.
1672 3103 1691 3135 3
1705 3103 1772 3144 sq.)
1790 3104 1824 3135 in
1837 3111 1980 3135 carcere

1114 3151 1344 3191 attinebatur,
1370 3152 1485 3185 donec
1509 3153 1666 3185 carmina
1683 3153 1824 3184 exitium
1842 3151 1887 3184 illi
1903 3160 1982 3184 ma-

1113 3203 1288 3234 turavere.
1314 3221 1357 3226 —
1375 3211 1438 3243 per
1461 3203 1658 3245 lonqinquos
1678 3201 1820 3243 nuntios]
1845 3210 1887 3235 ex
1903 3198 1982 3236 lon-

1114 3253 1244 3293 ginquo
1261 3251 1315 3284 vel
1333 3253 1377 3285 ad
1396 3253 1516 3295 procul
1535 3253 1720 3285 absentem
1737 3252 1979 3293 perferendos.

1116 3320 1152 3325 -
1177 3301 1292 3334 urbem
1313 3303 1433 3345 ιὐωια]
1466 3303 1528 3335 Dio
1551 3303 1611 3341 58,
1645 3303 1686 3334 25
1710 3302 1754 3334 ad
1778 3310 1811 3334 a.
1836 3311 1870 3335 ιι.
1895 3302 1978 3360 788:

1114 3349 1285 3411 Τιβέριος
1308 3350 1349 3385 δὲ
1371 3351 1413 3386 ἐν
1431 3348 1557 3395 Ἀντίῳ
1575 3348 1676 3410 Ητοὺς
1694 3348 1762 3383 τοῦ
1779 3350 1922 3385 Γαΐου
1911 3349 1981 3396 γά-

1111 3411 1211 3453 μους
1233 3398 1438 3449 ἑώρταζεν
1473 3402 1512 3443 ἐς
1539 3398 1611 3446 γὰρ
1633 3397 1704 3444 τὴν
1722 3397 1870 3444 Ῥώμην
1891 3398 1981 3435 οὐδὲ

1112 3448 1161 3485 δι’
1175 3451 1344 3495 ἐκείνους
1358 3451 1529 3486 ἐσελθεῖν
1544 3447 1747 3496 ἠθέλησεν.
1759 3469 1794 3476 -
1811 3453 1983 3494 Poppaeus
