2254 3770
290 294 345 337 98
775 296 819 339 P.
851 295 1100 340 CORNELII
1129 295 1298 340 TACITI
1326 296 1592 342 ANNALIUM

291 407 428 459 garet,
461 415 559 446 cum
587 401 771 460 virgines
791 401 981 447 Vestales
1011 402 1052 446 in
1082 402 1172 447 foro
1203 409 1244 447 et
1273 402 1431 448 iudicio
1461 403 1618 456 audiri,
1650 404 1846 463 quotiens
1875 404 2066 450 testimo-

290 477 408 520 nium
438 476 645 530 dicerent,
677 483 798 521 vetus
827 491 920 521 mos
951 477 1087 522 suerit.

403 553 484 610 (35)
516 555 598 598 Res
628 566 680 596 eo
710 566 820 596 anno
849 552 1035 611 prolatas
1065 552 1179 597 haud
1209 552 1434 605 referrem,
1472 553 1515 597 ni
1544 554 1726 612 pretium
1755 555 1864 600 foret
1892 555 1968 600 Cn.
1996 555 2066 600 Pi-

290 628 406 672 sonis
437 634 480 672 et
498 628 628 671 Asinii
654 627 758 672 Galli
788 642 920 686 super
948 642 1001 672 eo
1030 628 1200 686 negotio
1231 628 1424 672 diversas
1454 630 1684 674 sententias
1713 644 1906 676 noscere.
1953 631 2064 682 Piso,

259 716 551 762 aquamquam
581 703 793 747 afuturum
821 717 869 747 se
899 703 1063 748 dixerat
1092 703 1267 755 Caesar,
1311 703 1367 747 ob
1397 703 1440 747 id
1468 706 1603 762 magis
1632 706 1820 763 agendas
1850 706 2064 757 censebat,

289 785 336 822 ut
365 779 541 822 absente
570 779 762 837 principe
792 785 985 823 senatum
1026 784 1068 822 et
1104 779 1271 837 equites
1311 792 1440 837 posse
1471 794 1548 823 sua
1579 780 1721 825 munia
1751 782 1960 827 sustinere
1990 781 2067 826 de-

290 868 438 898 corum
458 854 520 898 rei
541 853 737 912 publicae
757 854 876 898 foret.
915 854 1077 905 Gallus,
1100 854 1201 912 quia
1222 854 1410 911 speciem
1431 853 1636 900 libertatis
1655 856 1753 900 Piso
1773 864 2064 916 praeceperat,

287 929 390 973 nihil
425 930 527 974 satis
564 929 740 973 inlustre
778 936 850 973 aut
879 942 932 973 ex
962 929 1163 987 dignitate
1202 929 1348 992 populi
1379 931 1424 988 R.
1457 922 1536 974 nis'i
1567 944 1712 975 coram
1746 938 1788 976 et
1816 932 1897 977 sub
1927 932 2063 977 oculis

290 1005 499 1056 Caesaris,
522 1018 662 1064 eoque
679 1011 932 1049 conventum
954 1004 1096 1048 Italiae
1117 1011 1159 1048 et
1178 989 1666 1063 adflueffii's'provincias
1687 1007 1954 1065 praesentiae
1971 1007 2065 1052 eius

238 1090 274 1121 io
288 1080 500 1125 servanda
519 1080 699 1125 dicebat.
731 1080 930 1125 audiente
955 1079 1064 1124 haec
1083 1079 1251 1124 Tiberio
1282 1094 1332 1125 ac
1361 1080 1511 1126 silente
1542 1082 1704 1139 magnis
1728 1082 1943 1141 utrimque
1964 1097 2066 1128 con-

286 1156 544 1200 tentionibus
574 1162 686 1201 acta:
717 1156 795 1200 sed
825 1170 895 1200 res
925 1155 1093 1200 dilatae.
1152 1155 1233 1213 (36)
1265 1162 1306 1200 et
1336 1162 1550 1201 certamen
1572 1157 1689 1201 Gallo
1721 1138 1928 1203 adversus
1959 1159 2066 1204 Cae-

286 1246 427 1276 sarem
449 1238 641 1277 exortum
666 1238 742 1276 est.
787 1245 883 1275 nam
913 1230 1079 1275 censuit
1107 1230 1149 1273 in
1179 1231 1518 1290 quinquennium
1550 1232 1867 1290 magistratuum
1896 1234 2066 1279 comitia

285 1307 499 1359 habenda,
530 1314 663 1366 utque
693 1307 909 1364 legionum
938 1306 1081 1364 legati,
1113 1306 1185 1364 qui
1207 1313 1304 1351 ante
1330 1313 1574 1364 praeturam
1597 1321 1648 1351 ea
1667 1307 1813 1352 militia
1833 1308 2067 1367 fungeban-

244 1430 249 1435 ,
285 1389 371 1435 tur,
404 1383 487 1427 iam
516 1389 603 1427 tum
635 1389 856 1442 praetores
885 1382 1219 1434 destinarentur,
1253 1383 1456 1441 princeps
1486 1381 1716 1428 duodecim
1746 1383 1993 1429 candidatos
2023 1385 2066 1428 in

349 1556 381 1588 4.
403 1555 522 1589 iudicii
544 1562 723 1597 superscr.
747 1563 767 1587 ο
790 1553 824 1588 Μ
850 1572 886 1578 -
911 1553 943 1587 3.
971 1553 1006 1587 C.
1029 1554 1072 1586 N.
1096 1554 1131 1587 M
1150 1571 1179 1577 —
1211 1553 1243 1586 5.
1265 1553 1413 1596 agendas
1435 1553 1484 1587 M:
1509 1553 1674 1596 aqendam
1697 1562 1831 1596 margo.
1852 1571 1888 1579 —
1915 1555 1947 1588 6.
1971 1558 2067 1588 ut·-

282 1612 368 1655 foret
392 1613 427 1647 M
457 1612 537 1654 (fore
559 1612 714 1653 margo):
750 1614 780 1644 ct
794 1628 813 1634 -
829 1628 848 1634 -
861 1610 934 1653 fore
963 1611 1032 1643 lac.
1059 1610 1274 1649 Gronovius;
1301 1611 1388 1651 quod
1402 1628 1421 1634 -
1435 1628 1455 1635 -
1468 1610 1554 1652 foret
1574 1611 1843 1645 Weissenborn.
1871 1629 1907 1635 -
1933 1612 1966 1645 7.
1990 1620 2066 1654 spo-

282 1671 360 1703 tiem
388 1669 422 1704 M
451 1686 487 1692 —
516 1670 733 1710 praeceperat
754 1668 806 1701 M:
840 1667 1077 1708 praetenderat
1104 1675 1239 1708 margo.
1267 1685 1303 1690 —
1339 1667 1373 1700 8.
1399 1667 1550 1710 tianitatc
1577 1668 1611 1702 M
1642 1685 1679 1691 -
1715 1667 1748 1701 9.
1772 1667 1870 1702 italia
1896 1671 1927 1702 et
1948 1668 1979 1702 ei
2000 1669 2066 1701 ad—

280 1726 412 1769 fluentis
432 1725 466 1760 M
487 1725 619 1766 (Italiac
640 1727 671 1758 et
693 1724 868 1767 adfluentis
889 1724 1025 1765 margo)
1049 1740 1085 1747 —
1112 1721 1165 1757 ⁴4.
1191 1723 1270 1756 dum
1290 1731 1345 1766 pr.
1370 1723 1415 1757 M.

1198 1879 1496 1923 praecedentibus
1518 1883 1618 1921 utque
1631 1898 1681 1905 --—
1695 1880 1951 1915 destinarantm‘.
1982 1881 2063 1915 lure

1198 1939 1262 1963 suo
1292 1929 1469 1971 legionum
1500 1928 1603 1971 legati
1638 1929 1755 1972 (erant
1782 1931 1922 1964 circiter
1942 1928 2062 1973 XXV.)

1198 1981 1402 2022 praeturam
1425 1980 1585 2013 obtinere
1609 1980 1790 2014 debebant
1812 1990 1855 2014 ex
1877 1980 1962 2014 Galli
1984 1990 2065 2015 sen-

326 1882 379 1915 35.
403 1891 457 1915 res
472 1899 522 1906 -—
534 1880 704 1923 prolatas]
733 1879 874 1921 dilatas,
900 1880 938 1913 ut
962 1881 1016 1914 est
1038 1879 1146 1918 inf1·a;

283 1941 351 1975 qua
376 1930 525 1965 formula·
547 1931 746 1964 indicantur
768 1930 874 1963 feriae
901 1938 1022 1963 rerum
1045 1938 1150 1971 agen-

282 1982 408 2015 darum
431 1983 466 2015 in
489 1982 614 2014 senatu
632 1982 667 2014 et
683 1981 717 2013 in
734 1981 821 2014 foro.
852 1980 902 2013 Cf.
923 1981 993 2013 Cic.
1011 1981 1146 2013 Muren.

282 2032 334 2065 ⁴3.
368 2033 454 2074 Epp.
481 2031 526 2064 ad
549 2032 616 2064 Att.
644 2030 700 2070 ⁴4,
734 2032 766 2063 5.
799 2030 844 2062 ad
873 2031 936 2069 Qu.
963 2031 1017 2063 Fr.
1043 2030 1081 2070 3,
1113 2031 1145 2063 8.

279 2083 388 2115 Dossn.
414 2101 458 2106 —
481 2082 538 2115 Cn.
564 2080 701 2122 Pisonis]
736 2080 786 2113 Cf.
814 2081 845 2121 i,
877 2080 928 2113 43.
956 2097 991 2103 —-
1018 2080 1149 2113 absente

277 2132 443 2175 principe]
475 2130 612 2164 Scilicet
642 2129 870 2163 simulaverat
892 2139 931 2163 se
956 2129 1144 2171 afuturum,

281 2183 426 2227 dequo
455 2182 583 2215 Tiberii
612 2180 763 2214 ludibrio
793 2179 835 2212 cf.
861 2179 899 2220 4,
930 2179 961 2213 4.
1002 2180 1145 2212 Sueton.

279 2233 356 2266 Tib.
387 2232 440 2266 38.
475 2250 510 2255 —
543 2235 693 2264 senatum
727 2234 759 2263 et
790 2230 928 2272 equites]
964 2239 984 2262 a
1018 2229 1147 2271 quibus

279 2283 407 2316 iudicia
432 2281 700 2314 exercebantur.
725 2298 768 2304 —-
798 2283 991 2313 conventum
1012 2280 1146 2322 Italiae]

280 2333 502 2365 rarissimum
525 2331 592 2364 hoc
608 2330 758 2363 verbum
782 2331 826 2363 de
842 2328 955 2370 Italia,
980 2329 1147 2371 frequens

282 2382 326 2415 de
342 2381 550 2424 provinciis;
577 2381 748 2422 significat
764 2380 927 2412 homines
942 2377 1060 2420 Italos,
1087 2379 1146 2419 qui

279 2431 392 2464 litium
426 2429 616 2463 aliorumve
652 2431 874 2472 negotiorum
909 2427 1144 2471 publicorum,

281 2481 389 2515 veluti
411 2480 630 2522 vectigalium
664 2479 996 2518 conducendorum,
1032 2479 1146 2520 scrip-

280 2534 380 2566 turae
404 2532 572 2574 pastionis
595 2532 630 2563 in
646 2539 729 2572 agro
745 2529 888 2573 publico
905 2528 1145 2562 conficiendae

282 2585 364 2622 cet.,
389 2583 535 2615 Romam
558 2591 596 2614 se
620 2581 780 2614 conferre
804 2579 995 2613 debebant.

325 2632 378 2665 36.
408 2633 443 2665 in
472 2631 733 2674 quinquennium
761 2630 843 2672 cet]
877 2630 981 2663 sicuti
1013 2629 1146 2662 fecerat

281 2684 350 2715 iam
368 2681 483 2715 lulius
508 2682 649 2714 Caesar.
690 2681 832 2714 sueton.
858 2678 921 2712 Iul.
947 2679 1007 2712 76:
1035 2687 1147 2721 maye-

280 2735 406 2777 stratus
432 2732 467 2764 in
493 2732 606 2772 plures
634 2739 739 2763 annos
766 2729 946 2762 ordinavit.
995 2729 1143 2771 Appian.

281 2782 321 2815 B.
347 2781 386 2814 C.
410 2782 443 2820 2,
470 2781 545 2814 428.
582 2780 691 2821 Quid,
717 2779 812 2822 quod
835 2777 990 2811 Vitellius
1012 2778 1147 2811 comitia

281 2833 317 2864 in
325 2832 434 2864 decem
445 2839 550 2863 annos
559 2830 749 2863 ordinavit?
765 2829 830 2863 sed
841 2828 980 2862 frustra.
999 2829 1143 2860 Sueton.

281 2880 394 2915 Vitell.
420 2881 472 2914 Μ.
510 2880 624 2913 Gallus
648 2882 708 2913 aut
729 2879 927 2913 remedium
951 2877 1147 2921 quaereb‘at

282 2932 452 2966 adversus
477 2931 590 2964 omnis
614 2931 753 2972 generis
776 2929 967 2970 ambitum,
999 2930 1058 2961 aut
1081 2937 1145 2971 po-

281 2983 351 3015 tius
374 2979 578 3013 adulaturus
601 2980 738 3013 Tiberio
761 2980 831 3012 hoc
853 2980 885 3012 ei
910 2979 1047 3021 gratum
1070 2977 1145 3011 fore

282 3030 502 3075 opinabatur.
531 3048 567 3054 —
591 3030 755 3072 legionum
776 3029 892 3072 leqati]
924 3030 1036 3071 Saepe
1067 3036 1145 3061 me-

282 3083 465 3114 morantur
500 3080 536 3112 in
571 3080 700 3113 Inscrr.
734 3087 878 3121 semper
915 3079 983 3111 hoc
1021 3077 1143 3110 ordine

280 3131 438 3164 LEGATI
455 3130 692 3164 LEGIONUM.
723 3130 764 3161 V.
783 3129 904 3162 Marini
926 3128 1063 3162 Fratelli
1083 3128 1145 3160 Ar-

280 3182 349 3213 vali
371 3190 406 3223 p.
433 3180 486 3213 ⁴8.
510 3179 587 3213 754.
612 3179 675 3212 807
699 3180 767 3211 cet.
799 3180 872 3211 Hoc
896 3180 1015 3211 autem
1039 3179 1146 3221 caput

281 3231 471 3264 inseruisse
501 3229 641 3263 videtur
664 3227 796 3268 Gallus,
834 3229 914 3270 quia
944 3238 987 3261 ex
1017 3229 1145 3261 horum

280 3281 470 3323 praeprue
484 3288 633 3313 numero
650 3288 670 3311 a
683 3279 841 3321 principe
857 3278 1028 3311 nominari
1045 3287 1146 3320 prae-

281 3332 376 3364 tores
393 3331 546 3370 sciebat;
571 3338 654 3363 nam
678 3327 829 3371 alioquin
854 3336 977 3360 eorum
998 3329 1144 3369 gratiam

283 3382 424 3422 captare
442 3381 524 3422 quid
543 3378 736 3413 attinebat?
756 3396 789 3402 -
808 3377 961 3419 princeps
976 3378 1145 3410 duodecim

282 3426 751 3470 candidatos—-nominaretJ
784 3426 988 3470 separanda
1010 3426 1100 3460 haec
1123 3436 1143 3460 a

1198 2030 1325 2068 tentia;
1352 2029 1416 2063 sed
1436 2028 1594 2063 delectus
1616 2031 1707 2063 inter
1721 2039 1937 2071 eosannuus
1952 2039 2064 2073 penes

1198 2080 1393 2122 principem
1426 2081 1520 2120 erat;
1555 2081 1615 2122 iis,
1646 2089 1736 2123 quos
1767 2090 1810 2114 eo
1842 2090 1884 2114 ex
1913 2089 2063 2115 numero

1199 2129 1388 2171 delegisset
1402 2129 1573 2163 arbitratu
1589 2139 1654 2163 suo
1669 2130 1756 2165 alios
1771 2130 1904 2164 addere
1924 2131 2065 2174 poterat

1199 2180 1422 2220 candidatos,
1447 2182 1487 2213 ut
1508 2189 1573 2223 per
1595 2189 1635 2213 se
1658 2179 1875 2223 intelligitur,
1904 2182 1981 2214 sine
2003 2189 2064 2214 re-

1196 2229 1297 2272 pulsa
1331 2231 1367 2263 et
1394 2230 1530 2263 ambitu
1562 2230 1800 2272 designandos
1828 2229 1915 2274 (Lib.
1941 2233 1974 2272 i,
2007 2230 2063 2275 45)

1196 2288 1310 2321 usque
1340 2279 1384 2312 ad
1414 2289 1603 2313 numerum
1632 2281 1891 2314 duodenarium
1924 2281 1960 2314 in
1988 2281 2063 2315 sin-

1196 2329 1295 2371 gulos
1318 2330 1422 2363 huius
1445 2331 1674 2372 quinquennii
1696 2339 1819 2364 annos.
1858 2331 1963 2371 Rem,
1995 2330 2062 2364 nisi

1196 2379 1312 2421 fallor,
1359 2379 1562 2414 obscuravit
1593 2381 1703 2414 Ritter
1739 2381 1829 2414 haec
1867 2381 2058 2414 adnotans:

1197 2431 1251 2463 «Si
1272 2430 1439 2472 princeps
1462 2431 1648 2472 quotannis
1672 2440 1716 2464 ex
1737 2429 1916 2473 legionum
1938 2430 2061 2473 legatis

1194 2481 1265 2513 XII.
1281 2481 1468 2522 praeturae
1481 2480 1689 2515 candidatos
1705 2481 1913 2522 nominaret,
1925 2482 2008 2524 post
2017 2481 2060 2515 V.

1195 2538 1369 2563 annorum
1386 2529 1512 2563 orbem
1526 2530 1593 2563 LX.
1612 2532 1731 2568 erant.
1747 2530 1843 2564 unde
1859 2531 1896 2564 in
1911 2531 2061 2564 comitiis

1196 2580 1241 2613 ad
1264 2581 1382 2622 patres
1405 2579 1580 2614 translatis
1602 2582 1786 2624 praetores
1808 2581 1844 2614 in
1867 2581 2062 2623 quinquen-

1196 2630 1293 2663 nium
1321 2631 1559 2664 sumerentur.
1606 2630 1831 2664 Praetoribus
1864 2631 1982 2664 autem
2015 2629 2062 2663 ad

1195 2680 1395 2722 provincias
1423 2680 1615 2714 Caesarum
1645 2679 1942 2714 administrandas
1972 2688 2062 2723 opus

1196 2731 1273 2762 erat
1303 2730 1549 2763 tantummodo
1589 2731 1664 2764 sive
1703 2729 1892 2763 duodecim
1919 2729 1974 2771 (Ξ,
2006 2729 2059 2771 ⁴4)

1195 2779 1269 2812 sive
1303 2779 1462 2812 sedecim
1494 2779 1573 2819 (Dio
1607 2779 1669 2819 58,
1704 2778 1770 2822 20).
1817 2779 1925 2812 Recte
1959 2778 2062 2820 igitur

1195 2827 1299 2871 paulo
1323 2830 1403 2871 post
1425 2828 1509 2862 dicit
1524 2828 1701 2862 Tiberius:
1723 2837 1828 2871 aravo
1841 2828 2061 2862 moderationi

1193 2887 1274 2911 suaa
1303 2881 1349 2911 tot
1376 2878 1495 2920 eliyerc
1529 2878 1576 2919 (id
1606 2880 1675 2919 est,
1711 2877 1917 2912 candidatos
1943 2878 2060 2911 nomi-

1195 2926 1312 2971 nare),
1347 2930 1394 2960 tot
1426 2928 1570 2970 differre.
1617 2929 1706 2960 Nam
1739 2928 1769 2960 si
1804 2937 1847 2961 ex
1881 2928 2059 2969 sexaginta

1195 2977 1389 3010 candidatis
1412 2976 1601 3010 duodecim
1622 2975 1679 3010 vel
1710 2977 1867 3010 sedecim
1897 2977 1931 3010 in
1954 2977 2060 3019 quin-

1195 3027 1388 3069 quennium
1410 3026 1690 3068 designarentur,
1715 3027 1824 3060 ceteri
1847 3025 1937 3060 ultra
1959 3026 2060 3069 quin-

1195 3077 1390 3119 quennium
1412 3075 1616 3119 proiiciendi
1648 3077 1760 3109 erant.
1801 3076 1877 3116 Qua
1906 3084 1945 3109 re
1975 3084 2057 3109 cum

1194 3128 1391 3170 principum
1413 3127 1448 3159 in
1465 3125 1716 3159 distribuendis
1738 3126 1925 3168 provinciis
1947 3124 2059 3158 licen-

1194 3177 1239 3210 tia
1263 3176 1413 3210 multum
1435 3177 1677 3217 coerceretur,
1709 3175 1762 3209 vis
1788 3174 1892 3209 simul
1918 3175 2057 3218 imperii

1195 3226 1488 3269 infringebatur.»
1550 3226 1693 3268 «Legati
1736 3224 1914 3267 legionum
1958 3226 2057 3267 gesta

1194 3279 1358 3320 praetura
1403 3275 1669 3319 appellabantur
1711 3275 1811 3318 leuati
1853 3275 2055 3316 consulares,

1194 3327 1353 3360 nondum
1369 3328 1466 3369 gesta
1482 3326 1582 3369 legati
1594 3325 1773 3367 praetor-ik
1794 3324 1891 3358 finito
1906 3333 2055 3359 munere

1193 3376 1373 3419 legationis
1404 3377 1438 3410 in
1468 3376 1597 3409 urbem
1625 3375 1775 3408 reduces
1805 3375 1906 3408 erant
1933 3374 2055 3407 candi—

1193 3427 1265 3460 dati
1287 3425 1487 3460 consulatus
1515 3426 1576 3459 aut
1597 3426 1795 3469 praeturae.
1840 3425 1891 3458 lta
1914 3433 1997 3458 cum
2019 3424 2055 3457 in
