2254 3770
667 275 823 321 LIBER
851 275 902 321 11.
949 274 1051 333 cap.
1080 272 1148 317 64.
1178 274 1246 317 66.
1277 274 1344 318 66.
1376 273 1443 318 67.
1474 274 1541 317 68.

1924 273 2007 318 ⁴25

218 393 409 433 ceterum
445 397 589 443 neque
629 397 678 428 se
717 396 860 442 neque
900 387 1095 427 senatum
1132 380 1213 424 nisi
1252 381 1419 439 cognita
1459 395 1591 426 causa
1627 381 1695 424 ius
1733 387 1775 426 et
1810 381 2007 425 iniuriam

218 462 498 508 discreturos:
520 459 703 518 proinde
724 458 877 503 tradito
895 458 1031 517 Cotye
1050 455 1215 501 veniret
1234 457 1568 516 transferretque
1589 456 1790 501 invidiam
1805 457 2005 502 criminis.

219 539 302 596 (66)
331 550 406 582 eas
441 536 602 580 litteras
639 534 828 579 Latinius
866 532 1067 578 Pandusa
1101 546 1180 590 pro
1218 539 1418 590 praetore
1448 533 1635 577 Moesiae
1664 546 1763 577 cum
1790 532 2006 585 militibus,

219 612 317 671 quis
347 613 478 671 Cotys
509 610 768 662 traderetur,
810 609 852 652 in
883 608 1103 653 Thraciam
1132 607 1258 651 misit.
1311 608 1599 667 Rhescuporis
1640 608 1750 653 inter
1778 615 1938 653 metum
1967 614 2010 652 et

218 689 324 733 iram
363 693 586 732 cunctatus
630 685 776 730 maluit
811 684 962 743 patrati
993 698 1124 742 quam
1160 684 1316 742 incepti
1350 684 1549 728 facinoris
1578 699 1680 729 reus
1710 698 1830 729 esse:
1870 683 2040 729 occidis

219 765 357 823 Cotyn
395 762 514 807 iubet
549 768 820 819 mortemque
855 767 1007 819 sponte
1037 766 1250 818 sumptam
1280 760 1520 804 ementitur.
1567 774 1650 805 nec
1676 766 1820 804 tamen
1852 761 2011 805 Caesar

217 839 395 898 placitas
425 837 559 883 semel
588 843 702 881 artes
730 836 926 887 mutavit,
958 835 1037 880 sed
1066 835 1266 880 defuncto
1295 835 1513 888 Pandusa,
1545 850 1676 894 quem
1697 836 1778 880 sibi
1800 836 2011 880 infensum

217 914 507 973 Rhescuporis
537 912 764 971 arguebat,
806 911 1090 970 Pomponium
1118 910 1336 963 Flaccum,
1377 918 1569 956 veterem
1598 911 1821 970 stipendiis
1851 918 1892 956 et
1922 918 2012 955 arta

220 1005 319 1035 cum
348 1004 451 1048 rege
481 988 665 1033 amicitia
695 1001 838 1046 eoque
868 986 1300 1032 accommodatiorem
1326 986 1382 1030 ad
1407 986 1658 1039 fallendum,
1691 987 1747 1032 ob
1768 987 1811 1031 id
1832 988 2014 1031 maxime

220 1066 408 1110 Moesiae
446 1063 664 1124 praefecit.
725 1064 807 1121 (67)
845 1063 1024 1108 Flaccus
1060 1063 1104 1105 in
1139 1062 1361 1106 Thraciam
1397 1069 1690 1120 transgressus
1720 1077 1800 1121 per
1828 1063 2065 1122 ingentiaw

219 1141 433 1200 promissa
462 1142 658 1198 quamvis
688 1139 935 1198 ambiguum
966 1146 1008 1183 et
1037 1137 1203 1183 scelera
1233 1152 1311 1182 sua
1331 1145 1600 1196 reputantem
1619 1139 1807 1197 perpulit
1825 1146 1871 1183 ut
1890 1153 2016 1198 prae-

223 1217 332 1262 sidia
361 1219 550 1261 Romana
579 1215 766 1260 intraret.
812 1213 1076 1260 circumdata
1103 1213 1203 1258 hinc
1231 1214 1322 1271 regi
1344 1214 1491 1272 specie
1510 1213 1684 1259 honoris
1705 1214 1845 1259 valida
1863 1228 2015 1258 manus

174 1343 178 1347 ἢ
201 1293 468 1351 ·tribunique
497 1298 540 1336 et
568 1291 842 1336 centuriones
873 1289 1106 1342 monendo,
1139 1289 1380 1342 suadendo,
1413 1297 1456 1334 et
1481 1296 1641 1348 quanto
1667 1289 1836 1348 longius
1863 1290 2016 1335 absce-

223 1368 422 1420 debatur,
454 1367 667 1426 apertiore
697 1365 911 1417 custodia,
943 1372 1161 1424 postremo
1192 1379 1371 1423 gnarum
1402 1366 1668 1410 necessitatis
1698 1366 1741 1409 in
1760 1365 1912 1410 urbem
1931 1372 2017 1410 tra-

222 1457 340 1488 xere.
393 1448 621 1488 accusatus
657 1443 700 1486 in
737 1447 887 1486 senatu
918 1441 971 1485 ab
1001 1455 1136 1485 uxore
1166 1441 1313 1500 Cotyis
1342 1441 1587 1494 damnatur,
1628 1448 1675 1485 ut
1702 1441 1853 1500 procul
1883 1450 2067 1499 regno⁴⁵

223 1526 456 1564 teneretur.
501 1518 678 1562 Thracia
718 1518 763 1561 in
793 1516 1121 1562 Rhoemetalcen
1149 1515 1304 1568 filium,
1346 1531 1477 1575 quem
1505 1518 1695 1575 paternis
1725 1517 1912 1562 consiliis
1941 1517 2019 1562 ad-

222 1601 440 1640 versatum
461 1592 699 1645 constabat,
731 1593 864 1652 inque
886 1592 1048 1636 liberos
1070 1591 1217 1651 Cotyis
1238 1590 1461 1646 dividitur;
1491 1592 1632 1650 iisque
1652 1592 1843 1637 nondum
1863 1593 2018 1637 adultis

225 1669 518 1715 Trebellienus
548 1668 680 1713 Rufus
710 1675 913 1726 praetura
942 1667 1110 1712 functus
1139 1667 1284 1718 datur,
1316 1667 1391 1725 qui
1417 1681 1598 1725 regnum
1617 1668 1785 1712 interim
1806 1675 2017 1720 tractaret,

226 1745 423 1804 exemplo
454 1758 542 1803 quo
571 1744 758 1788 maiores
788 1744 840 1786 M.
860 1742 1069 1801 Lepidum
1090 1742 1323 1787 Ptolemaei
1348 1742 1495 1787 liberis
1515 1749 1700 1788 tutorem
1719 1744 1761 1787 in
1780 1745 2022 1804 Aegyptum

226 1821 442 1865 miserant.
482 1819 772 1877 Rhescuporis
794 1817 1091 1862 Alexandriam
1120 1817 1327 1863 devectus
1363 1825 1494 1876 atque
1522 1818 1608 1863 illic
1636 1819 1779 1877 fugam
1809 1826 2021 1877 temptans
2032 1827 2071 1859 20

227 1911 281 1940 an
310 1896 409 1941 ficto
440 1896 617 1940 crimine
646 1893 908 1939 interficitur.
955 1894 1037 1951 (68)
1057 1907 1138 1952 per
1162 1893 1279 1938 idem
1305 1899 1474 1952 tempus
1495 1895 1709 1947 Vonones,
1742 1909 1874 1953 quem
1903 1908 2021 1939 amo-

292 2034 325 2068 3.
348 2035 505 2068 Pandusa
526 2034 747 2078 Nipperdey:
780 2034 917 2075 pandus
937 2035 971 2068 M
996 2051 1033 2057 —
1069 2033 1103 2067 4.
1128 2034 1232 2075 cotyis
1259 2034 1294 2068 M
1319 2051 1355 2058 —
1392 2034 1425 2067 6.
1449 2031 1538 2074 σοιςῦ.
1571 2033 1648 2076 (sic)
1671 2035 1706 2068 M
1729 2051 1766 2059 ·-
1802 2035 1835 2068 7.
1867 2036 2024 2068 Pandusa

227 2091 448 2133 Nipperdey:
467 2091 604 2132 padusa
625 2091 677 2130 M3
709 2090 822 2123 Pando
843 2089 961 2132 vulgo.
988 2107 1026 2114 —-
1052 2090 1106 2123 ⁴2.
1131 2090 1170 2122 In
1191 2091 1286 2132 qreqi
1307 2090 1412 2135 specie
1430 2090 1464 2123 Μ
1488 2090 1573 2133 (hinc
1594 2091 1675 2133 Reyi
1695 2092 1800 2132 specie
1822 2092 1955 2133 margo)
1982 2109 2020 2115 —

227 2147 281 2179 45.
306 2149 499 2180 acc-assatus
513 2147 548 2180 M
573 2164 610 2170 —
634 2149 726 2186 cotys
746 2147 781 2179 M
804 2163 841 2169 —
868 2146 922 2179 47.
945 2146 1042 2187 inqui
1056 2146 1090 2180 Μ
1115 2146 1226 2188 (inque
1247 2146 1382 2188 margo)
1402 2163 1438 2170 -
1464 2149 1556 2187 cotys
1570 2147 1602 2180 M
1621 2164 1657 2170 —
1683 2147 1738 2181 48.
1762 2147 2020 2186 trebellenusM;

228 2190 294 2237 se&
317 2202 362 2236 cr.
387 2202 420 2241 3,
445 2202 499 2236 38.
525 2203 557 2244 6,
574 2202 629 2236 39.
654 2220 699 2226 —
721 2201 774 2237 ⁴9.
797 2202 949 2243 ptolomei
963 2203 1007 2236 M.

273 2321 328 2354 66.
352 2320 507 2354 Latinius
524 2321 682 2354 Pandusa
697 2329 763 2361 pro
773 2323 932 2361 praetore
945 2319 1100 2363 Moesiae]

230 2371 319 2404 Hinc
342 2371 511 2405 discimus
527 2373 733 2414 Poppaeum
748 2370 936 2412 Sabinum,
963 2372 1019 2404 cui
1034 2371 1101 2405 sub

231 2420 340 2454 finem
363 2421 446 2453 anni
469 2430 490 2453 a
514 2421 653 2454 Christo
677 2422 718 2454 45
743 2422 840 2463 (ιι..ο.
857 2421 933 2462 768)
957 2421 1103 2463 provin-

233 2472 326 2506 ciam
347 2472 517 2505 Moesiam
540 2471 667 2505 additis
690 2471 895 2505 Macedonia
920 2473 955 2504 et
971 2472 1103 2504 Achaia

232 2523 459 2564 prorogatam
487 2520 658 2563 legimus,
694 2522 847 2560 Moesiae
877 2521 1105 2555 administra·-

233 2572 327 2604 tione
358 2573 439 2604 ante
469 2580 602 2604 annum
630 2572 672 2604 49
705 2572 754 2613 (u.
779 2580 811 2606 c.
833 2572 915 2613 772)
951 2570 1104 2605 solutum

235 2630 326 2655 esse.
366 2622 467 2655 Idem
488 2623 610 2655 tamen
632 2622 858 2656 Macedoniae
880 2623 1106 2664 Achaiaeque

234 2672 295 2705 diu
316 2673 467 2715 posthac
489 2681 659 2715 praeesse
682 2673 850 2715 perrexit.
881 2673 961 2706 vid.
987 2674 1024 2713 5,
1051 2673 1104 2706 40.

235 2723 268 2764 6,
293 2723 348 2756 29.
373 2724 508 2756 Rirmn.
544 2724 596 2756 De
619 2724 830 2765 cognomine
853 2732 873 2756 e
896 2723 1108 2757 lectionibus

236 2772 368 2806 codicis
391 2774 524 2806 Pandus
546 2775 582 2806 et
602 2774 736 2807 Padusa
750 2773 897 2807 feliciter
912 2776 1013 2807 eruto
1028 2774 1109 2816 Nip-

235 2821 375 2864 perdey
398 2823 537 2857 confert
558 2824 827 2866 inscriptionem
849 2825 885 2857 in
902 2825 1021 2857 Giorn.
1042 2825 1110 2856 Ar-

236 2871 314 2904 cad.
338 2872 395 2904 111.
421 2873 482 2906 55:
505 2874 672 2914 permissu
695 2874 728 2906 T.
746 2874 858 2906 Latini
878 2874 1052 2906 Pandusae
1074 2875 1110 2906 et

237 2922 343 2963 Corp.
376 2923 488 2956 Inscr.
523 2925 580 2957 Gr.
607 2923 711 2956 4336;
745 2921 905 2971 Μάρκον
929 2923 1109 2958 Λατίνιον

236 2968 479 3005 Πανδούσαν.
509 2988 546 2997 -
573 2973 679 3006 occidi
701 2973 816 3016 Cotyn]
840 2973 962 3007 Vellei.
988 2975 1028 3015 2,
1053 2974 1107 3007 29.

238 3019 363 3054 Strabo
389 3022 447 3062 42,
472 3021 492 3055 3
507 3047 516 3063 ,
540 3023 583 3056 29
613 3032 649 3065 p.
674 3024 751 3056 556.
785 3024 927 3057 Sueton.
953 3023 1028 3056 Tib.
1053 3023 1107 3057 42.

241 3089 277 3094 —
303 3071 517 3112 Pomponium
538 3072 705 3115 Flaccum]
736 3073 782 3106 de
806 3082 877 3116 quo
901 3073 1043 3106 Ovidius
1067 3081 1110 3105 ex

238 3121 350 3152 Ponto
373 3119 415 3160 4,
434 3120 466 3161 9,
484 3121 546 3154 75:
569 3122 719 3163 Praefuit
733 3123 801 3163 his,
827 3122 1009 3163 Graecina,
1033 3122 1112 3155 locis

238 3169 336 3202 modo
370 3169 526 3211 Flaccus,
561 3174 593 3204 et
626 3172 684 3204 illo
711 3172 798 3213 Ripa
829 3172 928 3213 ferox
954 3172 1033 3204 [stri
1053 3171 1111 3204 sub

241 3219 322 3251 duce
354 3222 428 3251 tuta
460 3219 535 3261 fuit.
576 3220 638 3253 Hic
666 3221 770 3254 lenuit
795 3221 910 3261 Mysas
937 3224 1048 3263 gentes
1075 3221 1112 3253 in

240 3276 322 3309 pace
342 3269 452 3312 fideli,
477 3270 540 3303 Hic
561 3279 646 3303 arcu
665 3272 743 3314 fisos
764 3271 884 3304 terruit
905 3279 978 3304 ense
1001 3271 1110 3304 Getas.

243 3316 304 3349 Hic
324 3322 458 3359 captam
482 3319 630 3352 Trosmin
651 3320 749 3353 celeri
770 3321 892 3353 virtute
911 3321 1034 3361 recepit
1054 3320 1112 3353 In-

245 3366 382 3409 fecitque
401 3369 473 3411 fero
490 3370 653 3412 sanquine
667 3371 872 3404 Danuvium.
895 3369 996 3404 ldem
1011 3379 1113 3413 prae·

247 3413 310 3450 fuit
330 3418 454 3461 postea
474 3420 616 3463 Syriae:
642 3421 733 3455 Anu.
759 3421 792 3464 6,
816 3421 871 3456 27.

1197 2320 1251 2353 67.
1278 2320 1453 2361 praesidia
1480 2321 1643 2364 Romana]
1674 2321 1810 2363 locum,
1844 2324 1904 2365 qui
1928 2325 2025 2357 esset

1153 2371 1189 2403 in
1211 2371 1450 2404 Romanorum
1478 2373 1652 2413 potestate
1683 2374 1790 2414 atque
1814 2382 1834 2406 a
1857 2375 2024 2417 Romanis

1153 2419 1323 2453 militibus
1345 2422 1552 2463 occupatus.
1571 2439 1608 2444 —
1633 2421 1676 2454 ab
1696 2431 1805 2455 wore
1819 2423 1939 2465 Cotyis]
1955 2427 2024 2458 Po-

1153 2470 1303 2504 lemonis
1336 2472 1430 2513 regis
1463 2472 1564 2504 Ponti
1595 2473 1630 2505 et
1661 2473 1910 2513 Pythodoridis
1939 2474 2022 2515 filia,

1156 2529 1283 2562 quam,
1315 2529 1447 2554 nomen
1477 2530 1592 2563 aeque
1623 2523 1744 2555 tamen
1772 2524 1915 2565 tacens,
1950 2533 2025 2557 me-

1156 2571 1273 2603 morat
1301 2570 1427 2605 Strabo
1455 2570 1478 2604 l.
1503 2570 1527 2604 l.
1562 2589 1599 2596 —
1633 2572 1888 2616 Rhoemetalcen]
1920 2574 2024 2607 huius

1156 2621 1308 2654 nominis
1323 2619 1486 2654 alterum.
1511 2622 1632 2654 Exstat
1646 2623 1722 2654 eius
1739 2631 1924 2656 nummus:
1942 2624 2025 2657 hinc

1157 2669 1394 2704 ΒΑΣΙΛΕΥΣ
1414 2670 1759 2705 ΡΟΙΜΗΤΑΛΚΑΣ
1775 2681 1858 2706 cum
1875 2674 1950 2706 eius
1964 2683 2025 2706 ca-

1157 2724 1248 2764 pite;
1286 2721 1379 2755 illinc
1416 2721 1536 2755 ΓΑΙΩ
1569 2721 1769 2756 ΚΑΙΣΑΡΙ
1797 2722 2025 2757 ΣΕΒΑΣΤΩ

1159 2781 1241 2806 cum
1266 2772 1442 2814 Caligulae
1466 2772 1592 2814 effigie.
1626 2773 1677 2806 Cf.
1695 2774 1852 2807 Visconti
1872 2775 2023 2816 Iconoyr.

1157 2831 1298 2866 araeque
1322 2824 1387 2863 ΠΙ,
1422 2833 1458 2866 p.
1483 2823 1559 2856 302.
1592 2840 1628 2846 -
1666 2824 1881 2857 Trebellianus
1912 2824 2024 2866 Rufus]

1161 2873 1211 2906 Cf.
1237 2872 1275 2912 3,
1300 2872 1353 2905 38.
1390 2873 1423 2913 6,
1457 2872 1511 2905 39.
1546 2889 1583 2896 —
1619 2873 1666 2906 Μ.
1689 2874 1860 2916 Lepidum]
1890 2874 1951 2907 Est
1977 2875 2023 2907 M.

1159 2921 1327 2955 Aemilius
1349 2921 1503 2963 Lepidus
1525 2921 1582 2955 bis
1605 2922 1729 2956 consul
1751 2932 1783 2956 a.
1808 2932 1843 2956 u.
1861 2933 1892 2956 c.
1909 2923 1972 2955 567
1991 2923 2028 2955 et

1160 2973 1235 3006 579.
1265 2972 1388 3014 pontif.
1413 2980 1507 3005 max.
1539 2990 1575 2996 -
1608 2973 1785 3007 Ptolemaei
1815 2973 2025 3015 (Epiphanis)

1159 3021 1279 3064 liberis]
1302 3020 1505 3055 Ptolemaeo
1527 3021 1753 3056 Philometori
1774 3024 1809 3055 et
1831 3023 1907 3055 eius
1929 3021 2039 3055 fratrr

1160 3075 1267 3113 atque
1294 3072 1493 3104 successori
1528 3071 1728 3106 Ptolemaeo
1757 3072 1953 3113 Euergetae
1974 3072 2024 3114 ΙΙ,

1160 3123 1234 3155 sive
1256 3122 1447 3164 Physconi.
1473 3139 1509 3145 —
1534 3121 1704 3164 miserant]
1727 3123 1901 3162 maxime,
1925 3122 1965 3154 ut
1978 3122 2027 3155 vi-

1161 3170 1284 3212 detur,
1309 3172 1456 3213 propter
1472 3170 1610 3205 Seleuci
1624 3172 1746 3213 Syriae
1768 3171 1862 3212 regis
1882 3170 2026 3204 insidias

1160 3221 1278 3254 statim
1299 3222 1381 3263 post
1401 3221 1592 3264 Epiphanis
1615 3221 1769 3253 mortem
1791 3229 1824 3252 a.
1848 3228 1884 3252 u.
1910 3229 1942 3253 c.
1962 3220 2027 3254 573

1161 3273 1242 3304 ante
1274 3271 1357 3304 Chr.
1387 3271 1463 3303 484.
1500 3271 1552 3304 Cf.
1586 3269 1659 3303 Val.
1684 3271 1774 3303 Max.
1800 3269 1837 3309 6,
1862 3269 1901 3310 6,
1926 3270 1958 3303 4.
1984 3279 2027 3303 ex

1163 3330 1232 3363 quo
1256 3329 1327 3354 non
1348 3320 1476 3363 liquet,
1502 3321 1581 3362 quis
1604 3319 1708 3353 fuerit
1729 3317 2025 3353 Ptolemaeorum.

1161 3371 1313 3405 Iustinus
1336 3371 1397 3412 30,
1421 3371 1442 3405 2
1466 3371 1501 3404 et
1523 3370 1543 3402 3
1572 3378 1638 3411 per
1666 3377 1824 3402 errorem
1853 3370 1947 3403 hanc
1969 3372 2027 3403 tu-

1161 3419 1270 3456 telam
1302 3420 1348 3455 ad
1377 3420 1599 3464 Epiphanem
1627 3417 1754 3460 refert3
1790 3419 1893 3463 peius
1919 3420 2026 3454 etiam
