2254 3770
0 79 13 255 ·†r⁴-⁴-⁷⁴n-·—‚
0 48 6 66 vv>

739 269 893 315 LIBER
921 270 1023 315 XVI.
1070 269 1171 327 Cap.
1202 270 1242 313 9.
1273 269 1340 314 to,
1370 269 1439 314 Η.
1892 270 1968 314 55⁴

191 379 305 425 daut.
335 377 486 423 aderat
512 377 616 428 filia,
648 390 780 435 snper
808 376 1011 433 ingruens
1040 375 1278 434 periculum
1307 377 1434 435 longo
1462 376 1614 422 dolore
1642 383 1782 428 atrox,
1814 390 1868 420 ex
1888 390 1975 435 quo

191 466 472 513 percussores
507 452 642 497 Plauti
685 451 821 497 mariti
861 451 927 495 sui
957 450 1144 503 viderat;
1184 458 1492 509 cruentamque
1521 452 1735 498 cervicem
1764 451 1857 495 eius
1886 466 1975 496 am-

189 529 315 588 plexa
344 527 543 573 servabat
571 527 822 585 sanguinem
852 533 895 570 et
924 532 1068 570 vestes
1099 539 1342 584 respersas,
1374 527 1502 571 vidua
1531 527 1701 585 inplexa
1730 525 1845 582 luctu
1875 540 1976 570 con-

189 605 330 655 tinuo,
362 617 444 648 nec
473 603 569 647 ullis
599 602 809 646 alimentis
839 602 918 645 nisi
949 615 1062 659 quae
1090 608 1270 646 mortem
1292 609 1500 647 arcerent.
1530 609 1620 646 tum
1640 601 1836 646 hortante
1858 608 1976 659 patre

187 678 408 737 Neapolim
439 681 588 736 pergit.
620 684 662 721 et
690 677 791 736 quia
821 676 937 720 aditu
970 677 1150 720 Neronis
1174 677 1499 734 prohibebatur,
1533 691 1737 735 egressus
1757 676 2007 728 obsidens‚s

188 753 356 799 audiret
384 754 594 797 insontem
625 766 733 796 neve
763 751 1010 796 consulatus
1040 751 1106 795 sui
1137 752 1356 809 quondam
1378 753 1586 810 collegam
1604 751 1786 796 dederet
1808 751 1974 803 liberto,

187 829 316 874 modo
345 828 544 872 muliebri
575 827 756 877 eiulatu,
788 826 1018 884 aliquando
1046 840 1194 870 sexum
1217 840 1392 884 egressa
1411 841 1518 871 voce
1538 827 1702 872 infensa
1721 826 1974 878 clamitabat,

188 904 327 948 donec
356 905 559 962 princeps
579 902 824 946 inmobilem
843 915 892 945 se
913 901 1115 959 precibus
1137 908 1179 945 et
1199 902 1383 946 invidiae
1403 903 1520 946 iuxta
1539 902 1736 946 ostendit.
1767 902 1850 958 (Μ)
1871 916 1976 959 ergo

187 979 352 1023 nuntiat
382 978 487 1036 patri
519 978 691 1022 abicere
721 991 844 1035 spem
873 983 916 1020 et
943 976 1005 1019 uti
1027 977 1297 1021 necessitate.
1328 977 1454 1020 simul
1475 977 1649 1022 affertur
1668 977 1810 1035 parari
1831 978 1976 1035 cogni-

187 1055 345 1099 tionem
375 1060 549 1098 senatus
579 1060 623 1097 et
652 1059 817 1096 trucem
846 1052 1112 1095 sententiam.
1153 1065 1234 1096 nec
1262 1052 1440 1097 defuere
1466 1053 1541 1110 qui
1570 1059 1795 1097 monerent
1822 1066 2023 1111 magnato

187 1144 241 1175 ex
269 1135 389 1187 parte
419 1128 625 1173 heredem
657 1128 886 1172 Caesarem
916 1140 1182 1184 nuncupare,
1219 1134 1349 1185 atque
1371 1128 1434 1171 *ita
1464 1128 1692 1186 nepotibus
1723 1128 1778 1172 de
1808 1127 1976 1185 reliquo

187 1204 426 1250 consulere.
472 1203 588 1262 quod
620 1208 893 1261 aspernatus,
933 1216 987 1246 ne
1018 1202 1147 1246 vitam
1176 1202 1369 1260 proxime
1397 1203 1637 1247 libertatem
1667 1209 1804 1247 actam
1832 1203 1976 1247 novis-

188 1281 296 1324 simo
325 1279 499 1324 servitio
529 1278 741 1329 foedaret,
772 1277 947 1335 largitur
977 1277 1020 1320 in
1051 1290 1201 1320 servos
1221 1284 1427 1335 quantum
1445 1277 1594 1322 aderat
1613 1279 1846 1336 pecuniae;
1878 1286 1921 1323 et
1939 1279 1975 1323 si

188 1369 274 1414 qua
312 1354 520 1412 asportari
559 1359 752 1411 possent,
798 1352 876 1396 sibi
917 1365 1135 1410 quemque
1165 1352 1406 1406 deducere,
1447 1353 1522 1397 tris
1553 1353 1681 1398 modo
1711 1354 1890 1398 lectulos
1919 1355 1973 1398 ad

188 1443 390 1489 suprema
419 1429 592 1473 retineri
623 1428 751 1472 iubet.
783 1435 883 1471 tunc
911 1426 1066 1471 eodem
1097 1426 1139 1469 in
1160 1427 1376 1479 cubiculo,
1409 1428 1565 1472 eodem
1588 1429 1700 1473 ferro
1719 1429 1976 1474 abscindunt
1987 1444 2024 1474 ⁴5

188 1519 342 1557 venas,
387 1505 650 1563 properique
693 1510 735 1547 et
775 1502 951 1560 singulis
992 1502 1183 1546 vestibus
1223 1502 1276 1546 ad
1308 1503 1611 1548 verecundiam
1639 1504 1763 1549 velati
1794 1505 1975 1549 balineis

190 1581 444 1631 inferuntur,
476 1586 598 1637 pater
626 1578 772 1629 filiam,
806 1578 901 1622 avia
930 1583 1120 1635 neptem,
1155 1577 1226 1621 illa
1255 1584 1461 1637 utrosque
1491 1580 1679 1631 intuens,
1712 1586 1755 1624 et
1783 1580 1975 1624 certatim

189 1662 418 1715 precantes
446 1654 603 1698 labenti
635 1654 801 1698 animae
832 1652 1018 1697 celerem
1038 1653 1216 1703 exitum,
1247 1660 1294 1697 ut
1321 1654 1582 1713 relinqueret
1600 1669 1703 1699 suos
1723 1655 1975 1714 superstites

189 1739 233 1776 et
271 1731 514 1775 morituros.
555 1729 828 1787 servavitque
858 1727 1052 1772 ordinem
1082 1728 1270 1781 fortuna3
1307 1743 1358 1773 ac
1387 1730 1580 1774 seniores
1608 1731 1748 1788 prius,
1786 1737 1876 1774 tum
1905 1732 1975 1775 cui

188 1807 325 1866 prima
347 1813 477 1857 aetas,
500 1805 814 1863 extinguuntur.
846 1804 1032 1848 accusati
1053 1811 1151 1862 post
1170 1804 1445 1862 sepulturam,
1464 1805 1774 1865 decretumque
1789 1812 1837 1850 ut
1854 1820 2026 1852 morem

189 1883 400 1927 maiorum
427 1881 692 1939 punirentur.
723 1887 765 1923 et
791 1880 904 1924 Nero
930 1879 1185 1931 intercessit,
1217 1888 1399 1924 mortem
1418 1880 1510 1925 sine
1530 1881 1691 1925 arbitro
1711 1883 1975 1940 permittens.

245 2031 284 2073 ⁷3.
309 2040 448 2081 inplexu
469 2039 522 2072 M:
547 2039 674 2080 inpexa
695 2038 878 2071 Wurmius
901 2036 1034 2080 (Philol.
1052 2037 1270 2072 Schneidew.
1288 2038 1382 2079 vul,
1406 2047 1443 2081 p.
1461 2039 1556 2081 364„
1582 2039 1715 2073 delevit
1728 2040 1915 2075 Acidalius.
1936 2060 1973 2066 —

187 2098 218 2130 7.
244 2096 377 2130 mulieri
397 2096 548 2128 helulatu
568 2096 602 2129 M
627 2114 662 2119 —
689 2095 722 2128 8.
745 2093 859 2137 ficibus
881 2096 913 2128 M
937 2112 974 2117 —
1001 2095 1055 2127 Η.
1079 2103 1226 2128 cesarem
1248 2096 1281 2128 M
1308 2114 1344 2119 —
1374 2096 1426 2128 ⁴3.
1450 2096 1579 2137 fedaret
1600 2098 1634 2130 M
1659 2115 1695 2120 -
1723 2098 1776 2130 45.
1799 2095 1920 2139 suiima
1940 2099 1976 2132 M

190 2172 225 2178 -
252 2154 304 2186 ⁴7.
326 2151 445 2195 filiam]
468 2153 564 2185 iliam
585 2152 619 2185 M
644 2169 680 2174 —
707 2151 760 2184 48.
781 2149 917 2192 ficantes
939 2150 974 2184 M
999 2168 1031 2174 —
1059 2150 1260 2191 relinqueret
1281 2152 1334 2184 M:
1360 2152 1585 2193 relinquerent
1606 2151 1674 2186 alii.
1694 2170 1729 2176 -—
1757 2153 1810 2187 49.
1835 2155 1977 2188 seniores

186 2208 382 2243 Acidalius:
406 2210 534 2242 seniore
555 2208 606 2247 M;
631 2208 741 2241 senior
763 2207 820 2240 ed.
846 2206 1032 2249 Spirensis.
1061 2223 1095 2228 -
1122 2206 1177 2240 20.
1201 2208 1402 2249 extiquntur
1425 2208 1498 2250 (sic)
1522 2210 1566 2243 Μ.

185 2354 295 2394 nexa,
319 2351 587 2393 Bezzenberger
600 2351 783 2392 inexpleta,
807 2348 984 2383 Acidalius
1001 2357 1057 2381 or·
1105 2349 1216 2384 Plauti
1238 2349 1377 2392 liberis,
1404 2360 1557 2393 quorum
1573 2353 1707 2386 mentio
1723 2355 1778 2386 est
1795 2353 1919 2393 lts59.
1937 2372 1973 2378 —

187 2405 263 2435 tum
275 2404 415 2445 putaret
427 2411 470 2434 ex
481 2401 719 2444 praecedente
732 2400 890 2442 amplexa
901 2401 937 2432 et
951 2399 1054 2440 longe
1100 2402 1260 2442 proxime
1292 2401 1490 2443 libertatem]
1530 2414 1547 2431 α
1558 2404 1813 2437 convenienter
1845 2405 1978 2437 homini

187 2452 282 2486 aliud
312 2452 396 2493 quid
427 2461 447 2484 a
470 2452 589 2485 Tacito
619 2452 791 2493 scriptum
815 2459 907 2484 esse.
944 2450 1056 2482 Erne-

188 2504 276 2536 stius
299 2501 413 2535 attulit
428 2502 499 2535 Cic.
518 2502 619 2534 Tusc.
634 2503 667 2541 5,
686 2502 699 2533 4
716 2510 724 2532 2
750 2500 930 2543 anyer-ibus
944 2503 975 2532 et
988 2509 1058 2532 mo-

188 2553 289 2586 lestiis
303 2553 475 2593 implicati.
500 2551 607 2584 Addit
622 2550 826 2584 Oberlinus:
854 2549 1057 2583 «Ciceronis

188 2602 288 2636 locus
316 2610 402 2634 sane
432 2601 514 2634 huic
537 2599 677 2642 vulgato
704 2600 808 2633 favet.
845 2601 918 2632 Nec
941 2598 1059 2632 obstat

171 2657 256 2687 'vox
284 2655 363 2687 soni
396 2652 519 2687 similis
549 2661 673 2686 versus
707 2651 974 2694 praecedentis;
1006 2651 1058 2684 sic

188 2703 294 2747 paulo
323 2705 403 2746 post
426 2704 532 2736 etiam
554 2711 718 2745 egressus,
752 2711 884 2744 eqressa
913 2702 1058 2744 propius

189 2763 271 2788 sese
287 2754 525 2795 contingunt.»
542 2770 578 2776 -
597 2752 774 2794 quondam]
789 2753 904 2794 primo
919 2753 1059 2794 imperii

189 2804 266 2836 eius
281 2811 386 2842 anno,
400 2812 431 2834 a.
447 2811 482 2835 u.
496 2802 560 2835 808
574 2802 638 2843 (⁴3,
656 2803 721 2844 Η).
738 2820 772 2825 -
788 2803 918 2835 dederet
931 2801 1058 2844 liberto]

190 2853 461 2886 ciceronianum
484 2854 555 2890 est,
587 2852 656 2884 boc
679 2854 750 2892 est,
778 2853 813 2884 in
836 2851 952 2884 liberti
976 2860 1058 2893 gra-

189 2904 274 2935 tiam
291 2902 547 2935 condemnaret
569 2903 756 2935 insontem.
781 2903 883 2935 Rosc.
902 2903 1020 2934 Amer.
1038 2901 1058 2934 3

190 2956 226 2985 et
248 2951 349 2991 alibi;
381 2953 520 2985 Tacitus
544 2952 672 2984 iterum
695 2961 726 2984 c.
749 2952 803 2985 20.
828 2952 909 2984 Eun.
938 2969 973 2974 —
1002 2952 1058 2984 in-

188 3002 339 3047 mobilem
362 3001 517 3042 precibus
544 3005 575 3034 et
599 3002 745 3034 invidiae
766 3001 878 3043 iuxta]
909 3001 1057 3043 perinde

190 3050 410 3085 immobilem
432 3051 604 3085 adversus
628 3059 754 3093 preces
769 3053 876 3092 atque
892 3050 1058 3083 invidiam

190 3101 244 3134 vel
280 3101 424 3140 odium,
469 3101 564 3142 quod
602 3100 735 3134 Pollitta
770 3101 802 3133 ei
837 3100 1056 3133 conciliabat.

190 3153 317 3185 Amant
347 3153 467 3183 autem
497 3151 612 3183 Livius
643 3153 678 3183 et
707 3151 844 3183 Tacitus
872 3151 973 3183 iuxta
994 3159 1059 3192 pro

191 3210 312 3241 aeque,
333 3200 482 3241 perinde.
508 3199 559 3233 Cf.
585 3201 618 3240 4,
644 3199 696 3233 48.
721 3201 754 3239 2,
774 3200 828 3232 56.
854 3199 887 3239 4,
905 3200 959 3232 59.
984 3201 1056 3233 Liv.

192 3251 224 3290 9,
250 3251 303 3283 43.
330 3251 384 3289 23,
409 3251 464 3283 28.

238 3301 291 3333 ⁴⁴.
315 3302 365 3334 uti
386 3299 586 3341 necessitate]
611 3301 762 3332 mortem
786 3301 970 3342 oppetere.
1006 3300 1060 3332 Si-

194 3349 322 3384 militer
337 3351 369 3391 6,
387 3350 449 3384 48:
474 3351 665 3383 documento
687 3351 857 3391 sequentia
873 3353 970 3383 erum
984 3350 1062 3383 bene

193 3399 391 3437 Arruntem
404 3403 511 3439 morte
527 3408 635 3434 usiam.
659 3418 690 3423 —
710 3399 890 3443 nepotibus]
914 3399 1062 3435 Rubellii

1107 2449 1253 2490 libero»,
1279 2453 1450 2492 quantum
1472 2452 1607 2486 scilicet
1630 2455 1715 2486 tunc
1732 2453 1810 2486 fieri
1827 2455 1975 2495 poterat.

1110 2517 1145 2523 —
1164 2501 1340 2533 novissimo
1363 2503 1507 2543 servitio]
1531 2502 1650 2536 servili
1672 2504 1708 2536 in
1730 2504 1807 2545 ipsa
1831 2503 1978 2538 demum

1108 2552 1223 2584 morte
1247 2553 1340 2584 actu.
1366 2553 1422 2585 Sic
1439 2553 1492 2592 44,
1510 2552 1549 2585 3:
1575 2557 1706 2586 tantum
1728 2554 1777 2586 illi
1793 2555 1981 2587 securitatis

1108 2602 1306 2634 novissimae
1325 2602 1403 2643 fuit.
1430 2620 1466 2625 —
1499 2603 1718 2645 relinqueret]
1747 2603 1823 2637 scil.
1847 2605 1976 2637 anima.

1110 2652 1240 2684 Omnes
1264 2651 1409 2692 quidem
1432 2652 1673 2694 precabantur
1690 2653 1823 2686 labenti
1839 2654 1978 2687 animae

1110 2700 1264 2734 celerem
1295 2703 1445 2741 exitum,
1477 2702 1552 2736 scil.
1583 2704 1736 2746 quisque
1770 2713 1870 2744 suae,
1907 2713 1979 2737 non

1109 2753 1228 2784 tamen
1261 2761 1304 2784 eo
1332 2752 1495 2793 consilio,
1528 2755 1568 2786 ut
1590 2762 1715 2787 omnes
1738 2753 1981 2796 relinquerent

1109 2810 1193 2835 suos
1217 2802 1445 2844 superstites,
1470 2803 1534 2836 sed
1551 2805 1590 2836 ut
1605 2804 1756 2845 quisque
1773 2812 1857 2837 suos
1871 2803 1980 2836 relin-

1109 2853 1246 2892 queret.
1294 2852 1384 2884 Nam
1419 2852 1450 2885 si
1485 2861 1611 2886 omnes
1640 2853 1866 2895 reliquissent
1895 2861 1980 2886 suos

1109 2901 1330 2942 superstites,
1355 2910 1461 2934 nemo
1476 2904 1658 2944 superstes
1676 2903 1810 2936 suisset.
1834 2904 1978 2936 witra.
2004 2915 2006 2917 ·

1113 2968 1149 2974 —
1172 2951 1317 2983 seniores
1340 2952 1455 2992 prius,
1488 2955 1561 2984 tum
1587 2953 1642 2986 cui
1665 2954 1780 2993 prima
1802 2951 1907 2994 aetas]
1940 2953 1982 2986 Ut

1108 2999 1213 3042 paulo
1243 3003 1323 3033 ante
1347 3010 1390 3034 ex
1413 3011 1482 3034 una
1507 3003 1606 3044 parte
1628 3002 1733 3035 vidua
1757 3002 1979 3042 adolescens,

1110 3059 1153 3083 ex
1176 3050 1285 3083 altera
1312 3053 1415 3093 pater
1445 3053 1481 3085 et
1510 3053 1588 3084 avia
1617 3054 1896 3094 componuntur,
1928 3052 1981 3084 sic

1110 3109 1204 3133 nunc
1221 3109 1363 3143 quoque
1379 3102 1535 3144 primum
1551 3102 1596 3135 de
1611 3101 1751 3134 duobus
1766 3100 1978 3141 senioribus.

1110 3151 1186 3182 tum
1216 3150 1261 3183 de
1293 3160 1356 3192 ea,
1392 3152 1448 3184 cui
1483 3152 1598 3194 prima
1626 3153 1743 3191 aetas,
1777 3151 1978 3192 exponitur.

1109 3200 1224 3232 Pn'ma
1252 3204 1346 3233 aetas
1372 3201 1546 3234 Polluciae
1573 3200 1737 3233 tribuitur
1759 3201 1979 3243 compositae

1111 3258 1195 3282 cum
1218 3252 1317 3292 patre
1341 3252 1377 3284 et
1400 3252 1488 3283 avia.
1515 3252 1648 3283 errssii.
1674 3268 1710 3273 —
1732 3251 1882 3283 accusati
1903 3253 1980 3291 post

1110 3301 1327 3346 sepulturam]
1358 3302 1489 3334 Eorum
1519 3302 1673 3334 mortem
1697 3301 1793 3333 enim
1815 3308 1854 3333 se
1877 3300 1979 3342 igno-

1111 3359 1190 3384 rare
1207 3350 1397 3384 simulabat
1411 3353 1515 3384 Nem.
1533 3369 1577 3375 —
1590 3360 1683 3384 more
1695 3349 1874 3393 maiorum]
1890 3350 1978 3383 Vide

1111 3400 1158 3435 ad
1179 3402 1213 3443 2,
1237 3401 1292 3435 32.
1321 3419 1357 3426 —
1385 3405 1526 3435 mortem
1546 3403 1617 3436 sine
1638 3401 1778 3445 arbitro]
1807 3399 1902 3436 nullo
1924 3401 1979 3434 in-
