2254 3770
285 322 369 368 242

286 430 418 483 Dinis,
441 438 668 489 provectus
689 439 863 477 senecta
882 439 925 477 et
943 433 1069 492 longo
1091 448 1172 478 usu
1192 435 1278 478 vim
1293 441 1421 493 atque
1438 435 1706 480 clementiam
1722 438 1953 481 Romanam
1967 436 2073 481 edo-

286 512 396 559 ctus,
428 508 630 565 ponenda
659 522 794 560 arma,
826 524 958 553 unum
989 509 1168 554 adflictis
1198 510 1241 553 id
1271 510 1511 554 remedium
1537 511 1787 563 disserebat,
1819 512 2071 570 primusque

285 595 333 626 se
361 596 459 627 cum
489 583 669 641 coniuge
699 590 741 628 et
769 583 916 628 liberis
936 586 1083 630 victori
1117 586 1318 644 permisit.
1351 587 1485 630 secuti
1508 593 1644 631 aetate
1666 594 1739 631 aut
1759 601 1866 632 sexu
1885 586 2072 632 inbecilli

284 663 326 701 et
362 658 520 716 quibus
559 659 695 703 maior
733 660 844 704 vitae
880 674 1009 719 quam
1050 661 1212 719 gloriae
1242 661 1414 719 cupido.
1464 668 1506 705 at
1535 663 1732 706 iuventus
1763 664 1936 707 Tarsam
1965 663 2074 706 inter

250 739 327 777 zet
363 734 556 778 Turesim
594 734 921 780 distrahebatur.
971 737 1140 794 utrique
1182 736 1437 781 destinatum
1477 751 1575 781 cum
1611 737 1807 782 libertate
1847 737 2070 782 occidere:

282 809 362 853 sed
392 811 520 854 Tarsa
548 825 784 868 properum
811 811 962 862 finem,
1004 812 1322 870 abrumpendas
1361 813 1520 870 pariter
1548 827 1648 871 spes
1677 827 1729 858 ac
1757 820 1896 858 metus
1927 812 2073 858 clami-

281 890 393 937 tanS,
434 885 553 930 dedit
582 886 825 945 exemplum
855 887 1044 931 demisso
1074 888 1116 931 in
1146 895 1297 946 pectus
1328 888 1453 932 ferro.
1498 902 1580 933 nec
1609 888 1784 933 defuere
1813 889 1887 947 qui
1917 888 2074 933 eodem

280 960 410 1004 modo
442 968 708 1019 oppeterent.
741 963 912 1007 Turesis
943 977 1022 1008 sua
1051 977 1149 1008 cum
1178 978 1307 1007 manu
1337 971 1505 1008 noctem
1526 965 1758 1022 opperitur,
1787 963 1905 1008 haud
1924 964 2072 1008 nescio

280 1036 392 1081 duce
434 1043 594 1082 nostro.
640 1039 767 1097 igitur
805 1038 994 1084 firmatae
1035 1040 1240 1083 stationes
1270 1039 1544 1083 densioribus
1580 1039 1734 1098 globis.
1778 1046 1822 1084 et
1850 1039 2074 1097 ingruebat

229 1125 265 1156 ιο
278 1126 364 1156 nox
401 1113 546 1157 nimbo
589 1119 727 1167 atrox,
772 1114 995 1173 hostisque
1033 1114 1220 1159 clamore
1251 1114 1439 1165 turbido,
1480 1114 1610 1159 modo
1639 1129 1719 1173 per
1746 1121 1913 1159 vastum
1943 1114 2073 1159 silen-

276 1188 401 1241 tium,
433 1189 620 1234 incertos
652 1190 906 1234 obsessores
938 1190 1155 1241 effecerat,
1199 1205 1296 1235 cum
1327 1190 1511 1234 Sabinus
1542 1190 1785 1242 circumire,
1828 1190 1987 1234 hortari
2016 1203 2071 1235 ne

276 1264 332 1309 ad
362 1264 564 1323 ambigua
593 1266 757 1310 sonitus
788 1273 860 1310 aut
890 1266 1203 1310 simulationem
1233 1266 1389 1325 quietis
1420 1279 1566 1310 casum
1603 1266 1899 1310 insidiantibus
1929 1265 2072 1324 aperi-

275 1346 391 1393 rent,
432 1341 511 1385 sed
549 1355 629 1385 sua
668 1342 854 1400 quisque
895 1342 1040 1385 munia
1069 1348 1290 1386 servarent
1321 1341 1481 1385 immoti
1515 1341 1699 1400 telisque
1730 1356 1816 1385 non
1846 1342 1890 1385 in
1919 1340 2071 1385 falsum

274 1416 410 1461 iactis.
457 1416 538 1474 (54)
569 1417 733 1462 interea
763 1417 935 1462 barbari
964 1418 1147 1462 catervis
1169 1417 1449 1461 decurrentes
1479 1431 1591 1462 nunc
1618 1418 1662 1460 in
1681 1417 1838 1461 vallum
1858 1416 2072 1461 manualia

223 1502 262 1534 45
274 1507 397 1546 saxa,
436 1500 661 1552 praeustas
692 1494 843 1547 sudes,
887 1494 1033 1538 decisa
1063 1493 1221 1537 robora
1249 1493 1414 1544 iacere,
1446 1507 1560 1537 nune
1588 1492 1780 1551 virgultis
1811 1499 1854 1537 et
1884 1492 2071 1538 cratibus

275 1575 318 1613 et
355 1569 610 1627 corporibus
650 1570 857 1615 exanimis
897 1569 1115 1627 complere
1155 1568 1310 1621 fossas,
1358 1569 1533 1627 quidam
1562 1568 1703 1627 pontis
1733 1575 1776 1613 et
1805 1568 1944 1613 scalas
1973 1574 2070 1614 ante

274 1645 465 1690 fabricati
507 1646 666 1706 inferre
695 1645 1030 1705 propugnaculis
1062 1658 1201 1703 eaque
1238 1658 1487 1702 prensaref
1511 1644 1738 1689 detrahere
1769 1650 1812 1688 et
1840 1643 2070 1688 adversum

273 1722 510 1766 resistentis
542 1722 780 1766 comminus
811 1721 899 1765 niti.
944 1721 1066 1765 miles
1098 1727 1245 1765 contra
1274 1720 1504 1765 deturbare
1533 1720 1648 1772 telis,
1679 1719 1843 1779 pellere
1873 1719 2070 1763 umboni-

272 1796 371 1850 bus,
404 1797 586 1842 muralia
617 1797 717 1856 pila,
751 1803 978 1854 congestas
1008 1796 1199 1854 lapidum
1230 1795 1364 1840 moles
1383 1796 1651 1854 provolvere.
1682 1795 1748 1840 his
1769 1802 1917 1854 partae
1938 1795 2071 1840 victo-

222 1883 260 1915 20
273 1873 364 1917 riae
393 1887 494 1931 spes
525 1880 589 1926 et,
630 1874 666 1917 si
698 1873 871 1925 cedant,
913 1872 1151 1930 insignitius
1181 1872 1406 1930 flagitium,
1439 1872 1520 1916 illis
1550 1878 1740 1916 extrema
1767 1871 1852 1915 iam
1881 1871 1997 1915 salus
2026 1877 2070 1915 et

273 1948 530 1994 adsistentes
560 1948 780 2007 plerisque
811 1954 968 1992 matres
999 1955 1041 1991 et
1069 1948 1274 2005 coniuges
1305 1961 1540 2006 earumque
1575 1948 1759 1992 lamenta
1787 1946 1950 1991 addunt
1977 1947 2069 1991 ani-

271 2038 379 2069 mos.
410 2039 496 2069 nox
524 2024 617 2069 aliis
648 2024 692 2068 in
721 2024 946 2069 audaciam
974 2023 1068 2068 aliis
1098 2024 1153 2068 ad
1179 2023 1447 2068 formidinem
1469 2030 1730 2081 opportuna;
1761 2023 1910 2068 incerti
1940 2023 2066 2075 ictus,

763 327 808 370 P.
841 326 1091 371 CORNELII
1119 328 1290 372 TACITI
1318 329 1587 374 ANNALIUM

337 2159 370 2192 6.
393 2167 576 2200 properum
593 2167 655 2200 per
675 2159 774 2201 finem
796 2159 923 2192 Haase.
952 2177 988 2183 —
1025 2160 1077 2192 44.
1103 2158 1238 2191 absinus
1260 2158 1295 2192 M
1319 2158 1474 2200 (Sabinus
1496 2158 1630 2199 margo)
1658 2174 1695 2180 —
1721 2157 1776 2191 42.
1800 2165 1932 2190 cassum
1953 2165 2008 2199 pr.
2032 2156 2067 2191 M

274 2232 311 2239 —
337 2215 392 2251 47.
417 2225 522 2264 eaque
544 2216 579 2251 Μ
603 2233 640 2239 -
666 2217 847 2250 aduersum
868 2217 920 2251 M:
948 2217 1109 2249 adversus
1130 2215 1246 2258 vulgo.
1275 2233 1311 2239 —
1337 2215 1391 2249 22.
1417 2218 1584 2256 oportuna
1606 2214 1651 2248 M.

1196 2337 1323 2362 xorum
1354 2337 1421 2361 usu
1451 2328 1487 2361 in
1518 2336 1558 2360 re
1581 2326 1721 2360 militari
1745 2326 1789 2360 cs.
1814 2327 1936 2369 Veget.
1961 2326 2001 2368 4,
2025 2327 2066 2361 8:

1197 2388 1289 2411 saxa
1311 2378 1457 2411 rotunda
1480 2378 1519 2410 de
1539 2378 1652 2420 fluviis
1665 2393 1685 2399 -
1698 2394 1717 2401 -
1733 2377 1977 2419 diligentissime
1997 2376 2068 2410 col·-

1197 2429 1368 2471 liquntur;
1392 2446 1440 2452 --
1462 2428 1604 2460 minima
1626 2427 1672 2460 ad
1692 2427 1816 2469 fundas
1837 2427 1906 2460 sive
1925 2426 2068 2468 fustibu-

271 2329 385 2371 accipi
414 2330 543 2371 potest.
586 2329 648 2362 Est
678 2330 784 2371 igitur
812 2330 1003 2363 admonitio
1034 2328 1146 2370 negli-

271 2381 396 2420 genter
419 2380 591 2422 concepta
616 2380 651 2412 et
675 2389 719 2412 ex
741 2381 900 2422 margine
925 2380 1056 2413 codicis
1076 2376 1146 2426 ἀρ-

269 2424 438 2468 χετύπου
465 2438 654 2472 perperam
677 2430 714 2463 in
731 2432 937 2464 contextum
951 2430 1145 2464 verborum

269 2477 375 2512 illata.
401 2480 537 2512 Binan.

313 2529 367 2561 50.
393 2538 470 2561 cum
484 2530 635 2563 libertate
651 2530 808 2573 occidere]
827 2531 876 2564 Cf.
895 2532 932 2571 2,
953 2532 1012 2564 ⁴5:
1039 2533 1147 2564 tenere

269 2578 454 2612 libertatem
484 2583 544 2613 aut
572 2581 660 2613 mori
686 2584 764 2614 ante
786 2582 969 2613 servitium.
998 2598 1034 2605 -
1060 2589 1146 2621 pro-

265 2637 386 2670 perum
416 2629 532 2672 finem]
569 2629 644 2663 scil.
679 2630 894 2664 sumendum
918 2629 973 2663 vel
999 2629 1146 2671 diligen-

270 2678 374 2719 dum,
399 2679 428 2712 si
452 2679 599 2721 quidem
621 2680 742 2713 verbis
766 2679 908 2723 explere
932 2682 1145 2713 sententiam

268 2728 452 2769 volumus;
479 2730 639 2762 ceterum
662 2739 751 2763 voce
776 2731 892 2772 potius
915 2731 951 2763 et
973 2731 1146 2763 recitatio-

268 2777 323 2811 nis
353 2780 429 2811 arte
459 2778 539 2811 talia
570 2779 777 2813 illustranda
809 2782 911 2820 sunt;
948 2781 988 2812 ut
1017 2782 1050 2821 4,
1081 2780 1142 2813 35:

267 2828 455 2861 mederetur
475 2829 586 2870 fessis,
611 2838 676 2862 neu
697 2834 838 2862 mortem
860 2830 896 2862 in
918 2830 1034 2863 iisdem
1055 2830 1145 2862 labo-

266 2877 380 2910 ribus!
403 2879 512 2912 Doni).
535 2897 572 2903 -
597 2879 766 2921 stationes]
790 2880 878 2912 Vide
901 2880 946 2912 ad
972 2882 1004 2922 4,
1029 2881 1083 2914 28.
1103 2897 1139 2903 —

267 2937 344 2961 cwm
371 2928 517 2962 Sabinus
546 2930 733 2972 circumire]
769 2929 857 2962 Vide
885 2930 929 2962 ad
954 2931 992 2971 2,
1020 2930 1073 2963 34.
1102 2947 1139 2953 -

267 2987 383 3011 casum
417 2979 652 3012 insidiantibus
688 2975 894 3021 aperirent]
916 2979 1142 3013 occasionem

267 3027 411 3070 darent,
447 3030 488 3062 ut
519 3028 642 3062 hostes
672 3029 788 3070 aliqua
818 3037 1008 3072 erumpere
1032 3038 1141 3063 cona-

265 3080 401 3111 rentur.
433 3078 584 3111 vertunt
606 3078 677 3111 eine
699 3079 809 3111 Blo'sse
830 3078 942 3120 geben.

309 3129 364 3161 54.
389 3127 543 3170 catervis]
567 3129 591 3161 i.
616 3137 651 3170 q.
676 3130 875 3162 catervatim
898 3130 983 3172 (Liv.
1002 3130 1056 3171 23,
1082 3130 1136 3163 27.

266 3176 405 3212 Sallust.
430 3179 503 3220 lug.
530 3177 620 3220 402.)
649 3179 710 3211 aut
735 3187 797 3218 per
823 3182 977 3212 catervas
1000 3181 1043 3222 (2,
1068 3178 1136 3222 45).

265 3227 430 3261 Similiter
453 3229 540 3262 Hist.
565 3227 598 3269 3,
617 3228 659 3262 29
681 3228 794 3261 cuneis
816 3228 901 3261 dixit
924 3238 989 3271 pro
1012 3238 1138 3262 cunea-

264 3277 324 3310 tim
349 3279 462 3320 (Caes.
487 3279 528 3311 B.
554 3279 592 3311 G.
619 3278 653 3320 7,
676 3277 743 3320 28).
772 3295 808 3302 —-
836 3279 1012 3311 manualia
1033 3281 1136 3321 saxa]

264 3335 356 3368 quae
381 3337 489 3362 manu
512 3328 626 3363 teneri
654 3330 715 3361 aut
741 3327 807 3361 iaci
836 3330 1002 3370 possunt,
1028 3329 1137 3362 hand—

263 3376 346 3410 liche
374 3378 495 3412 steine.
540 3379 688 3412 Sisenna
719 3386 777 3421 ap.
801 3378 953 3411 Nonium
980 3388 1015 3421 p.
1049 3379 1132 3413 449:

261 3429 431 3461 manualis
455 3429 580 3470 lapides
602 3429 768 3470 dispertit,
797 3431 976 3469 propterea
998 3430 1085 3471 quod
1106 3430 1135 3462 is

263 3484 347 3521 ager
368 3479 475 3513 omnis
496 3479 567 3515 eins
586 3479 676 3514 modi
698 3479 770 3513 telis
791 3477 968 3520 inclinabat.
1000 3479 1051 3511 De
1075 3487 1134 3512 sa-

1198 2480 1245 2512 los
1267 2479 1319 2512 vel
1340 2478 1493 2511 manibus
1515 2478 1679 2510 iacienda.
1701 2495 1738 2500 —
1760 2480 1941 2518 praeustas
1961 2476 2066 2519 sudes]

1198 2528 1369 2570 Vergilius
1398 2530 1484 2562 Aen.
1511 2529 1543 2569 7,
1569 2527 1652 2561 524:
1684 2528 1760 2560 Non
1786 2528 1858 2560 iam
1886 2528 2069 2561 certamino

1198 2581 1322 2621 agresti
1344 2578 1516 2619 slipitibus
1538 2578 1633 2610 duris
1647 2578 1763 2620 agitur
1775 2577 1948 2610 sudibusve
1961 2585 2067 2618 prae-

1196 2630 1287 2662 ustis.
1317 2646 1352 2652 —
1378 2629 1488 2661 decisa
1508 2627 1642 2670 robora]
1673 2628 1708 2660 in
1731 2626 1892 2668 tumulis,
1917 2626 1962 2660 de
1985 2626 2067 2669 qui-

1196 2680 1264 2712 bus
1281 2688 1312 2712 c.
1330 2678 1385 2712 49.
1402 2695 1438 2701 —
1458 2686 1562 2720 eaque
1578 2676 1752 2719 prensare]
1777 2676 1827 2710 Cf.
1846 2677 1878 2717 4,
1897 2677 1959 2710 68:
1981 2684 2068 2718 pro-

1195 2732 1300 2762 ruunt
1330 2729 1452 2771 fossas,
1488 2729 1628 2761 iniciunt
1660 2729 1787 2767 cram,
1821 2735 1952 2760 summa
1982 2727 2067 2760 valli

1189 2782 1364 2822 prensant.
1391 2795 1427 2801 -
1452 2778 1603 2811 muralia
1619 2776 1704 2819 pila]
1729 2776 1864 2809 maiora
1887 2776 1946 2817 iis,
1972 2785 2065 2818 quae

1195 2832 1229 2863 in
1254 2830 1329 2863 acie
1352 2829 1418 2861 iaci
1442 2828 1622 2869 solebant,
1655 2826 1751 2870 quod
1778 2835 1822 2859 ex
1845 2827 1955 2860 muris
1977 2826 2066 2860 faci-

1195 2879 1261 2914 lius
1284 2879 1495 2913 deiiciuntur
1518 2880 1554 2911 et
1576 2878 1711 2910 maiore
1732 2885 1814 2909 cum
1829 2877 1876 2909 vi.
1903 2877 2005 2910 Caes.
2021 2876 2062 2909 B.

1194 2931 1233 2963 G.
1258 2930 1290 2969 7,
1315 2929 1370 2962 82.
1398 2946 1434 2951 —
1471 2928 1548 2960 aliis
1575 2928 1611 2960 in
1640 2927 1823 2960 audaciam
1852 2926 1929 2958 aliis
1956 2925 2065 2967 adst]

1193 2979 1326 3013 Eadem
1358 2979 1504 3012 variatio
1538 2977 1807 3021 praepositionis
1837 2978 1892 3009 est
1915 2976 2003 3009 Hist.
2026 2975 2061 3016 2,

1191 3028 1255 3063 44:
1280 3030 1326 3062 ad
1346 3029 1437 3061 iram
1458 3028 1590 3069 saepius
1605 3035 1709 3070 quam
1726 3027 1761 3059 in
1776 3026 1987 3068 formidinem
2000 3025 2065 3057 sti-

1190 3078 1419 3112 mutabantur.
1440 3095 1477 3101 —-
1493 3081 1607 3119 sponte
1629 3076 1829 3118 incolarum]
1855 3075 1907 3109 Cf.
1925 3074 1979 3114 43,
1997 3074 2060 3108 39:

1191 3130 1264 3163 alia
1286 3131 1399 3171 sponte
1413 3128 1600 3162 incolarum
1612 3127 1648 3160 in
1663 3126 1860 3160 deditionem
1872 3124 2060 3158 veniebant.

1233 3181 1288 3213 52.
1319 3183 1484 3213 commota
1502 3178 1664 3220 principis
1687 3176 1800 3219 domo]
1832 3174 1974 3210 turbata
1994 3183 2062 3218 per

1189 3231 1342 3263 mortem
1364 3230 1469 3263 Drusi
1492 3231 1528 3262 et
1549 3228 1666 3262 Liviae
1690 3225 1903 3260 adulterium
1925 3233 1969 3259 ac
1983 3233 2061 3259 mu-

1188 3282 1248 3313 tua
1280 3280 1372 3313 inter
1395 3279 1488 3312 hanc
1511 3279 1546 3311 et
1567 3277 1795 3320 Agrippinam
1818 3275 1898 3309 odia
1921 3274 2059 3308 discor-

1188 3329 1366 3371 diamque.
1394 3346 1431 3353 —
1461 3328 1604 3362 Claudia
1624 3327 1785 3367 Pulchra,
1811 3324 1948 3358 sobrina
1970 3323 2056 3368 eius]

1188 3380 1263 3419 Quo
1287 3378 1393 3412 modo
1417 3379 1507 3412 haec
1523 3377 1666 3412 Claudia
1682 3376 1892 3418 Agrippinae
1911 3374 2056 3409 sobrina

1187 3429 1302 3469 suerit,
1320 3430 1456 3471 primus
1477 3428 1679 3471 repperisse
1700 3425 1767 3461 sibi
1789 3425 1887 3459 visus
1903 3427 1958 3459 est
1971 3425 2056 3458 Bor-

1185 3479 1329 3521 ghesius
1346 3479 1474 3522 (Giorn.
1491 3477 1619 3513 Arcad-
1635 3477 1731 3520 XVI,
1755 3483 1791 3519 p.
1808 3476 1872 3511 253
1887 3475 1970 3519 sq).
1997 3474 2055 3509 1⁷1-
