2254 3770
309 284 391 328 358
791 286 838 330 P.
868 285 1119 331 CORNELII
1147 284 1318 330 TACITI
1346 285 1614 331 ANNALIUM

311 391 388 437 ctis
418 392 610 450 regibus,
644 391 856 436 Sohaemo
886 397 1016 450 atque
1045 391 1249 450 Agrippa,
1289 391 1538 449 provinciae
1569 392 1720 437 Suriae
1749 392 1917 437 additi·
1939 394 2095 439 Salutis

310 468 536 525 augurium
574 468 765 526 quinque
801 473 843 510 et
881 467 987 510 LXX
1025 467 1146 511 annis
1185 467 1391 510 omissum
1427 467 1563 525 repeti
1593 481 1645 512 ac
1674 467 1830 513 deinde
1860 469 2095 514 continuari

310 543 523 601 placitum.
569 549 610 586 et
646 542 886 600 pomerium
921 541 1040 586 urbis
1078 542 1193 586 auxit
1232 542 1409 594 Caesar,
1448 556 1568 586 more
1601 542 1763 600 prisco,
1809 558 1896 602 quo
1936 544 1987 588 iis
2021 544 2097 603 qui

310 617 527 676 protulere
561 617 789 675 imperium
824 617 954 661 etiam
991 618 1194 662 terminos
1229 617 1348 660 urbis
1386 631 1624 675 propagare
1655 618 1791 663 datur.
1838 633 1919 664 nec
1958 626 2098 664 tamen

278 707 297 737 5
311 693 445 737 duces
469 693 664 745 Romani,
699 707 961 751 quamquam
983 693 1148 751 magnis
1170 693 1412 736 nationibus
1434 693 1642 745 subactis,
1671 701 1994 752 usurpaverant,
2017 694 2098 739 nisi

310 769 354 812 L.
386 768 503 812 Sulla
541 774 583 811 et
617 767 740 811 divus
780 770 1006 826 Augustus.
1063 769 1144 826 (24)
1175 782 1327 825 regum
1358 767 1401 811 in
1431 782 1484 812 eo
1515 768 1688 813 ambitio
1718 769 1786 813 vel
1817 769 1952 828 gloria
1979 769 2099 815 varie

309 844 490 902 vulgata.
536 843 613 887 sed
650 843 826 887 initium
857 843 1091 896 condendi,
1134 850 1175 887 et
1214 843 1331 902 quod
1368 843 1610 902 pomerium
1645 844 1849 889 Romulus
1888 846 2098 903 posuerit,

310 933 492 964 noscere
532 918 647 963 haud
686 918 923 962 absurdum
958 926 1070 963 reor.
1116 919 1244 982 igitur
1279 933 1304 963 a
1338 918 1430 963 foro
1466 919 1635 972 boario,
1682 920 1755 964 ubi
1786 934 1963 965 aereum
1991 921 2100 965 tauri

310 995 586 1040 simulacrum
614 994 866 1053 aspicimus,
900 994 1002 1053 quia
1031 994 1073 1038 id
1105 1008 1241 1052 genus
1272 994 1516 1038 animalium
1545 1001 1686 1039 aratro
1707 995 1925 1049 subditur,
1957 996 2101 1042 sulcus

375 1142 408 1175 4.
432 1141 560 1174 schemo
583 1141 617 1174 M
642 1158 675 1163 —
704 1140 737 1174 2.
763 1140 914 1183 auquriu
934 1140 969 1174 M
987 1158 1023 1163 —
1049 1140 1135 1173 LXX
1154 1141 1326 1174 Ritterus:
1353 1141 1413 1174 XX
1424 1142 1458 1175 M
1475 1159 1511 1165 —
1538 1142 1569 1176 3.
1589 1150 1654 1183 quo
1677 1142 1706 1175 is
1727 1143 1761 1177 M
1782 1160 1827 1166 —
1848 1143 1882 1176 5.
1907 1151 2102 1185 quanquam

308 1199 343 1232 M
368 1215 404 1221 —
431 1198 463 1231 6.
487 1197 564 1230 silla
586 1198 620 1232 M
647 1217 682 1222 -
707 1201 845 1240 eaustus
866 1207 921 1241 pr.
946 1199 981 1233 M
1007 1215 1042 1222 —
1067 1198 1099 1232 8.
1124 1199 1241 1232 roario
1263 1199 1296 1233 M
1321 1199 1370 1242 (bo
1396 1200 1544 1242 margo).

308 1319 542 1363 βουλεύουσι
562 1319 619 1382 μὴ
636 1321 815 1366 ἐκδημεῖν
831 1318 904 1365 ε’ξω
921 1321 990 1367 τῆς
1007 1319 1179 1366 Ἰταλίας,

308 1371 358 1407 ἂν
387 1371 443 1417 μὴ
474 1370 592 1415 αὐτός
617 1383 690 1407 τινι
712 1371 874 1432 κελεύσῃ
899 1370 926 1418 ἢ
948 1375 1013 1408 καὶ
1037 1374 1182 1422 ἐπιτρέ-

308 1430 390 1471 ψῃ’
416 1425 481 1457 καὶ
497 1422 612 1456 τοῦτο
628 1425 693 1457 καὶ
715 1423 827 1471 δεῦρο
843 1421 902 1457 ἀεὶ
919 1422 1179 1465 φυλάσσεται·

310 1472 408 1518 πλὴν
436 1474 510 1521 γὰρ
540 1470 600 1507 ὃτι
628 1471 669 1516 ’ἐς
698 1485 738 1508 τε
763 1473 834 1518 τὴν
856 1474 1032 1509 Σικελίαν
1055 1477 1119 1508 καὶ
1143 1475 1182 1517 ἐς

309 1523 379 1568 τὴν
408 1524 596 1558 Γαλατίαν
627 1522 697 1568 τὴν
728 1527 812 1572 περὶ
837 1523 1035 1583 Νάρβωνα
1065 1522 1182 1560 οἰδα-

309 1574 410 1620 μόσε
440 1572 582 1609 α’λλοσε
611 1574 799 1635 βουλευτῇ
824 1572 1079 1620 ἀποδημῆσαι
1099 1572 1182 1619 ἑξε-

311 1637 411 1661 στιν·
444 1627 569 1660 ἐκεῖσε
595 1624 668 1674 γὰρ
694 1626 756 1660 διά
779 1637 819 1660 τε
842 1625 886 1660 τὸ
911 1625 1094 1672 σύνεγγυς
1117 1628 1182 1661 καὶ

310 1675 373 1710 διὰ
403 1674 448 1710 τὸ
478 1672 626 1710 αόπλον
653 1675 698 1710 τό
729 1687 769 1710 τε
800 1678 994 1737 εἰρηναῐον
1017 1676 1092 1710 τῶν
1116 1674 1183 1710 ἇν-

311 1725 475 1775 θρώπων
509 1725 659 1760 δεὸοται
692 1730 774 1769 τοῖς
802 1738 843 1772 γε
871 1738 908 1760 τι
933 1729 1183 1771 κεκτημένοις

312 1776 452 1812 αὐτόθι
474 1779 539 1811 καὶ
545 1774 654 1828 ἄνευ
671 1775 956 1839 παραιτήσεως,
982 1775 1120 1819 ὁσάκις
1135 1775 1183 1811 ἂν

312 1808 570 1873 ἐθελήσωσιν,
595 1825 760 1863 ἀπιέναι.
788 1830 838 1863 Cf.
858 1830 911 1871 60
930 1830 984 1863 25.
1003 1848 1039 1854 -
1058 1830 1184 1862 Sohae-

311 1881 382 1922 mo]
415 1881 479 1913 Dio
503 1881 548 1913 de
574 1880 728 1923 Caligula
751 1881 806 1920 59,
832 1881 890 1913 42.
925 1881 1083 1925 Σοαίμῳ
1113 1878 1184 1924 τὴν

312 1929 386 1964 τῶν
411 1926 603 1977 Ἰτυραίων
631 1929 705 1963 τῶν
732 1926 900 1977 Ἀράβων
923 1927 1067 1977 ἀρχήν,
1099 1937 1183 1975 ψη-

313 1981 533 2024 φισαμένης
555 1978 602 2024 δὴ
627 1979 695 2024 τῆς
717 1979 883 2023 βουλῆς,
909 1980 1129 2028 ἐχαρίσατο.
1145 2000 1180 2005 -

311 2031 473 2074 Agrippa]
491 2033 542 2064 De
560 2031 708 2064 Herodis
725 2031 899 2073 Agrippae
916 2032 949 2070 I,
972 2031 1184 2064 ludaeorum

311 2083 425 2124 regis,
459 2083 572 2115 morte
597 2091 628 2114 a.
655 2091 689 2114 u.
716 2082 778 2113 797
804 2082 895 2124 (post
919 2082 1002 2115 Chr.
1026 2081 1079 2123 44)
1103 2082 1184 2114 vide

312 2132 504 2174 Iosephum
527 2132 605 2165 Ant.
632 2132 685 2171 49,
711 2131 750 2171 8,
768 2132 800 2164 2.
826 2132 901 2164 Act.
927 2133 1047 2173 Apost.
1071 2133 1124 2171 44,
1142 2132 1178 2164 24

313 2192 414 2224 seqq.
435 2183 553 2214 Exstat
569 2182 644 2214 eius
662 2190 828 2214 nummus
846 2190 928 2214 cum
944 2182 1182 2224 inscriptione:

313 2231 552 2266 ΒΑΣΙΛΕΥΣ
582 2231 745 2265 ΜΕΓΑΣ
773 2231 1019 2265 ΑΓΡΙΠΠΑΣ
1049 2232 1186 2265 ΦΙΛΟ-

314 2282 564 2316 ΚΛΑΤΔΙΟΣ.
589 2284 747 2316 Visconti
764 2284 914 2325 [conoyr.
932 2293 984 2325 qr.
1003 2284 1059 2323 ΙΙΙ,
1078 2292 1111 2325 p.
1129 2284 1183 2316 27.

315 2335 397 2367 Eius
414 2333 516 2374 filius,
543 2333 701 2366 Herodes
717 2333 868 2375 Agrippa
889 2334 936 2373 11,
963 2333 1091 2366 deinde
1108 2334 1188 2375 post

315 2385 430 2427 patrui
455 2384 625 2423 Herodis,
660 2384 850 2416 Berenices
874 2384 1007 2423 mariti,
1034 2384 1186 2416 mortem

317 2433 521 2467 Chalcidem
538 2443 579 2466 ac
595 2435 719 2475 postea
737 2434 976 2472 tetrarchiam,
995 2442 1087 2474 quae
1105 2433 1187 2465 olim

316 2484 429 2517 fuerat
463 2482 627 2525 Philippi,
665 2483 832 2522 obtinuitss.
869 2483 954 2516 obiit
982 2484 1012 2516 is
1041 2483 1187 2516 demum

316 2534 454 2567 Traiani
477 2534 700 2575 imperatoris
717 2543 809 2567 anno
827 2534 927 2567 tertio
946 2534 988 2576 (a.
1007 2534 1087 2575 post
1103 2533 1184 2566 Chr.

318 2583 405 2626 400).
440 2583 491 2617 Cf.
523 2582 687 2616 Noldium
718 2584 762 2617 de
786 2585 855 2617 vita
879 2585 914 2616 et
945 2584 1051 2624 gestis
1076 2583 1189 2615 Hero-

317 2636 404 2669 dum
436 2635 471 2667 in
502 2634 619 2667 Crenii
648 2635 745 2667 Fasc.
772 2635 827 2667 111.
868 2634 1069 2666 Exercitatt.
1103 2631 1185 2675 phil.

317 2687 398 2719 hist.
426 2684 534 2725 Lugd.
558 2685 633 2717 Bat.
661 2685 745 2717 4699
770 2693 803 2726 p.
830 2683 893 2716 425
917 2693 1018 2725 seqq.
1047 2702 1083 2707 —
1105 2692 1190 2723 pro-

317 2736 448 2769 vinciae
471 2735 593 2767 Suriae
616 2735 736 2777 additi]
768 2734 896 2767 Iudaea
925 2735 1045 2776 Syriae
1071 2733 1189 2766 addita

320 2788 374 2820 est
395 2786 466 2818 iam
483 2794 514 2818 a.
534 2785 596 2817 759
621 2785 779 2826 principe
800 2786 974 2826 Augusto;
1001 2793 1034 2817 v.
1055 2784 1117 2816 Dio
1133 2784 1187 2823 55,

319 2837 374 2869 27.
399 2835 539 2877 loseph.
565 2836 617 2875 47,
645 2835 697 2875 43,
724 2836 743 2867 2
768 2837 802 2867 et
825 2836 856 2867 5.
885 2834 938 2874 48,
965 2835 995 2873 4,
1022 2835 1052 2866 4.
1086 2834 1189 2866 Gaius

321 2888 440 2920 autem
454 2886 585 2919 Caesar
600 2885 785 2927 Agrippae,
802 2884 870 2917 filio
887 2883 1086 2925 Aristobuli‚
1102 2883 1190 2917 duas

321 2938 356 2970 in
379 2936 510 2970 Iudaea
533 2935 741 2968 tetrarchias
766 2937 801 2967 et
823 2936 915 2977 regis
932 2943 1062 2968 nomen
1079 2934 1191 2967 dona-

322 2989 370 3021 vit
400 2986 557 3030 (Ioseph.
585 2986 643 3025 48,
673 2986 705 3025 6,
731 2986 771 3018 40
797 2986 832 3018 et
856 2986 908 3018 44.
945 2986 1008 3018 Dio
1034 2985 1088 3024 59,
1114 2986 1188 3026 42);

323 3037 488 3072 Claudius
512 3035 630 3069 eidem
653 3043 757 3067 omne
782 3035 855 3067 fere
877 3044 1024 3076 regnum
1044 3034 1191 3068 Herodis

323 3088 438 3129 Magni
455 3085 631 3119 concessit
648 3084 797 3126 (Ioseph.
818 3084 871 3124 49,
886 3086 918 3124 5,
934 3085 977 3128 4).
996 3084 1056 3117 Illo
1072 3085 1192 3127 Agrip-

324 3148 368 3181 pa
385 3139 524 3171 mortuo
547 3138 618 3170 iam
634 3136 763 3169 iterum
779 3134 898 3167 Iudaei
916 3137 1114 3177 provinciae
1130 3136 1193 3176 Sy-

324 3189 396 3221 riae
415 3187 522 3220 additi
538 3188 638 3220 sunt:
663 3185 706 3219 cf.
726 3185 864 3226 loseph.
884 3186 938 3225 49,
957 3186 988 3225 9,
1009 3187 1038 3218 4.
1058 3187 1095 3219 B.
1114 3185 1189 3218 lud.

323 3240 362 3279 2,
388 3240 441 3278 44,
467 3238 499 3270 6.
526 3239 657 3270 nir-ran.
682 3235 820 3268 Tacitus
850 3235 935 3268 Hist.
961 3236 993 3274 5,
1020 3236 1057 3268 9:
1091 3236 1194 3269 Clau-

326 3290 399 3322 dius
421 3288 582 3329 defunctis
603 3286 734 3329 reyibus
756 3287 817 3317 aut
839 3285 883 3317 ad
904 3286 1068 3317 modicum
1090 3286 1193 3317 redu-

326 3339 385 3371 ctis
418 3339 577 3371 Iudaeam
605 3335 815 3378 provinciam
847 3334 1009 3376 equitibus
1038 3336 1194 3368 Romanis

328 3392 388 3421 aut
421 3389 543 3421 libertis
571 3387 733 3428 permisit.
765 3403 801 3409 —
838 3385 964 3417 Salutis
997 3385 1189 3427 auyurium]

328 3438 391 3471 Dio
408 3437 461 3478 37,
484 3437 545 3471 24:
571 3434 666 3470 Τότε
688 3435 729 3469 δὲ
753 3435 793 3469 οἱ
807 3430 992 3478 Ῥωμαῖοι
1015 3432 1191 3477 πολέμων

1233 1321 1452 1358 ἀνάπαυσιν
1479 1322 1548 1358 τὸν
1577 1322 1714 1359 λοιπὸν
1735 1324 1804 1365 τοῦ
1828 1335 1939 1369 ετους
1960 1323 2104 1386 χρόνον

1233 1370 1370 1416 ἔσχον,
1403 1370 1502 1408 ὡστε
1524 1376 1588 1408 καὶ
1611 1372 1656 1408 τὸ
1685 1372 1925 1420 οἰώνισμα
1952 1374 1998 1410 τὸ
2019 1375 2105 1421 τῆς

1233 1424 1412 1472 ὑγιείας
1443 1423 1723 1472 ὠνομασμένον
1748 1425 1811 1462 διὰ
1834 1426 1934 1463 πάνυ
1958 1427 2102 1463 πολλου

1233 1477 1405 1522 ποιῆσαι.
1442 1477 1554 1511 τοῦτο
1584 1477 1625 1512 δὲ
1657 1480 1839 1522 μαντείας
1871 1489 1929 1520 τις
1961 1477 2106 1526 τρίπος

1232 1528 1314 1562 ἐστὶ
1338 1530 1464 1562 πίστιν
1486 1525 1572 1561 τινὰ
1594 1524 1715 1569 ἔχων,
1745 1530 1781 1562 εἰ
1802 1528 1991 1589 ἐπιτρέπει
2012 1530 2105 1571 σφί-

1233 1589 1295 1611 σιν
1318 1574 1340 1611 ὅ
1363 1576 1455 1620 θεὸς
1478 1575 1621 1623 ὑγίειαν
1644 1577 1695 1623 τῷ
1717 1577 1827 1624 δήμῳ
1851 1577 2028 1623 αἰτῆσαι·
2052 1576 2105 1621 ὥς

1233 1625 1307 1668 οὐχ
1331 1624 1443 1662 ὅσιον
1467 1626 1557 1662 οὐδὲ
1579 1627 1732 1672 αιτησιν
1755 1626 1876 1672 αὐτῆς
1898 1630 1986 1676 πρὶν
2008 1639 2105 1674 συγ-

1231 1677 1460 1740 χωρηύίἧναι
1497 1680 1688 1732 γενέσθαι.
1728 1681 1794 1713 καὶ
1831 1679 1995 1714 ἐτελεῖτο
2023 1679 2104 1714 κατ

1231 1727 1318 1772 ε’τος
1348 1727 1372 1774 ἡ
1405 1726 1548 1775 ἡμέρα,
1585 1729 1625 1764 ἐν
1654 1730 1679 1777 ᾖ
1703 1729 1824 1774 μηδὲν
1847 1727 2105 1787 στρατόπεδον

1232 1778 1330 1823 μήτε
1353 1780 1415 1813 επὶ,
1439 1778 1608 1823 πόλεμον
1631 1778 1753 1827 εξηει,
1782 1779 1871 1824 μηδ’
1903 1776 2105 1827 ἀντιπαρε-

1232 1829 1390 1864 τάττετό
1412 1841 1469 1873 τις
1489 1830 1588 1875 μηδὲ
1611 1830 1790 1875 ἐμάχετο.
1816 1831 1881 1865 καὶ
1904 1828 1967 1864 διὰ
1987 1829 2104 1864 τοῦτο

1234 1881 1274 1915 ἐν
1307 1883 1389 1923 τοῖς
1424 1883 1610 1921 συνεχέσι
1637 1880 1827 1923 κινδύνοις
1849 1882 1913 1915 καὶ
1935 1880 2106 1925 μάλιστα

1234 1934 1317 1973 τοῖς
1339 1931 1543 1975 ἐμφυλίοις
1567 1928 1639 1966 οὐκ
1662 1931 1839 1966 ἐποιεῖτο.
1860 1949 1896 1955 -
1916 1933 2061 1974 quinquo
2074 1935 2106 1966 et

1234 1984 1321 2016 LXX
1340 1984 1437 2016 aunis
1460 1983 1624 2025 omissum]
1650 1982 1776 2016 Salutis
1801 1983 1985 2024 augurium
2004 1991 2105 2016 sum-

1235 2035 1335 2076 ptum
1365 2034 1459 2073 erat,
1493 2034 1557 2067 sed
1587 2028 1818 2066 addubitatum
1848 2033 1885 2075 (i.
1912 2042 1944 2065 e.
1970 2033 2105 2075 imper-

1234 2083 1383 2124 fectum,
1409 2079 1454 2116 οὐ
1479 2080 1688 2129 καθαρόν),
1713 2082 1858 2116 consule
1883 2083 2054 2115 Cicerone
2070 2091 2103 2115 a.

1234 2142 1270 2165 u.
1297 2133 1372 2172 694,
1398 2133 1479 2166 dein
1502 2134 1692 2175 repetitum
1716 2133 1875 2175 principe
1890 2133 2048 2174 Augusto
2071 2140 2103 2164 a.

1235 2183 1312 2224 725,
1344 2184 1419 2216 tum
1452 2183 1622 2216 omissum
1647 2192 1760 2226 usque
1784 2182 1830 2215 ad
1853 2182 1949 2215 hunc
1972 2190 2105 2215 annum

1236 2232 1280 2265 ab
1297 2232 1388 2265 urbe
1411 2233 1493 2266 802:
1520 2234 1592 2266 Cic.
1611 2233 1654 2266 de
1671 2233 1820 2265 Divinat.
1840 2233 1871 2271 4,
1889 2231 1942 2265 47.
1968 2232 2032 2264 Dio
2049 2231 2103 2271 37,

1235 2283 1290 2316 24.
1315 2284 1370 2323 54,
1395 2283 1449 2316 20.
1475 2284 1618 2316 Sueton.
1644 2285 1731 2324 Aug.
1758 2283 1811 2315 34.
1838 2284 1912 2315 Iam
1934 2282 2026 2315 inter
2040 2290 2106 2314 an-

1236 2342 1323 2366 num
1346 2334 1410 2366 725
1434 2334 1470 2366 et
1500 2335 1591 2366 inter
1613 2334 1676 2367 802
1702 2333 1807 2366 medii
1829 2333 2002 2366 interiecti
2025 2333 2108 2366 sunt

1237 2384 1317 2417 anni
1341 2384 1395 2421 76,
1421 2385 1457 2416 et
1472 2384 1613 2417 Tacitus
1636 2392 1707 2416 uno
1726 2384 1904 2426 discrepat
1927 2383 1971 2415 ab
1995 2390 2107 2415 anno-

1237 2443 1317 2466 rum
1347 2442 1514 2473 numero,
1547 2434 1608 2475 qui
1637 2443 1680 2466 ex
1710 2434 1829 2467 Dionis
1859 2433 1936 2466 loco
1961 2433 2027 2476 (54,
2051 2431 2105 2474 20)

1238 2493 1321 2517 cum
1343 2485 1411 2516 hoc
1434 2485 1556 2517 nostro
1580 2485 1785 2526 comparato
1809 2483 2006 2516 conficitur.
2036 2482 2105 2516 Sed

1238 2534 1333 2567 idem
1364 2534 1583 2577 discreparet
1610 2535 1691 2566 totis
1726 2534 1827 2567 annis
1855 2533 2105 2575 quinquaginta

1239 2587 1274 2617 et
1297 2584 1463 2626 amplius,
1489 2585 1518 2617 si
1541 2583 1703 2617 librarius
1726 2585 1871 2625 quinque
1892 2583 2107 2616 etEt-ecte

1239 2635 1450 2676 scripsisset.
1478 2634 1515 2667 [d
1537 2643 1623 2666 vero
1649 2642 1754 2666 secus
1777 2635 1842 2666 est.
1878 2634 1967 2666 Nam
1989 2634 2019 2666 si
2042 2641 2108 2676 per

1240 2685 1396 2726 quinque
1421 2685 1457 2716 et
1479 2684 1598 2725 viginti
1622 2692 1734 2716 annos
1757 2685 1838 2715 ante
1862 2683 1958 2715 hunc
1985 2691 2017 2715 a.
2042 2683 2107 2716 802

1240 2734 1361 2767 salutis
1385 2734 1570 2775 augurium
1593 2734 1763 2766 omissum
1787 2734 1880 2773 erat,
1905 2734 2049 2775 captum
2071 2732 2107 2765 id

1241 2785 1295 2817 est
1311 2792 1403 2816 anno
1419 2783 1496 2823 776,
1514 2784 1552 2816 C.
1571 2783 1690 2816 Asinio
1707 2784 1742 2816 et
1758 2783 1795 2816 C.
1814 2783 1961 2816 Antistio
1977 2791 2109 2815 consu-

1239 2833 1350 2874 libus,
1375 2833 1531 2875 principe
1556 2833 1705 2866 Tiberio.
1733 2833 1836 2874 Atqui
1859 2833 1894 2865 in
1917 2833 2005 2865 actis
2024 2832 2108 2865 anni

1240 2882 1328 2916 illius
1352 2883 1491 2915 Tacitus
1516 2882 1559 2924 (4,
1582 2883 1699 2923 4-46)
1724 2882 1806 2915 nihil
1830 2882 1875 2915 de
1898 2881 2020 2916 salutis
2042 2890 2109 2914 au-

1240 2933 1338 2975 gurio
1362 2931 1513 2972 rettulit,
1538 2941 1755 2974 quamquam
1772 2941 1815 2965 ea
1829 2941 1887 2966 res
1903 2932 2006 2974 digna
2021 2940 2109 2974 prae

1241 2983 1369 3016 ceteris
1393 2983 1485 3022 erat,
1511 2990 1602 3024 quae
1625 2982 1661 3015 in
1684 2981 1867 3015 annalibus
1885 2989 2108 3016 commemo-

1240 3035 1390 3072 raretur,
1416 3041 1532 3074 neque
1556 3031 1751 3074 quidquam
1774 3032 1819 3066 de
1849 3031 1979 3065 eodem
2001 3040 2109 3072 argu-

1241 3085 1362 3116 mento
1385 3082 1478 3125 apud
1497 3082 1603 3115 alium
1619 3083 1828 3125 scriptorem
1843 3081 2003 3124 legimus.
2027 3082 2108 3114 Ru·-

1241 3143 1313 3166 rnn.
1332 3152 1368 3157 —
1383 3133 1569 3175 pomerium
1589 3133 1680 3165 urbis
1694 3132 1809 3175 auxit]
1834 3132 1943 3174 quue
1959 3132 2109 3164 testatur

1240 3182 1329 3226 lapis
1353 3185 1484 3217 Romae
1508 3185 1683 3225 repertus.
1708 3184 1838 3215 Inscrr.
1862 3182 1950 3214 Latt.
1969 3190 2003 3214 n.
2021 3181 2105 3214 7⁴0:

1243 3234 1292 3266 TI.
1329 3233 1547 3267 CLAVDIVS.
1582 3233 1722 3266 DRVSI.
1754 3233 1791 3265 F.
1825 3231 1982 3265 GAISAR.
2007 3230 2104 3264 AVG.

1242 3284 1519 3318 GERMANICVS
1534 3284 1652 3316 PONT.
1665 3283 1768 3317 ΜΔΧ.
1783 3282 1887 3314 TRIB.
1902 3281 1990 3315 POT.
2008 3281 2105 3315 V1111.

1240 3335 1326 3367 [ΜΡ.
1344 3335 1427 3367 XVI.
1446 3334 1534 3366 COS.
1551 3334 1624 3366 1111.
1649 3331 1824 3366 CENSOR.
1842 3332 1877 3364 P.
1895 3332 1928 3364 P.
1946 3331 2106 3365 AVCTIS.

1240 3385 1397 3417 POPVLI.
1424 3384 1599 3417 ROMANI.
1619 3382 1789 3416 FINIBVS
1812 3382 1888 3424 (per
1909 3381 2106 3424 triumphos

1241 3443 1260 3467 e
1277 3433 1477 3474 Britannia).
1502 3433 1737 3466 POMERIVM.
1753 3431 1989 3465 AMPLIAAIT.
2009 3431 2108 3464 TER-
