2254 3770
230 263 313 307 206
718 265 761 307 P.
795 262 1046 307 CORNELII
1076 263 1247 307 TACITI
1278 262 1547 307 ANNALIUM

228 370 437 428 principia
468 371 683 429 legionum
714 370 885 413 sineret.
932 369 986 426 (3)
1018 376 1210 414 ceterum
1239 369 1365 427 plena
1397 371 1629 415 Caesarum
1661 371 1826 422 domus,
1858 372 2024 416 iuvenis

228 445 357 497 filius,
394 453 573 504 nepotes
604 445 733 489 adulti
764 459 928 488 moram
960 445 1113 502 cupitis
1144 444 1410 495 adferebant,
1443 446 1543 504 quia
1575 446 1616 489 vi
1647 453 1706 490 tot
1735 447 1860 491 simul
1891 448 2026 492 corri-

228 535 333 578 pere
365 522 555 572 intutum‚
588 520 712 564 dolus
743 519 963 563 intervalla
989 520 1202 564 scelerum
1222 520 1444 578 poscebat.
1478 521 1637 579 placuit
1657 529 1797 566 tamen
1819 522 2026 567 occultior

228 597 297 639 via
334 603 376 640 et
414 611 437 639 a
475 597 616 639 Druso
656 596 866 653 incipere,
911 595 948 637 in
988 609 1117 652 quem
1155 597 1315 639 recenti
1348 597 1409 639 ira
1439 596 1669 640 serebatur.
1715 612 1813 641 nam
1846 599 2023 648 Drusus,

198 671 441 729 binpatiens
461 671 616 715 aemuli
639 678 681 714 et
710 671 852 714 animo
883 671 1146 722 commotior,
1180 678 1273 714 orto
1304 671 1411 715 forte
1442 672 1579 730 iurgio
1610 673 1849 717 intenderat
1869 674 2025 717 Seiano

230 761 380 790 manus
396 754 437 791 et
454 754 599 790 contra
617 746 831 790 tendentis
848 760 896 790 os
912 746 1227 790 verberaverat.
1254 747 1379 804 igitur
1395 754 1547 791 cuncta
1564 749 1782 806 temptanti
1796 749 2027 807 promptis-

229 822 384 865 simum
414 822 553 865 visum
584 821 636 864 ad
668 835 848 864 uxorem
878 822 971 864 eius
1002 821 1161 865 Liviam
1189 829 1460 875 convertere;
1492 837 1605 881 quae
1626 838 1751 867 soror
1771 824 2024 874 Germanici,

228 898 389 941 formae
411 897 528 940 initio
559 897 709 940 aetatis
740 896 982 947 indecorae,
1014 911 1114 940 mox
1143 897 1459 954 pulchritudine
1491 898 1791 956 praecellebat.
1825 899 1947 950 hanc,
1980 906 2027 943 ut

230 987 376 1017 amore
408 974 622 1022 incensus,
657 972 866 1016 adulterio
897 971 1088 1029 pellexit;
1120 979 1162 1016 et
1190 980 1420 1031 postquam
1451 974 1575 1031 primi
1605 973 1751 1031 flagitii
1782 975 1940 1032 potitus
1961 982 2028 1020 est

178 1051 216 1084 ¹¹0
231 1051 387 1106 (neque
418 1049 574 1091 femina
604 1049 760 1091 amissa
791 1048 994 1106 pudicitia
1025 1047 1103 1091 alia
1133 1048 1355 1105 abnuerit),
1388 1048 1443 1091 ad
1466 1050 1650 1106 coniugii
1681 1064 1815 1108 spem,
1848 1065 2026 1095 consor-

228 1126 332 1168 tiur'n
363 1125 482 1182 regni
514 1132 556 1168 et
586 1138 738 1168 necem
768 1124 905 1166 mariti
938 1123 1112 1181 impulit.
1154 1130 1283 1181 atque
1313 1123 1395 1173 illa,
1428 1124 1496 1167 cui
1528 1125 1765 1169 avunculus
1796 1128 2022 1184 Augustus,

228 1214 353 1244 socer
373 1199 580 1248 Tiberius,
613 1213 666 1243 ex
685 1200 826 1242 Druso
857 1197 993 1249 liberi,
1026 1213 1162 1256 seque
1193 1213 1244 1242 ac
1274 1199 1459 1242 maiores
1482 1206 1525 1242 et
1552 1206 1751 1257 posteros
1782 1201 2025 1259 municipali

228 1276 423 1320 adultero
461 1274 677 1325 foedabat,
719 1281 765 1317 ut
799 1288 878 1332 pro
914 1273 1105 1317 honestis
1136 1281 1178 1317 et
1212 1274 1512 1332 praesentibus
1547 1274 1756 1332 flagitiosa
1786 1282 1830 1320 et
1867 1277 2028 1320 incerta

228 1357 509 1409 exspectaret.
545 1351 726 1394 sumitur
753 1350 794 1391 in
816 1349 1120 1392 conscientiam
1143 1349 1373 1398 EudemuS,
1400 1350 1563 1393 amicus
1584 1364 1635 1394 ac
1656 1351 1849 1394 medicus
1867 1352 2025 1404 Liviae,

177 1429 213 1459 ¹¹5
228 1428 374 1485 specie
406 1427 508 1470 artis
538 1426 742 1484 frequens
772 1424 963 1468 secretis.
1007 1423 1125 1482 pellit
1154 1424 1282 1468 domo
1305 1425 1486 1469 Seianus
1518 1439 1694 1469 uxorem
1721 1427 1951 1484 Apicatam,
1974 1441 2028 1471 ex

229 1517 314 1561 qua
347 1511 431 1546 tres
462 1501 621 1545 liberos
653 1506 870 1558 genuerat,
902 1513 957 1542 ne
988 1499 1140 1557 paelici
1172 1507 1504 1558 suspectaretur.
1545 1501 1622 1545 sed
1655 1502 1900 1560 magnitudo
1925 1502 2028 1547 saci-

228 1579 345 1622 noris
376 1584 548 1628 metum,
580 1575 852 1634 prolationes,
885 1575 1056 1618 diversa
1087 1575 1298 1619 interdum
1330 1576 1505 1620 consilia
1535 1576 1767 1621 adferebat.

342 1654 394 1711 (4)
427 1652 599 1696 Interim
629 1652 726 1695 anni
758 1650 968 1708 principio
990 1652 1156 1694 Drusus
1186 1665 1239 1694 ex
1260 1651 1499 1696 Germanici
1530 1651 1682 1696 liberis·
1700 1659 1841 1711 togam
1860 1653 2026 1698 virilem

294 1802 326 1835 2.
350 1799 478 1842 nepotis
499 1809 553 1842 pr.
572 1800 605 1833 M
631 1817 667 1823 —-
693 1799 775 1838 quia
797 1796 1018 1840 Nipperdey:
1046 1799 1077 1829 et
1099 1797 1179 1838 quia
1201 1798 1246 1838 M,
1271 1798 1311 1830 ut
1330 1797 1442 1830 verba
1466 1798 1560 1831 dolus
1580 1799 1763 1831 intervalla
1780 1799 1935 1840 poscebat
1956 1801 2028 1833 sint

228 1857 395 1900 apodosis
418 1856 463 1889 ad
487 1856 643 1898 protasio
667 1855 748 1896 quia
768 1854 802 1886 vi
825 1857 848 1887 t.
873 1863 899 1886 ε.
925 1862 953 1886 c.
979 1854 1140 1893 intutum3
1166 1855 1202 1886 at
1225 1853 1292 1886 hoc
1315 1853 1519 1887 membrum
1543 1855 1688 1888 minime
1711 1854 1855 1889 alterius
1879 1864 2025 1890 causam

228 1914 378 1955 indicat,
404 1913 468 1946 sed
491 1913 683 1952 utrumque
708 1919 853 1943 causam
876 1909 1071 1942 verborum
1093 1918 1227 1942 moram
1249 1910 1370 1950 cupitis
1391 1910 1597 1952 adferebant.
1617 1927 1652 1933 -
1670 1913 1842 1952 corpipere
1863 1921 1918 1954 pr.
1936 1913 1970 1946 M
1985 1930 2022 1936 -

228 1972 260 2004 3.
280 1971 459 2004 occultiore
480 1970 647 2003 Ritterus.
671 1986 709 1992 —
735 1969 767 2001 ὅ.
785 1967 957 2008 inpaciens
978 1967 1012 2000 M
1030 1985 1066 1990 —
1091 1967 1239 1999 seseiano
1264 1967 1388 2009 (prima
1412 1966 1549 2009 syllaba
1573 1968 1713 2010 punctis
1737 1968 1865 2010 notata)
1884 1969 1918 2002 M
1936 1987 1971 1993 —
1991 1969 2024 2002 9.

229 2028 274 2060 ad
289 2028 492 2060 adulterium
509 2024 723 2068 Nipperdey.
735 2041 773 2048 —
788 2025 841 2057 43.
854 2023 1003 2066 foedebal
1018 2024 1051 2057 M
1075 2040 1112 2047 —
1132 2024 1186 2056 45.
1204 2024 1319 2056 domos
1332 2033 1387 2067 pr.
1406 2025 1438 2058 M
1457 2040 1492 2047 —
1513 2025 1566 2057 46.
1581 2024 1704 2065 paelici
1718 2025 1770 2058 M:
1781 2025 1895 2066 pellici
1907 2023 2023 2067 vulgo.

273 2153 305 2186 3.
327 2153 430 2194 plena
452 2151 634 2184 Caesarum
657 2148 783 2191 domus]
808 2148 986 2190 Significat
1008 2150 1102 2182 Dru-

230 2213 310 2238 sum
346 2205 382 2236 et
414 2203 518 2235 huius
553 2202 660 2243 atque
695 2201 895 2233 Germanici
928 2199 1029 2233 filios.
1063 2219 1098 2223 —

229 2253 414 2296 corripere]
451 2250 595 2293 aggredi
620 2252 654 2283 et
678 2250 722 2282 de
747 2250 866 2282 medio
890 2249 1032 2290 tollere,
1063 2252 1102 2282 ut

230 2305 284 2344 44,
309 2304 341 2336 8.
366 2320 410 2325 —
443 2299 638 2341 intervalla]
664 2299 708 2332 ad
732 2299 959 2332 devitandam
983 2301 1102 2342 suspi-

230 2355 382 2393 cionem,
401 2360 483 2384 cum
500 2353 551 2383 tot
565 2352 736 2384 Caesares
752 2351 785 2383 ei
803 2350 954 2383 necandi
968 2353 1100 2384 essent.

233 2422 269 2427 —
294 2403 419 2443 tamen]
453 2401 614 2443 quamvis
638 2399 785 2441 longior.
814 2418 850 2423 —
876 2401 989 2432 animo
1011 2410 1103 2433 com-

229 2452 361 2494 motior]
387 2451 438 2484 Cf.
467 2452 498 2491 4,
523 2450 576 2483 33.
604 2450 635 2490 6,
654 2449 707 2482 45.
729 2468 765 2473 -
791 2453 910 2482 contra
932 2451 1101 2492 tendentis]

230 2505 316 2536 item
339 2510 467 2534 manus
482 2502 596 2533 Druso
621 2500 838 2532 intentantis.
865 2500 940 2532 Hoc
955 2501 1000 2532 ita
1019 2510 1103 2533 nar-

231 2554 286 2585 rat
314 2552 378 2585 Dio
408 2551 463 2591 57,
489 2551 549 2583 22:
591 2545 612 2581 ὁ
646 2546 815 2592 Σηὶᾱνὸς
848 2546 896 2582 τά
929 2559 969 2582 τε
1002 2545 1103 2584 ἄλλα

232 2597 445 2649 ὑπέρογκος
469 2593 517 2642 ἦν
532 2599 598 2632 καὶ
612 2598 722 2640 τέλος
738 2600 802 2632 καὶ
819 2598 880 2632 ἐπὶ
895 2597 964 2632 τὸν
979 2599 1102 2647 Δροῦ-

231 2661 303 2684 σον
330 2648 513 2698 ἐτράπετο
536 2650 602 2682 καί
628 2658 721 2681 ποτε
743 2646 817 2691 πὺξ
840 2644 943 2693 occup
964 2649 1100 2684 ἐνέτει-

230 2712 306 2735 νεν.
333 2719 369 2725 -
395 2701 540 2741 Liviam]
565 2700 616 2733 Cf.
642 2700 681 2739 2,
706 2699 759 2732 43.
786 2699 841 2733 84.
870 2717 907 2724 -
939 2701 1103 2736 adulterio

226 2751 374 2794 pellexit]
398 2751 537 2794 poetica
561 2750 823 2782 constructione
847 2750 868 2782 i.
888 2759 922 2792 q.
940 2752 986 2783 ad
1003 2753 1103 2786 adul-

231 2804 351 2836 terium
378 2810 415 2842 p.
454 2800 504 2834 Cf.
537 2799 666 2842 Vergil.
699 2799 771 2833 Ecl.
797 2801 834 2840 2,
870 2800 931 2832 30:
969 2811 1104 2845 preqem

230 2854 332 2886 viridi
355 2851 546 2892 compellere
567 2850 700 2882 hibisco.
728 2868 764 2873 --
790 2850 990 2893 avunculus]
1023 2862 1102 2886 ma-

232 2912 319 2945 gnus
352 2903 374 2936 i.
401 2911 434 2935 e.
460 2901 558 2933 aviae
583 2900 701 2933 frater.
734 2900 822 2933 Vide
847 2900 893 2933 ad
916 2902 955 2941 2,
981 2902 1035 2936 43.
1063 2921 1100 2927 —

231 2953 427 2994 municipali
449 2950 616 2991 adultero]
650 2951 780 2993 quippe
809 2949 974 2985 Vulsiniis
998 2954 1099 2993 nato;

233 3005 333 3047 quasi
350 3003 461 3042 dicat,
487 3009 531 3033 ne
556 3001 712 3033 Romano
730 3000 887 3041 quidem.
913 3002 962 3033 lta
979 3002 1100 3035 Iuven.

232 3056 270 3095 8,
295 3055 359 3088 238
388 3061 451 3096 per
482 3051 726 3092 contemptum
756 3051 970 3091 municipalis
992 3061 1099 3093 eques.

234 3106 305 3138 Cic.
332 3103 479 3146 Philipp.
505 3101 525 3135 3
548 3100 645 3143 §⁴51
675 3100 794 3140 Videte,
820 3109 921 3140 quam
936 3102 1102 3143 despicia—

231 3164 309 3188 mur
331 3161 460 3193 omnes,
486 3151 543 3192 qui
562 3158 675 3183 sumus
689 3158 706 3182 e
719 3150 918 3190 municipiis.
940 3169 975 3175 —
998 3161 1102 3192 prae-

233 3203 389 3245 sentibus]
422 3202 527 3235 certis
555 3208 597 3232 ac
620 3207 705 3232 mox
729 3200 926 3238 eventuris;
963 3202 1101 3234 certum

234 3254 328 3286 enim
365 3252 442 3284 erat
472 3260 516 3284 ex
545 3247 693 3282 naturali
721 3256 842 3281 rerum
866 3248 1101 3283 humanarum

235 3311 342 3335 cursu
372 3302 525 3334 Drusum
557 3299 665 3341 patris
696 3297 770 3331 fore
795 3305 1043 3330 successorem
1066 3299 1100 3332 in

234 3352 444 3396 principatu.
480 3349 640 3383 Tiberius
663 3350 782 3381 nutem
805 3348 889 3380 tunc
912 3355 1034 3380 senex.
1061 3365 1097 3372 —

234 3401 411 3441 Eudemus]
435 3408 545 3442 quem
567 3400 603 3432 in
622 3397 863 3432 criminatione
879 3396 1101 3430 medicorum

1152 2157 1223 2182 non
1258 2149 1376 2181 omisit
1409 2147 1537 2181 Plinius
1567 2148 1609 2181 29
1644 2148 1750 2191 §202
1785 2149 1860 2181 Iam
1889 2158 1970 2182 vero
1994 2153 2026 2183 et

1152 2199 1319 2231 adulteria
1353 2199 1454 2231 etiam
1486 2199 1521 2230 in
1554 2199 1744 2239 principum
1778 2199 1950 2240 domibus,
1985 2203 2024 2233 ul

1151 2250 1292 2282 Eudemi
1313 2249 1349 2281 in
1370 2249 1468 2281 Livia
1489 2249 1595 2280 Drusi
1618 2249 1781 2282 Caesaris.
1810 2267 1846 2272 —
1870 2249 2026 2291 frequens

1151 2299 1298 2342 secretis]
1333 2299 1463 2341 Accipe
1495 2298 1540 2331 de
1571 2300 1732 2341 tempore
1765 2300 1800 2331 et
1822 2298 1919 2340 loco,
1952 2308 2024 2342 quo

1152 2351 1246 2382 Livia
1274 2351 1350 2383 erat
1379 2348 1470 2389 sola,
1503 2357 1573 2390 quo
1601 2351 1781 2382 secretum
1805 2349 1950 2391 agebat,
1982 2359 2026 2384 ea

1152 2400 1271 2442 specie
1296 2408 1378 2439 usa,
1404 2408 1443 2431 se
1468 2397 1557 2431 velle
1582 2398 1762 2432 medicum
1780 2398 1926 2433 liberius
1942 2409 2026 2434 con-

1151 2449 1281 2484 sulere.
1309 2467 1345 2473 —-
1382 2448 1575 2491 Apicatam]
1611 2457 1702 2490 quae
1727 2458 1760 2482 a.
1785 2449 1848 2483 784
1872 2449 2025 2484 liberum

1151 2508 1299 2533 suorum
1322 2508 1410 2532 nece
1434 2498 1553 2531 audita
1577 2501 1732 2532 mortem
1754 2499 1830 2541 ipsa
1854 2499 1921 2533 sibi
1938 2509 2026 2533 con-

1153 2550 1264 2582 scivit.
1290 2549 1354 2582 Dio
1370 2548 1424 2587 58,
1452 2549 1505 2581 44.
1522 2566 1567 2572 -
1589 2552 1655 2580 tres
1670 2548 1798 2591 liberos]
1817 2547 1869 2581 cf.
1887 2550 1920 2590 ὃ,
1938 2549 1970 2582 8.
1989 2549 2022 2582 9.

1196 2599 1229 2633 4.
1263 2597 1647 2641 quaeque--repetilaJ
1688 2598 1787 2632 Conf.
1816 2598 1848 2638 3,
1879 2599 1933 2632 29.
1969 2598 2024 2632 Ad

1154 2650 1259 2692 Corp.
1297 2651 1407 2682 Inscr.
1444 2650 1502 2681 Gr.
1539 2658 1573 2681 n.
1610 2648 1697 2681 3642
1730 2648 1929 2682 Boeckhius
1969 2650 2025 2681 at-

1152 2698 1231 2732 tulit
1264 2698 1401 2731 titulum
1448 2699 1482 2730 in
1513 2698 1648 2731 Troade
1683 2699 1888 2740 repertum,
1930 2706 2025 2731 nunc

1155 2748 1399 2790 cantabrigiae
1438 2747 1689 2780 adservatum:
1738 2747 1853 2780 Dnvso
1884 2747 2027 2782 casm

1154 2799 1344 2832 Graiumcz
1380 2798 1540 2831 cassam
1572 2806 1661 2830 rato
1698 2796 1746 2829 T1.
1778 2797 1923 2830 Aversu
1957 2806 2025 2831 mt-

1152 2857 1231 2881 Port
1257 2856 1331 2881 1>1r1
1358 2847 1503 2880 Arcvsrr
1523 2854 1709 2880 PRONEPOTI
1736 2854 1904 2879 Pomm-101
1927 2856 1962 2880 o.
1986 2857 2022 2882 ι).

1157 2915 1192 2920 -
1217 2901 1310 2931 velus
1325 2914 1373 2920 —-
1389 2896 1572 2938 consilium]
1610 2895 1696 2928 Vide
1721 2896 1753 2936 4,
1779 2895 1832 2928 47.
1858 2896 1897 2937 3,
1923 2897 1958 2930 34
1988 2899 2025 2930 et

1153 2948 1207 2982 47.
1243 2967 1278 2973 —
1315 2948 1478 2990 refertur]
1513 2948 1705 2990 repetitur,
1741 2950 1948 2986 renovatur.
1983 2951 2024 2982 ut

1154 3000 1271 3032 Horat.
1290 2999 1376 3042 Epp.
1395 2999 1426 3039 4,
1446 2999 1500 3039 47,
1517 2999 1579 3031 55:
1604 2999 1695 3031 Nola
1717 2997 1820 3039 refert
1840 3000 2024 3033 meretricis

1152 3050 1321 3082 acumina.
1341 3066 1378 3072 —
1395 3047 1640 3089 veteranorum]
1666 3046 1796 3089 quibus
1814 3049 2022 3084 missionem

1153 3099 1341 3132 honestam
1364 3099 1439 3141 ipse
1464 3097 1550 3131 dare
1574 3095 1696 3136 vellet,
1722 3105 1766 3129 ne
1783 3096 1933 3130 fortasse
1950 3100 2022 3131 tur-

1151 3148 1220 3181 bae
1244 3148 1290 3181 ab
1314 3149 1355 3182 iis
1378 3148 1565 3180 orirentur.
1594 3165 1630 3171 —
1655 3147 1806 3179 Romana
1827 3148 1939 3188 copia]
1966 3148 2018 3182 Cf.

1151 3200 1190 3240 2,
1208 3200 1269 3232 52:
1294 3199 1459 3240 Mazippa
1482 3198 1544 3231 levi
1567 3206 1643 3230 cum
1660 3196 1769 3238 copia.
1794 3196 1827 3236 4,
1845 3197 1907 3229 27:
1931 3198 2020 3231 clas-

1150 3249 1333 3281 siariorum
1355 3249 1463 3289 copia.
1499 3247 1539 3288 4,
1564 3247 1624 3281 47:
1646 3247 1814 3288 praesenti
1837 3247 1946 3287 copia.
1983 3247 2018 3290 4,

1151 3298 1212 3330 56:
1237 3298 1354 3330 navali
1376 3298 1485 3339 copia.
1513 3315 1549 3320 -
1575 3295 1759 3339 angustius]
1786 3295 1926 3329 Dictum
1948 3297 2020 3330 hoc

1151 3349 1186 3380 in
1217 3347 1354 3380 Traiani
1384 3346 1544 3388 laudem,
1577 3346 1637 3389 qui
1659 3346 1749 3379 fines
1772 3346 1911 3388 imperii
1932 3355 2020 3389 pro-

1151 3398 1273 3431 movit.
1297 3398 1383 3431 Lm.
1418 3397 1469 3430 Cf.
1494 3398 1535 3439 2,
1560 3396 1615 3430 64.
