2254 3770
246 322 328 369 492
731 327 775 370 P.
808 325 1060 371 CORNELII
1089 325 1259 371 TACITI
1289 325 1557 371 ANNALIUM

246 431 419 476 urbium
449 434 783 492 expugnationes
815 432 1032 477 dictitans:
1072 446 1119 477 se
1149 431 1305 476 tributa
1336 446 1387 476 ac
1415 431 1534 490 leges
1564 438 1607 476 et
1634 445 1713 490 pro
1742 430 1895 475 umbra
1924 429 2038 487 regis

247 509 483 553 Romanum
514 510 580 552 ius
610 509 733 553 victis
764 509 1073 567 impositurum.
1119 508 1172 564 (7)
1203 507 1284 551 sub
1315 507 1429 551 idem
1459 513 1628 565 tempus
1658 506 1783 564 legati
1803 505 2037 563 Vologesis,

248 598 359 642 quos
379 583 434 628 ad
455 585 691 643 principem
716 585 870 629 missos
891 584 1136 635 memoravi,
1168 589 1386 627 revertere
1406 583 1531 632 inriti,
1555 581 1800 641 bellumque
1819 580 2040 640 propalam

248 665 466 717 sumptum
495 673 519 703 a
550 660 727 704 Parthis.
775 674 856 704 nec
886 661 1042 704 Paetus
1063 659 1331 710 detrectavit,
1364 658 1441 702 sed
1463 658 1630 702 duabus
1651 657 1902 716 legionibus,
1934 669 2041 714 qua-

216 745 344 780 5rum
373 742 569 794 quartam
598 735 882 779 Funisulanus
909 735 1184 780 Vettonianus
1205 748 1258 778 eo
1279 734 1320 777 in
1342 740 1553 792 tempore,
1586 733 1902 777 duodecumam
1921 730 2043 775 Cala-

248 811 344 855 vius
374 811 558 855 Sabinus
583 811 807 869 regebant,
840 811 1082 855 Armeniam
1103 811 1246 861 intrat,
1278 809 1383 853 tristi
1407 809 1561 853 omine.
1593 823 1691 852 nam
1711 809 1753 851 in
1773 814 2044 865 transgressu

249 887 498 945 Euphratis,
531 900 660 945 quem
691 893 820 945 ponte
849 886 1157 938 tramittebant,
1190 885 1306 929 nulla
1334 885 1476 944 palam
1506 898 1638 929 causa
1666 884 1860 928 turbatus
1891 896 2042 942 equus,

250 963 322 1021 qui
350 961 591 1007 consularia
617 962 798 1020 insignia
819 962 1032 1020 gestabat,
1060 968 1174 1006 retro
1198 962 1355 1014 evasit3
1384 961 1629 1019 hostiaque,
1661 974 1773 1019 quae
1796 958 2046 1002 munieban-

251 1044 336 1090 tur,
368 1037 656 1082 hibernaculis
686 1037 899 1081 adsistens
930 1037 1146 1082 semifacta
1177 1051 1310 1095 opera
1340 1036 1436 1094 fuga
1466 1036 1659 1095 perrupit
1684 1049 1820 1094 seque
1841 1033 1950 1079 vallo
1973 1047 2048 1077 ex-

202 1114 364 1166 notulin
397 1121 440 1158 et
469 1113 555 1172 pila
584 1113 762 1157 militum
792 1127 958 1165 arsere,
992 1113 1127 1171 magis
1157 1112 1311 1171 insigni
1343 1111 1551 1170 prodigio,
1583 1112 1684 1170 quia
1704 1110 1883 1155 Parthus
1912 1108 2047 1153 hostis

251 1189 487 1234 missilibus
524 1189 618 1234 telis
659 1189 862 1233 decertat.
907 1190 959 1245 (8)
991 1195 1182 1232 ceterum
1213 1189 1368 1231 Paetus
1400 1188 1554 1245 spretis
1589 1186 1820 1237 ominibus,
1862 1184 2048 1229 necdum

255 1266 357 1310 satis
387 1265 564 1309 firmatis
595 1264 903 1315 hibernaculis,
948 1263 1064 1308 nullo
1096 1264 1158 1307 rei
1189 1263 1488 1307 frumentariae
1517 1263 1712 1321 provisu,
1746 1261 1856 1319 rapit
1885 1260 2049 1304 exerci-

254 1347 344 1386 tum
382 1347 499 1385 trans
533 1347 722 1385 montem
761 1342 944 1384 Taurum
983 1339 1295 1398 reciperandis,
1340 1345 1386 1382 ut
1415 1338 1595 1390 serebat,
1638 1336 1946 1396 Tigranocertis
1975 1349 2049 1379 va-

256 1417 506 1475 standisque
537 1417 785 1474 regionibus
811 1429 919 1474 quas
943 1414 1129 1460 Corbulo
1161 1415 1348 1473 integras
1370 1414 1597 1458 omisisset.
1629 1420 1671 1457 et
1691 1419 1815 1471 capta
1835 1411 2051 1471 quaedam
2116 1450 2119 1452 .

208 1501 243 1531 ⁴5
257 1492 448 1544 castella,
480 1492 728 1551 gloriaeque
749 1498 791 1536 et
810 1491 998 1549 praedae
1020 1505 1104 1535 non
1127 1490 1225 1534 nihil
1249 1497 1436 1548 partum,
1460 1489 1495 1533 si
1515 1496 1588 1533 aut
1608 1488 1784 1546 gloriam
1804 1502 1902 1533 cum
1921 1486 2050 1531 modo

258 1575 330 1613 aut
359 1568 566 1627 praedam
596 1582 694 1612 cum
725 1581 828 1611 cura
852 1566 1084 1610 habuisset.
1115 1565 1359 1624 longinquis
1381 1564 1604 1608 itineribus
1624 1563 1918 1622 percursando
1940 1577 2052 1622 quae

260 1645 442 1689 obtineri
472 1643 726 1702 nequibant,
769 1649 969 1701 corrupto
1000 1642 1074 1701 qui
1106 1648 1255 1700 captus
1286 1648 1378 1685 erat
1408 1647 1647 1684 commeatu
1679 1646 1722 1684 et
1755 1640 1938 1683 instante
1969 1639 2053 1682 iam

258 1720 420 1772 hieme,
453 1720 623 1764 reduxit
653 1719 888 1763 exercitum
918 1718 1231 1776 conposuitque
1262 1716 1316 1760 ad
1348 1718 1576 1761 Caesarem
1607 1715 1767 1759 litteras
1797 1714 1920 1773 quasi
1952 1727 2054 1758 con-

259 1796 369 1841 fecto
399 1795 533 1848 bello,
565 1795 709 1839 verbis
739 1794 998 1854 magnificis,
1030 1807 1175 1837 rerum
1204 1806 1375 1837 vacuas.

209 1879 246 1909 20
374 1872 426 1929 (9)
459 1872 632 1916 Interim
660 1871 846 1915 Corbulo
877 1883 1110 1928 numquam
1140 1868 1376 1926 neglectam
1405 1867 1629 1926 Euphratis
1660 1866 1798 1924 ripam
1828 1864 2054 1909 crebriori-

262 1947 343 1991 bus
373 1947 599 2006 praesidiis
630 1947 807 1999 insedit;
840 1953 883 1991 et
911 1960 972 1990 nev
995 1945 1114 2004 ponti
1145 1943 1359 1989 iniciendo
1390 1943 1740 2002 impedimentum
1771 1940 1946 1985 hostiles
1966 1946 2056 1983 tur-

262 2037 357 2068 mae
388 2022 588 2067 afferrent
619 2023 718 2080 (iam
748 2023 861 2066 enim
883 2021 1088 2066 subiectis
1108 2020 1271 2078 campis
1293 2033 1444 2076 magna
1465 2019 1611 2076 specie
1634 2016 1889 2073 volitabant),
1925 2028 2056 2059 naves

329 2170 360 2203 4.
384 2169 631 2211 eoepuynatione
654 2169 686 2202 M
712 2185 748 2191 —
774 2168 806 2201 2.
831 2168 993 2213 uolqusis
1015 2168 1049 2201 M
1075 2186 1110 2191 —
1137 2168 1168 2200 6.
1194 2168 1343 2200 cristinae
1367 2174 1450 2199 nam
1471 2165 1505 2198 M
1531 2180 1566 2187 —
1593 2164 1625 2196 7.
1643 2163 1783 2203 eufratis
1805 2163 1838 2196 M
1857 2179 1891 2185 —-
1918 2162 2055 2194 tramit-

263 2226 373 2259 tebant
395 2227 445 2260 M:
472 2225 678 2259 tramittebat
699 2224 765 2258 alii.
797 2243 832 2248 -—
858 2225 890 2258 8.
916 2225 1110 2257 consiliaria
1133 2226 1166 2258 M
1186 2242 1220 2247 —-
1246 2225 1417 2264 hostiaque
1441 2231 1526 2263 quae
1551 2219 1780 2254 Puteolanus:
1806 2219 1892 2251 ostia
1909 2226 2058 2258 quaeque

263 2283 297 2316 M
324 2301 357 2306 —
386 2283 439 2315 Η.
466 2286 611 2329 ceterum
634 2283 666 2315 M
692 2300 728 2306 —
754 2281 941 2315 hominibus
963 2282 996 2315 M
1021 2298 1058 2305 —·
1085 2282 1137 2314 43.
1163 2281 1406 2323 ευρναηοοθνιίε
1428 2280 1461 2313 M
1486 2296 1522 2302 —
1550 2278 1602 2310 ⁴5.
1626 2275 1794 2309 nonnichil
1816 2275 1848 2308 M
1864 2292 1907 2298 —
1924 2274 1975 2306 ⁴6.
1995 2282 2057 2315 quo

264 2341 298 2374 M
323 2358 359 2364 —
394 2341 445 2374 ⁴8.
471 2349 617 2373 cesarem
640 2340 673 2373 M
699 2357 733 2362 —
769 2339 822 2372 49.
847 2339 1043 2382 maqnificas
1066 2339 1213 2382 Lipsius.
1241 2356 1276 2363 —
1309 2339 1363 2371 ΞΟ.
1389 2333 1569 2370 corbulone
1592 2343 1695 2377 quam
1717 2333 1750 2366 M
1775 2349 1810 2355 —
1837 2332 1891 2364 2⁴.
1915 2330 2058 2372 impedi-

263 2400 432 2430 montaum
454 2398 498 2430 M.

309 2522 340 2554 7.
366 2523 562 2565 memoravi]
587 2523 675 2555 Vide
701 2531 732 2555 e.
751 2524 770 2556 5
795 2524 881 2555 extr.
903 2540 936 2545 —
963 2522 1138 2555 Funisula-
1189 2520 1239 2554 Cf.
1267 2530 1326 2553 nn.
1351 2518 1449 2552 5430.
1467 2517 1564 2551 5432.
1586 2534 1621 2540 -
1648 2523 1768 2556 equus,
1793 2514 1850 2555 qui
1873 2523 1901 2546 c.
1920 2514 1982 2546 ins.
2001 2521 2061 2555 90-

266 2581 328 2604 nus
348 2573 569 2615 Vettonianus]
595 2574 694 2606 Hunc
711 2572 858 2606 illustrat
875 2571 992 2606 titulus
1009 2574 1136 2605 Inscrr.
1174 2571 1306 2612 fstabac]
1338 2569 1525 2602 Geminum
1549 2566 1666 2599 locum
1690 2564 1802 2597 habes
1827 2565 1862 2596 in
1886 2562 2061 2596 Plutarchi

269 2623 356 2655 Lau·
382 2632 416 2656 n.
443 2623 523 2656 543⁴
541 2633 547 2654 ³
1190 2622 1318 2654 Crasso
1335 2619 1388 2659 36,
1415 2619 1475 2660 qui
1495 2618 1586 2649 inter
1602 2615 1758 2658 prodigia
1776 2615 1908 2656 pariter
1923 2612 2060 2645 futurae

542 2674 577 2707 L.
602 2673 872 2706 FVNISVLANO
1190 2671 1300 2704 cladis
1324 2671 1375 2703 sic
1399 2669 1537 2701 narrat:
1565 2665 1680 2707 ἵππος
1702 2664 1743 2698 δὲ
1766 2662 1844 2697 τῶν
1859 2672 2062 2710 στρατηγι-

1191 2719 1268 2753 κῶν
1292 2716 1487 2760 ἐπιφανῶς
1510 2716 1802 2759 κεκοσμημένος
1823 2712 1892 2758 βίᾳ
1907 2722 2063 2746 συνεπι-

1192 2770 1346 2812 σπάσας
1369 2767 1436 2802 τὸν
1460 2765 1620 2811 ἡνίοχον
1645 2767 1699 2807 εἰς
1721 2762 1766 2798 τὸ
1788 2761 1943 2811 ῥεῖθρον
1966 2760 2063 2797 ἰπο-

1191 2820 1353 2868 βρύχιος
1382 2816 1595 2863 ἠφανίσθη.
1642 2818 1731 2849 Item
1761 2815 1971 2856 obsequens
2001 2813 2063 2846 ⁴29

1193 2874 1283 2906 inter
1313 2880 1372 2910 ea,
1410 2878 1500 2911 quae
1533 2870 1667 2901 Pansae
1692 2865 1826 2899 consuli
1857 2864 1949 2897 haud
1974 2863 2062 2896 laeta

1194 2922 1405 2955 evenerunt:
1438 2920 1553 2959 Equus
1580 2917 1775 2958 phaleratus
1802 2916 1838 2947 in
1859 2915 1964 2956 ipsius
1984 2923 2066 2946 con—

1193 2976 1306 3013 spectu
1327 2971 1487 3012 festinans
1509 2968 1660 3000 concidit.
1689 2967 1832 3007 Dionys.
1858 2966 1937 2997 Ant.
1964 2965 2062 2996 Rom.

1196 3023 1248 3061 40,
1266 3021 1320 3054 24.
1347 3029 1416 3062 qua
1441 3020 1539 3061 parte
1565 3017 1609 3049 de
1629 3018 1665 3049 L.
1685 3016 1845 3055 Quinctio
1867 3015 1938 3055 agit
1952 3013 2066 3046 dicta-

451 2724 487 2757 L.
513 2724 550 2756 F.
575 2724 660 2756 ANI.
691 2723 958 2756 VETTONIANO

351 2775 454 2807 TRIB.
478 2774 568 2807 MIL.
594 2774 690 2806 LEG.
721 2774 771 2805 VI.
801 2774 900 2806 VICT.
929 2773 1067 2813 OVAES

403 2825 507 2858 Toni.
533 2824 797 2857 PROVINCIAE.
823 2824 1004 2857 SICILIAE

333 2876 436 2909 TRIB.
462 2875 581 2907 PLEB.
608 2874 751 2906 PRAET.
777 2874 874 2907 LEG.
901 2874 997 2906 LEG.
1025 2874 1088 2906 IIII

359 2925 546 2960 SCYTHIC.
572 2925 719 2956 PRAEF.
746 2921 1055 2956 AERAR.‘SATVR

316 2978 372 3010 NI.
400 2974 614 3010 CVRATORI.
647 2974 752 3006 VIAE.
778 2975 996 3007 AEMILIAE.
1024 2973 1102 3007 COS

343 3027 408 3059 VII.
431 3026 508 3058 VIR.
528 3024 771 3057 EPVLONVM.
792 3024 886 3056 LEG.
905 3024 996 3056 PRO.
1015 3025 1077 3055 PR.

346 3075 538 3109 PROVINC.
564 3073 823 3106 DELMATIAE.
850 3074 966 3105 ITEM.
994 3073 1071 3105 PRO

330 3126 437 3159 VINC.
467 3124 726 3158 PANNONIAE.
756 3123 873 3155 ITEM.
906 3123 1098 3155 MOESIAE

398 3175 653 3210 SVPERIORIS.
680 3173 863 3206 DONATO.
891 3173 931 3205 ab
954 3174 1021 3214 imp

507 3234 594 3258 caes.
620 3225 813 3256 domitiam.
839 3231 909 3263 aug]

392 3277 541 3309 BELLO.
566 3274 732 3308 DACICO.
759 3273 950 3306 CORONIS.
977 3274 1038 3304 1111

321 3327 493 3360 MVRALI.
522 3326 707 3359 VALLARI.
735 3323 942 3357 CLASSICA.
967 3324 1105 3355 AVREA

356 3377 512 3410 HASTIS.
538 3376 669 3409 PVRIS.
695 3375 765 3407 IIII.
796 3373 986 3406 VEXILLIS
1007 3374 1071 3405 IIII

618 3424 810 3458 PATRONO

663 3475 705 3508 D.
734 3475 763 3507 D

1194 3074 1269 3104 tore
1294 3072 1363 3103 iam
1389 3069 1516 3102 electo:
1555 3064 1608 3108 ὠς
1636 3065 1677 3099 δὲ
1707 3062 1819 3109 ἐγγὺς
1847 3057 1894 3105 ἦν
1927 3063 2066 3104 ἵππους

1196 3131 1235 3154 τε
1258 3116 1361 3164 αὐτῷ
1386 3117 1576 3164 φαλάροις
1597 3115 1916 3158 κεκοσμημένους
1931 3109 2066 3159 εὐπρε-

1197 3172 1285 3205 πέσι
1320 3168 1536 3217 προσῆγον,
1569 3168 1633 3200 καὶ
1670 3165 1838 3206 πελέκεις
1870 3161 1955 3207 ἅμα
1983 3166 2067 3204 ταῖς

1196 3218 1374 3268 ῥάβδοις,
1410 3215 1579 3260 ἐσθῆτάς
1612 3226 1652 3249 τε
1685 3213 1886 3261 ἁλουργεῖς
1919 3213 1984 3246 καὶ
2019 3209 2066 3245 τὰ

1198 3267 1296 3305 ἄλλα
1319 3267 1552 3315 παράσημα,
1579 3263 1637 3308 οἷς
1660 3263 1843 3312 πρότερον
1860 3262 1882 3306 ἡ
1904 3261 1978 3295 τῶν
1992 3261 2067 3303 βα-

1198 3321 1334 3355 σιλέων
1365 3317 1607 3361 ἐκεκόσμητο
1629 3313 1752 3363 ἀρχή,
1788 3312 2064 3360 προσήνεγκαν.

1199 3374 1239 3406 Ut
1272 3373 1443 3413 appareat
1477 3377 1610 3410 equum
1643 3375 1753 3400 unum
1788 3365 1952 3407 pluresve
1984 3373 2066 3397 cum

1199 3424 1323 3454 ornatu
1347 3420 1589 3462 imperatorio,
1627 3420 1663 3450 et
1691 3414 1886 3454 consulari,
1922 3415 1951 3447 si
1983 3422 2067 3447 eum

1200 3470 1442 3513 magistratum
1458 3469 1527 3501 dux
1545 3467 1724 3509 gessisset,
1750 3474 1770 3498 e
1786 3463 1927 3508 publico
1943 3464 2061 3503 datos;
