2254 3770
755 290 909 336 LIBER
937 291 1001 336 lv.
1047 290 1147 349 Cap.
1177 291 1244 335 53.
1275 290 1439 336 54.‹55.

1897 289 1980 334 245

198 401 304 446 dans
346 400 475 444 nurui
515 412 594 443 sua
638 411 766 443 manu
808 397 993 442 tradidit.
1043 402 1167 441 aucta
1207 411 1260 441 ex
1300 411 1352 442 eo
1393 396 1582 455 suspicio
1621 393 1893 454 Agrippinae,
1941 401 1983 440 et

198 477 351 523 intacta
390 489 465 520 ore
501 475 638 520 servis
673 473 862 518 tramisit.
911 486 992 517 nec
1031 479 1173 517 tamen
1203 473 1357 517 Tiberii
1385 487 1469 517 vox
1508 485 1652 517 coram
1690 477 1856 523 secuta,
1903 470 1982 514 sed

199 552 407 597 obversus
438 551 492 595 ad
524 556 700 595 matrem
729 563 813 594 non
845 549 1001 592 mirum
1029 548 1102 600 ait,
1136 548 1172 591 si
1201 547 1305 606 quid
1338 547 1532 593 severius
1561 547 1603 590 in
1634 560 1730 591 eam
1752 546 1979 597 statuisset,

198 642 223 672 a
252 640 339 686 qua
365 625 560 671 veneficii
591 624 918 669 insimularetur.
950 623 1050 668 inde
1080 637 1226 667 rumor
1254 623 1397 681 parari
1428 622 1622 674 exitium,
1658 635 1800 679 neque
1829 620 1873 664 id
1905 620 1982 664 im-

197 695 446 762 peratorem
467 701 608 760 palam
637 701 816 751 audere,
849 704 1064 744 secretum
1092 698 1146 743 ad
1176 698 1509 757 perpetrandum
1538 697 1700 756 quaeri.

309 778 390 834 (55)
423 776 506 820 Sed
537 776 696 820 Caesar
723 789 809 834 quo
836 775 988 819 famam
1017 780 1242 825 averteret,
1277 773 1430 817 adesse
1451 774 1652 831 frequens
1673 771 1837 816 senatui
1867 771 1984 829 lega-

197 859 349 911 tosque
379 852 523 903 Asiae,
556 851 820 909 ambigentes
850 864 1036 909 quanam
1065 850 1107 893 in
1135 849 1302 894 civitate
1328 848 1532 907 templum
1551 853 1817 899 statueretur,
1849 846 1983 904 pluris

197 942 276 986 per
300 927 392 971 dies
413 927 586 971 audivit.
623 926 824 971 undecim
846 926 977 969 urbes
999 925 1234 977 certabant,
1266 925 1357 982 pari
1380 924 1626 975 ambitione,
1658 922 1820 967 viribus
1842 921 1983 965 diver-

198 1017 285 1047 sae.
325 1016 468 1061 neque
497 1001 676 1045 multum
707 1001 903 1045 distantia
931 1002 1041 1045 inter
1070 1014 1117 1045 se
1147 999 1455 1051 memorabant,
1493 999 1547 1043 de
1566 1003 1777 1043 vetustate
1799 997 1980 1055 generis,

198 1077 340 1122 studio
380 1077 423 1120 in
461 1076 668 1135 populum
708 1078 943 1122 Romanum
981 1090 1061 1135 per
1100 1075 1212 1121 bella
1241 1075 1360 1119 Persi
1391 1081 1433 1119 et
1463 1074 1685 1118 Aristonici
1717 1073 2035 1131 aliorumqueio

198 1167 361 1210 regum.
407 1166 556 1197 verum
591 1153 842 1211 Hypaepeni
885 1151 1168 1210 Trallianique
1205 1150 1456 1195 Laodicenis
1487 1164 1538 1194 ac
1566 1149 1831 1207 Magnetibus
1862 1147 1987 1192 simul

198 1228 384 1272 tramissi
412 1234 460 1271 ut
488 1242 640 1286 parum
668 1227 809 1271 validi.
853 1241 908 1271 ne
937 1226 1114 1271 Ilienses
1145 1226 1339 1285 quidem,
1377 1240 1474 1271 cum
1503 1231 1724 1283 parentem
1754 1224 1874 1268 urbis
1903 1225 1987 1268 Ro-

134 1323 142 1328 ·
201 1317 294 1347 mae
333 1303 498 1347 Troiam
536 1303 762 1353 referrent,
804 1303 883 1346 nisi
914 1302 1174 1361 antiquitatis
1209 1302 1342 1360 gloria
1371 1301 1600 1360 pollebant.
1645 1299 1819 1359 paulum
1850 1299 1988 1343 addu-

199 1379 395 1430 bitatum,
427 1377 544 1437 quod
574 1377 820 1422 Alicarnasii
850 1377 963 1421 mille
994 1383 1036 1421 et
1066 1377 1273 1422 ducentos
1303 1391 1382 1436 per
1412 1390 1545 1421 annos
1567 1376 1682 1420 nullo
1702 1381 1820 1420 motu
1845 1381 1986 1419 terrae

199 1455 415 1498 nutavisse
446 1454 574 1498 sedes
605 1467 705 1497 suas
730 1453 914 1511 vivoque
945 1453 985 1495 in
1017 1467 1120 1496 saxo
1142 1453 1414 1497 fundamenta
1441 1452 1585 1510 templi
1616 1451 2035 1497 adseveraverant.is

198 1521 486 1588 Pergamenos
518 1530 583 1586 (eo
614 1529 707 1586 ipso
737 1528 991 1584 nitebantur)
1023 1528 1130 1572 aede
1161 1530 1349 1588 Augusto
1379 1528 1437 1572 ibi
1468 1528 1548 1572 sita
1568 1528 1670 1571 satis
1692 1527 1871 1586 adeptos
1893 1541 1986 1571 cre-

201 1606 345 1650 ditum.
398 1604 570 1662 Ephesii
609 1604 865 1662 Milesiique,
909 1604 951 1646 hi
980 1603 1201 1662 Apollinis,
1234 1604 1291 1646 illi
1321 1604 1482 1648 Dianae
1513 1603 1772 1648 caerimonia
1801 1616 1987 1661 occupa-

201 1682 315 1725 visse
345 1680 537 1724 civitates
567 1680 658 1723 visi.
700 1679 756 1723 ita
786 1679 1015 1723 Sardianos
1045 1680 1154 1723 inter
1184 1681 1532 1738 Zmyrnaeosque
1562 1679 1854 1723 deliberatum.
1889 1679 1987 1723 Sar-

200 1756 314 1800 diani
353 1755 574 1800 decretum
611 1755 804 1799 Etruriae
849 1755 1085 1799 recitavere
1125 1761 1169 1799 ut
1208 1755 1537 1813 consanguinei:
1582 1768 1680 1798 nam
1721 1755 1988 1814 Tyrrhenum

200 1831 457 1892 Lydumque
486 1832 594 1890 Atye
624 1845 727 1888 rege
757 1831 923 1888 genitos
955 1830 1011 1874 ob
1041 1830 1355 1875 multitudinem
1375 1831 1573 1876 divisisse
1593 1836 1784 1889 gentem3
1816 1830 1986 1891 Lydum
1998 1845 2036 1877 20

201 1907 348 1965 patriis
379 1907 420 1950 in
450 1906 576 1950 terris
605 1906 845 1957 resedisse,
877 1906 1096 1965 Tyrrheno
1127 1906 1274 1950 datum
1302 1921 1435 1951 novas
1464 1913 1511 1950 ut
1541 1907 1747 1951 conderet
1767 1907 1911 1961 sedes;
1945 1913 1988 1952 et

267 2041 297 2073 i.
315 2048 378 2072 sua
399 2039 611 2072 Rhenanus:
636 2048 716 2072 suae
737 2040 771 2073 M
787 2057 822 2062 —
842 2039 873 2073 3.
893 2040 965 2081 quit
986 2041 1020 2074 M
1038 2058 1073 2064 -
1099 2040 1132 2073 4.
1149 2041 1308 2083 ueneficia
1330 2049 1384 2082 pr.
1402 2040 1437 2074 M
1455 2058 1491 2064 —
1515 2040 1547 2073 5.
1565 2040 1622 2073 sed
1643 2042 1804 2073 secretum
1818 2039 1986 2074 Halmius.

204 2115 240 2122 -
267 2097 320 2129 Η.
345 2097 452 2137 hypae
469 2095 628 2136 penitrali
650 2096 785 2136 tanique
807 2097 841 2129 M
866 2113 903 2119 —
936 2097 990 2129 42.
1014 2097 1181 2130 neuienses
1202 2098 1236 2131 M
1261 2098 1319 2138 (Ne
1340 2097 1470 2130 Ilienses
1492 2096 1626 2138 margo)
1655 2113 1688 2120 -
1714 2095 1768 2129 ⁴4.
1794 2097 1992 2130 alicarnasii

200 2154 254 2187 M:
283 2152 524 2185 Halicarnassii
553 2151 754 2184 Rhenanus.
789 2151 840 2184 Cf.
868 2152 940 2185 Cic.
966 2153 1067 2186 Tusc.
1093 2154 1158 2193 111,
1185 2153 1203 2194 g
1228 2153 1281 2186 75.
1316 2170 1351 2176 -
1390 2153 1443 2185 46.
1467 2154 1701 2194 Peryamenos,
1727 2161 1791 2192 quo
1812 2153 1883 2192 ipso
1905 2154 1991 2186 nite-

200 2208 334 2248 bantur,
359 2209 472 2241 aedem
493 2207 638 2250 Augusto
660 2207 706 2241 ibi
728 2208 844 2248 sitam,
869 2209 951 2240 satis
973 2209 1102 2242 Haase.
1123 2227 1159 2232 —
1185 2210 1265 2242 aede
1279 2226 1329 2233 --
1343 2209 1408 2241 sita
1429 2209 1586 2250 Lipsius:
1611 2206 1691 2242 aede
1706 2226 1754 2233 --
1769 2209 1870 2241 sitam
1892 2209 1925 2243 M
1950 2226 1988 2233 —

203 2265 256 2297 ⁴7.
281 2264 460 2298 cerimonia
483 2264 517 2297 M
541 2281 577 2287 —
603 2265 656 2297 20.
674 2264 777 2297 diuise
799 2265 833 2298 M
857 2265 1017 2306 (diuisisse
1039 2266 1172 2307 margo)
1200 2283 1235 2290 -
1260 2265 1315 2298 24.
1339 2274 1443 2297 nouos
1464 2274 1517 2307 pr.
1542 2266 1588 2299 M.

203 2392 323 2416 vocare
345 2383 457 2423 desiit,
482 2382 643 2415 simulans
663 2392 697 2415 se
719 2384 835 2416 veneni
856 2384 995 2416 crimine
1010 2393 1072 2416 ar-

203 2435 364 2473 cessitum,
387 2441 463 2465 cwm
473 2436 719 2473 praestructum
733 2436 912 2475 utrumque
926 2435 1072 2466 consulto

204 2485 301 2523 esset,
336 2485 373 2515 ut
404 2485 437 2515 et
456 2483 524 2523 ipse
546 2483 726 2524 temptandi
748 2485 865 2525 qratia
888 2485 1020 2524 offerret
1042 2487 1072 2517 et

203 2533 264 2566 illa
286 2534 381 2574 quasi
403 2533 620 2566 certissimum
641 2534 783 2566 exitiwm
803 2537 947 2567 caveret.

248 2634 302 2666 55.
327 2641 393 2673 quo
415 2633 542 2675 samam
565 2632 743 2675 averteret]
777 2642 846 2675 quo
869 2633 1072 2666 hominibus

207 2682 456 2726 persuaderet,
491 2691 529 2715 se
560 2683 664 2715 unice
694 2683 729 2715 in
754 2683 900 2724 negotiis
922 2683 1072 2725 publicis

206 2734 418 2775 occupatum
442 2741 521 2766 esse
546 2741 662 2774 neque
687 2734 839 2774 cogitare
865 2733 908 2766 de
933 2736 1072 2767 secreto

205 2783 262 2816 illo
285 2782 450 2815 facinore.
470 2799 506 2806 -
533 2782 698 2824 templum]
723 2782 820 2823 illud,
847 2783 942 2825 quod
964 2783 1074 2816 desti-

205 2834 327 2866 natum
350 2834 426 2865 erat
448 2831 586 2865 Tiberio
609 2833 782 2874 matrique
807 2833 882 2866 eius
901 2842 943 2865 ac
966 2842 1073 2866 sena-

207 2883 255 2916 tui
271 2891 289 2913 a
316 2882 496 2915 communi
519 2882 633 2915 Asiae.
658 2881 746 2914 Vide
772 2891 802 2915 c.
831 2883 882 2915 ⁴5.
911 2901 947 2906 —
972 2884 1072 2926 Persi]

206 2931 339 2964 Eadem
372 2931 486 2964 forma
516 2932 597 2973 (pro
620 2932 739 2973 Persei)
771 2940 856 2965 usus
885 2934 939 2965 est
962 2932 1074 2965 Sallu-

207 2982 294 3015 stius
329 2982 414 3014 Hist.
450 2980 509 3014 lib.
536 2982 574 3021 4,
607 2981 731 3022 fragm.
761 2982 798 3014 8:
838 2991 861 3014 a
887 2983 1074 3023 primordio

206 3031 299 3064 urbis
319 3031 364 3063 ad
387 3031 503 3063 bellum
525 3031 613 3063 Persi
631 3031 891 3064 Macedonicum.
923 3032 973 3064 Cf.
993 3033 1017 3065 Ι.
1037 3033 1072 3065 F.

209 3082 402 3113 Gronovius
425 3079 470 3112 ad
493 3080 563 3112 Liv.
582 3079 641 3120 42,
663 3081 716 3112 25.
738 3098 774 3103 -
800 3081 989 3121 Aristonici]
1015 3082 1075 3122 qui

208 3131 374 3164 Eumenis
398 3129 505 3162 filium
530 3139 568 3162 se
594 3130 710 3162 ferens
732 3131 851 3163 Asiam
875 3139 1077 3173 occupave-

209 3182 278 3220 rat;
317 3190 337 3213 a
367 3181 410 3214 M.
436 3182 615 3222 Perperna
644 3189 675 3212 a.
695 3180 758 3213 624
790 3181 835 3213 ad
859 3180 1075 3214 deditionem

210 3230 355 3263 adactus
386 3231 422 3263 et
444 3230 540 3262 iussu
564 3231 707 3262 senatus
735 3231 768 3262 in
792 3239 935 3262 carcere
960 3232 1075 3263 stran-

212 3279 347 3320 gulatus
383 3281 448 3312 est.
485 3280 556 3312 Liv.
591 3280 678 3320 Epit.
710 3280 763 3311 59.
798 3297 833 3302 -—
869 3280 1074 3322 Hypaepeni]

213 3330 408 3372 Stephanus
433 3331 537 3371 Byz.:
567 3324 744 3365 Ὗπαιπα.
781 3327 891 3371 πόλις
920 3328 1073 3371 Λυδίας,

214 3379 412 3412 κτισθεῖσα
427 3376 503 3413 ὑπὸ
518 3376 563 3412 τὸ
579 3381 857 3427 παρακείμενον
873 3375 977 3427 ὅρος,
999 3377 1074 3413 ὑπὸ

215 3427 263 3463 τὸ
280 3428 409 3475 Αἶπος.
441 3432 645 3475 καλλίστας
667 3429 746 3473 ἔχει
768 3437 966 3478 γυναῖκας,
1002 3431 1076 3466 δῶ-

1121 2394 1189 2430 ρον
1208 2380 1442 2430 Ἀφροδίτης.
1465 2402 1496 2408 -
1524 2384 1612 2417 mille
1634 2387 1664 2417 et
1680 2384 1834 2416 ducentos
1850 2392 1914 2424 per
1928 2393 1993 2416 an-

1121 2434 1189 2475 nos]
1212 2434 1266 2467 Ad
1288 2434 1528 2467 Eratosthenis
1553 2433 1706 2467 calculos
1726 2433 1991 2467 Halicarnassus

1122 2494 1213 2517 anno
1250 2494 1281 2517 a.
1310 2485 1392 2518 Chr.
1426 2484 1509 2518 42⁴4
1542 2483 1598 2518 vel
1635 2484 1720 2517 4494
1751 2493 1772 2516 a
1802 2483 1991 2518 Telamone

1123 2534 1262 2567 condita
1286 2534 1475 2568 iudicanda
1498 2535 1563 2567 est.
1599 2534 1686 2567 Vide
1709 2534 1928 2567 Boeckhium
1951 2535 1990 2567 C.

1122 2586 1229 2617 Inscr.
1256 2586 1312 2617 Gr.
1339 2585 1377 2616 T.
1402 2585 1451 2625 II,
1486 2593 1521 2626 p.
1549 2583 1625 2617 45⁴.
1660 2601 1695 2607 —-
1734 2583 1824 2626 vivo]
1860 2586 1990 2625 nativo,

1122 2636 1168 2667 ita
1191 2636 1230 2667 ut
1252 2635 1287 2667 in
1310 2635 1387 2676 ipso
1412 2643 1496 2667 saxo
1528 2633 1759 2666 fundamenta
1782 2633 1904 2676 templi
1928 2634 1992 2666 de-

1123 2685 1205 2727 poni
1227 2685 1391 2726 possent,
1417 2693 1488 2716 non
1508 2684 1544 2716 in
1560 2683 1681 2716 humo.
1707 2683 1835 2725 Vergil.
1854 2686 1939 2717 Aen.
1958 2684 1990 2724 ⁴,

1125 2736 1204 2767 467:
1230 2736 1323 2767 Intus
1345 2743 1454 2775 aquae
1476 2734 1587 2766 dulces
1600 2734 1740 2773 vivoque
1755 2735 1871 2767 sedilia
1891 2742 1989 2766 same.

1125 2802 1160 2807 —
1188 2793 1224 2816 co
1245 2786 1316 2825 ipso
1337 2784 1545 2826 nitebantur]
1579 2783 1674 2825 quod
1703 2784 1797 2826 apud
1821 2793 1859 2817 se
1884 2784 1992 2817 aedes

1123 2835 1268 2875 Augusti
1292 2834 1406 2867 dicata
1431 2835 1544 2868 esset:
1571 2835 1709 2866 senatui
1733 2835 1852 2867 contra
1876 2834 1992 2866 visum

1125 2886 1197 2923 est,
1230 2884 1275 2917 ob
1307 2885 1342 2917 id
1372 2884 1490 2926 ipsum
1519 2885 1603 2916 satis
1632 2894 1694 2918 eos
1725 2885 1873 2927 adeptos
1897 2892 1989 2917 esse.

1123 2936 1265 2967 WALru.
1287 2953 1321 2957 -
1339 2934 1432 2976 Atye]
1450 2935 1553 2975 Atys,
1572 2934 1731 2968 Herculis
1748 2937 1783 2968 et
1803 2933 1991 2976 Omphales

1125 2983 1228 3024 filius,
1266 2994 1285 3017 e
1314 2983 1452 3017 duobus
1488 2983 1566 3017 filiis
1596 2986 1690 3017 sorte
1719 2986 1809 3017 iacta
1840 2983 1991 3017 alterum

1125 3035 1310 3067 retinuisse
1334 3034 1543 3067 tradebatur
1565 3034 1703 3076 Lydum
1719 3035 1879 3072 nomine,
1908 3033 1991 3066 alte-

1125 3092 1204 3115 rum
1235 3085 1269 3116 in
1299 3084 1433 3117 Italiam
1461 3085 1601 3117 misisse
1626 3084 1783 3117 coloniae
1807 3084 1991 3116 deducen-

1127 3133 1210 3173 dae,
1236 3134 1291 3165 cui
1314 3143 1445 3167 nomen
1468 3134 1686 3176 Tyrrhenus,
1712 3136 1747 3166 et
1770 3133 1815 3166 ab
1840 3142 1882 3166 eo
1902 3134 1991 3175 Tyr—

1127 3183 1250 3216 rhenia
1281 3185 1385 3217 terra.
1427 3185 1478 3217 Ita
1507 3184 1579 3217 fere
1610 3184 1733 3216 Strabo
1757 3185 1777 3216 5
1808 3193 1842 3227 p.
1867 3184 1931 3218 249
1956 3186 1991 3218 et

1127 3232 1267 3266 Tertull.
1303 3234 1346 3267 de
1381 3234 1593 3276 spectaculis
1623 3235 1661 3266 5:
1697 3234 1804 3274 Lydos
1835 3241 1880 3266 ex
1911 3234 1991 3267 Asia

1126 3287 1326 3317 transvectos
1346 3285 1381 3316 in
1403 3285 1544 3317 Etruria
1566 3284 1743 3316 consedisse
1766 3284 1914 3317 Timaeus
1934 3293 1991 3317 re-

1124 3333 1189 3375 fert
1223 3335 1304 3367 duce
1338 3335 1523 3375 Tyrrheno,
1563 3335 1619 3376 qui
1654 3334 1756 3375 fratri
1792 3338 1990 3368 successerat

1127 3383 1216 3425 (lego
1240 3388 1381 3417 cesserat
1395 3384 1451 3417 vel
1467 3383 1649 3425 secesserat)
1666 3384 1760 3426 regni
1774 3386 1986 3418 contentione.

1126 3433 1230 3468 Paulo
1255 3435 1415 3468 diversus
1440 3436 1559 3468 tamen
1581 3434 1626 3467 ab
1650 3434 1724 3468 istis
1746 3435 1890 3478 Dionys.
1909 3435 1982 3470 Hal.
