2254 3770
333 281 417 332 322

811 285 857 328 Ρ.
889 283 1141 333 CORNELII
1169 285 1341 331 TACITI
1369 285 1639 333 ANNALIUM

333 391 525 436 Troianis
554 390 828 437 Palamedem
849 391 1052 449 Argivum
1080 399 1320 439 memorant
1348 392 1540 438 sedecim
1567 393 1802 440 litterarum
1822 394 1992 449 formae,
2022 410 2122 443 mox

333 467 440 513 alios
480 468 848 527 acpraecipuum
883 468 1132 512 Simoniden
1162 475 1329 513 ceteras
1359 469 1622 527 repperisse,
1669 477 1712 517 at
1738 471 1781 516 in
1810 471 1927 516 Italia
1956 473 2123 518 Etrusci

333 544 388 588 ab
425 545 640 589 Corinthio
674 545 923 596 Demarato,
963 543 1216 602 Aborigines
1245 544 1412 589 Arcade
1452 545 1506 589 ab
1544 546 1742 592 Euandro
1779 547 2040 602 didicerunt;
2081 555 2124 594 et

330 620 493 664 formae
529 620 680 664 litteris
718 619 897 672 Latinis,
936 633 1048 678 quae
1085 620 1326 664 veterrimis
1359 620 1633 667 Graecorum.
1682 622 1762 668 sed
1791 624 1917 668 nobis
1945 637 2123 683 quoque

298 709 496 754 spaucae
524 695 710 754 primum
738 695 880 749 fuere,
913 694 1071 740 deinde
1100 695 1271 740 additae
1301 702 1412 740 sunt.
1458 711 1546 756 quo
1576 698 1773 757 exemplo
1803 699 2008 745 Claudius
2036 706 2124 745 tres

329 770 491 815 litteras
521 770 695 823 adiecit,
735 784 848 829 quae
877 771 976 815 usui
1006 771 1277 830 imperitante
1307 785 1381 823 eo,
1422 778 1522 830 post
1550 773 1818 827 obliteratae,
1860 776 2126 834 aspiciuntur

332 846 461 891 etiam
491 860 606 894 nunc
634 847 678 891 in
707 860 810 891 aere
838 846 1012 905 publico
1042 861 1122 906 per
1149 847 1242 891 fora
1271 860 1323 892 ac
1351 847 1509 906 templa
1537 847 1635 894 fixo.

443 922 475 980 (4
486 924 525 980 5)
557 922 730 967 Rettulit
758 922 916 968 deinde
946 922 1002 967 ad
1032 929 1228 968 senatum
1259 937 1392 981 super
1421 922 1602 982 collegio
1630 923 1928 984 haruspicum,
1965 939 2022 971 ne
2049 939 2126 972 ve-

328 998 564 1044 tustissima
592 998 738 1043 Italiae
767 998 995 1057 disciplina
1023 1013 1102 1057 per
1124 998 1334 1044 desidiam
1355 998 1642 1045 exolesceret:
1673 1015 1806 1059 saepe
1835 1001 2031 1046 adversis
2059 1002 2124 1048 rei

277 1074 528 1133 ao-publicae
557 1074 824 1133 temporibus
861 1075 1039 1127 accitos,
1080 1088 1266 1133 quorum
1303 1075 1466 1119 monitu
1501 1075 1811 1135 redintegratas
1841 1077 2124 1123 caerimonias

328 1156 371 1195 et
400 1151 443 1197 in
471 1156 694 1209 posterum
722 1150 882 1196 rectius
904 1149 1093 1204 habitas3
1124 1150 1426 1209 primoresque
1448 1151 1641 1197 Etruriae
1670 1158 1824 1211 sponte
1853 1159 1926 1197 aut
1954 1159 2124 1212 patrum

319 1228 616 1277 >Romanorum
642 1226 815 1284 inpulsu
845 1226 1073 1271 retinuisse
1098 1226 1323 1271 scientiam
1343 1232 1386 1271 et
1414 1227 1457 1271 in
1476 1227 1655 1272 familias
1684 1242 1972 1287 propagasse3
2004 1228 2124 1288 quod

325 1317 439 1348 nunc
467 1303 642 1361 segnius
671 1302 765 1348 fieri
794 1301 969 1361 publica
999 1302 1114 1347 circa
1149 1302 1287 1348 bonas
1323 1308 1438 1348 artes
1469 1303 1688 1356 socordia,
1721 1310 1765 1349 et
1792 1305 1895 1363 quia
1923 1310 2124 1351 externae

390 1450 423 1483 2.
448 1449 632 1483 simoniden
654 1449 707 1484 M:
732 1449 935 1482 Simonidem
956 1447 1073 1491 vulgo.
1101 1467 1138 1473 -
1163 1448 1196 1482 3.
1222 1449 1395 1484 demarato
1415 1450 1467 1484 M:
1492 1450 1684 1484 Damarata
1707 1449 1825 1493 vulgo.
1852 1450 1903 1485 Cf.
1927 1449 2125 1487 Alschefski

327 1505 373 1540 ad
396 1506 468 1540 Liv.
494 1506 526 1547 ⁴,
552 1505 607 1543 34.
635 1523 672 1530 —
699 1505 899 1548 abor-iquita-
925 1504 996 1548 (sic)
1021 1505 1055 1539 M
1080 1524 1117 1529 —
1146 1504 1277 1539 Arcade
1304 1505 1534 1540 Puteolanus:
1566 1507 1706 1539 arcades
1727 1508 1761 1541 M
1784 1524 1821 1530 —
1847 1506 1880 1541 4.
1903 1496 2034 1550 famae
2054 1508 2125 1542 Be-

326 1562 490 1597 roaldus:
513 1563 642 1605 formas
663 1562 716 1602 M3
741 1562 854 1604 forma
876 1560 944 1595 alii.
977 1579 1013 1585 -
1049 1561 1081 1595 7.
1104 1561 1237 1603 publico
1259 1562 1467 1605 Nipperdey
1489 1562 1622 1605 (Philol.
1649 1563 1867 1599 Schneidew.
1891 1564 1941 1605 11,
1965 1573 2001 1608 p.
2026 1564 2122 1609 427):

320 1620 467 1662 publico.
492 1620 544 1653 dis
561 1619 743 1668 plebiscitis
763 1620 798 1654 M
809 1629 816 1660 ;
836 1619 1048 1662 publicandis
1066 1619 1155 1661 plebi
1176 1620 1266 1653 scitis
1281 1621 1432 1654 Grotius.
1457 1621 1496 1653 In
1512 1619 1629 1663 glossa
1644 1621 1777 1655 codicis
1793 1621 1943 1656 Medicei
1958 1621 2010 1656 dis
2024 1629 2126 1656 com-

324 1676 498 1720 pendium
519 1669 661 1710 videtur
683 1686 748 1720 pro
772 1677 921 1710 decretis.
948 1694 984 1700 —
1011 1676 1044 1710 8.
1069 1677 1182 1710 retulit
1203 1678 1238 1712 M
1263 1695 1299 1701 -
1325 1677 1355 1711 9.
1381 1686 1455 1719 sepe
1476 1678 1511 1712 M
1535 1696 1572 1702 —
1598 1677 1651 1712 ⁴0.
1677 1678 1802 1712 accitos
1822 1678 1984 1713 Ursinus:
2009 1677 2127 1712 accitis

324 1734 360 1769 M
388 1752 424 1758 —
450 1734 649 1768 cerimonias
673 1734 719 1768 M.

323 1872 430 1906 mede
448 1873 642 1906 commenti
657 1873 750 1914 sunt,
767 1873 882 1906 totum
897 1872 1082 1915 repertum
1095 1874 1201 1907 Grae-

324 1923 375 1956 cis
398 1922 580 1956 vindicare
602 1922 781 1956 volebant.
802 1940 838 1946 —-
864 1923 986 1956 Linum
1002 1922 1198 1964 Thebanum]

321 1974 375 2008 De
398 1975 468 2007 hoc
489 1973 590 2007 locus
607 1974 661 2007 est
679 1974 869 2016 primarius
894 1973 990 2016 apud
1004 1973 1199 2006 Diodorum

322 2025 355 2066 3,
382 2025 435 2059 67.
463 2025 514 2059 Cf.
541 2025 648 2058 etiam
672 2024 779 2057 Suida
802 2025 838 2057 in
861 2033 894 2058 v.
913 2023 1043 2066 Λίνος.
1071 2043 1107 2048 -
1133 2025 1199 2057 Ρα-

321 2075 493 2118 lamedem]
525 2076 635 2109 Vetus
662 2074 798 2115 sabula,
831 2075 876 2108 de
905 2084 975 2117 qua
997 2075 1199 2109 testimonia

323 2125 463 2169 collegit
482 2126 725 2161 ‘casaubonus
754 2125 800 2158 ad
829 2126 973 2160 Sueton.
1008 2125 1131 2160 Claud.
1156 2125 1192 2159 4⁴

323 2187 368 2211 ex
403 2177 583 2220 Cedreno,
620 2178 753 2211 Ioanne
787 2177 911 2210 Tzetze
945 2177 981 2210 et
1011 2175 1127 2211 Schol.
1153 2176 1199 2209 ad

321 2227 441 2271 Eurip.
479 2228 592 2262 Orest.
627 2226 713 2261 432:
754 2219 870 2268 οὗτος
905 2222 927 2259 ὁ
960 2223 1200 2270 Παλαμήδης

322 2277 470 2323 λέγεται
485 2273 688 2326 εὑρηκέναι
699 2275 745 2318 ις’
758 2274 968 2324 γράμματα
981 2274 1099 2320 μήπω
1112 2274 1200 2309 τότε

323 2323 430 2362 ὅντα.
464 2329 509 2362 At
537 2337 624 2362 vero
649 2328 893 2370 antiquissima
916 2328 992 2361 eius
1015 2327 1122 2361 sedes
1146 2328 1201 2360 est

321 2379 359 2419 in
381 2378 575 2412 Stesichori
599 2378 735 2420 Fragm.
754 2378 796 2411 33
811 2378 952 2420 Bergk,
976 2378 1052 2411 tum
1076 2377 1112 2410 in
1128 2377 1201 2415 Eu-

321 2430 445 2473 ripidis
467 2428 658 2463 Palamede
682 2430 820 2471 Fragm.
838 2430 879 2462 11.
905 2428 1032 2462 Dind.:
1059 2426 1115 2461 Τὰ
1129 2425 1199 2471 τῆς

321 2490 366 2525 γε
387 2477 512 2524 λήθης
531 2476 704 2526 φάρμακ’
721 2473 902 2526 ὅρθώσας
914 2474 1200 2522 μόνοςἌφωνα

321 2531 388 2564 καὶ
412 2528 637 2574 φωνοῦντα,
662 2527 860 2571 συλλαβάς
881 2539 922 2563 τε
944 2530 1043 2572 θείς,
1069 2526 1198 2573 'egee-

321 2592 392 2630 ρον
415 2577 656 2629 ἀνθρώποισι
672 2578 863 2628 γράμματ’
880 2579 1030 2618 εἰδέναι.
1055 2582 1135 2623 Ipse
1152 2580 1198 2614 de

322 2631 363 2667 Se
398 2631 607 2666 Palamedes
635 2632 671 2666 in
701 2631 984 2674 Pseudogorgiae
1008 2630 1197 2665 Palamede

321 2692 358 2727 p.
385 2683 449 2717 ΜΒ
471 2683 617 2716 Reiskii:
646 2678 766 2730 εὗρών
789 2676 1017 2728 γράμματα,
1040 2680 1198 2726 μνήμης

323 2728 509 2781 ὄργανον,
532 2732 654 2779 μέτρα
676 2742 717 2765 τε
739 2732 805 2766 καὶ
822 2729 991 2777 σταθμά.
1018 2732 1198 2766 Cf.1ahnii

320 2784 530 2824 Palamedes,
564 2782 758 2825 Hamburgi
787 2783 890 2823 ⁴836,
922 2791 958 2826 p.
983 2782 1026 2815 23
1050 2791 1129 2825 sqq.
1159 2800 1195 2806 —

321 2837 360 2868 at
379 2835 418 2867 in
439 2833 540 2867 Italia
554 2834 691 2866 Etrusci
707 2832 790 2875 cet.]
814 2831 962 2867 Mueller
977 2832 1138 2866 Etrusker
1152 2832 1195 2865 11.

320 2894 358 2927 p.
383 2884 448 2924 290
471 2891 573 2926 seqq.
600 2891 683 2916 cum
705 2883 747 2916 iis
771 2883 869 2923 facit,
899 2883 961 2926 qui
983 2883 1152 2916 Etruscos
1176 2891 1197 2915 a

322 2935 482 2976 Graecis,
506 2943 578 2967 non
601 2943 621 2966 a
644 2933 900 2975 Phoenicibus,
934 2933 1067 2967 litteras
1091 2942 1197 2966 acce-

320 2987 416 3030 pisse
434 2985 645 3020 existimant.
670 2984 771 3017 Idem
786 2985 821 3016 in
837 2984 949 3017 Ersch
963 2984 1102 3025 Encycl.
1118 2984 1161 3024 11,
1176 2983 1196 3016 7

319 3046 355 3080 p.
374 3036 439 3071 284
455 3044 534 3069 rem
547 3034 651 3068 brevi
673 3034 724 3067 sic
743 3033 1007 3076 complectitur:
1034 3034 1103 3067 Seit
1116 3042 1197 3067 man

322 3088 374 3121 die
404 3087 508 3120 altere
534 3084 733 3128 qriechische
755 3084 880 3125 Schrift
900 3093 1050 3126 yenauer
1070 3085 1197 3120 kennen

321 3138 465 3181 aelernt,
490 3135 669 3178 unterlieqt
690 3142 723 3166 es
736 3133 863 3167 keinem
877 3134 1026 3176 Zweifel‚
1053 3135 1129 3168 dass
1144 3134 1197 3168 die

321 3187 522 3222 etruskische
549 3194 617 3219 nur
638 3183 710 3221 eine
731 3182 838 3216 Abart
859 3183 1022 3217 derselben
1044 3185 1104 3224 ist,
1137 3183 1197 3217 ob-

321 3238 426 3280 9leich
448 3236 538 3270 beide
559 3236 596 3269 in
616 3234 782 3267 weiterem
803 3232 918 3266 Kreise
942 3242 1004 3266 aus
1018 3233 1196 3268 Phenikien

321 3291 495 3322 stasmmen.
519 3285 612 3319 Auch
632 3283 744 3317 macht
762 3282 814 3316 die
827 3282 974 3324 Anaabe,
998 3283 1119 3317 welche
1134 3284 1195 3317 den

321 3336 533 3370 Bakchiaden
548 3336 751 3369 Demaratos
764 3332 815 3366 als
831 3331 1067 3374 Ueberbrinaer
1081 3336 1194 3374 neunt,

322 3387 375 3420 die
404 3385 529 3427 schrift
554 3386 590 3418 in
621 3383 783 3417 Etrurien
803 3382 999 3423 weniastens
1020 3382 1111 3415 nicht
1131 3383 1196 3416 viel

322 3436 427 3478 alter,
463 3434 514 3468 als
549 3436 597 3470 sie
628 3432 729 3467 sehon
757 3432 927 3475 deeweaen
955 3438 1105 3474 aewesen
1126 3431 1196 3466 sein

1248 1882 1358 1914 muse,
1387 1873 1466 1907 weil
1493 1874 1547 1907 die
1578 1874 1615 1907 in
1638 1873 1879 1908 Griechenland
1898 1873 2000 1918 scitia
2019 1873 2123 1917 abae-

1248 1924 1417 1958 kommene
1438 1924 1642 1967 Schreibunq
1658 1933 1725 1958 von
1740 1925 1800 1958 der
1812 1925 1952 1960 Rechten
1964 1933 2032 1959 zur
2044 1925 2124 1959 Lin-

1248 1974 1310 2007 ken
1339 1976 1376 2008 in
1406 1975 1571 2017 Etrurienr
1594 1976 1663 2018 fast
1691 1975 1869 2018 durchweq
1889 1975 1951 2017 fest
1970 1974 2123 2019 aehallea

1247 2025 1385 2058 worden
1414 2025 1469 2059 ist.
1497 2043 1534 2048 —
1566 2024 1609 2058 ab
1632 2025 1802 2058 Corinthio
1823 2025 2022 2066 Demarato]
2051 2022 2123 2063 Pli-

1250 2075 1329 2111 nius
1351 2075 1393 2108 N.
1412 2075 1454 2108 H.
1478 2074 1520 2108 35
1543 2074 1563 2117 5
1589 2075 1670 2108 ⁴52:
1696 2076 1920 2108 Demaratum
1941 2083 1987 2109 ex
2007 2075 2123 2111 cadet»

1248 2124 1329 2158 urbe
1342 2125 1534 2167 (Corintho)
1547 2125 1742 2168 profuqum,
1759 2126 1818 2167 qui
1833 2125 1868 2158 in
1882 2125 2027 2158 Etr-wia
2039 2124 2120 2161 Tar-

1249 2176 1401 2216 quinium
1433 2177 1584 2211 Priscum
1613 2185 1725 2218 regem
1747 2176 1863 2218 populi
1889 2176 2030 2209 Romani
2062 2183 2123 2217 ae-

1248 2227 1334 2267 nuit,
1348 2227 1523 2261 comitatos
1539 2225 1706 2268 (tradunt)
1717 2227 1849 2269 fictores
1862 2225 2023 2266 Euchira,
2036 2225 2124 2258 Dio-

1245 2285 1345 2317 pum,
1374 2276 1620 2318 Euqramnnum
1647 2277 1804 2319 (nomina
1827 2276 1910 2311 sunt
1931 2274 2120 2318 mythicen:

1249 2325 1291 2359 ab
1313 2326 1355 2359 iis
1375 2326 1494 2360 Italiae
1516 2327 1680 2360 traditam
1695 2326 1874 2369 plasticen.
1899 2325 1951 2361 Cf.
1976 2323 2124 2361 Mueller

1247 2375 1411 2409 Etrusker
1426 2377 1457 2417 I,
1481 2385 1516 2419 p.
1536 2376 1611 2410 ⁴94.
1636 2377 1683 2418 ΙΙ,
1708 2385 1745 2420 p.
1762 2376 1839 2410 260.
1859 2393 1896 2400 -
1917 2372 2122 2419 Aboriqiaes]

1250 2426 1301 2460 Cf.
1327 2426 1474 2461 Mueller
1495 2427 1659 2461 Etrusker
1679 2428 1715 2468 1,
1739 2436 1775 2471 p.
1793 2428 1814 2460 ὃ
1830 2427 1866 2460 et
1884 2426 1938 2460 46.
1962 2427 2017 2463 An
2030 2425 2124 2460 haec

1249 2486 1293 2510 ex
1317 2477 1459 2511 Catonis
1482 2477 1708 2519 Originibus?
1726 2495 1763 2500 —
1786 2476 1918 2512 Arcade
1939 2475 1982 2514 ab
2003 2477 2123 2512 Euant-

1248 2526 1320 2570 dro]
1345 2528 1501 2570 Mythico
1524 2527 1643 2562 colore
1664 2528 1825 2562 detracto
1847 2526 1933 2563 nihil
1954 2525 2050 2563 aliud
2071 2527 2123 2565 si-

1248 2578 1390 2621 gnificat
1411 2579 1479 2614 nisi
1500 2579 1643 2613 Latinos
1665 2587 1810 2621 quoque
1831 2587 1852 2612 a
1869 2578 2012 2613 Graecis
2033 2577 2124 2613 didi-

1249 2629 1341 2664 cisse
1363 2628 1516 2668 litteras3
1549 2631 1655 2672 atque
1685 2628 1784 2662 idem
1806 2627 1875 2662 sibi
1896 2626 1972 2662 vult
1992 2628 2122 2670 Hygini

1248 2678 1332 2712 Fab.
1347 2679 1411 2712 277
1427 2679 1600 2713 narratio:
1627 2679 1775 2712 Graecas
1788 2678 1918 2713 litteras
1930 2678 2123 2712 Merene-ius

1246 2729 1284 2762 in
1305 2728 1489 2771 Aeyyptum
1504 2729 1639 2771 primus
1660 2728 1812 2765 detulisse
1826 2727 1972 2769 dicitur,
1995 2735 2042 2762 em
2054 2727 2122 2762 Δο-

1247 2782 1347 2822 ymno
1371 2779 1515 2813 Cadmus
1546 2780 1583 2813 in
1606 2779 1800 2820 Graeciam,
1831 2787 1917 2820 quae
1937 2777 2122 2813 Euandrus

1240 2830 1409 2873 profugus
1441 2838 1486 2864 ex
1517 2829 1666 2863 Arcadia
1698 2830 1736 2862 in
1766 2828 1902 2862 Italiam
1936 2827 2120 2870 tranauit,

1247 2889 1334 2922 quas
1353 2883 1460 2914 mater
1481 2881 1553 2913 eius
1568 2880 1747 2913 Carmenta
1767 2880 1805 2912 in
1818 2879 1958 2912 Latinas
1971 2886 2123 2912 commu-

1247 2932 1352 2972 tavit,
1376 2939 1515 2965 numero
1537 2931 1606 2964 XV.
1633 2931 1685 2964 De
1709 2929 1903 2964 verborum
1925 2928 2050 2965 ordine
2073 2928 2120 2964 cl.

1246 2981 1285 3022 2,
1311 2982 1375 3015 60:
1399 2981 1519 3023 oppido
1540 2981 1722 3021 aCanopo.
1740 2979 1779 3021 4,
1797 2979 1861 3016 43:
1882 2981 2124 3021 mamm

1246 3031 1406 3072 Erycum.
1432 3031 1487 3071 ⁴3,
1513 3030 1574 3064 ts:
1602 3039 1712 3064 umore
1734 3029 1776 3062 ab
1799 3030 1952 3064 Octavia.
1977 3029 2032 3070 ⁴⁵,
2056 3027 2119 3063 53:

1246 3082 1420 3115 Ferentino
1448 3080 1485 3114 in
1515 3081 1646 3123 oppido.
1684 3097 1721 3103 —
1752 3079 1942 3114 vetem-imis
1973 3078 2123 3112 Groece-

1245 3131 1334 3174 rum]
1366 3130 1497 3167 Plinius
1520 3132 1562 3163 N.
1587 3131 1629 3164 H.
1655 3131 1675 3163 7
1700 3130 1720 3173 5
1744 3130 1828 3165 2⁴0:
1863 3129 1991 3165 Veteres
2012 3126 2121 3169 (litto-

1247 3183 1318 3224 ras)
1343 3182 1491 3216 Graecas
1513 3181 1616 3224 fuisse
1637 3181 1767 3217 easdem
1793 3187 1903 3221 paeone
1924 3186 2012 3222 quae
2031 3186 2122 3213 nunc

1246 3235 1323 3266 sunt
1351 3232 1493 3265 Latinae
1524 3231 1648 3265 indicio
1681 3231 1748 3264 erit
1774 3228 1935 3273 Delphica
1963 3226 2120 3272 [nbula]

1247 3282 1378 3324 antiqui
1400 3282 1507 3323 aevis,
1532 3290 1618 3323 quae
1639 3284 1687 3316 est
1707 3279 1802 3317 hodie
1826 3280 1862 3312 in
1879 3277 2011 3312 Palatio
2032 3277 2120 3316 dono

1239 3333 1434 3374 principum
1455 3333 1630 3366 Minervae
1653 3331 1767 3367 dicata
1786 3329 1823 3362 in
1836 3328 2030 3364 bibliotheca
2042 3335 2120 3367 aaut

1243 3383 1461 3424 inscriptione
1475 3382 1538 3415 tali
1553 3382 1636 3422 cet,
1661 3388 1734 3424 quo
1749 3378 1795 3412 de
1810 3376 1888 3412 loco
1904 3386 1938 3411 v.
1952 3376 2118 3416 Boeckhii

1244 3432 1354 3465 Inscr.
1372 3432 1426 3465 Gr.
1442 3431 1470 3473 Ι,
1487 3430 1566 3478 μθ.
1591 3427 1891 3467 Raoul-Boehette
1903 3427 1995 3465 deute
2008 3426 2119 3466 lem
