2254 3770
259 287 342 332 ’166

743 286 787 330 Ρ.
819 283 1068 330 CORNELII
1096 283 1563 333 TACIT1,ANNAL1UM

258 392 409 452 Lepidi
439 391 749 450 rogationibus,
785 404 929 449 neque
957 390 1090 434 multo
1119 395 1217 448 post
1244 389 1426 434 tribunis
1455 390 1622 435 reddita
1649 390 1835 443 licentia,
1867 403 2043 449 quoquo

260 468 427 519 vellent,
460 467 666 527 populum
694 465 892 524 agitandi.
925 466 1096 525 iamque
1126 480 1211 509 non
1231 464 1360 509 modo
1382 466 1424 509 in
1449 479 1674 511 commune
1694 466 1770 511 sed
1793 467 1835 510 in
1855 465 2045 522 singulos

261 543 456 588 homines
486 543 595 587 latae
626 542 924 601 quaestiones3
966 548 1007 586 et
1037 541 1360 600 corruptissima
1396 555 1443 586 re
1474 541 1644 600 publica
1672 542 1883 601 plurimae
1911 541 2044 599 leges.

262 620 343 677 (28)
374 625 464 663 tum
495 619 567 663 Cn.
598 618 827 675 Pompeius
857 618 1026 661 tertium
1062 616 1210 662 consul
1246 617 1510 675 corrigendis
1547 617 1737 662 moribus
1777 616 1968 662 delectus
2005 621 2049 660 et

231 695 431 754 egravior
469 693 671 738 remediis
702 707 833 751 quam
863 693 1017 738 delicta
1047 700 1167 737 erant
1195 706 1458 751 suarumque
1498 692 1637 751 legum
1676 699 1825 737 auctor
1855 692 1968 736 idem
1997 704 2050 736 ac

263 771 514 820 subversor,
547 764 659 827 qu'ae
690 769 819 812 armis
850 769 1062 820 tuebatur,
1102 769 1231 812 armis
1261 769 1412 812 amisit.
1443 769 1539 812 exin
1570 770 1767 813 continua
1796 782 1876 827 per
1903 767 2049 826 viginti

264 860 397 891 annos
419 845 653 898 discordia3
686 858 770 887 non
799 858 906 895 mos,
939 859 1022 888 non
1054 845 1140 898 ius;
1173 845 1402 888 deterrima
1423 858 1622 903 quaeque
1652 845 1810 902 inpune
1838 858 1890 888 ac
1919 843 2048 887 multa

263 923 443 966 honesta
475 921 601 965 exitio
631 921 764 964 suere.
795 927 915 964 sexto
945 920 1118 964 demum
1149 919 1370 965 consulatu
1397 920 1556 964 Caesar
1575 922 1801 978 Augustus,
1833 919 2050 978 potentiae

264 1011 461 1047 securus,
494 1010 607 1054 quae
644 996 910 1040 triumviratu
947 997 1130 1040 iusserat
1167 995 1351 1039 abolevit
1380 994 1584 1054 deditque
1622 996 1713 1039 iura
1745 996 1841 1054 quis
1872 1008 1979 1053 pace
2008 1000 2052 1038 et

215 1087 251 1120 io
264 1073 457 1132 principe
495 1078 727 1116 uteremur.
765 1075 931 1116 acriora
968 1086 1021 1116 ex
1051 1086 1103 1116 eo
1135 1071 1287 1121 vincla,
1331 1070 1450 1114 inditi
1481 1071 1681 1114 custodes
1712 1077 1754 1114 et
1790 1070 1885 1130 lege
1920 1070 2051 1129 Papia

264 1151 466 1207 Poppaea
494 1148 695 1206 praemiis
726 1147 897 1198 inducti,
929 1154 985 1192 ut.
1019 1148 1053 1191 si
1085 1161 1109 1191 a
1139 1146 1370 1205 privilegiis
1399 1153 1623 1205 parentum
1653 1139 1905 1198 cessaretur,
1936 1145 2052 1190 velut

265 1239 421 1284 parens
452 1224 642 1268 omnium
670 1223 856 1282 populus
887 1224 1078 1267 vacantia
1103 1229 1279 1267 teneret.
1311 1221 1388 1266 sed
1419 1221 1542 1266 altius
1570 1222 1850 1280 penetrabant
1876 1221 2051 1266 urbem-

330 1357 363 1392 4.
390 1357 429 1391 C.
451 1358 493 1391 N.
518 1358 552 1391 M
577 1375 613 1382 ·-
639 1358 671 1391 5.
697 1357 819 1390 delecta
840 1365 895 1399 pr.
920 1356 954 1391 M
980 1375 1014 1380 —
1042 1356 1094 1389 io.
1121 1357 1251 1389 artiora
1273 1356 1438 1390 Pichena.
1464 1373 1500 1379 —
1526 1355 1579 1388 Η.
1603 1358 1658 1396 ut,
1683 1355 1711 1388 si
1732 1355 1887 1398 Lipsius:
1911 1354 1978 1388 uisi
1998 1355 2051 1396 M,

266 1415 362 1457 quasi
384 1423 519 1456 margo.

265 1527 404 1562 turbidis
425 1527 538 1568 Lepidi
559 1525 797 1568 rogationibus]
822 1526 939 1558 statim
963 1527 1044 1568 post
1062 1525 1135 1559 Sul-

264 1579 319 1612 lae
343 1581 494 1611 mortem
519 1586 549 1611 a.
573 1577 648 1610 676.
685 1576 838 1608 Turbida
862 1577 937 1609 eius
953 1577 1064 1609 oratio
1082 1578 1137 1610 est

264 1631 356 1662 inter
380 1627 527 1660 Sallustii
545 1627 630 1660 Hist.
649 1628 674 1660 1.
693 1626 899 1668 fragmenta.
924 1626 1009 1659 Flor.
1030 1628 1060 1667 3,
1079 1627 1132 1661 23.

265 1681 369 1713 Pater
386 1678 448 1711 fuit
464 1677 647 1710 triumviri.
670 1695 705 1701 -
730 1677 869 1709 tribunis
890 1677 1021 1709 reddita
1035 1678 1136 1709 licen-

264 1729 322 1772 tia]
353 1738 418 1771 per
446 1727 560 1769 legem
592 1727 834 1766 tribuniciam,
874 1736 979 1768 quam
1012 1728 1135 1760 Cicero

264 1782 386 1819 vocat,
424 1780 497 1812 sive
531 1779 750 1820 Pompeiam,
788 1777 894 1810 latam
925 1787 945 1809 a
970 1779 1135 1819 Pompeio

264 1832 299 1864 in
324 1830 439 1872 primo
463 1827 645 1861 consulatu
665 1837 696 1860 a.
716 1827 798 1867 684,
825 1837 893 1870 qua
917 1827 1064 1860 tribunis
1088 1827 1134 1870 pl

263 1881 450 1925 pristinum
475 1880 528 1912 ius
553 1879 713 1911 restituit.
740 1879 811 1910 Liv.
838 1879 925 1920 Epit.
952 1879 1004 1911 97.
1033 1897 1069 1901 —
1102 1879 1137 1910 in

263 1930 419 1974 sinyulos]
447 1938 511 1971 per
533 1928 730 1971 privilegia,
765 1930 803 1960 ut
827 1929 987 1961 Ciceroni
1011 1928 1135 1960 accidit

266 1981 344 2023 lege
369 1980 502 2013 Clodia.
539 1980 610 2012 Cic.
638 1979 682 2011 de
700 1980 803 2020 Legg.
824 1979 855 2017 3,
882 1979 899 2020 g
925 1978 984 2012 44:
1010 1980 1048 2011 In
1066 1980 1138 2019 pri-

265 2041 323 2064 vos
345 2031 488 2063 homines
510 2030 594 2071 leyes
621 2029 705 2071 ferri
729 2029 918 2071 (maiores)
941 2029 1136 2068 voluer-unm

265 2082 300 2114 id
316 2084 362 2114 est
376 2082 462 2113 enim
472 2080 706 2121 privileyium:
724 2088 788 2121 quo
806 2080 885 2120 quid
900 2083 946 2111 est
960 2081 1137 2112 iniustius?

266 2141 341 2164 cum
364 2132 443 2173 leqis
465 2131 544 2162 haec
566 2131 618 2162 vis
640 2131 698 2169 sit,
723 2133 760 2161 ut
778 2131 820 2161 sit
834 2130 951 2161 scitum
968 2133 997 2161 et
1011 2131 1136 2162 iussum

265 2182 301 2215 in
323 2190 443 2214 omneS.
479 2180 577 2212 Idem
602 2179 646 2211 de
671 2179 778 2212 domo
802 2188 863 2212 sua
888 2179 907 2220 ἓ
931 2179 988 2211 43:
1022 2181 1137 2221 Vetant

266 2233 350 2275 leges
372 2234 543 2271 sacratae,
569 2233 684 2262 vetant
704 2230 767 2262 ΧΙΙ
787 2230 919 2262 tabulae
934 2231 1017 2272 leyes
1028 2232 1138 2271 privis

265 2282 448 2316 hominibus
469 2281 631 2322 irrogari.
658 2279 708 2313 Cf.
730 2281 769 2313 A.
789 2279 871 2312 Gell.
891 2281 930 2312 N.
950 2282 989 2312 A.
1009 2281 1061 2320 40,
1079 2281 1132 2313 20.

309 2384 362 2417 28.
385 2383 519 2415 tertium
533 2382 657 2424 consul]
675 2391 705 2415 a.
724 2382 787 2414 702
804 2391 869 2424 per
885 2383 1022 2424 septem
1038 2390 1137 2415 men-

266 2442 324 2467 ses
353 2434 428 2466 sine
459 2432 601 2473 collega.
630 2451 665 2456 -
702 2433 842 2474 qravtor
871 2433 1023 2465 remediis
1052 2433 1134 2475 cet]

268 2484 388 2516 «cuius
422 2483 580 2515 remedia
615 2483 772 2524 graviora
809 2484 927 2520 erant,
960 2483 1134 2515 civitatem

265 2534 378 2575 magis
395 2533 620 2575 premebant,
647 2542 752 2574 quam
771 2533 845 2574 ipsa
863 2532 1023 2565 delicta.»
1048 2532 1138 2564 Tulit

266 2583 381 2625 legem
406 2583 450 2615 de
474 2583 627 2621 ambitu,
661 2582 808 2614 alteram
833 2582 877 2614 de
901 2583 954 2619 vi:
987 2582 1135 2615 formam

266 2634 474 2667 iudiciorum
510 2632 732 2672 breviorem,
772 2641 926 2674 poenam
960 2633 1137 2665 constituit

267 2681 476 2726 gravioremI
514 2683 576 2715 Dio
600 2683 653 2721 40,
679 2684 732 2715 52.
760 2700 795 2705 —
829 2683 1013 2725 subversor]
1049 2683 1137 2714 Nam

266 2733 364 2776 leges
387 2733 431 2766 de
455 2732 589 2765 ambitu
614 2733 649 2764 et
672 2732 806 2765 iudiciis
832 2732 921 2772 tulit,
949 2737 983 2765 et
1006 2734 1041 2765 in
1065 2732 1136 2764 suis

251 2784 391 2818 *amicis
414 2792 484 2816 non
509 2783 674 2815 servavit.
713 2784 853 2815 Sueton.
874 2784 975 2816 Caes.
993 2783 1054 2815 28:
1078 2783 1139 2815 Ac-

266 2836 393 2869 ciderat
422 2837 460 2866 ut
486 2835 514 2867 is
538 2834 758 2876 (Pompeius)
784 2835 884 2875 leyem
908 2835 946 2866 de
969 2835 1041 2866 iure
1067 2842 1139 2865 ma-

266 2887 467 2929 gistratuum
495 2884 602 2926 ferens
632 2893 668 2916 eo
699 2885 821 2924 capite,
855 2893 918 2925 quo
942 2893 965 2916 a
981 2884 1139 2925 petitione

265 2938 429 2970 honorum
461 2934 606 2967 absentes
632 2934 860 2972 submovebat,
892 2944 933 2967 ne
963 2935 1140 2967 Caesarem

268 2988 398 3028 quidem
421 2985 586 3026 exciperet
604 2993 666 3024 per
684 2984 892 3024 oblivionem,
920 2994 960 3017 ac
974 2994 1056 3017 moa:
1070 2985 1139 3025 leye

266 3038 338 3070 iam
367 3037 402 3068 in
433 3043 489 3068 aes
514 3035 620 3066 incisa
642 3037 671 3066 et
692 3034 727 3065 in
750 3035 885 3066 aerario
908 3035 1040 3067 condita
1062 3043 1139 3066 cor-

267 3089 390 3130 rigeret
418 3090 575 3120 errorem.
618 3084 668 3117 Cf.
701 3084 772 3116 Cic.
803 3084 847 3116 ad
878 3085 945 3116 Att.
972 3085 1009 3123 8,
1041 3084 1078 3124 3,
1104 3084 1135 3117 3.

267 3138 331 3171 Dio
356 3137 416 3178 40,
441 3136 495 3169 56.
523 3152 560 3158 -
585 3134 665 3167 exin
686 3142 714 3166 e.
738 3142 802 3174 per
822 3134 941 3175 viginti
964 3143 1068 3166 annos
1091 3134 1137 3175 d.]

267 3187 350 3220 inde
385 3195 404 3218 a
441 3194 556 3228 pugna
589 3182 810 3222 Pharsalica,
848 3191 917 3224 qua
950 3184 1138 3225 Pompeius

269 3246 354 3279 quae
376 3237 480 3269 armis
503 3235 655 3268 tuebatur
678 3234 783 3266 armis
800 3233 910 3264 amisit
934 3234 975 3273 (a.
995 3242 1028 3265 ιι.
1048 3234 1136 3274 706),

268 3296 382 3329 usque
407 3286 451 3319 ad
468 3285 611 3327 Augusti
634 3285 773 3318 sextum
797 3281 1018 3315 consulatum
1040 3284 1081 3324 (a
1101 3293 1135 3316 u.

270 3337 357 3377 726).
391 3354 426 3360 —
459 3345 545 3378 quae
572 3334 788 3368 triumviratu
817 3333 959 3365 iusserat
988 3332 1137 3375 abolevit]

270 3387 335 3420 Dio
359 3387 417 3426 53,
436 3387 474 3419 2:
501 3382 628 3429 ἐπειδὴ
651 3383 692 3418 δὲ
716 3380 836 3417 πολλὰ
859 3378 957 3415 πάνυ
982 3380 1079 3414 κατά
1099 3393 1139 3415 τε

269 3434 339 3480 τὰς
369 3435 524 3479 στάσεις
546 3433 620 3471 κάν
642 3438 724 3478 τοῖς
746 3433 930 3478 πολέμοις
953 3428 1077 3474 ἄλλως
1098 3443 1138 3466 τε

1184 1527 1250 1559 καὶ
1278 1525 1318 1560 ἐν
1347 1524 1393 1574 τῇ
1422 1525 1490 1560 τοῦ
1510 1522 1707 1560 Ἀντωνίου
1736 1522 1804 1559 τοῦ
1827 1534 1869 1558 τε
1888 1522 2055 1558 Λεπίδου

1185 1578 1374 1624 συναρχίαι
1402 1578 1468 1610 καὶ
1499 1575 1655 1620 ἀνόμως
1677 1577 1742 1609 καὶ
1765 1572 1906 1617 ἀδίκως
1928 1573 2056 1608 ἐτετά-

1185 1639 1265 1669 χει,
1298 1626 1422 1661 πάντα
1450 1624 1549 1662 αὐτὰ
1577 1627 1622 1661 δι’
1647 1625 1734 1668 ἑνὸς
1756 1624 2056 1683 προγράμματος

1185 1677 1410 1719 κατέλυσεν,
1446 1673 1538 1724 ὅρον
1571 1675 1641 1721 τὴν
1670 1673 1782 1721 ἕκτην
1813 1673 1932 1710 αὑτοῦ
1956 1673 2056 1709 ὑπα-

1186 1731 1290 1763 τείαν
1314 1729 1506 1775 προσθείς.
1526 1748 1560 1753 -
1588 1730 1662 1770 quis
1673 1738 1759 1770 pace
1778 1731 1808 1760 et
1823 1727 1975 1768 principe
1991 1726 2054 1769 ut]

1188 1790 1257 1813 «ex
1281 1780 1410 1822 quibus
1433 1781 1633 1812 viveremus
1658 1788 1723 1821 per
1745 1786 1871 1820 pacem
1896 1776 2054 1819 quidem,

1187 1831 1251 1864 sed
1287 1831 1352 1864 sub
1388 1831 1580 1873 principe»
1616 1831 1658 1864 Ut
1686 1828 1791 1866 solet,
1826 1828 1884 1860 hic
1913 1836 2055 1869 quoque

1186 1882 1324 1914 Tacitus
1348 1890 1418 1913 non
1446 1881 1520 1913 sine
1545 1879 1666 1912 dolore
1695 1878 1827 1911 liberae
1858 1877 1909 1910 rei
1938 1875 2056 1920 publi-

1187 1941 1249 1964 cae
1282 1940 1421 1980 meJnor
1451 1932 1515 1963 est.
1545 1949 1580 1953 -
1614 1928 1767 1970 acriora]
1798 1926 1904 1961 Multo
1929 1925 2056 1960 melius

1186 1983 1254 2014 hoc
1270 1982 1480 2014 adiectivum
1494 1989 1600 2022 quam
1617 1980 1790 2013 Pichenae
1807 1980 1938 2011 artiora
1954 1977 2058 2019 signi-

1187 2032 1230 2064 fi‹
1234 2033 1269 2064 at
1291 2031 1478 2064 molestam
1503 2032 1537 2062 et
1560 2038 1703 2071 gravem
1722 2038 1801 2062 eam
1819 2028 1928 2061 fuisse
1946 2027 2058 2060 domi-

1187 2083 1365 2114 nationem
1390 2082 1472 2114 viris
1496 2081 1603 2122 priori
1627 2079 1778 2112 libertati
1801 2078 1950 2111 assuetis
1966 2077 2058 2110 eius-

1187 2141 1257 2173 que
1282 2131 1430 2173 cupidis.
1459 2150 1494 2154 —
1527 2140 1572 2162 ea,-
1593 2130 1640 2171 eo]
1667 2129 1874 2171 «posthacn,
1907 2127 1989 2160 inde
2013 2136 2056 2161 ex

1186 2184 1285 2214 sexto
1309 2181 1364 2213 illo
1390 2179 1590 2221 consulatu,
1617 2188 1687 2220 quo
1707 2180 1872 2221 princeps
1889 2177 2056 2220 (senatus)

1186 2232 1405 2264 renuntiatus
1429 2232 1493 2263 est.
1522 2248 1558 2253 —
1586 2229 1709 2271 vincla]
1740 2229 1918 2262 iussorum
1940 2228 2058 2270 potius

1185 2284 1290 2323 atque
1316 2282 1532 2320 edictorum,
1557 2289 1663 2321 quam
1688 2279 1817 2321 legum.
1855 2278 1967 2311 Etiam
1988 2277 2057 2310 hoc

1185 2331 1397 2364 vocabulum
1419 2340 1488 2364 non
1505 2330 1623 2363 addito
1641 2330 1801 2372 genetivo
1817 2329 1926 2371 lequm
1942 2328 2058 2370 (Quin-

1185 2382 1232 2415 til.
1259 2383 1296 2421 5,
1323 2383 1383 2421 40,
1411 2382 1483 2419 ⁴0⁴)
1522 2390 1591 2414 non
1628 2382 1703 2413 sine
1734 2379 1857 2412 aculeo
1886 2378 2059 2420 significat

1185 2432 1389 2465 arbitrariae
1413 2432 1595 2474 potestatis
1619 2440 1708 2463 onus
1730 2432 1837 2472 atque
1854 2430 2058 2462 continuam

1185 2483 1359 2515 liberioris
1376 2483 1465 2514 vitae
1482 2482 1745 2514 coercitionem.
1767 2499 1802 2504 -
1826 2479 1934 2522 indici]
1956 2479 2058 2520 quasi

1186 2533 1336 2575 appositi
1360 2532 1542 2571 omnibus,
1574 2532 1634 2574 qui
1656 2531 1801 2572 Augusti
1827 2532 1921 2563 iussa
1947 2528 2058 2571 negli-

1186 2585 1309 2625 gerent
1332 2592 1374 2614 ac
1398 2583 1599 2623 migrarent.
1628 2600 1662 2604 -
1688 2579 1844 2622 custodes]
1876 2578 1952 2612 Noli
1975 2587 2056 2612 cum

1186 2633 1260 2666 aliis
1286 2631 1478 2674 intelligere
1503 2632 1547 2664 de
1571 2631 1654 2664 solis
1678 2629 1960 2672 magistratibus,
1993 2628 2058 2662 sed

1187 2684 1302 2725 potius
1343 2682 1387 2715 de
1427 2681 1673 2722 familiaribus,
1720 2679 1848 2721 quibus
1881 2681 2058 2720 Augustus

1187 2741 1331 2774 semper
1353 2731 1519 2764 utebatur
1542 2731 1586 2763 ad
1610 2729 1823 2772 exploranda
1844 2729 1934 2762 facta
1950 2729 2059 2761 dicta-

1187 2792 1256 2824 que
1273 2781 1490 2822 singulorum
1507 2782 1706 2823 principum
1722 2781 1890 2812 virorum.
1909 2797 1943 2802 —
1958 2787 2060 2820 prae-

1186 2833 1261 2865 miis
1282 2833 1424 2872 inducti]
1450 2831 1616 2864 custodes
1640 2829 1703 2870 illi,
1729 2829 1905 2862 delatores
1925 2828 2059 2862 scilicet

1187 2884 1496 2923 accusatoresque.
1533 2881 1678 2913 Sueton.
1702 2881 1784 2912 Ner.
1811 2880 1870 2912 ⁴0:
1903 2879 2059 2921 praemia

1187 2933 1371 2965 delatorum
1393 2932 1515 2972 Papiae
1538 2932 1582 2963 ad
1605 2934 1744 2972 quartas
1765 2930 1908 2972 redegit,
1937 2931 1976 2962 ut
1999 2937 2060 2971 ap-

1186 2985 1309 3026 pareat
1341 2982 1499 3025 praemia
1528 2989 1653 3022 magna
1685 2980 1810 3020 tuisse,
1847 2982 1882 3012 et
1909 2979 2058 3012 fortasse

1188 3033 1327 3066 tertiam
1357 3033 1417 3064 aut
1444 3031 1632 3065 semissem
1655 3029 1798 3063 multae.
1831 3030 1917 3062 Lirs.
1946 3046 1981 3053 -—
2006 3031 2056 3069 ut,

1187 3085 1215 3116 si
1238 3093 1261 3116 a
1277 3083 1466 3125 privilegiis
1488 3082 1572 3122 cet]
1594 3082 1633 3113 ut
1655 3081 1683 3113 si
1707 3080 1767 3122 qui
1788 3078 1865 3121 lege
1888 3087 1930 3112 ac
1954 3079 2059 3122 privi-

1188 3133 1306 3175 legiis,
1340 3133 1413 3166 sive
1437 3130 1704 3168 emolumentis,
1736 3138 1827 3171 quae
1850 3128 1895 3161 ab
1920 3137 1962 3161 ea
1985 3130 2059 3162 sta-

1189 3183 1396 3221 tuebantur,
1423 3181 1607 3223 neglectis,
1633 3178 1806 3212 caelibem
1828 3179 1935 3211 vitam
1958 3187 2061 3220 prae-

1190 3234 1333 3273 ferrent,
1349 3232 1457 3266 ceteri
1473 3233 1569 3264 cives
1585 3229 1650 3272 legi
1664 3229 1951 3271 obtemperantes
1966 3227 2059 3261 frue-

1189 3286 1312 3317 rentur
1334 3283 1376 3316 iis
1399 3282 1615 3320 commodis,
1648 3289 1739 3322 quae
1769 3288 1812 3312 ex
1834 3278 1970 3311 aerario
1994 3287 2060 3321 per

1189 3333 1364 3367 caelibum
1388 3332 1514 3366 multas
1537 3333 1640 3364 aucto
1656 3330 1877 3371 obtingerent
1891 3330 2058 3362 universo

1189 3383 1330 3426 populo.
1370 3382 1488 3425 (Aliter
1517 3380 1701 3415 Duebner:
1745 3380 1842 3412 «Hoc
1876 3379 1982 3412 modo
2013 3388 2058 3412 ex

1187 3435 1352 3467 universo
1383 3431 1513 3475 populo
1543 3429 1785 3464 excitabantur
1814 3430 2054 3470 accusatores,
