2254 3770
732 295 888 339 LIBER
916 294 985 338 111.
1031 293 1131 350 Cap.
1162 292 1230 336 23.
1259 291 1327 336 24.
1357 291 1425 336 25.

1890 286 1972 330 ’163

187 407 356 452 Silanus
391 405 537 449 Iuniae
573 402 755 447 familiae
794 401 1002 445 redditus.
1032 413 1177 444 casum
1209 398 1302 442 eius
1337 397 1486 456 paucis
1522 400 1726 453 repetam.
1756 399 1804 437 ut
1830 392 1972 437 valida

189 483 288 526 divo
316 482 505 538 Augusto
544 479 588 522 in
626 492 719 522 rem
746 476 961 535 publicam
988 475 1172 526 fortuna,
1207 474 1265 517 ita
1293 473 1409 517 domi
1437 473 1687 530 inprospera
1716 469 1793 512 suit
1820 468 1876 513 ob
1906 470 1972 512 in-

188 556 435 615 pudicitiam
454 554 566 598 filiae
597 567 648 597 80
677 552 828 610 neptis,
860 565 969 609 quas
1000 550 1107 594 urbe
1130 548 1294 607 depulit
1323 548 1626 606 adulterosque
1657 560 1807 590 earum
1834 550 1971 588 morte

189 638 262 677 aut
298 631 396 689 fuga
434 629 611 688 punivit.
653 642 751 672 nam
787 626 957 684 culpam
994 626 1104 669 inter
1141 624 1255 668 viros
1296 637 1347 667 ac
1381 624 1558 668 feminas
1597 621 1813 679 vulgatam
1854 619 1972 678 gravi

188 706 359 750 nomine
379 704 595 749 laesarum
613 703 866 761 religionum
888 716 940 746 ac
958 700 1139 744 violatae
1159 700 1391 743 maiestatis
1423 698 1677 757 appellando
1707 697 2006 742 clementiam5

187 781 396 827 maiorum
418 793 607 837 suasque
627 779 721 837 ipse
746 778 864 835 leges
885 775 1195 835 egrediebatur.
1217 774 1293 819 sed
1316 774 1497 818 aliorum
1516 774 1665 825 exitus,
1687 772 1812 818 simul
1832 779 1977 817 cetera

191 856 304 900 illius
335 855 495 906 aetatis,
527 853 787 903 memorabo,
820 853 855 896 si
876 851 1040 896 effectis
1069 851 1112 894 in
1132 864 1246 909 quae
1275 850 1434 894 tetendi
1459 849 1606 908 plures
1628 849 1684 893 ad
1704 862 1829 894 curas
1849 848 1977 892 vitam

188 930 446 990 produxero.
475 931 525 973 D.
543 929 711 974 Silanus
737 929 780 971 in
805 928 921 985 nepti
946 927 1123 985 Augusti
1147 925 1325 978 adulter,
1353 939 1614 984 quamquam
1633 939 1719 969 non
1739 924 1850 969 ultra
1869 924 1979 968 soret

189 1007 398 1051 saevitum
417 1019 547 1064 quam
571 1011 618 1048 ut
646 1004 831 1048 amicitia
851 1003 1047 1047 Caesaris
1067 1002 1379 1060 prohiberetur,
1402 1000 1574 1045 exilium
1593 1000 1675 1045 sibi
1697 1000 1978 1045 demonstrari

189 1081 392 1126 intellexit
430 1094 513 1125 nec
549 1080 629 1124 nisi
666 1078 834 1122 Tiberio
871 1078 1138 1136 imperitante
1170 1077 1393 1136 deprecari
1427 1082 1622 1121 senatum
1656 1091 1707 1121 80
1741 1077 2029 1135 principemio

192 1171 324 1201 ausus
355 1163 421 1200 est
450 1156 502 1199 M.
532 1154 662 1199 Silani
692 1154 831 1197 fratris
860 1154 1061 1211 potentia,
1095 1153 1168 1211 qui
1198 1167 1277 1211 per
1305 1150 1513 1211 insignem
1543 1152 1805 1196 nobilitatem
1827 1159 1870 1196 et
1891 1152 1980 1197 elo-

192 1232 411 1291 quentiam
438 1229 738 1289 praecellebat.
770 1228 847 1273 sed
880 1228 1073 1273 Tiberius
1102 1229 1231 1285 gratis
1267 1229 1410 1286 agenti
1440 1228 1583 1272 Silano
1612 1228 1804 1287 patribus
1835 1241 1981 1273 coram

193 1307 416 1365 respondit-
443 1320 491 1350 se
521 1318 697 1364 quoque
727 1303 876 1348 laetari
906 1304 1021 1362 quod
1054 1303 1183 1347 frater
1211 1304 1304 1347 eius
1324 1318 1348 1348 e
1378 1304 1720 1362 peregrinatione
1748 1303 1982 1362 longinqua

193 1382 442 1426 revertisset
469 1380 601 1439 idque
630 1380 725 1424 iure
748 1379 920 1428 licitum,
952 1379 1053 1437 quia
1071 1393 1155 1423 non
1178 1386 1350 1423 senatus
1373 1379 1579 1431 consulto,
1611 1393 1694 1424 non
1714 1379 1811 1438 lege
1831 1379 1980 1438 pulsus

193 1457 316 1501 soret.
348 1456 429 1500 sibi
458 1462 600 1500 tamen
630 1454 837 1499 adversus
868 1469 966 1499 eum
995 1455 1181 1513 integras
1209 1455 1398 1513 parentis
1428 1455 1493 1498 sui
1524 1455 1800 1507 offensiones,
1839 1468 2032 1513 nequens

193 1532 335 1576 reditu
373 1531 504 1575 Silani
542 1529 750 1575 dissoluta
787 1544 900 1588 quae
938 1531 1154 1588 Augustus
1196 1530 1414 1575 voluisset.
1454 1531 1530 1575 fuit
1568 1531 1746 1590 posthac
1788 1532 1831 1575 in
1872 1532 1981 1576 urbe

193 1620 335 1666 neque
365 1607 551 1651 honores
581 1605 762 1664 adeptus
792 1611 870 1649 est.

306 1683 390 1741 (25)
430 1681 624 1726 Relatum
660 1681 816 1725 deinde
855 1680 910 1725 de
945 1681 1211 1726 moderanda
1245 1682 1375 1740 Papia
1415 1683 1626 1741 Poppaea,
1668 1697 1797 1741 quam
1839 1683 1983 1728 senior

260 1810 294 1844 2.
318 1811 515 1852 inprospera
535 1819 590 1852 pr.
609 1811 659 1844 M:
683 1811 891 1852 improspera
913 1819 1004 1843 corr.
1023 1811 1057 1843 Μ
1074 1826 1110 1833 ·-
1137 1810 1168 1844 7.
1187 1810 1524 1844 tetendi‘vErnestius:
1549 1811 1638 1844 tendi
1658 1812 1712 1852 M3
1736 1811 1861 1845 intendi
1879 1811 1983 1844 Hein-

197 1868 283 1901 sius.
311 1883 347 1891 —
375 1867 429 1900 10.
454 1866 591 1910 depcari
612 1867 647 1900 M
671 1884 707 1889 -—
734 1867 788 1899 11.
811 1866 931 1909 fratris
951 1867 1056 1909 fretus
1071 1866 1223 1908 potentia
1245 1866 1524 1910 Bezzenberger.

196 1986 350 2020 refertur
371 1984 417 2019 ad
438 1985 475 2019 id
497 1985 669 2028 temporis
690 1986 880 2028 punctum,
906 1994 977 2027 quo
999 1985 1066 2018 Ru·
1114 1986 1155 2027 2,
1179 1986 1234 2019 70.
1262 2004 1299 2010 —
1334 1988 1382 2019 Μ.
1407 1986 1526 2029 Silani]
1562 1987 1614 2020 Cf.
1637 1987 1675 2027 2,
1701 1987 1755 2020 59.
1792 1988 1901 2021 Socer
1922 1986 1986 2020 fuit

198 2036 324 2070 bellius
347 2038 560 2071 sententiam
583 2036 681 2070 dixit.
702 2054 739 2060 —
771 2045 812 2069 ne
842 2036 929 2069 bona
953 2037 1067 2077 publi-

198 2086 377 2129 carentur]
413 2096 505 2129 quae
532 2086 693 2120 exulibus
716 2086 842 2128 adimi,
877 2088 975 2120 certe
998 2087 1067 2120 im-

198 2138 310 2172 minui
332 2137 506 2171 solebant.

240 2188 294 2222 24.
318 2189 477 2231 repetam]
509 2188 661 2221 narrabo
692 2197 898 2222 memorans
930 2188 1067 2231 priores

198 2239 273 2273 eius
294 2238 566 2272 vicissitudines.
591 2257 635 2262 —
664 2238 700 2271 in
722 2248 793 2272 rem
810 2238 990 2281 publicam]
1021 2238 1068 2271 ad

197 2288 469 2332 opprimendam
492 2298 571 2322 rem
585 2287 776 2331 publicam.
802 2289 854 2322 Cf.
873 2290 904 2329 1,
923 2288 965 2321 8:
986 2298 1069 2329 pro-

195 2340 277 2373 visis
297 2340 399 2373 eliam
417 2340 573 2372 heredum
587 2340 624 2371 in
637 2348 709 2372 rem
720 2349 755 2380 p.
773 2339 897 2380 opibus.
918 2357 955 2362 —
979 2339 1069 2380 filiae

195 2399 238 2423 00
267 2390 391 2432 neptis]
422 2391 567 2422 Sueton.
594 2391 682 2431 Aug.
708 2390 769 2422 65:
809 2389 931 2430 Iulias,
964 2389 1070 2431 filiam

196 2443 229 2473 ct
255 2443 384 2482 neptem
417 2439 559 2480 (Iuliam
581 2440 775 2479 minorem,
812 2439 921 2472 filiam
942 2440 1069 2481 Agrip—

197 2499 266 2533 pae
290 2491 327 2523 et
347 2488 454 2523 Iuliae
477 2490 652 2531 maioris),
678 2489 826 2522 omnibus
844 2489 978 2531 probris
993 2499 1070 2522 con—

199 2540 398 2580 taminatas,
421 2539 593 2581 relegavit.
631 2539 682 2573 Cf.
708 2540 739 2580 4,
765 2538 819 2572 53.
844 2539 877 2579 4,
903 2540 957 2572 71.
981 2538 1067 2572 Ρ1111.

199 2590 242 2624 N.
267 2590 308 2623 H.
333 2590 367 2630 7,
391 2589 411 2632 5
435 2589 511 2623 ⁴49.
537 2605 574 2612 —
605 2589 796 2632 vulgatam]
829 2589 863 2622 id
889 2590 962 2629 est,
987 2590 1071 2621 tunc

199 2639 413 2683 praesertim
430 2638 764 2680 trequentissimam,
788 2638 918 2672 crebro
935 2638 1070 2671 admitti

197 2685 352 2723 solitam.
378 2706 416 2713 —
443 2698 586 2729 suasque
607 2690 676 2730 ipso
695 2689 790 2732 loyes]
821 2689 994 2731 imprimis
1018 2687 1071 2721 18-

202 2748 285 2781 gem
317 2738 440 2772 Iuliam
474 2739 520 2772 de
554 2738 733 2772 adulteriis
764 2741 800 2771 et
830 2738 874 2772 de
905 2739 1070 2781 pudicitia

203 2791 358 2832 (Sueton.
383 2790 471 2832 Aug.
495 2789 548 2831 34)
573 2789 680 2823 1818111
702 2798 734 2823 a.
760 2789 834 2822 737.
871 2789 967 2822 Pauli
988 2790 1073 2822 Sen-

200 2840 286 2872 tent.
317 2840 357 2880 2,
389 2840 448 2879 26,
480 2839 534 2872 ⁴4.
561 2857 598 2864 —
632 2839 722 2871 illius
754 2839 883 2879 aetatis]
918 2839 1072 2881 Respicit

200 2889 338 2922 Tacitus
367 2888 463 2921 haud
493 2888 600 2922 dubie
629 2888 675 2921 ad
704 2897 765 2921 res
788 2890 906 2930 gestas
929 2888 974 2921 ab
997 2891 1071 2921 Au-

200 2941 303 2982 gusto
314 2963 323 2979 ,
346 2946 436 2980 quas
454 2939 651 2980 scripturus
668 2940 745 2971 erat
758 2937 944 2972 Annalium
960 2947 1069 2980 opere

202 2986 376 3021 absoluto.
401 2987 560 3021 Niebuhr
583 2988 695 3021 Rhein.
718 2988 806 3021 Mus.
827 2989 876 3029 11,
894 2989 915 3021 2
937 2997 973 3030 p.
991 2988 1068 3020 29⁴.

204 3037 327 3079 (Ktoina
341 3037 504 3079 Schriften
518 3038 567 3078 11,
590 3046 626 3080 p.
644 3036 734 3078 237.)
751 3038 856 3070 BAcn.
876 3054 912 3061 -
939 3036 1070 3076 tetendi]

201 3095 317 3130 usque
339 3087 377 3119 111
398 3087 545 3120 Neronis
563 3095 642 3127 res,
667 3087 728 3129 qui
751 3095 814 3128 pro
837 3095 902 3120 suo
926 3086 1070 3120 consilio

203 3137 250 3179 (1,
275 3135 306 3178 4)
330 3135 409 3170 finis
431 3136 560 3169 horum
582 3138 659 3169 erat
678 3135 885 3175 Annalium,
909 3144 1000 3177 quos
1015 3136 1073 3168 Hi-

203 3186 334 3220 stoi-iae
357 3187 438 3218 ante
462 3186 678 3227 compositae
701 3185 934 3227 excipiebant.
954 3202 991 3208 —
1016 3194 1074 3217 cu-

204 3235 276 3276 ras]
300 3236 429 3278 scripta
451 3235 617 3268 historica
630 3259 638 3274 ,
662 3235 702 3266 ut
723 3233 762 3275 4,
787 3235 823 3266 11
842 3243 849 3266 :
874 3243 1016 3274 quorum
1036 3234 1073 3266 in

207 3292 327 3317 manias
341 3293 426 3317 cura
438 3287 554 3317 nostra
566 3283 703 3316 venerit.
723 3300 760 3306 -
780 3283 816 3315 in
830 3284 920 3324 nepti
933 3283 1073 3324 Auyusti

210 3333 349 3376 aanor]
373 3335 429 3367 Sic
451 3333 569 3367 Horat.
595 3334 665 3365 Sat.
691 3333 722 3373 4,
747 3333 786 3373 2,
811 3331 872 3366 64:
904 3333 1016 3366 Villius
1037 3333 1072 3365 in

211 3382 337 3416 Fausta
366 3383 478 3417 Sullae
509 3392 627 3426 gener,
673 3390 827 3424 quacum
860 3381 1071 3416 adulterium

213 3433 449 3467 commiserat.
469 3450 506 3458 -
530 3432 681 3466 amicitia
703 3431 738 3466 C.
753 3431 994 3474 prohiberetur]
1019 3431 1071 3467 Cf.

1117 2035 1311 2078 Caligulae,
1347 2046 1368 2069 a
1403 2045 1474 2078 quo
1507 2037 1713 2070 interfectus
1748 2039 1819 2070 est:
1857 2038 1894 2078 6,
1927 2038 1983 2071 20.

1115 2087 1202 2119 Hist.
1227 2086 1266 2127 4,
1284 2086 1338 2120 48.
1367 2087 1448 2129 Agr.
1468 2087 1501 2121 4.
1523 2105 1558 2111 —
1583 2097 1650 2120 non
1671 2091 1804 2121 senatus
1826 2088 1985 2129 consulto,

1114 2146 1182 2168 non
1209 2137 1292 2179 1090]
1325 2136 1462 2179 Triplex
1484 2138 1574 2171 ratio
1598 2138 1792 2172 exsulandi.
1827 2139 1985 2172 Primum
2009 2135 2014 2139 '

1116 2188 1262 2220 senatus
1291 2187 1453 2228 decreto,
1485 2188 1586 2229 quasi
1610 2189 1662 2221 rei
1688 2188 1851 2231 publicae
1875 2190 1987 2222 inter-

1118 2238 1229 2276 esset;
1258 2246 1349 2279 quae
1372 2238 1462 2271 ratio
1485 2237 1701 2272 validissima
1725 2248 1792 2272 nec
1812 2239 1912 2272 facile
1928 2249 1988 2273 ve-

1117 2287 1210 2319 niam
1253 2289 1313 2320 aut
1353 2287 1604 2330 indulgentiam
1639 2289 1852 2326 invenidat.
1902 2291 1987 2324 Ideo

1117 2338 1294 2378 Augustus
1323 2337 1431 2371 multa
1463 2338 1508 2372 de
1539 2339 1698 2373 moribus
1721 2341 1896 2383 Agrippae
1919 2343 1988 2375 Ρο-

1117 2388 1226 2420 stumi
1248 2390 1413 2430 questus,
1437 2392 1476 2421 ut
1497 2391 1636 2422 exilium
1657 2391 1727 2424 eius
1751 2396 1885 2426 senatus
1905 2403 1989 2426 con-

1117 2437 1203 2470 sulto
1224 2439 1413 2471 sanciretur
1434 2441 1585 2481 effecerat
1609 2441 1652 2482 (1,
1678 2443 1723 2483 6).
1758 2442 1875 2477 Altera
1898 2446 1987 2478 ratio

1117 2496 1183 2530 per
1205 2488 1340 2522 iudices
1363 2491 1400 2522 et
1421 2492 1631 2524 sententiam
1647 2501 1690 2525 ex
1712 2492 1801 2535 lege.
1827 2497 1871 2528 At
1886 2497 1988 2529 tertia

1119 2538 1327 2580 novissima,
1353 2548 1435 2573 cum
1458 2542 1622 2584 princeps
1644 2543 1679 2575 in
1697 2544 1856 2578 exsilium
1873 2547 1988 2581 milte-

1119 2587 1200 2625 bat.
1231 2598 1322 2630 quae
1350 2591 1469 2624 verius
1502 2593 1661 2635 relegatio
1692 2596 1770 2628 erat
1791 2597 1828 2628 et
1848 2597 1945 2635 velut
1967 2608 1986 2631 8

1119 2641 1266 2680 parente
1301 2639 1442 2681 publico
1472 2642 1568 2681 (nam
1597 2644 1634 2675 et
1661 2645 1868 2686 parentibus
1891 2647 1988 2681 domi

1119 2697 1162 2721 ac
1189 2689 1352 2730 privatim
1374 2690 1444 2724 hoc
1467 2693 1532 2733 ius)
1556 2692 1658 2726 facta.
1695 2695 1837 2730 Ovidius
1861 2706 1986 2732 omnes

1120 2739 1229 2779 tangit
1257 2739 1358 2772 Trist.
1383 2741 1422 2780 2,
1449 2742 1531 2774 ⁴3⁴:
1566 2743 1635 2775 Noc
1662 2753 1738 2777 mea
1767 2747 1895 2780 decreto
1923 2749 1988 2780 da-

1118 2788 1240 2820 mnasti
1262 2789 1356 2827 facta
1377 2794 1528 2831 senatus,
1559 2793 1628 2826 Nec
1648 2803 1724 2827 mea
1745 2796 1859 2829 selecto
1879 2798 1988 2830 iudice

1119 2838 1210 2870 iussa
1231 2839 1315 2881 fuga
1337 2843 1393 2873 est.
1437 2841 1594 2875 Tristibus
1615 2844 1762 2878 invectus
1782 2847 1905 2887 verbis,
1937 2848 1987 2880 ita

1115 2888 1268 2928 principe
1289 2890 1442 2931 cliynum,
1471 2892 1562 2924 Ultus
1583 2902 1616 2925 es
1638 2895 1794 2937 offensas,
1825 2900 1864 2929 ut
1886 2898 1985 2938 decet,

1118 2938 1186 2978 ipse
1208 2941 1294 2971 tua&
1335 2939 1424 2972 Adde
1448 2943 1536 2981 quod
1556 2943 1716 2985 edictum,
1749 2947 1901 2988 quamvis
1921 2947 1987 2979 im-

1118 2988 1197 3019 mite
1218 2988 1415 3030 minaoeque,
1451 2990 1605 3025 Attamen
1638 2994 1675 3026 in
1703 3003 1830 3036 poenae
1857 2997 1988 3030 nomino

1118 3037 1294 3118 leneufuit:
1330 3039 1456 3081 Quippe
1468 3041 1653 3084 relegatus,
1677 3053 1745 3077 non
1758 3046 1869 3087 exsul,
1894 3046 1988 3079 dicor

1118 3087 1154 3118 in
1181 3087 1187 3093 '
1213 3095 1243 3119 o.
1268 3088 1355 3121 Lirs.
1379 3113 1382 3116 ⁴

1161 3136 1215 3168 25.
1239 3137 1346 3178 Papia
1365 3139 1530 3182 Poppaea]
1555 3141 1599 3174 de
1623 3144 1828 3177 maritandis
1851 3144 1985 3178 ordini-

1119 3184 1206 3226 bus,
1230 3194 1248 3218 a
1272 3188 1318 3221 M.
1343 3189 1449 3230 Papio
1471 3189 1589 3223 Mutilo
1617 3195 1652 3225 et
1675 3194 1714 3232 Q.
1738 3196 1902 3236 Poppaeo
1925 3195 1986 3228 Se·

1120 3235 1249 3276 cundo,
1267 3237 1470 3272 consulibus
1483 3240 1638 3274 suffectis
1650 3242 1766 3282 a.762,
1784 3244 1986 3285 quinquen-

1120 3285 1177 3317 nio
1209 3287 1291 3318 ante
1325 3288 1471 3329 Augusti
1502 3289 1637 3323 obitum
1664 3290 1744 3323 lata.
1788 3292 1903 3334 (11.2,
1928 3295 1982 3329 32.

1119 3334 1273 3370 Isidorus
1297 3337 1409 3380 origg.
1434 3340 1466 3378 5,
1489 3340 1596 3379 15,4;
1621 3340 1688 3372 Sub
1703 3341 1885 3376 Octaviano
1901 3344 1985 3378 Cae-

1120 3392 1196 3417 sare
1216 3387 1342 3428 &affecti
1359 3389 1505 3421 consules
1518 3389 1641 3429 Papius
1654 3392 1686 3422 et
1699 3391 1868 3432 Poppaeus
1881 3393 1984 3437 legem

1121 3434 1283 3477 tulerunt,
1308 3444 1395 3478 quae
1416 3446 1440 3470 a
1460 3436 1646 3471 nominibus
1665 3447 1781 3474 eor-iam
1795 3443 1986 3484 appellatur
