2254 3770
794 275 955 321 Lmen
981 275 1052 320 xi.
1098 274 1201 332 cap.
1229 274 1301 320 20.
1327 273 1397 319 2⁴.
1909 272 1994 318 327

315 385 406 430 Nec
431 383 567 428 multo
591 389 692 442 post
720 383 890 428 Curtius
918 382 1050 428 Rufus
1080 381 1269 426 eundem
1297 381 1504 426 honorem
1533 380 1802 440 adipiscitur,
1845 380 1920 438 qui
1947 380 1994 423 in

204 473 308 518 agro
347 459 542 505 Mattiaco
579 459 816 504 recluserat
853 472 1011 517 specus
1040 456 1302 517 quaerendis
1330 457 1452 501 venis
1481 456 1667 515 argenti3
1706 455 1822 499 unde
1851 455 1995 499 tenuis

203 535 363 580 fruetus
406 548 490 580 nec
530 535 574 578 in
611 534 785 592 longum
820 534 916 586 fuit,
960 540 1003 578 at
1037 523 1279 592 legionibus
1319 546 1417 577 cum
1446 533 1602 577 damno
1630 531 1770 584 labor,
1801 530 1992 575 effodere

203 611 338 663 rivos,
377 623 580 669 quaeque
618 610 661 653 in
700 616 850 668 aperto
880 609 1046 667 gravia,
1090 608 1266 653 humum
1303 608 1411 652 infra
1448 608 1599 652 moliri.
1657 607 1754 666 quis
1788 606 1992 651 subactus

203 685 348 738 miles,
388 692 431 730 et
458 686 561 744 quia
588 685 735 744 plures
763 699 844 744 per
871 685 1114 743 provincias
1143 684 1299 728 similia
1326 683 1634 735 tolerabantur,
1674 683 1891 742 componit
1919 691 2026 727 σει-5

201 761 338 806 cultas
374 760 537 806 litteras
578 761 750 805 nomine
781 761 1064 812 exercituum,
1103 760 1371 818 precantium
1398 760 1701 818 imperatorem
1727 765 1793 811 ut,
1833 758 1995 816 quibus

201 837 493 896 permissurus
523 843 641 880 esset
669 837 904 888 exercitus,
935 835 1208 894 triumphalia
1236 841 1334 879 ante
1363 835 1583 879 tribueret.

313 912 399 970 (24)
428 913 493 956 De
523 912 687 969 origine
717 912 848 956 Curtii
877 911 993 964 Rufi,
1035 925 1166 970 quem
1202 910 1441 968 gladiatore
1467 910 1657 968 genitum
1685 909 1860 968 quidam
1892 922 1995 967 pro-

202 987 370 1038 didere,
402 1000 545 1046 neque
575 986 681 1031 salsa
697 987 984 1045 prompserim
1005 993 1050 1030 et
1067 1000 1171 1030 vera
1191 986 1348 1044 exequi
1368 986 1516 1044 pudet.
1546 992 1777 1045 postquam
1795 984 1992 1036 adolevit,

202 1068 387 1107 sectator
415 1062 657 1121 quaestoris
687 1062 757 1106 cui
786 1062 925 1106 Africa
954 1062 1181 1120 optigerat,
1214 1061 1316 1110 dum
1346 1062 1390 1104 in
1411 1061 1574 1120 oppido
1593 1061 1826 1105 Adrumeto
1845 1060 2046 1104 vacuisto

201 1152 282 1197 per
308 1137 500 1181 medium
527 1137 613 1181 diei
641 1137 878 1195 porticibus
908 1143 1102 1181 secretus
1132 1137 1280 1195 agitat,
1323 1136 1469 1180 oblata.
1494 1137 1535 1180 ei
1572 1136 1744 1195 species
1771 1135 1994 1179 muliebris

201 1213 313 1258 ultra
340 1213 517 1257 modum
545 1212 777 1256 humanum
806 1219 850 1257 et
877 1212 1023 1257 audita
1052 1219 1120 1257 est
1146 1226 1231 1257 vox
1262 1218 1332 1256 «tu
1353 1226 1421 1264 es,
1451 1211 1575 1263 Rufe,
1606 1211 1746 1270 quiin
1764 1210 1874 1255 hanc
1893 1224 1996 1269 pro-

200 1289 386 1334 vinciam
414 1302 497 1346 pro
525 1287 702 1332 consule
730 1288 918 1332 venies.»
952 1287 1023 1332 tali
1054 1288 1196 1332 omine
1225 1288 1267 1331 in
1297 1301 1421 1346 spem
1449 1286 1643 1332 sublatus
1673 1286 1996 1344 degressusque

201 1365 245 1408 in
273 1364 449 1416 urbem,
478 1362 700 1421 largitione
730 1363 988 1415 amicorum,
1020 1362 1147 1407 simul
1175 1363 1265 1408 acri
1294 1362 1485 1421 ingenio,
1518 1368 1795 1420 quaesturam
1824 1368 1869 1406 et
1894 1375 1997 1406 mox

199 1503 328 1546 insigne
347 1503 618 1545 triumphaliwm
643 1501 726 1535 add.
746 1502 875 1545 tusique
889 1502 1021 1545 reatum
1034 1503 1068 1543 2,
1084 1502 1127 1535 56
1148 1503 1184 1535 et
1203 1493 1236 1543 6,
1253 1501 1330 1535 42.»
1347 1503 1456 1536 HALu.
1481 1502 1526 1536 At
1543 1502 1690 1545 ins-ionia
1707 1502 1866 1544 triumphi
1881 1502 1994 1537 habes

200 1559 308 1593 etiam
331 1559 363 1601 3,
389 1559 431 1593 48
455 1559 491 1592 et
512 1559 566 1591 72.
591 1557 624 1599 4,
649 1557 692 1592 44
708 1559 744 1591 et
758 1557 813 1592 46.
841 1559 894 1599 44,
917 1558 973 1591 2⁴.
999 1558 1053 1599 42,
1071 1558 1124 1591 38.
1150 1558 1278 1591 Littera
1301 1560 1421 1591 autem
1443 1567 1466 1591 a
1488 1559 1524 1591 in
1539 1559 1712 1601 scriptura
1728 1559 1996 1601 Langobardica

200 1615 337 1649 litterae
360 1619 373 1648 t
394 1616 468 1649 tam
490 1613 614 1649 similis
637 1615 712 1656 est,
744 1614 783 1647 ut
805 1616 887 1648 ante
909 1615 1002 1648 hanc
1025 1613 1187 1648 facillime
1211 1613 1376 1648 excidere
1399 1614 1564 1657 potuerit.
1587 1631 1625 1639 —
1650 1616 1683 1648 2.
1707 1615 1875 1648 mathiaco
1896 1616 1931 1650 M
1955 1633 1993 1639 —

201 1673 376 1715 querendis
396 1673 430 1707 M
455 1689 491 1697 -
515 1671 550 1705 3.
574 1672 715 1713 effodere
735 1672 947 1706 Rhenanus:
971 1675 1003 1705 et
1023 1672 1138 1714 fodere
1158 1672 1211 1711 M3
1237 1671 1386 1713 ecfodere
1408 1672 1558 1714 Lipsius.
1576 1690 1621 1696 -
1642 1670 1675 1706 t.
1693 1672 1801 1713 rivos,
1826 1672 1892 1705 sed
1913 1681 1936 1704 v
1958 1672 1996 1705 in

201 1737 343 1770 rasura,
368 1729 403 1763 M
431 1746 468 1752 —
499 1728 532 1762 6.
555 1726 728 1770 §cantium
749 1730 783 1763 M
814 1747 850 1753 —
882 1729 914 1763 9.
939 1729 1079 1771 eexequi
1102 1729 1175 1771 (sic)
1200 1730 1233 1763 M
1254 1747 1299 1754 —
1328 1730 1381 1763 43.
1406 1738 1463 1771 spe
1484 1738 1538 1772 pr.
1562 1730 1597 1764 M
1621 1748 1658 1754 -
1683 1731 1916 1772 degressusque
1938 1730 1992 1763 M:

201 1786 431 1828 dtqrmtcsque
445 1786 493 1824 G?
516 1793 750 1828 reyressusque
771 1786 898 1820 Haase.
919 1804 955 1810 —
974 1786 1028 1820 44.
1044 1786 1127 1820 urbe
1141 1787 1176 1821 M
1193 1803 1229 1810 --
1253 1787 1434 1829 largitione
1455 1787 1677 1830 Nipperdey:
1702 1791 1733 1821 et
1754 1784 1934 1829 largitione
1946 1787 1992 1822 M.

202 1910 313 1952 atque
339 1909 521 1943 Orientem
550 1909 788 1953 expediretur.
826 1910 914 1944 Vide
938 1911 992 1952 43,
1016 1910 1072 1945 53.

203 1962 371 1995 Ceterum
394 1960 574 1993 diversam
597 1969 744 1993 causam
767 1960 878 1994 factae
898 1970 919 1994 a
937 1961 1073 1995 Corbu-

1123 1913 1227 1946 audio
1248 1913 1406 1946 accidisse
1429 1912 1543 1945 Curtio
1565 1911 1660 1953 Rufo.
1697 1911 1816 1944 Tenuis
1835 1911 1944 1945 adhuc
1965 1915 1997 1945 et

1124 1963 1282 1996 obscurus
1312 1962 1470 1995 obtinenti
1500 1962 1652 2003 Africam
1685 1970 1792 1995 comes
1819 1961 1995 1995 haeserat.-

201 2011 282 2044 lone
306 2010 421 2044 fossae
445 2009 578 2043 rettulit
600 2012 664 2044 Dio
689 2011 832 2045 Cassius
855 2010 933 2054 (ἵνα
954 2009 1011 2055 μὴ
1037 2012 1078 2045 οἱ

202 2062 372 2104 ποταμοὶ
401 2060 443 2094 ἐν
470 2059 516 2108 τῇ
540 2059 609 2095 τοῦ
628 2057 814 2095 Ὠκεανοῦ
839 2061 1074 2109 πλημμυρίδι

202 2107 453 2158 ἀναρῥέοντες
464 2110 741 2155 πελαγίζωσιν),
752 2113 854 2147 cuius
866 2114 988 2146 tamen*
999 2122 1077 2146 ver·

202 2163 259 2196 bis
281 2171 351 2196 nec
373 2161 514 2204 vulgata
535 2161 640 2196 lectio
663 2162 858 2205 explicatur
879 2164 940 2196 aut
959 2163 1079 2196 firma-

203 2214 273 2246 tur.
291 2213 459 2245 Hamus.
477 2229 513 2236 —
531 2213 678 2255 ι’ωἱρηὶα
693 2216 804 2246 tamen
817 2214 979 2255 triumphi
994 2213 1076 2256 cet.]

203 2263 269 2296 Dio
300 2261 324 2295 l.
348 2261 393 2296 l.:
426 2260 503 2295 τῶν
533 2263 669 2306 μέντοι
699 2262 893 2297 ἐπινικίων
925 2264 992 2297 καὶ
1024 2260 1078 2305 ὥς

203 2307 351 2352 ἔτυχεν.
380 2329 415 2336 -
441 2312 577 2346 curtius
597 2313 712 2355 Rufus]
737 2314 946 2347 Germaniae
969 2322 1081 2357 supe-

205 2364 308 2396 rioris
322 2362 459 2405 legatus
473 2371 538 2405 pro
554 2365 730 2406 praetore.
748 2381 784 2388 -
802 2373 888 2407 aare
901 2366 1075 2406 Mattiaco]

207 2413 259 2446 Cf.
277 2414 309 2453 4,
324 2413 380 2446 56.
405 2412 492 2445 Hist.
509 2411 542 2453 b,
559 2413 613 2446 37.
636 2414 755 2447 Germ.
773 2414 828 2447 29.
853 2415 972 2448 Fontes
984 2416 1078 2449 Mat-

205 2463 288 2496 tiaei
315 2463 562 2495 memorantur
590 2471 612 2495 a
639 2462 747 2496 Plinio
777 2465 818 2497 N.
843 2465 885 2498 H.
911 2466 947 2498 34
976 2465 996 2507 5
1019 2466 1075 2498 20.

207 2520 303 2546 nunc
327 2511 534 2545 Wtesbaaen.
561 2530 598 2536 -
623 2521 701 2548 cum
721 2514 854 2555 damno]
877 2513 1078 2548 valetudine

207 2564 244 2596 et
269 2561 429 2595 vestibus
457 2561 603 2604 perditis
627 2562 685 2604 (cf.
711 2564 742 2604 4,
770 2564 822 2605 47)
853 2565 889 2596 et
921 2564 1077 2606 praedae

206 2611 391 2647 faciendae
413 2612 600 2645 occasione
620 2611 798 2655 adempta.
819 2630 855 2636 —
879 2613 985 2656 rivos]
1007 2614 1079 2648 ios-

206 2671 282 2703 sas,
308 2662 439 2704 quibus
461 2670 636 2704 aquarum
658 2662 724 2695 rivi
747 2671 767 2695 e
790 2662 940 2698 metallis
963 2663 1079 2697 dedu-

207 2715 385 2746 cerentur.
412 2729 450 2735 —
474 2712 611 2755 gravia]
636 2712 741 2745 nimis
764 2712 930 2746 difficilia.
958 2731 993 2737 -
1019 2714 1080 2746 hu-

205 2772 297 2796 mum
316 2762 421 2804 infra]
450 2771 517 2805 per
538 2762 653 2796 fossas
676 2765 964 2805 concameratas,
991 2764 1079 2796 Tun-

206 2814 286 2847 nels.
313 2830 351 2837 —
376 2812 540 2855 subactus]
568 2811 738 2846 molestiis
759 2815 908 2848 vexatus
932 2815 967 2847 et
990 2823 1078 2847 con-

208 2863 333 2897 fectus.
373 2880 410 2887 -
446 2862 667 2903 triunphalis:
706 2866 784 2896 ante
819 2863 997 2906 tribueret]
1032 2873 1078 2897 ne

207 2911 473 2954 triumphalium
497 2912 832 2954 consequendorum
856 2922 963 2947 causa
987 2913 1080 2947 mili-

209 2963 304 2996 tibus
326 2961 506 2996 molestias
524 2964 705 3003 crearent,
732 2962 855 3005 quales
872 2963 1027 2996 Corbulo
1044 2965 1080 2996 et

209 3011 317 3046 Rufus
347 3012 540 3045 creassent.
564 3012 646 3045 Eun.
681 3012 783 3046 Idem
810 3014 931 3046 narrat
952 3014 1080 3046 sueto-

210 3062 288 3096 nius
312 3060 433 3095 Claud.
458 3060 518 3094 24:
553 3062 705 3102 Epistola
726 3063 893 3095 communi
913 3063 1080 3104 legionum

209 3113 341 3145 nentina
361 3111 491 3144 exstitit
505 3111 703 3151 petentium»,
727 3115 765 3144 ut
787 3112 903 3153 leyatis
924 3112 1079 3144 consula—

209 3162 303 3196 ribus
329 3161 428 3194 amne
448 3169 525 3193 cum
546 3162 697 3194 exercitu
722 3165 754 3194 et
776 3162 993 3202 triumphalia
1013 3163 1079 3194 da-

209 3217 346 3254 rentur,
375 3221 418 3246 ue
447 3220 585 3244 causam
607 3211 681 3245 boui
702 3221 835 3253 quoquo
855 3213 953 3245 modo
975 3221 1079 3253 quae-

210 3266 333 3298 rorent.

253 3314 311 3346 2⁴.
340 3313 391 3345 De
423 3313 552 3354 origiue
585 3312 693 3347 Curtii
727 3312 801 3354 Rufi
828 3310 914 3353 cet.]
950 3310 1078 3344 Similia

213 3361 344 3395 rettulit
372 3361 501 3396 Plinius
524 3363 611 3405 Epp.
637 3363 669 3402 7,
693 3362 747 3401 27,
772 3362 812 3394 2:
847 3362 919 3404 1390
948 3364 985 3394 ut
1012 3369 1081 3395 esse

215 3412 479 3455 (phantasmata)
496 3414 631 3448 credam
643 3413 680 3446 iu
688 3413 811 3454 primis
824 3421 863 3447 eo
874 3413 978 3446 ducor
993 3413 1080 3454 quod

1124 2013 1283 2046 inclinato
1315 2013 1367 2046 die
1388 2011 1601 2054 spatiabatur
1621 2012 1658 2044 in
1676 2012 1829 2053 porticu:
1856 2013 1999 2053 offertur

1125 2063 1155 2095 ei
1168 2063 1320 2096 mulieris
1337 2063 1452 2104 figura
1465 2062 1614 2094 humana
1627 2062 1795 2104 grandior
1803 2062 1999 2103 pulchrior-

1126 2122 1209 2154 que:
1228 2113 1407 2154 perterrito
1428 2111 1579 2154 Africam
1600 2120 1652 2153 se,
1681 2112 1874 2154 facturorum
1890 2121 1997 2154 prae-

1125 2163 1292 2204 nuntiam,
1312 2163 1403 2196 dimit
1409 2171 1422 2202 ;
1444 2163 1573 2195 iturum
1585 2162 1673 2195 em‘m
1687 2163 1826 2195 Romam
1838 2163 1998 2196 honores-

1127 2222 1188 2254 que
1202 2216 1375 2256 qesturum
1388 2213 1497 2254 adque
1511 2213 1614 2245 etiam
1627 2221 1704 2245 cum
1717 2221 1844 2245 swnmo
1858 2213 1998 2254 imperio

1126 2264 1162 2296 in
1183 2264 1322 2297 eandem
1339 2263 1552 2304 provinciam
1572 2270 1786 2295 reversurum
1806 2262 1915 2303 ibique
1927 2265 1999 2295 mo-

1124 2315 1285 2348 riturum.
1316 2314 1423 2346 Facta
1442 2316 1520 2345 suut
1547 2312 1670 2345 omnia.
1701 2313 1878 2346 Praeterea
1899 2321 1998 2346 acce—

1126 2364 1215 2396 denti
1238 2363 1472 2405 carthaqtm
1504 2362 1749 2404 caradientique
1774 2370 1861 2395 nave
1883 2362 1999 2395 eadem

1124 2415 1239 2456 ttyura
1259 2414 1298 2446 iu
1318 2413 1415 2446 litore
1429 2413 1612 2446 occurrisse
1624 2414 1802 2445 narratur.
1825 2412 1899 2453 Ipse
1911 2414 2000 2446 certe

1125 2463 1295 2504 inplicitus
1314 2462 1446 2503 morbo,
1476 2462 1595 2504 futura
1612 2462 1821 2503 praeteritis,
1854 2462 2000 2495 adversa

1126 2514 1276 2547 secundis
1290 2516 1496 2555 auquratus,
1517 2521 1607 2553 spem
1621 2513 1740 2545 salutis
1753 2512 1846 2544 nullo
1859 2521 1998 2545 suorum

1127 2565 1322 2605 desperante
1329 2563 1482 2605 proiecit.
1500 2563 1602 2596 Hunc
1613 2563 1773 2596 Curtium
1787 2562 1915 2596 Rufum
1930 2571 1996 2604 pro

1128 2614 1258 2647 eodem
1274 2614 1400 2647 haberi
1411 2621 1494 2646 cum
1507 2613 1597 2646 vitae
1609 2612 1797 2646 Alexandri
1808 2613 1995 2654 scriptore,

1129 2672 1276 2706 prorsus
1298 2664 1396 2697 vetat
1417 2663 1525 2696 Taciti
1548 2664 1584 2695 et
1605 2661 1704 2696 Plinii
1718 2662 1764 2695 de
1781 2663 1856 2696 eius
1871 2661 1996 2695 studiis

1129 2713 1320 2747 silentium.
1345 2714 1415 2747 Sed
1438 2713 1534 2746 haud
1549 2712 1792 2755 improbabilis
1808 2714 1863 2746 est
1876 2713 1997 2746 Ritteri

1129 2764 1318 2797 sententia:
1338 2764 1469 2796 «Huius
1484 2763 1576 2796 filius
1591 2763 1740 2797 fortasse
1753 2763 1899 2802 Quintus
1912 2763 1998 2795 Cur-

1128 2815 1197 2847 tius
1211 2814 1276 2847 fuit
1286 2839 1294 2853 ,
1319 2814 1380 2855 qui
1398 2814 1557 2855 principe
1572 2814 1789 2855 Vespasiano
1804 2822 1863 2846 res
1879 2814 1996 2854 gestas

1127 2863 1314 2897 Alexandri
1337 2864 1451 2905 Magni
1474 2864 1691 2905 composuit:
1716 2871 1800 2896 nam
1823 2872 1864 2896 ea
1880 2863 2000 2895 aetate

1129 2913 1184 2946 ille
1219 2914 1378 2955 scripsit,
1414 2914 1576 2955 quamvis
1611 2912 1668 2946 alii
1698 2913 1800 2946 aliter
1828 2913 1995 2953 statuant,

1129 2964 1235 3005 idque
1266 2972 1310 2996 ex
1333 2964 1442 2997 Curtii
1467 2963 1588 2997 verbis
1611 2964 1664 3005 40,
1690 2964 1710 2996 9
1737 2965 1835 2997 recte
1858 2962 1998 2996 intelle-

1129 3015 1194 3046 ctis
1217 3014 1435 3054 agnoscitur,
1467 3015 1504 3047 et
1525 3013 1663 3056 primus
1685 3014 1824 3055 agnovit
1846 3014 1997 3054 Rutger-

1129 3064 1202 3096 sius
1235 3064 1313 3096 Var.
1338 3063 1426 3096 Lect.
1451 3065 1486 3103 I,
1519 3073 1552 3096 c.
1577 3063 1654 3096 ⁴9.»
1689 3081 1725 3087 -
1761 3071 1844 3095 vera
1876 3063 1999 3103 exequi

1122 3111 1237 3154 pudet]
1270 3113 1351 3154 quia
1375 3113 1484 3146 Curtii
1506 3114 1625 3155 origo,
1658 3114 1724 3146 etsi
1745 3112 1896 3146 fortasse
1920 3113 1997 3147 eius

1128 3164 1230 3205 pater
1251 3160 1421 3204 gladiator
1443 3172 1514 3196 non
1537 3163 1667 3203 fuerat,
1697 3164 1835 3202 tamen,
1867 3163 1907 3194 ut
1928 3163 1998 3195 Ta-

1130 3212 1200 3245 cito
1221 3212 1423 3253 videbatur,
1449 3214 1554 3246 nimis
1576 3212 1729 3246 obscura
1751 3221 1793 3244 ac
1808 3211 1884 3245 vilis
1906 3213 1994 3247 erat.

1133 3280 1170 3286 -
1193 3263 1349 3306 sectator]
1383 3265 1554 3306 quaestus
1587 3271 1705 3296 causa.
1737 3280 1773 3286 --
1805 3262 1995 3307 Adrumeto]

1130 3313 1244 3356 capite
1266 3315 1426 3355 Byzacii,
1449 3322 1563 3353 nunc,
1588 3314 1628 3345 ut
1641 3313 1842 3355 opinantur,
1859 3314 1994 3347 Herkla.

1132 3380 1168 3387 —
1193 3365 1438 3407 degressusque]
1461 3365 1506 3397 de
1528 3363 1720 3406 provincia.
1748 3381 1785 3388 --
1809 3372 1855 3397 σω
1874 3373 1909 3398 se
1929 3374 1997 3398 na-

1130 3413 1201 3457 tus}
1227 3415 1290 3448 Est
1315 3415 1524 3458 ambiguitas
1554 3414 1591 3448 in
1612 3413 1744 3448 verbis.
1778 3415 1867 3449 Nam
1895 3424 1942 3451 σω
1960 3424 1996 3450 se
