2254 3770
774 222 930 268 LIBER
957 222 1027 267 ῙΠ.
1071 222 1173 282 Cap.
1201 222 1242 267 7.
1272 223 1313 269 8.
1342 223 1382 268 9.
1413 223 1480 268 40.

1940 218 2015 266 454

232 346 315 378 nec
349 332 548 392 cuiquam
580 335 766 375 mortem
806 328 1044 374 Germanici
1085 328 1308 374 exitiosam
1347 343 1458 375 esse.
1508 329 1617 374 haec
1650 329 1792 388 palam
1821 334 1864 373 et
1891 328 2022 373 vitato

234 407 348 453 omni
376 412 565 460 secreto;
596 419 738 465 neque
765 404 1066 450 dubitabantur
1092 405 1360 463 praescripta
1388 405 1429 450 ei
1458 419 1484 449 a
1513 404 1700 455 Tiberio,
1732 418 1832 449 cum
1861 403 2023 448 incalli-

236 483 316 531 dus
352 482 512 541 alioqui
552 487 595 526 et
633 480 767 525 facilis
803 479 976 524 iuventa
1015 479 1221 524 senilibus
1260 485 1349 524 tum
1379 479 1539 524 artibus
1567 485 1772 524 uteretur.
1833 478 1887 536 (9)
1923 478 2023 522 Piso

237 557 470 604 Delmatico
499 556 605 601 mari
634 555 832 601 tramisso
860 555 1108 614 relictisque
1137 561 1240 614 aput
1257 555 1476 599 Anconam
1503 554 1684 600 navibus
1715 567 1792 613 per
1819 553 2025 599 Picenum

237 647 289 679 ac
315 647 415 678 mox
445 631 692 676 Flaminiam
720 632 834 676 viam
862 630 1113 690 adsequitur
1141 630 1354 689 legionem
1381 644 1493 689 quae
1513 644 1539 675 e
1558 629 1775 675 Pannonia
1794 629 1838 673 in
1856 627 2055 680 urbem,5

235 709 336 754 dein
374 708 591 767 praesidio
629 707 794 752 Africae
832 706 1089 759 ducebatur3
1131 719 1271 765 eaque
1310 719 1381 750 res
1415 707 1572 764 agitata
1598 704 1864 757 rumoribus,
1904 710 1952 748 ut
1979 704 2023 748 in

235 784 403 843 agmine
427 790 556 842 atque
584 783 733 827 itinere
759 782 912 827 crebro
936 795 985 826 se
1014 781 1218 826 militibus
1248 782 1557 826 ostentavisset.
1604 781 1658 826 ab
1677 780 1854 832 Narnia,
1886 780 2024 824 vitan-

236 859 318 904 dae
357 858 613 917 suspicionis
649 871 703 902 an
740 858 841 916 quia
878 857 1044 916 pavidis
1075 857 1252 902 consilia
1280 857 1323 900 in
1351 857 1513 901 incerto
1544 863 1661 911 sunt,
1704 858 1815 902 Nare
1844 869 1895 900 ac
1923 869 2024 900 mox

236 934 376 979 Tiberi
406 934 611 978 devectus
632 934 756 978 'auxit
782 932 896 991 vulgi
925 932 1028 983 iras,
1060 932 1162 991 quia
1190 946 1341 976 navem
1361 931 1523 976 tumulo
1547 933 1781 977 Caesarum
1799 930 2023 990 adpulerat

236 1009 395 1068 dieque
425 1015 469 1053 et
495 1008 589 1068 ripa
617 1008 848 1067 frequenti,
887 1021 1042 1067 magno
1072 1007 1287 1052 clientium
1315 1007 1484 1065 agmine
1513 1007 1629 1066 ipse,
1667 1007 1921 1052 feminarum
1949 1020 2072 1051 co-io

236 1085 383 1129 mitatu
413 1084 629 1136 Plancina,
661 1090 704 1129 et
733 1084 851 1128 vultu
881 1083 1044 1128 alacres
1067 1083 1297 1128 incessere.
1327 1083 1404 1127 fuit
1420 1083 1530 1128 inter
1547 1083 1818 1128 inritamenta
1836 1082 2022 1127 invidiae

237 1160 391 1205 domus
421 1160 512 1204 foro
541 1159 766 1204 imminens
795 1159 902 1204 festa
931 1165 1101 1210 ornatu,
1138 1159 1466 1217 conviviumque
1496 1165 1539 1203 et
1566 1159 1739 1217 epulae,
1770 1164 1813 1203 et
1841 1158 2022 1203 celebri-

237 1242 323 1281 tate
358 1236 442 1281 loci
480 1235 583 1280 nihil
623 1234 848 1280 occultum.
899 1234 930 1292 (4
941 1235 980 1292 0)
1018 1240 1192 1293 postera
1220 1234 1290 1279 die
1320 1233 1536 1278 Fulcinius
1566 1233 1661 1278 Trio
1690 1234 1892 1279 Pisonem
1920 1239 2023 1292 aput

239 1311 440 1356 consules
469 1311 709 1370 postulavit.
763 1316 911 1355 contra
939 1309 1128 1354 Vitellius
1159 1323 1210 1354 ac
1239 1310 1444 1354 Veranius
1474 1309 1693 1368 ceterique
1725 1309 2024 1354 Germanicum

239 1387 425 1432 comitati
454 1386 704 1438 tendebant,
734 1385 872 1430 nullas
902 1385 1159 1444 essepartis
1189 1385 1349 1438 Trioni;
1379 1398 1521 1443 neque
1551 1398 1600 1430 se
1621 1391 1911 1438 accusatoreS,
1943 1385 2022 1430 sed
2035 1396 2073 1427 ns

239 1476 384 1508 rerum
411 1450 587 1507 indices
605 1468 648 1506 et
674 1467 807 1506 testes
835 1460 1035 1506 mandata
1054 1460 1293 1506 Germanici
1322 1461 1575 1519 perlaturos.
1620 1460 1692 1505 ille
1722 1460 1899 1506 dimissa
1927 1461 2022 1506 eius

303 1616 335 1648 2.
360 1615 391 1648 ei
412 1614 572 1657 Lipsius:
606 1617 637 1647 et
663 1614 698 1648 M
729 1631 765 1638 —
801 1612 833 1647 4.
859 1613 1034 1647 delmatico
1056 1622 1110 1656 pr.
1135 1614 1185 1648 M:
1218 1613 1396 1647 dalmatico
1419 1622 1512 1647 corr.
1537 1613 1582 1648 M.
1615 1613 1769 1656 Utraque
1792 1613 1906 1647 forma
1929 1614 1966 1646 et
1986 1613 2023 1648 iu

239 1671 420 1706 codicibus
443 1673 479 1705 et
499 1672 535 1704 in
557 1670 843 1714 inscriptionibus
867 1670 1011 1704 obtinet.
1031 1687 1068 1695 --
1094 1671 1126 1704 6.
1152 1671 1238 1714 dein]
1261 1671 1338 1704 inde
1354 1671 1548 1705 Wurmius.
1570 1687 1606 1695 -
1632 1670 1685 1704 ⁴2.
1708 1670 1789 1713 festo
1811 1670 1963 1713 Lipsius.
1983 1688 2020 1694 -

239 1730 293 1763 45.
318 1731 544 1762 accussatores
565 1728 600 1762 M
620 1745 665 1752 —
687 1727 741 1760 46.
766 1727 826 1760 illa
848 1727 882 1761 M
905 1727 970 1770 (ille
991 1727 1139 1770 margo).

241 1861 315 1900 tur,
339 1859 407 1892 hac
428 1859 505 1902 ipsa
528 1867 594 1892 acu
617 1858 739 1891 cavata
763 1859 867 1892 condi
887 1859 1029 1902 poterat
1049 1868 1108 1892 ve-

241 1918 386 1943 nenum.
415 1909 592 1951 Boettiger
606 1908 734 1942 Sabina
748 1910 763 1941 I
775 1935 783 1950 ,
798 1918 834 1952 p.
854 1909 928 1943 447.
954 1909 1026 1943 Tali
1041 1918 1107 1942 acu

242 1958 415 2007 (βελόνῃ,
442 1952 468 2006 ᾗ
490 1956 559 2001 τὰς
581 1960 714 2006 τρίχας
735 1955 896 2006 ἄνεΐρεν)
918 1961 1106 2000 venenata,

243 2019 314 2044 non
336 2009 468 2052 aspidis
491 2018 630 2050 morsu,
655 2009 879 2052 Cleopatram
908 2019 988 2043 sese
1013 2011 1109 2044 occi—-

242 2061 338 2094 disse
360 2069 432 2093 non
454 2059 537 2093 nulli
563 2059 761 2093 tradebant.
798 2061 862 2093 Dio
885 2061 939 2102 54,
965 2060 1018 2095 44.

286 2110 318 2144 8.
342 2110 443 2152 haud]
461 2119 524 2153 pro
543 2119 610 2143 non
625 2113 710 2151 tam,
727 2111 768 2143 ut
782 2111 854 2144 Liv.
871 2111 927 2151 26,
944 2111 980 2144 34
997 2121 1005 2143 :
1029 2119 1109 2152 non,

243 2161 323 2203 quid
355 2170 414 2202 eqo
445 2161 599 2202 fecerim,
636 2162 674 2194 in
705 2161 966 2202 disquisitionem
1001 2163 1109 2202 venit,

243 2220 346 2253 quam
375 2211 455 2252 quid
482 2211 538 2244 isti
559 2211 636 2252 pati
667 2211 847 2244 debuerint.
887 2212 975 2245 Anu.
1001 2212 1040 2252 ὅ,
1070 2211 1108 2244 6:

244 2271 285 2295 ne
305 2261 503 2294 memoriam
518 2262 622 2294 nostri
639 2269 703 2302 per
716 2270 902 2295 maerorem
918 2271 1020 2303 quam
1035 2263 1114 2295 laeti

242 2312 424 2344 retineatis,
456 2329 493 2334 -
529 2311 651 2353 facilis]
687 2312 889 2354 offenherzi9
923 2313 1112 2353 Gutmann‚

244 2362 342 2395 leicht
362 2362 432 2394 sich
451 2361 630 2403 hingebend
651 2362 846 2402 Botticher;
880 2371 971 2404 quae
1003 2362 1114 2405 expli-

246 2413 337 2446 catio
360 2413 529 2454 praestat.
566 2411 617 2445 Cs.
643 2412 675 2452 6,
701 2413 760 2445 ⁴5:
794 2412 925 2445 Cassius
951 2413 1116 2455 facilitate

246 2463 377 2504 saepius
399 2471 502 2503 quam
521 2462 690 2495 industria
711 2463 1014 2496 commendabatur.

291 2513 323 2546 9.
347 2512 549 2545 Flaminiam
570 2511 672 2555 viam]
697 2520 788 2554 quae
805 2522 825 2545 a
841 2514 942 2554 porta
958 2512 1119 2546 Flumen-

248 2565 328 2596 tana
358 2571 424 2604 per
449 2562 629 2596 Umbriam
650 2563 848 2596 Ariminum
870 2572 984 2605 usque
1007 2565 1119 2606 perti-

249 2612 369 2646 nebat.
397 2630 434 2636 —-
465 2613 640 2655 legionem,
673 2622 758 2654 quae
772 2631 821 2637 --
836 2613 1029 2656 ducebatur]
1053 2623 1119 2647 no-

250 2671 351 2702 nam,
380 2662 574 2704 Hispanam.
613 2663 741 2696 Inscrr.
777 2662 864 2696 Latt.
892 2672 927 2696 n.
954 2662 1050 2697 6049.
1079 2681 1116 2687 —

244 2713 414 2754 praesidio
424 2712 569 2754 Africae]
586 2712 757 2745 adversus
773 2712 1038 2747 Tacfarinatem.
1065 2713 1116 2746 Cf.

250 2762 290 2803 4,
324 2762 378 2796 23.
417 2779 454 2785 —
489 2763 852 2804 ut--ostentavissetJ
890 2763 931 2795 Ut
962 2772 1032 2796 non
1066 2764 1121 2797 est

251 2813 347 2853 dass,
378 2812 558 2854 quomodo
581 2812 685 2855 vulgo
714 2821 793 2846 eam
815 2822 944 2846 vocem
967 2822 1121 2846 conver—

251 2863 347 2901 tunt,
380 2862 447 2895 sed
474 2863 556 2902 wie,
587 2864 653 2895 wie
682 2863 766 2896 sehr.
809 2863 859 2897 Cf.
886 2864 972 2897 Hist.
1000 2865 1030 2904 4,
1056 2864 1118 2896 79:

250 2913 375 2944 mirum
397 2912 505 2952 dictu,
529 2916 568 2945 ut
584 2914 628 2945 sit
641 2914 747 2946 omnis
760 2912 999 2946 Sarmatarum
1013 2914 1123 2946 virtus

251 2962 342 2994 velut
356 2965 456 2995 extra
469 2963 566 3003 ipsos.
585 2963 769 2996 Wsnrnnn.
791 2981 827 2987 —
851 2963 998 3005 Narnia]
1015 2963 1119 2996 hodie

251 3012 373 3044 Narni.
394 3028 430 3034 —
455 3012 613 3045 vitandae
634 3012 839 3054 suspicionis]
862 3013 950 3046 Vide
968 3013 1014 3045 ad
1028 3014 1061 3053 2,
1079 3013 1120 3045 59

254 3062 289 3095 et
308 3061 341 3102 3,
359 3061 391 3093 7.
409 3078 445 3085 —
469 3061 571 3103 Nare]
594 3062 683 3094 Vide
706 3063 738 3102 4,
763 3062 816 3095 70.
837 3080 873 3085 —
900 3063 1027 3095 tumulo
1043 3063 1123 3095 Cae-

253 3109 379 3152 sarum]
406 3109 494 3143 Vide
518 3111 564 3143 ad
589 3111 619 3152 4,
643 3111 675 3144 8.
701 3112 844 3145 Sueton.
871 3113 958 3153 Aug.
986 3112 1048 3144 400
1076 3111 1120 3144 de

254 3158 452 3195 Mausoleo:
483 3160 521 3192 Id
548 3169 629 3201 opus
657 3161 855 3202 (Augustus)
885 3162 973 3194 inter
994 3161 1122 3194 Flami-

254 3212 348 3244 niam
374 3211 467 3243 viam
494 3211 669 3251 ripamque
700 3210 821 3243 Tiberis
842 3214 936 3243 sexto
957 3219 1017 3243 suo
1041 3220 1121 3243 con-

256 3260 368 3294 sulatu
404 3263 608 3293 extruaeerat
643 3260 932 3302 circumiectasque
961 3261 1063 3293 silvas
1092 3263 1125 3293 et

259 3309 499 3343 ambulationes
524 3312 561 3343 in
581 3318 679 3343 usum
693 3311 810 3351 populi
830 3312 902 3344 iam
922 3313 993 3343 tum
1008 3310 1124 3352 publi-

259 3362 366 3394 carat.
394 3378 430 3383 —
466 3361 581 3403 dieque
611 3363 644 3394 et
671 3361 749 3403 ripa
768 3361 943 3403 frequenti]
977 3361 1119 3396 sueton.

1158 1858 1265 1901 Calig.
1297 1859 1360 1892 ⁴5:
1391 1858 1498 1892 medio
1527 1867 1568 1892 ac
1592 1858 1755 1902 frequenti
1777 1858 1847 1898 die3
1877 1856 1966 1891 infra
1988 1857 2024 1901 4,

1158 1910 1221 1942 67:
1258 1909 1466 1942 celeberrimo
1495 1910 1582 1952 fori,
1618 1904 1762 1955 ἀγορᾶς
1785 1906 2025 1952 πληθούσης,

1158 1960 1298 1992 circiter
1319 1961 1477 1992 nostram
1499 1960 1626 1992 horam
1642 1959 1831 1992 decimam.
1861 1958 1980 1991 Verba
1996 1961 2029 1992 et

1157 2011 1236 2051 ripa
1264 2011 1384 2042 autem
1417 2009 1614 2051 significant
1644 2018 1724 2042 eam
1753 2009 1850 2051 ripae
1872 2010 2025 2051 partem,

1159 2060 1220 2093 ubi
1244 2059 1453 2102 plerumque
1476 2059 1672 2102 frequentia
1694 2059 1879 2092 hominum
1900 2059 2027 2092 adesse

1160 2110 1307 2145 solebat.
1331 2128 1367 2133 —
1394 2110 1535 2152 alacres]
1559 2111 1651 2143 Reos
1675 2110 1771 2143 enim
1794 2110 1957 2152 quamvis
1979 2109 2030 2142 in-

1161 2162 1281 2195 sontes
1309 2162 1428 2194 tamen
1458 2161 1614 2194 maestos
1644 2169 1686 2194 ac
1709 2160 1907 2194 sordidatos
1930 2161 2031 2193 ince-

1162 2212 1247 2245 dere
1270 2210 1412 2244 volebat
1427 2219 1506 2244 mos
1520 2212 1709 2244 Romanus.
1730 2228 1767 2234 —
1790 2210 1875 2252 festa
1896 2209 2030 2252 ornatu]

1162 2262 1208 2295 ob
1245 2261 1414 2294 laetitiam
1450 2261 1583 2293 domini
1619 2261 1812 2294 redeuntis.
1863 2261 2033 2293 Ornatum

1163 2312 1293 2345 festum
1316 2310 1474 2353 intelligit
1495 2310 1634 2344 laurum
1659 2312 1693 2344 et
1709 2310 1883 2344 lucernas.
1909 2312 2029 2343 Iuven.

1165 2363 1197 2403 6,
1214 2362 1275 2394 79:
1302 2362 1470 2394 ornentur
1486 2364 1594 2402 postes
1616 2364 1648 2394 et
1660 2362 1784 2403 qrandi
1797 2362 1906 2394 ianua
1919 2361 2031 2393 laura.

1164 2413 1299 2446 Arrian.
1318 2413 1430 2445 Serm.
1451 2412 1561 2454 Epict.
1582 2412 1612 2451 4,
1631 2411 1691 2443 49;
1715 2406 1874 2453 ἠξίωται
1892 2409 2035 2458 δημαρ-

1166 2463 1255 2504 χίας
1269 2471 1278 2480 ·
1303 2460 1440 2503 πάντες
1463 2462 1503 2494 οἱ
1527 2457 1767 2503 ἀπαντῶντες
1790 2459 2034 2504 συνήδονται,

1167 2508 1285 2553 ἄλλος
1305 2511 1397 2553 τοὺς
1420 2508 1653 2555 ὀφθαλμοὺς
1674 2510 1895 2553 καταφιλεῐ,
1919 2507 2037 2552 ἄλλος

1168 2560 1236 2595 τὸν
1258 2560 1470 2609 τράχηλον,
1496 2562 1537 2594 οἱ
1556 2560 1688 2595 δοῦλοι
1709 2559 1779 2603 τὰς
1800 2564 1943 2609 χεῖρας.
1973 2556 2037 2608 ἔρ-

1168 2622 1276 2653 χεται
1299 2613 1352 2654 εἰς
1375 2609 1502 2645 οἶκον·
1533 2608 1699 2659 εὑρίσκει
1727 2610 1893 2654 λύχνους
1918 2608 2038 2645 ἀπτο-

1168 2664 1321 2707 μένους.
1343 2658 1543 2703 ἀναβαίνει
1559 2663 1613 2704 εἰς
1626 2659 1671 2696 τὸ
1686 2660 1939 2704 Καπιτώλιον,
1956 2662 2038 2696 ἐπι-

1169 2711 1266 2747 θύει.
1302 2714 1451 2747 Pacatus
1484 2715 1612 2755 Paneg.
1645 2713 1832 2747 Theodosii
1854 2713 1915 2746 37:
1952 2712 2040 2754 Quid

1170 2774 1228 2807 eqo
1242 2764 1388 2806 referam
1400 2766 1520 2805 portas
1532 2763 1714 2796 virentibus
1729 2765 1827 2796 sertis
1839 2763 2039 2796 coronatas?

1171 2815 1252 2855 quid
1274 2815 1401 2847 aulaeis
1422 2814 1585 2846 undantes
1600 2814 1733 2854 plateas
1754 2815 1962 2854 accensisque
1981 2813 2039 2854 fu-

1170 2864 1302 2897 natibus
1324 2866 1461 2896 auctum
1483 2862 1593 2896 diem?
1611 2864 1699 2896 Llrs.
1719 2881 1756 2887 —
1775 2862 2038 2904 conviviumque]

1173 2922 1323 2955 magnus
1347 2913 1575 2946 convivarum
1601 2922 1782 2947 numerus.
1818 2912 1904 2946 Plin.
1929 2913 1969 2945 N.
1994 2912 2036 2945 H.

1172 2965 1234 3004 22,
1259 2964 1278 3005 5
1302 2963 1365 2995 96:
1400 2963 1550 3005 familias
1575 2965 1688 3005 nuper
1707 2965 1900 2997 interemere
1931 2961 2040 3004 (fungi

1173 3011 1273 3055 suilli)
1297 3015 1330 3045 et
1350 3016 1420 3045 tota
1441 3013 1607 3046 convivia.

1218 3063 1270 3096 40.
1297 3062 1383 3105 Trio]
1409 3062 1460 3096 Cf.
1484 3063 1522 3103 2,
1547 3063 1609 3096 28:
1640 3062 1762 3096 celebre
1789 3063 1878 3094 inter
1899 3070 2042 3095 accusa-

1174 3115 1260 3145 tores
1289 3113 1418 3146 Trionis
1448 3114 1629 3155 inqenium.
1660 3131 1697 3138 —
1733 3110 1889 3153 Vitellius]
1925 3114 1977 3146 De
2000 3114 2037 3147 P.

1174 3161 1309 3196 Vitellio
1332 3162 1412 3195 vide
1429 3163 1460 3203 4,
1479 3164 1539 3203 70;
1565 3164 1641 3196 eius
1664 3163 1795 3195 exitum
1818 3163 1938 3195 narrat
1955 3163 1987 3204 ὕ,
2005 3163 2038 3197 8.

1177 3228 1214 3236 -
1243 3212 1413 3255 Veranius]
1438 3212 1490 3246 Cf.
1515 3214 1554 3254 2,
1580 3213 1634 3245 56.
1662 3230 1698 3236 --
1730 3220 1844 3244 rerum
1864 3212 1988 3245 indices
2009 3216 2042 3246 et

1172 3262 1275 3305 testes]
1300 3262 1350 3296 Cf.
1375 3263 1412 3303 2,
1438 3262 1498 3296 74:
1534 3262 1660 3296 Vitellio
1682 3270 1724 3294 ac
1748 3262 1889 3295 Veranio
1910 3263 2042 3297 ceteris-

1172 3321 1235 3353 que
1269 3314 1327 3354 qui
1358 3314 1504 3346 crimina
1535 3315 1567 3345 et
1599 3313 1844 3345 accusationem
1865 3315 2040 3354 tamquam

1171 3363 1330 3398 adversus
1360 3367 1506 3406 receptos
1541 3363 1611 3396 iam
1641 3370 1715 3396 reos
1746 3362 1962 3399 instruebant.
1996 3381 2034 3389 -
