2254 3770
21 3766 25 3770 ·
19 3703 24 3708 -
11 3636 29 3677 *a
15 3541 29 3604 ,ηπ
7 3364 28 3462 '³³12‘-

23 3660 47 3770 *κε-ΨΑ
31 3531 34 3535 ·
32 3454 34 3460 -
29 3326 31 3330 ·

656 289 810 335 LIBER
837 289 925 334 XII.
971 288 1072 346 Cap.
1102 287 1170 332 50.
1200 287 1267 332 5⁴.
1298 288 1366 333 52.
1396 288 1463 332 53.
1875 287 1955 331 377

178 397 415 444 facinorum
443 410 527 442 non
549 396 685 448 rudis,
717 395 937 454 destringit
957 394 1179 446 acinacen,
1206 394 1558 453 vulneratamque
1579 396 1716 452 ripam
1736 393 1788 437 ad
1810 393 1958 437 Araxis

180 473 322 524 trahit,
354 471 515 517 flumini
545 472 686 523 tradit,
719 479 764 515 ut
793 485 950 529 corpus
980 471 1108 515 etiam
1137 469 1386 513 auferretur.
1431 470 1524 528 ipse
1544 483 1755 528 praeceps
1776 468 1958 526 Hiberos

179 547 235 593 ad
252 548 432 607 patrium
453 561 628 604 regnum
650 546 854 605 pervadit.
886 546 1052 590 interim
1074 534 1303 590 Zenobiam
1325 545 1382 602 (id
1405 545 1573 589 mulieri
1600 545 1769 601 nomen)
1791 543 1960 602 placida

180 623 323 668 illuvie
361 624 591 682 spirantem
629 636 680 666 ac
713 622 823 666 vitae
860 621 1125 666 manifestam
1167 620 1390 665 advertere
1434 627 1649 679 pastores,
1688 628 1731 664 et
1759 619 1959 677 dignitate

179 698 339 743 formae
370 698 482 743 haud
511 698 770 756 degenerem
801 704 1046 756 reputantes
1067 696 1252 754 obligant
1272 696 1446 747 vulnus,
1479 697 1663 754 agrestia
1678 695 1992 739 medicaminatt

179 774 382 819 adhibent
410 774 666 832 cognitoque
699 773 869 816 nomine
899 780 942 816 et
971 787 1072 816 casu
1103 772 1144 814 in
1171 771 1537 816 urbemArtaxata
1556 772 1716 824 ferunt;
1746 770 1860 814 unde
1881 785 1960 828 pu-

179 849 290 894 blica
318 863 420 893 cura
442 849 624 892 deducta
644 848 697 891 ad
720 848 932 893 Tiridaten
953 848 1216 906 comiterque
1238 854 1415 905 excepta
1435 847 1548 891 cultu
1570 847 1689 904 regio
1719 847 1862 890 habita
1882 852 1959 890 est.

291 925 373 982 (52)
407 927 559 968 Fausto
590 923 705 967 Sulla
735 923 877 967 Salvio
908 923 1076 968 Othone
1107 926 1191 967 co‘s.
1222 924 1374 966 Furius
1402 923 1704 967 Scribonianus
1724 923 1765 966 in
1787 921 1961 966 exilium

179 1000 333 1058 agitur,
379 1001 502 1059 quasi
549 999 674 1043 finem
719 999 921 1058 principis
962 1013 1042 1056 per
1074 998 1313 1043 Chaldaeos
1351 1005 1624 1042 scrutaretur.
1656 998 1962 1042 adnectebatur

180 1075 341 1120 crimini
372 1075 511 1126 Vibia,
543 1082 678 1118 mater
707 1075 819 1126 eius,
852 1082 897 1118 ut
926 1088 1053 1118 casus
1083 1074 1236 1132 prioris
1268 1074 1378 1130 (nam
1400 1073 1587 1131 relegata
1607 1076 1710 1131 erat)
1738 1073 1959 1132 inpatiens.
1972 1083 2012 1114 ⁴0

179 1159 302 1210 pater
330 1150 595 1195 Scriboniani
626 1149 825 1195 Camillus
855 1163 973 1194 arma
1003 1163 1079 1208 per
1108 1149 1359 1194 Dalmatiam
1388 1157 1600 1202 moverat;
1631 1149 1762 1208 idque
1792 1149 1847 1193 ad
1874 1149 1961 1193 cle-

178 1227 378 1271 mentiam
421 1225 613 1270 trahebat
656 1226 830 1277 Caesar,
877 1225 994 1283 quod
1035 1226 1212 1283 stirpem
1253 1225 1447 1269 hostilem
1483 1226 1635 1269 iterum
1675 1230 1960 1269 conservaret.

178 1316 321 1361 neque
351 1309 489 1345 tamen
519 1301 632 1345 exuli
663 1301 789 1358 longa
819 1300 996 1359 posthac
1024 1302 1109 1344 vita
1139 1301 1232 1344 fuit:
1272 1307 1408 1344 morte
1444 1300 1613 1345 fortuita
1641 1314 1694 1344 an
1724 1315 1802 1358 per
1829 1314 1961 1344 vene-

179 1392 279 1420 num
319 1376 527 1421 extinctus
563 1384 695 1427 esset,
735 1383 781 1419 ut
819 1377 1003 1435 quisque
1045 1375 1242 1427 credidit,
1281 1375 1524 1433 vulgavere.
1570 1376 1625 1420 de
1654 1375 1960 1420 mathematicis

178 1452 296 1497 Italia
325 1451 533 1510 pellendis
565 1451 720 1495 factum
749 1458 922 1496 senatus
953 1451 1190 1496 consultum
1211 1459 1332 1495 atrox
1353 1458 1395 1495 et
1420 1452 1596 1494 irritum.
1627 1451 1785 1495 laudati
1806 1450 1961 1495 dehinc
1974 1464 2010 1493 ⁴5

178 1528 369 1572 oratione
412 1527 616 1586 principis
657 1528 729 1585 qui
771 1527 826 1570 ob
868 1527 1084 1584 angustias
1127 1526 1354 1570 familiares
1386 1526 1535 1570 ordine
1566 1527 1780 1570 senatorio
1811 1532 1961 1585 sponte

179 1603 406 1654 cederent,
456 1602 646 1661 motique
691 1602 763 1660 qui
808 1602 1069 1646 remanendo
1113 1602 1403 1660 inpudentiam
1447 1602 1685 1660 paupertati
1729 1602 1959 1646 adicerent.

179 1679 260 1736 (53)
291 1679 400 1722 inter
430 1692 542 1737 quae
570 1678 700 1722 refert
729 1677 782 1721 ad
812 1684 956 1736 patres
977 1678 1031 1721 de
1063 1692 1201 1735 poena
1225 1678 1476 1722 feminarum
1496 1692 1608 1736 quae
1629 1678 1764 1722 servis
1786 1680 1961 1722 coniun-

177 1760 398 1813 gerentur3
439 1754 740 1812 statuiturque,
784 1760 831 1796 ut
869 1753 1014 1811 ignaro
1045 1753 1218 1797 domino
1248 1753 1303 1798 ad
1342 1753 1387 1797 id
1417 1753 1642 1811 prolapsae
1674 1754 1714 1796 in
1745 1753 1958 1804 servitute,

178 1830 243 1889 sin
281 1829 589 1880 consensisset,
629 1830 715 1886 pro
748 1826 912 1873 libertis
954 1829 1224 1873 haberentur.
1282 1828 1479 1880 Pallanti,
1523 1843 1651 1887 quem
1697 1835 2010 1887 repertoremao

243 1952 274 1984 4.
293 1952 452 1983 acinacen
474 1950 526 1984 M:
552 1950 721 1983 acinacem
736 1949 849 1991 vulgo.
868 1966 902 1974 —
921 1951 955 1983 2.
974 1951 1055 1982 trait
1070 1951 1102 1983 Μ
1122 1968 1155 1973 -
1173 1950 1309 1992 flumine
1324 1957 1376 1991 pr.
1396 1949 1429 1982 M
1448 1967 1482 1973 -—
1501 1948 1532 1981 3.
1551 1949 1596 1981 ad
1613 1948 1749 1981 Hiberos
1761 1950 1911 1990 patrium
1925 1948 1960 1981 in

175 2016 315 2050 reqnum
340 2007 517 2044 Heinsius:
544 2008 589 2038 ad
612 2006 748 2040 Hiberos
766 2007 916 2047 patrium
937 2015 1078 2048 regnum
1099 2005 1379 2047 Bezzenberger.
1406 2023 1442 2028 —
1469 2005 1501 2038 4.
1520 2006 1635 2037 illuuie
1657 2005 1707 2038 M:
1732 2005 1838 2037 eluvie
1860 2006 1884 2037 l.
1903 2006 1959 2038 Fr.

177 2063 374 2097 Gronovius
392 2062 480 2104 (coll.
496 2064 548 2103 43,
563 2063 630 2104 57).
645 2081 678 2086 -
697 2064 728 2096 5.
747 2063 854 2104 forme
870 2064 902 2096 M
929 2081 963 2086 —
989 2063 1021 2096 8.
1039 2063 1114 2095 silla
1130 2064 1163 2095 M
1180 2080 1215 2086 —
1235 2063 1266 2094 9.
1284 2062 1435 2095 chaldeos
1451 2062 1482 2095 Μ
1500 2080 1533 2085 -
1551 2061 1791 2094 adnectabatur
1805 2070 1860 2102 pr.
1874 2062 1907 2095 M
1920 2078 1956 2084 —

176 2120 231 2153 40.
251 2119 345 2152 Vibia
366 2120 499 2152 Haase:
523 2120 620 2152 uiuia
635 2120 688 2157 M;
715 2120 810 2152 Iunia
825 2119 1047 2153 Puteolanus.
1073 2119 1159 2152 Vide
1175 2128 1249 2152 var.
1267 2118 1350 2151 lect.
1369 2118 1414 2150 ad
1432 2118 1488 2158 44,
1501 2118 1596 2151 28.-
1618 2119 1671 2150 44.
1688 2122 1785 2160 patre
1798 2127 1852 2160 pr.
1871 2119 1903 2151 M
1922 2135 1958 2140 —

177 2177 230 2210 45.
246 2177 347 2209 Italia
362 2176 591 2210 Puteolanus:
617 2177 667 2209 ita
689 2177 722 2210 M
747 2193 782 2200 —
811 2176 862 2210 48.
888 2179 1038 2217 interque
1059 2177 1159 2218 refert
1182 2177 1214 2210 M
1231 2193 1267 2199 ·-
1287 2183 1380 2222 pena
1395 2176 1428 2209 Μ
1443 2192 1488 2200 -
1510 2175 1562 2208 49.
1575 2176 1755 2216 prolapsae
1778 2174 1957 2208 Heinsius:

172 2233 333 2275 prolapsa
357 2233 403 2266 M.

176 2332 300 2366 luerat.
327 2332 378 2366 Cf.
404 2332 490 2365 Hist.
516 2333 547 2373 4,
573 2332 627 2365 89.
652 2332 689 2372 2,
715 2333 768 2365 75.
795 2331 879 2366 Plin.
904 2333 991 2375 Epp.
1010 2334 1043 2372 3,

179 2383 232 2415 46.
257 2383 399 2415 Sueton.
418 2381 539 2415 Claud.
560 2382 611 2414 43.
638 2382 702 2414 1)ίο
719 2382 772 2421 60,
794 2383 847 2414 45.
870 2400 903 2405 -
926 2384 1046 2415 iterum

1094 2335 1179 2365 sutto
1202 2333 1387 2366 Claudiano
1410 2332 1535 2365 ancilla
1555 2332 1648 2374 facta
1669 2333 1711 2364 sit
1733 2331 1772 2364 ob
1794 2332 1848 2371 id,
1874 2332 1962 2371 quod

1096 2384 1203 2416 alieno
1237 2391 1351 2422 servo,
1387 2383 1492 2414 invito
1526 2385 1557 2414 et
1590 2381 1802 2414 denuntiante
1831 2381 1962 2413 domino

177 2432 395 2474 conservaret]
421 2441 502 2464 cum
527 2432 594 2464 iam
611 2434 712 2464 antea
730 2433 838 2473 patris
854 2431 993 2474 culpam
1010 2434 1044 2466 in

178 2482 247 2516 filio
270 2483 392 2525 punire
410 2483 592 2523 potuisset.
614 2499 648 2504 -
668 2487 773 2515 morte
787 2499 807 2504 -
819 2501 837 2506 -
852 2483 1043 2524 vulqavere]

178 2533 239 2566 Est
260 2531 494 2565 anacoluthon
518 2531 552 2564 in
575 2532 629 2564 his
646 2531 764 2564 verbis
788 2532 903 2565 studio
925 2532 1045 2566 brevi—

179 2582 258 2615 tatis
283 2582 492 2623 quaesitum.
519 2580 665 2616 ‚Plenius
688 2582 907 2623 scripsisset:
939 2584 1047 2615 Morte

177 2633 318 2674 fortuita
341 2640 387 2663 an
407 2640 468 2672 per
489 2640 649 2664 cenenum
670 2632 850 2664 anstinctus
864 2636 955 2672 esset,
979 2641 1046 2664 non

178 2684 260 2715 satis
291 2682 451 2714 constitit:
480 2690 562 2713 nam
584 2682 644 2714 alii
666 2685 770 2714 morte
794 2682 955 2723 fortuita,
987 2683 1047 2714 atii

176 2741 239 2773 per
258 2740 418 2764 venenum
440 2732 637 2763 exstinctum
659 2740 743 2771 esse,
767 2736 804 2764 ut
820 2733 957 2773 quisque
971 2742 1046 2765 cre-

179 2783 274 2822 didit,
291 2781 479 2822 vulgavere.
497 2782 536 2815 Ut
553 2780 721 2822 ambages
735 2782 940 2821 vitarentur,
961 2783 1045 2815 seri-

179 2834 259 2875 ptor
281 2831 397 2864 locum
421 2832 602 2864 contraxit.
628 2832 770 2864 WALrn.
797 2850 832 2856 -—
857 2833 896 2864 de
917 2833 1044 2865 mathe-

179 2882 308 2914 maticis
329 2882 430 2913 Italia
445 2882 498 2921 p]
534 2881 584 2914 Cf.
610 2881 648 2919 Ξ,
674 2881 727 2914 32.
763 2882 849 2914 Hist.
878 2883 907 2922 4,
932 2883 986 2915 22.
1012 2884 1044 2919 2,

181 2932 234 2964 62.
256 2949 291 2955 -
314 2931 444 2963 laudati
459 2948 476 2954 -
488 2947 508 2954 -
525 2931 581 2971 qui
595 2948 641 2954 --
655 2934 768 2971 sponte
789 2932 950 2972 cederent,
973 2941 1048 2964 mo-

180 2981 269 3023 tique
291 2979 374 3021 cet]
399 2979 450 3013 Cf.
476 2981 530 3019 44,
555 2981 610 3012 25.

223 3030 277 3064 53.
307 3031 548 3070 statuiturque,
583 3034 620 3063 ut
652 3032 773 3073 iynaro
803 3032 933 3064 domino
963 3032 1046 3074 cet.]

182 3081 284 3113 Gaius
307 3080 504 3113 comment.
531 3082 545 3112 4
574 3079 594 3121 S
617 3080 678 3113 84:
709 3082 794 3113 Ecce
822 3082 909 3113 enim
931 3090 975 3113 ea:
996 3090 1048 3114 se-

180 3130 426 3162 natusconsulto
442 3129 624 3162 Claudiano
646 3133 777 3170 poterat
791 3131 872 3162 civis
887 3131 1047 3170 Romana,

183 3189 268 3221 quae
291 3180 398 3213 alieno
419 3188 531 3219 servo,
555 3180 682 3212 volente
696 3181 826 3213 domino
849 3181 935 3220 eius,
959 3181 1048 3213 coie-

181 3231 246 3270 rit,
278 3231 353 3271 ipsa
375 3240 418 3263 ex
441 3231 596 3271 pactione
618 3230 723 3262 libera
749 3239 965 3270 permanere,
994 3231 1048 3263 sed

183 3289 314 3312 servum
341 3289 542 3321 procreare:
576 3289 655 3311 nam
685 3281 773 3319 quod
802 3281 888 3312 inter
914 3289 989 3312 eam
1019 3284 1049 3313 et

185 3330 352 3362 dominum
373 3330 468 3362 istius
489 3330 574 3362 servi
603 3330 804 3369 convenerit,
832 3339 876 3361 ex
897 3333 1047 3362 senatus-

185 3380 330 3413 consulto
344 3384 459 3413 ratum
472 3389 538 3414 esse
551 3380 694 3413 iubetur.
720 3380 739 3422 ἓ
757 3380 792 3412 94
809 3389 816 3410 :
842 3381 921 3412 Item
936 3381 964 3412 si
981 3389 1049 3422 qua

185 3428 306 3463 muster
319 3430 400 3464 civis
412 3432 562 3466 Romana
579 3439 750 3475 praegnas
770 3439 814 3463 ez>
834 3434 1048 3464 senatuscon-

1094 2434 1184 2472 eius,
1209 2433 1340 2472 coierit,
1365 2432 1549 2472 complures
1571 2432 1776 2473 distinguunt
1798 2434 1829 2463 et
1850 2431 1963 2463 existi-

1094 2487 1207 2525 mant,
1241 2484 1400 2523 siquidem
1428 2492 1471 2515 ea:
1499 2483 1594 2514 iustis
1622 2483 1746 2522 nuptiis
1768 2481 1961 2522 conceperit,

1094 2536 1199 2567 civem
1228 2535 1413 2566 Romanum
1441 2541 1486 2565 ex
1514 2542 1556 2565 ea
1575 2533 1690 2565 nasci:
1719 2532 1747 2564 si
1768 2541 1846 2564 vero
1868 2531 1963 2572 volyo

1095 2585 1299 2625 conceperit,
1330 2592 1461 2615 servum
1491 2584 1585 2615 nasci
1612 2583 1698 2621 eius,
1733 2583 1829 2615 cuius
1856 2585 1964 2614 mater

1094 2635 1189 2675 facta
1211 2637 1257 2666 est
1272 2633 1408 2666 ancilla.
1436 2633 1554 2674 §⁴602
1578 2633 1658 2664 Item
1679 2633 1822 2674 feminae
1842 2631 1964 2664 liberae

1094 2694 1138 2716 επ.-
1178 2683 1457 2716 senatusconsulto
1495 2683 1679 2715 Claudiano
1710 2682 1850 2714 ancittae
1880 2683 1965 2723 fiunt

1096 2743 1210 2766 eorum
1242 2734 1466 2772 dominorum,
1498 2732 1618 2772 quibus
1647 2733 1759 2764 invitis
1789 2735 1819 2764 et
1842 2733 1964 2764 denun-

1096 2784 1252 2816 tiantibus
1280 2783 1492 2814 nihilominus
1521 2791 1596 2814 cum
1617 2783 1721 2814 servis
1741 2791 1855 2814 eorum
1876 2782 1964 2814 coie-

1094 2834 1175 2866 rint.
1213 2833 1264 2866 Cf.
1298 2831 1372 2864 Iulii
1402 2831 1496 2865 Pauli
1527 2833 1609 2864 Rec.
1641 2833 1735 2864 Sent.
1767 2833 1806 2871 2,
1837 2832 1892 2864 2⁴.
1921 2832 1961 2864 Α.

1097 2884 1116 2925 5
1141 2883 1257 2915 4-48.
1282 2881 1415 2923 Ulpiani
1440 2882 1574 2922 Fragm.
1601 2882 1654 2922 44,
1681 2883 1734 2914 44.
1760 2880 1960 2914 Tertullian.

1097 2934 1142 2966 de
1165 2941 1275 2965 uxore
1299 2933 1339 2971 2,
1364 2932 1396 2964 8.
1425 2931 1775 2965 senatusconsultum
1800 2930 1964 2964 Claudia-

1098 2992 1182 3016 num
1215 2982 1448 3024 Vespasianus
1478 2982 1618 3014 videtur
1641 2991 1844 3015 renovasse.
1875 2983 1963 3014 Sue-

1097 3035 1168 3065 ton.
1188 3033 1293 3073 Vesp.
1312 3032 1348 3064 44
1365 3041 1373 3062 z
1397 3032 1521 3064 Auctor
1535 3034 1665 3065 senatui
1679 3033 1743 3073 fuit
1758 3031 1962 3072 decernendi,

1097 3086 1151 3123 ut,
1177 3090 1261 3122 quae
1282 3090 1317 3114 se
1338 3082 1447 3114 alieno
1469 3091 1561 3115 servo
1576 3082 1817 3121 coniunxisset,
1842 3082 1965 3113 ancilla

1097 3132 1282 3164 haberetur.
1307 3131 1497 3173 Abrogavit
1512 3134 1631 3164 autem
1648 3132 1859 3164 lastinianus
1875 3131 1961 3163 Cod.

1097 3183 1129 3220 7,
1155 3181 1196 3214 24
1227 3182 1267 3214 de
1296 3181 1582 3214 senatusconsulto
1605 3181 1790 3214 Claudiano
1811 3180 1961 3213 tollendo.

1100 3249 1134 3253 —
1148 3240 1214 3272 pro
1236 3231 1362 3264 libertis
1382 3231 1591 3273 haberentur]
1616 3231 1650 3263 id
1668 3232 1739 3269 est,
1765 3239 1807 3262 eo
1822 3229 1962 3262 vinculo

1098 3283 1302 3313 tenerentur
1324 3281 1466 3313 domino
1490 3278 1752 3313 contubernalis
1778 3280 1853 3312 sive
1877 3288 1964 3312 con-

1098 3331 1216 3363 cubini
1246 3332 1317 3371 sui,
1349 3340 1419 3373 quo
1451 3331 1656 3363 libertorum
1684 3328 1962 3372 libertatumque

1097 3390 1227 3422 genus,
1260 3384 1300 3413 ut
1328 3381 1461 3414 liberae
1485 3381 1630 3422 quidem
1658 3381 1859 3420 manerent,
1895 3380 1961 3415 ad-

1096 3440 1208 3467 nexae
1232 3432 1351 3465 tamen
1374 3433 1406 3465 ei
1429 3431 1552 3471 d0m0,
1577 3430 1676 3464 cuius
1698 3439 1737 3463 se
1753 3438 1856 3464 servo
1878 3431 1959 3463 iun-
