<?xml version="1.0" encoding="UTF-8"?>
<!DOCTYPE html PUBLIC "-//W3C//DTD XHTML 1.0 Transitional//EN"
    "http://www.w3.org/TR/xhtml1/DTD/xhtml1-transitional.dtd">
<html xmlns="http://www.w3.org/1999/xhtml" xml:lang="en" lang="en">
 <head>
  <title>
</title>
<meta http-equiv="Content-Type" content="text/html;charset=utf-8" />
  <meta name='ocr-system' content='tesseract 3.04.00' />
  <meta name='ocr-capabilities' content='ocr_page ocr_carea ocr_par ocr_line ocrx_word'/>
</head>
<body>
  <div class='ocr_page' id='page_1' title='image "./pcorneliitacitio01taciuoft_0560.png"; bbox 0 0 2254 3770; ppageno 0'>
   <div class='ocr_carea' id='block_1_1' title="bbox 288 258 1604 312">
    <p class='ocr_par' dir='ltr' id='par_1_1' title="bbox 288 258 1604 312">
     <span class='ocr_line' id='line_1_1' title="bbox 288 258 1604 312; baseline 0.008 -11"><span class='ocrx_word' id='word_1_1' title='bbox 288 258 372 304; x_wconf 73' lang='lat'>522</span> <span class='ocrx_word' id='word_1_2' title='bbox 787 265 831 308; x_wconf 92' lang='lat' dir='ltr'>P.</span> <span class='ocrx_word' id='word_1_3' title='bbox 857 264 1107 309; x_wconf 88' lang='lat' dir='ltr'>CORNELII</span> <span class='ocrx_word' id='word_1_4' title='bbox 1136 265 1306 310; x_wconf 87' lang='lat' dir='ltr'>TACITI</span> <span class='ocrx_word' id='word_1_5' title='bbox 1335 262 1604 312; x_wconf 85' lang='lat' dir='ltr'>ANNALIUM</span> 
     </span>
    </p>
   </div>
   <div class='ocr_carea' id='block_1_2' title="bbox 239 369 2093 1791">
    <p class='ocr_par' dir='ltr' id='par_1_2' title="bbox 290 369 2093 660">
     <span class='ocr_line' id='line_1_2' title="bbox 405 369 2079 435; baseline 0.005 -23"><span class='ocrx_word' id='word_1_6' title='bbox 405 369 486 426; x_wconf 71' lang='lat'>(48)</span> <span class='ocrx_word' id='word_1_7' title='bbox 507 371 659 414; x_wconf 86' lang='lat' dir='ltr'><strong>Ineunt</strong></span> <span class='ocrx_word' id='word_1_8' title='bbox 679 370 836 414; x_wconf 89' lang='lat' dir='ltr'>deinde</span> <span class='ocrx_word' id='word_1_9' title='bbox 856 371 1122 416; x_wconf 87' lang='lat' dir='ltr'>consulatum</span> <span class='ocrx_word' id='word_1_10' title='bbox 1144 372 1271 416; x_wconf 84' lang='lat' dir='ltr'>Silius</span> <span class='ocrx_word' id='word_1_11' title='bbox 1291 374 1428 417; x_wconf 89' lang='lat' dir='ltr'>Nerva</span> <span class='ocrx_word' id='word_1_12' title='bbox 1450 380 1492 418; x_wconf 91' lang='lat' dir='ltr'>et</span> <span class='ocrx_word' id='word_1_13' title='bbox 1510 375 1670 419; x_wconf 89' lang='lat' dir='ltr'>Atticus</span> <span class='ocrx_word' id='word_1_14' title='bbox 1691 376 1898 427; x_wconf 85' lang='lat' dir='ltr'>Vestinus,</span> <span class='ocrx_word' id='word_1_15' title='bbox 1927 382 2079 435; x_wconf 88' lang='lat' dir='ltr'>coepta</span> 
     </span>
     <span class='ocr_line' id='line_1_3' title="bbox 290 443 2080 506; baseline 0.004 -18"><span class='ocrx_word' id='word_1_16' title='bbox 290 443 415 488; x_wconf 92' lang='lat' dir='ltr'>simul</span> <span class='ocrx_word' id='word_1_17' title='bbox 446 452 488 489; x_wconf 91' lang='lat' dir='ltr'>et</span> <span class='ocrx_word' id='word_1_18' title='bbox 517 452 640 490; x_wconf 90' lang='lat' dir='ltr'>aucta</span> <span class='ocrx_word' id='word_1_19' title='bbox 670 446 983 497; x_wconf 89' lang='lat' dir='ltr'>coniuratione,</span> <span class='ocrx_word' id='word_1_20' title='bbox 1016 448 1056 490; x_wconf 93' lang='lat' dir='ltr'>in</span> <span class='ocrx_word' id='word_1_21' title='bbox 1078 462 1205 506; x_wconf 88' lang='lat' dir='ltr'>quam</span> <span class='ocrx_word' id='word_1_22' title='bbox 1228 449 1418 492; x_wconf 82' lang='lat' dir='ltr'>certatim</span> <span class='ocrx_word' id='word_1_23' title='bbox 1439 450 1610 493; x_wconf 90' lang='lat' dir='ltr'>nomina</span> <span class='ocrx_word' id='word_1_24' title='bbox 1632 450 1841 495; x_wconf 90' lang='lat' dir='ltr'>dederant</span> <span class='ocrx_word' id='word_1_25' title='bbox 1859 458 2080 496; x_wconf 89' lang='lat' dir='ltr'>senatores</span> 
     </span>
     <span class='ocr_line' id='line_1_4' title="bbox 291 520 2080 578; baseline 0.004 -15"><span class='ocrx_word' id='word_1_26' title='bbox 291 533 427 578; x_wconf 88' lang='lat' dir='ltr'>eques</span> <span class='ocrx_word' id='word_1_27' title='bbox 447 520 588 572; x_wconf 90' lang='lat' dir='ltr'>miles,</span> <span class='ocrx_word' id='word_1_28' title='bbox 619 521 801 565; x_wconf 88' lang='lat' dir='ltr'>feminae</span> <span class='ocrx_word' id='word_1_29' title='bbox 824 523 970 575; x_wconf 88' lang='lat' dir='ltr'>etiam,</span> <span class='ocrx_word' id='word_1_30' title='bbox 1003 537 1101 567; x_wconf 88' lang='lat' dir='ltr'>cum</span> <span class='ocrx_word' id='word_1_31' title='bbox 1121 524 1221 568; x_wconf 88' lang='lat' dir='ltr'>odio</span> <span class='ocrx_word' id='word_1_32' title='bbox 1247 525 1443 576; x_wconf 90' lang='lat' dir='ltr'>Neronis,</span> <span class='ocrx_word' id='word_1_33' title='bbox 1468 532 1555 568; x_wconf 90' lang='lat' dir='ltr'>tum</span> <span class='ocrx_word' id='word_1_34' title='bbox 1575 525 1720 570; x_wconf 88' lang='lat' dir='ltr'>favore</span> <span class='ocrx_word' id='word_1_35' title='bbox 1741 526 1782 569; x_wconf 89' lang='lat' dir='ltr'>in</span> <span class='ocrx_word' id='word_1_36' title='bbox 1804 527 1848 571; x_wconf 93' lang='lat' dir='ltr'>C.</span> <span class='ocrx_word' id='word_1_37' title='bbox 1870 527 2080 571; x_wconf 85' lang='lat' dir='ltr'><strong>Pisonem.</strong></span> 
     </span>
     <span class='ocr_line' id='line_1_5' title="bbox 290 592 2093 660; baseline 0.005 -22"><span class='ocrx_word' id='word_1_38' title='bbox 290 592 338 638; x_wconf 88' lang='lat' dir='ltr'>is</span> <span class='ocrx_word' id='word_1_39' title='bbox 357 595 585 654; x_wconf 90' lang='lat' dir='ltr'>Calpurnio</span> <span class='ocrx_word' id='word_1_40' title='bbox 615 610 775 653; x_wconf 82' lang='lat' dir='ltr'>genere</span> <span class='ocrx_word' id='word_1_41' title='bbox 807 604 925 642; x_wconf 88' lang='lat' dir='ltr'>ortus</span> <span class='ocrx_word' id='word_1_42' title='bbox 957 612 1007 642; x_wconf 90' lang='lat' dir='ltr'>ac</span> <span class='ocrx_word' id='word_1_43' title='bbox 1036 599 1188 643; x_wconf 90' lang='lat' dir='ltr'>multas</span> <span class='ocrx_word' id='word_1_44' title='bbox 1220 600 1496 659; x_wconf 82' lang='lat' dir='ltr'>insignesque</span> <span class='ocrx_word' id='word_1_45' title='bbox 1526 601 1704 645; x_wconf 88' lang='lat' dir='ltr'>familias</span> <span class='ocrx_word' id='word_1_46' title='bbox 1733 608 1910 660; x_wconf 89' lang='lat' dir='ltr'>paterna</span> <span class='ocrx_word' id='word_1_47' title='bbox 1931 602 2093 651; x_wconf 50' lang='lat' dir='ltr'>nobilir</span> 
     </span>
    </p>

    <p class='ocr_par' dir='ltr' id='par_1_3' title="bbox 239 671 2090 1791">
     <span class='ocr_line' id='line_1_6' title="bbox 258 671 2086 736; baseline 0.004 -22"><span class='ocrx_word' id='word_1_48' title='bbox 258 677 375 715; x_wconf 65' lang='lat' dir='ltr'>state</span> <span class='ocrx_word' id='word_1_49' title='bbox 405 671 674 730; x_wconf 86' lang='lat' dir='ltr'>complexuS‚</span> <span class='ocrx_word' id='word_1_50' title='bbox 708 672 824 717; x_wconf 90' lang='lat' dir='ltr'>claro</span> <span class='ocrx_word' id='word_1_51' title='bbox 855 674 970 732; x_wconf 87' lang='lat' dir='ltr'>apud</span> <span class='ocrx_word' id='word_1_52' title='bbox 990 674 1162 732; x_wconf 79' lang='lat' dir='ltr'>volgum</span> <span class='ocrx_word' id='word_1_53' title='bbox 1193 689 1366 720; x_wconf 86' lang='lat' dir='ltr'>rumore</span> <span class='ocrx_word' id='word_1_54' title='bbox 1395 682 1486 720; x_wconf 87' lang='lat' dir='ltr'>erat</span> <span class='ocrx_word' id='word_1_55' title='bbox 1504 691 1584 734; x_wconf 93' lang='lat' dir='ltr'>per</span> <span class='ocrx_word' id='word_1_56' title='bbox 1605 677 1801 721; x_wconf 91' lang='lat' dir='ltr'>virtutem</span> <span class='ocrx_word' id='word_1_57' title='bbox 1823 684 1896 722; x_wconf 90' lang='lat' dir='ltr'>aut</span> <span class='ocrx_word' id='word_1_58' title='bbox 1915 678 2086 736; x_wconf 91' lang='lat' dir='ltr'>species</span> 
     </span>
     <span class='ocr_line' id='line_1_7' title="bbox 289 746 2085 811; baseline 0.004 -22"><span class='ocrx_word' id='word_1_59' title='bbox 289 746 515 790; x_wconf 91' lang='lat' dir='ltr'>virtutibus</span> <span class='ocrx_word' id='word_1_60' title='bbox 545 747 719 791; x_wconf 89' lang='lat' dir='ltr'>similes.</span> <span class='ocrx_word' id='word_1_61' title='bbox 752 762 938 808; x_wconf 88' lang='lat' dir='ltr'>namque</span> <span class='ocrx_word' id='word_1_62' title='bbox 970 750 1208 795; x_wconf 83' lang='lat' dir='ltr'>facundiam</span> <span class='ocrx_word' id='word_1_63' title='bbox 1241 751 1411 795; x_wconf 91' lang='lat' dir='ltr'>tuendis</span> <span class='ocrx_word' id='word_1_64' title='bbox 1433 752 1598 796; x_wconf 89' lang='lat' dir='ltr'>civibus</span> <span class='ocrx_word' id='word_1_65' title='bbox 1619 753 1867 805; x_wconf 88' lang='lat' dir='ltr'>exercebat,</span> <span class='ocrx_word' id='word_1_66' title='bbox 1899 753 2085 811; x_wconf 82' lang='lat' dir='ltr'>largitio-</span> 
     </span>
     <span class='ocr_line' id='line_1_8' title="bbox 290 822 2086 886; baseline 0.004 -21"><span class='ocrx_word' id='word_1_67' title='bbox 290 836 387 866; x_wconf 89' lang='lat' dir='ltr'>nem</span> <span class='ocrx_word' id='word_1_68' title='bbox 429 822 659 867; x_wconf 89' lang='lat' dir='ltr'>adversum</span> <span class='ocrx_word' id='word_1_69' title='bbox 699 824 860 868; x_wconf 88' lang='lat' dir='ltr'>amicos</span> <span class='ocrx_word' id='word_1_70' title='bbox 892 832 934 868; x_wconf 93' lang='lat' dir='ltr'>et</span> <span class='ocrx_word' id='word_1_71' title='bbox 968 826 1123 883; x_wconf 82' lang='lat' dir='ltr'>ignotis</span> <span class='ocrx_word' id='word_1_72' title='bbox 1153 840 1347 885; x_wconf 90' lang='lat' dir='ltr'>quoque,</span> <span class='ocrx_word' id='word_1_73' title='bbox 1391 828 1501 871; x_wconf 92' lang='lat' dir='ltr'>comi</span> <span class='ocrx_word' id='word_1_74' title='bbox 1536 842 1734 872; x_wconf 89' lang='lat' dir='ltr'>sermone</span> <span class='ocrx_word' id='word_1_75' title='bbox 1765 835 1808 872; x_wconf 92' lang='lat' dir='ltr'>et</span> <span class='ocrx_word' id='word_1_76' title='bbox 1838 842 2086 886; x_wconf 82' lang='lat' dir='ltr'>congressu.</span> 
     </span>
     <span class='ocr_line' id='line_1_9' title="bbox 290 898 2087 962; baseline 0.004 -21"><span class='ocrx_word' id='word_1_77' title='bbox 290 898 469 942; x_wconf 91' lang='lat' dir='ltr'>aderant</span> <span class='ocrx_word' id='word_1_78' title='bbox 497 900 623 942; x_wconf 90' lang='lat' dir='ltr'>etiam</span> <span class='ocrx_word' id='word_1_79' title='bbox 654 899 834 952; x_wconf 85' lang='lat' dir='ltr'>fortuita,</span> <span class='ocrx_word' id='word_1_80' title='bbox 869 914 1027 959; x_wconf 88' lang='lat' dir='ltr'>corpus</span> <span class='ocrx_word' id='word_1_81' title='bbox 1057 915 1304 959; x_wconf 89' lang='lat' dir='ltr'>procerum,</span> <span class='ocrx_word' id='word_1_82' title='bbox 1338 902 1497 946; x_wconf 89' lang='lat' dir='ltr'>decora</span> <span class='ocrx_word' id='word_1_83' title='bbox 1522 903 1666 947; x_wconf 88' lang='lat' dir='ltr'>facies.</span> <span class='ocrx_word' id='word_1_84' title='bbox 1703 904 1781 947; x_wconf 92' lang='lat' dir='ltr'>sed</span> <span class='ocrx_word' id='word_1_85' title='bbox 1810 903 1959 962; x_wconf 90' lang='lat' dir='ltr'>procul</span> <span class='ocrx_word' id='word_1_86' title='bbox 1990 917 2087 962; x_wconf 84' lang='lat' dir='ltr'>gra-</span> 
     </span>
     <span class='ocr_line' id='line_1_10' title="bbox 289 974 2088 1037; baseline 0.004 -21"><span class='ocrx_word' id='word_1_87' title='bbox 289 974 397 1017; x_wconf 90' lang='lat' dir='ltr'>vitas</span> <span class='ocrx_word' id='word_1_88' title='bbox 437 988 605 1018; x_wconf 88' lang='lat' dir='ltr'>morum</span> <span class='ocrx_word' id='word_1_89' title='bbox 649 982 722 1018; x_wconf 88' lang='lat' dir='ltr'>aut</span> <span class='ocrx_word' id='word_1_90' title='bbox 760 976 1021 1033; x_wconf 89' lang='lat' dir='ltr'>voluptatum</span> <span class='ocrx_word' id='word_1_91' title='bbox 1062 978 1343 1035; x_wconf 78' lang='lat' dir='ltr'>parsimonia:</span> <span class='ocrx_word' id='word_1_92' title='bbox 1390 977 1549 1022; x_wconf 90' lang='lat' dir='ltr'>levitati</span> <span class='ocrx_word' id='word_1_93' title='bbox 1586 993 1637 1023; x_wconf 91' lang='lat' dir='ltr'>ac</span> <span class='ocrx_word' id='word_1_94' title='bbox 1677 978 2014 1037; x_wconf 80' lang='lat' dir='ltr'>magnificentiae</span> <span class='ocrx_word' id='word_1_95' title='bbox 2045 986 2088 1024; x_wconf 92' lang='lat' dir='ltr'>et</span> 
     </span>
     <span class='ocr_line' id='line_1_11' title="bbox 240 1049 2088 1113; baseline 0.005 -24"><span class='ocrx_word' id='word_1_96' title='bbox 240 1059 276 1089; x_wconf 69' lang='lat' dir='ltr'>to</span> <span class='ocrx_word' id='word_1_97' title='bbox 290 1049 520 1108; x_wconf 90' lang='lat' dir='ltr'>aliquando</span> <span class='ocrx_word' id='word_1_98' title='bbox 551 1050 651 1094; x_wconf 88' lang='lat' dir='ltr'>luxu</span> <span class='ocrx_word' id='word_1_99' title='bbox 683 1050 943 1110; x_wconf 82' lang='lat' dir='ltr'>indulgebat.</span> <span class='ocrx_word' id='word_1_100' title='bbox 974 1052 1106 1111; x_wconf 85' lang='lat' dir='ltr'>idque</span> <span class='ocrx_word' id='word_1_101' title='bbox 1137 1052 1332 1111; x_wconf 91' lang='lat' dir='ltr'>pluribus</span> <span class='ocrx_word' id='word_1_102' title='bbox 1362 1053 1635 1111; x_wconf 78' lang='lat' dir='ltr'>probabatur,</span> <span class='ocrx_word' id='word_1_103' title='bbox 1668 1055 1741 1113; x_wconf 84' lang='lat' dir='ltr'>qui</span> <span class='ocrx_word' id='word_1_104' title='bbox 1764 1055 1806 1098; x_wconf 90' lang='lat' dir='ltr'>in</span> <span class='ocrx_word' id='word_1_105' title='bbox 1829 1062 1943 1098; x_wconf 90' lang='lat' dir='ltr'>tanta</span> <span class='ocrx_word' id='word_1_106' title='bbox 1965 1051 2088 1098; x_wconf 90' lang='lat' dir='ltr'>vitio-</span> 
     </span>
     <span class='ocr_line' id='line_1_12' title="bbox 290 1125 2086 1185; baseline 0.003 -17"><span class='ocrx_word' id='word_1_107' title='bbox 290 1139 385 1168; x_wconf 91' lang='lat' dir='ltr'>rum</span> <span class='ocrx_word' id='word_1_108' title='bbox 416 1125 643 1170; x_wconf 87' lang='lat' dir='ltr'>dulcedine</span> <span class='ocrx_word' id='word_1_109' title='bbox 674 1141 888 1170; x_wconf 90' lang='lat' dir='ltr'>summum</span> <span class='ocrx_word' id='word_1_110' title='bbox 910 1128 1138 1185; x_wconf 87' lang='lat' dir='ltr'>imperium</span> <span class='ocrx_word' id='word_1_111' title='bbox 1159 1142 1242 1172; x_wconf 93' lang='lat' dir='ltr'>non</span> <span class='ocrx_word' id='word_1_112' title='bbox 1265 1129 1506 1172; x_wconf 88' lang='lat' dir='ltr'>restrictum</span> <span class='ocrx_word' id='word_1_113' title='bbox 1528 1143 1606 1172; x_wconf 90' lang='lat' dir='ltr'>nec</span> <span class='ocrx_word' id='word_1_114' title='bbox 1628 1144 1908 1184; x_wconf 83' lang='lat' dir='ltr'>perseverum</span> <span class='ocrx_word' id='word_1_115' title='bbox 1928 1129 2086 1174; x_wconf 86' lang='lat' dir='ltr'>volunt.</span> 
     </span>
     <span class='ocr_line' id='line_1_13' title="bbox 290 1201 2088 1261; baseline 0.004 -18"><span class='ocrx_word' id='word_1_116' title='bbox 290 1201 373 1257; x_wconf 75' lang='lat'>(49)</span> <span class='ocrx_word' id='word_1_117' title='bbox 414 1201 582 1245; x_wconf 92' lang='lat' dir='ltr'>initium</span> <span class='ocrx_word' id='word_1_118' title='bbox 619 1202 899 1246; x_wconf 88' lang='lat' dir='ltr'>coniurationi</span> <span class='ocrx_word' id='word_1_119' title='bbox 939 1217 1023 1246; x_wconf 91' lang='lat' dir='ltr'>non</span> <span class='ocrx_word' id='word_1_120' title='bbox 1067 1217 1092 1246; x_wconf 91' lang='lat' dir='ltr'>a</span> <span class='ocrx_word' id='word_1_121' title='bbox 1131 1203 1332 1261; x_wconf 89' lang='lat' dir='ltr'>cupidine</span> <span class='ocrx_word' id='word_1_122' title='bbox 1372 1204 1508 1261; x_wconf 90' lang='lat' dir='ltr'>ipsius</span> <span class='ocrx_word' id='word_1_123' title='bbox 1544 1204 1641 1257; x_wconf 73' lang='lat' dir='ltr'>fuit,</span> <span class='ocrx_word' id='word_1_124' title='bbox 1686 1219 1766 1249; x_wconf 91' lang='lat' dir='ltr'>nec</span> <span class='ocrx_word' id='word_1_125' title='bbox 1795 1212 1936 1249; x_wconf 90' lang='lat' dir='ltr'>tamen</span> <span class='ocrx_word' id='word_1_126' title='bbox 1967 1205 2088 1250; x_wconf 88' lang='lat' dir='ltr'>facile</span> 
     </span>
     <span class='ocr_line' id='line_1_14' title="bbox 289 1277 2090 1338; baseline 0.003 -19"><span class='ocrx_word' id='word_1_127' title='bbox 289 1277 629 1329; x_wconf 80' lang='lat' dir='ltr'>memoraverim,</span> <span class='ocrx_word' id='word_1_128' title='bbox 662 1278 760 1336; x_wconf 88' lang='lat' dir='ltr'>quis</span> <span class='ocrx_word' id='word_1_129' title='bbox 790 1279 955 1336; x_wconf 87' lang='lat' dir='ltr'>primus</span> <span class='ocrx_word' id='word_1_130' title='bbox 986 1284 1146 1330; x_wconf 83' lang='lat' dir='ltr'>auctor,</span> <span class='ocrx_word' id='word_1_131' title='bbox 1179 1280 1303 1322; x_wconf 91' lang='lat' dir='ltr'>cuius</span> <span class='ocrx_word' id='word_1_132' title='bbox 1333 1279 1533 1323; x_wconf 91' lang='lat' dir='ltr'>instinctu</span> <span class='ocrx_word' id='word_1_133' title='bbox 1560 1280 1774 1324; x_wconf 91' lang='lat' dir='ltr'>concitum</span> <span class='ocrx_word' id='word_1_134' title='bbox 1793 1281 1847 1323; x_wconf 90' lang='lat' dir='ltr'>sit</span> <span class='ocrx_word' id='word_1_135' title='bbox 1867 1280 1984 1338; x_wconf 89' lang='lat' dir='ltr'>quod</span> <span class='ocrx_word' id='word_1_136' title='bbox 2004 1288 2090 1324; x_wconf 88' lang='lat' dir='ltr'>tam</span> 
     </span>
     <span class='ocr_line' id='line_1_15' title="bbox 290 1351 2089 1414; baseline 0.002 -19"><span class='ocrx_word' id='word_1_137' title='bbox 290 1351 408 1396; x_wconf 91' lang='lat' dir='ltr'>multi</span> <span class='ocrx_word' id='word_1_138' title='bbox 439 1360 727 1411; x_wconf 92' lang='lat' dir='ltr'>sumpserunt.</span> <span class='ocrx_word' id='word_1_139' title='bbox 760 1354 1100 1412; x_wconf 87' lang='lat' dir='ltr'>promptissimos</span> <span class='ocrx_word' id='word_1_140' title='bbox 1132 1355 1332 1398; x_wconf 88' lang='lat' dir='ltr'>Subrium</span> <span class='ocrx_word' id='word_1_141' title='bbox 1364 1354 1561 1407; x_wconf 87' lang='lat' dir='ltr'>Flavum,</span> <span class='ocrx_word' id='word_1_142' title='bbox 1600 1356 1817 1398; x_wconf 90' lang='lat' dir='ltr'>tribunum</span> <span class='ocrx_word' id='word_1_143' title='bbox 1846 1356 2089 1414; x_wconf 85' lang='lat' dir='ltr'>praetoriae</span> 
     </span>
     <span class='ocr_line' id='line_1_16' title="bbox 239 1427 2090 1487; baseline 0.002 -15"><span class='ocrx_word' id='word_1_144' title='bbox 239 1437 276 1466; x_wconf 78' lang='lat'>⁴⁵</span> <span class='ocrx_word' id='word_1_145' title='bbox 289 1427 495 1479; x_wconf 90' lang='lat' dir='ltr'>cohortis,</span> <span class='ocrx_word' id='word_1_146' title='bbox 545 1436 588 1472; x_wconf 93' lang='lat' dir='ltr'>et</span> <span class='ocrx_word' id='word_1_147' title='bbox 629 1429 865 1487; x_wconf 90' lang='lat' dir='ltr'>Sulpicium</span> <span class='ocrx_word' id='word_1_148' title='bbox 903 1432 1087 1487; x_wconf 89' lang='lat' dir='ltr'>Asprum</span> <span class='ocrx_word' id='word_1_149' title='bbox 1129 1430 1421 1474; x_wconf 88' lang='lat' dir='ltr'>centurionem</span> <span class='ocrx_word' id='word_1_150' title='bbox 1462 1431 1651 1475; x_wconf 83' lang='lat' dir='ltr'>extitisse</span> <span class='ocrx_word' id='word_1_151' title='bbox 1687 1431 1922 1475; x_wconf 88' lang='lat' dir='ltr'>constantia</span> <span class='ocrx_word' id='word_1_152' title='bbox 1951 1432 2090 1476; x_wconf 84' lang='lat' dir='ltr'>exitus</span> 
     </span>
     <span class='ocr_line' id='line_1_17' title="bbox 289 1503 2090 1565; baseline 0.002 -18"><span class='ocrx_word' id='word_1_153' title='bbox 289 1503 447 1547; x_wconf 89' lang='lat' dir='ltr'>docuit.</span> <span class='ocrx_word' id='word_1_154' title='bbox 488 1511 530 1548; x_wconf 92' lang='lat' dir='ltr'>et</span> <span class='ocrx_word' id='word_1_155' title='bbox 565 1505 763 1548; x_wconf 88' lang='lat' dir='ltr'>Lucanus</span> <span class='ocrx_word' id='word_1_156' title='bbox 803 1506 1002 1549; x_wconf 90' lang='lat' dir='ltr'>Annaeus</span> <span class='ocrx_word' id='word_1_157' title='bbox 1046 1505 1323 1563; x_wconf 89' lang='lat' dir='ltr'>Plautiusque</span> <span class='ocrx_word' id='word_1_158' title='bbox 1365 1507 1597 1549; x_wconf 91' lang='lat' dir='ltr'>Lateranus</span> <span class='ocrx_word' id='word_1_159' title='bbox 1630 1506 1795 1564; x_wconf 91' lang='lat' dir='ltr'>[consul</span> <span class='ocrx_word' id='word_1_160' title='bbox 1825 1507 2090 1565; x_wconf 86' lang='lat' dir='ltr'>designatus]</span> 
     </span>
     <span class='ocr_line' id='line_1_18' title="bbox 288 1579 2089 1641; baseline 0.003 -19"><span class='ocrx_word' id='word_1_161' title='bbox 288 1579 432 1623; x_wconf 91' lang='lat' dir='ltr'>vivida</span> <span class='ocrx_word' id='word_1_162' title='bbox 454 1580 553 1624; x_wconf 89' lang='lat' dir='ltr'>odia</span> <span class='ocrx_word' id='word_1_163' title='bbox 584 1580 776 1625; x_wconf 90' lang='lat' dir='ltr'>intulere.</span> <span class='ocrx_word' id='word_1_164' title='bbox 809 1582 1026 1625; x_wconf 91' lang='lat' dir='ltr'>Lucanum</span> <span class='ocrx_word' id='word_1_165' title='bbox 1048 1581 1249 1639; x_wconf 87' lang='lat' dir='ltr'>propriae</span> <span class='ocrx_word' id='word_1_166' title='bbox 1273 1595 1430 1625; x_wconf 88' lang='lat' dir='ltr'>causae</span> <span class='ocrx_word' id='word_1_167' title='bbox 1458 1581 1764 1634; x_wconf 87' lang='lat' dir='ltr'>accendebant,</span> <span class='ocrx_word' id='word_1_168' title='bbox 1796 1583 1914 1641; x_wconf 90' lang='lat' dir='ltr'>quod</span> <span class='ocrx_word' id='word_1_169' title='bbox 1934 1582 2089 1627; x_wconf 86' lang='lat' dir='ltr'>samam</span> 
     </span>
     <span class='ocr_line' id='line_1_19' title="bbox 290 1656 2089 1714; baseline 0.002 -16"><span class='ocrx_word' id='word_1_170' title='bbox 290 1656 527 1699; x_wconf 91' lang='lat' dir='ltr'>carminum</span> <span class='ocrx_word' id='word_1_171' title='bbox 557 1657 651 1700; x_wconf 93' lang='lat' dir='ltr'>eius</span> <span class='ocrx_word' id='word_1_172' title='bbox 682 1656 906 1714; x_wconf 87' lang='lat' dir='ltr'>premebat</span> <span class='ocrx_word' id='word_1_173' title='bbox 935 1658 1047 1700; x_wconf 90' lang='lat' dir='ltr'>Nero</span> <span class='ocrx_word' id='word_1_174' title='bbox 1079 1656 1445 1714; x_wconf 88' lang='lat' dir='ltr'>prohibueratque</span> <span class='ocrx_word' id='word_1_175' title='bbox 1471 1663 1699 1709; x_wconf 87' lang='lat' dir='ltr'>ostentare,</span> <span class='ocrx_word' id='word_1_176' title='bbox 1731 1671 1868 1701; x_wconf 89' lang='lat' dir='ltr'>vanus</span> <span class='ocrx_word' id='word_1_177' title='bbox 1899 1657 2089 1702; x_wconf 90' lang='lat' dir='ltr'>adsimu-</span> 
     </span>
     <span class='ocr_line' id='line_1_20' title="bbox 289 1730 2087 1791; baseline 0.001 -17"><span class='ocrx_word' id='word_1_178' title='bbox 289 1730 471 1775; x_wconf 89' lang='lat' dir='ltr'>latione:</span> <span class='ocrx_word' id='word_1_179' title='bbox 505 1732 776 1783; x_wconf 88' lang='lat' dir='ltr'>Lateranum,</span> <span class='ocrx_word' id='word_1_180' title='bbox 810 1732 1031 1776; x_wconf 90' lang='lat' dir='ltr'>consulem</span> <span class='ocrx_word' id='word_1_181' title='bbox 1063 1731 1350 1789; x_wconf 80' lang='lat' dir='ltr'>designatum,</span> <span class='ocrx_word' id='word_1_182' title='bbox 1383 1731 1497 1775; x_wconf 91' lang='lat' dir='ltr'>nulla</span> <span class='ocrx_word' id='word_1_183' title='bbox 1518 1732 1689 1784; x_wconf 90' lang='lat' dir='ltr'>iniuria,</span> <span class='ocrx_word' id='word_1_184' title='bbox 1722 1732 1800 1777; x_wconf 90' lang='lat' dir='ltr'>sed</span> <span class='ocrx_word' id='word_1_185' title='bbox 1821 1747 1941 1777; x_wconf 92' lang='lat' dir='ltr'>amor</span> <span class='ocrx_word' id='word_1_186' title='bbox 1962 1733 2024 1777; x_wconf 88' lang='lat' dir='ltr'>rei</span> <span class='ocrx_word' id='word_1_187' title='bbox 2045 1748 2087 1791; x_wconf 92' lang='lat' dir='ltr'>p.</span> 
     </span>
    </p>
   </div>
   <div class='ocr_carea' id='block_1_3' title="bbox 355 1865 2090 1912">
    <p class='ocr_par' dir='ltr' id='par_1_4' title="bbox 355 1865 2090 1912">
     <span class='ocr_line' id='line_1_21' title="bbox 355 1865 2090 1912; baseline 0.001 -15"><span class='ocrx_word' id='word_1_188' title='bbox 355 1866 386 1898; x_wconf 79' lang='grc'>4.</span> <span class='ocrx_word' id='word_1_189' title='bbox 411 1869 508 1912; x_wconf 61' lang='lat' dir='ltr'>cepta</span> <span class='ocrx_word' id='word_1_190' title='bbox 530 1867 563 1899; x_wconf 91' lang='lat' dir='ltr'>M</span> <span class='ocrx_word' id='word_1_191' title='bbox 589 1883 625 1888; x_wconf 98' lang='lat'><strong>—</strong></span> <span class='ocrx_word' id='word_1_192' title='bbox 660 1866 692 1898; x_wconf 88' lang='lat'>6.</span> <span class='ocrx_word' id='word_1_193' title='bbox 717 1874 850 1907; x_wconf 85' lang='lat' dir='ltr'>nanque</span> <span class='ocrx_word' id='word_1_194' title='bbox 872 1867 905 1899; x_wconf 92' lang='lat' dir='ltr'>M</span> <span class='ocrx_word' id='word_1_195' title='bbox 936 1884 967 1889; x_wconf 89' lang='lat'>—</span> <span class='ocrx_word' id='word_1_196' title='bbox 999 1866 1031 1898; x_wconf 87' lang='lat'>9.</span> <span class='ocrx_word' id='word_1_197' title='bbox 1057 1866 1183 1898; x_wconf 85' lang='lat' dir='ltr'>levitati</span> <span class='ocrx_word' id='word_1_198' title='bbox 1211 1865 1411 1898; x_wconf 86' lang='lat' dir='ltr'>Ernestius:</span> <span class='ocrx_word' id='word_1_199' title='bbox 1445 1866 1576 1898; x_wconf 82' lang='lat' dir='ltr'>lenitati</span> <span class='ocrx_word' id='word_1_200' title='bbox 1598 1867 1630 1900; x_wconf 88' lang='lat' dir='ltr'>M</span> <span class='ocrx_word' id='word_1_201' title='bbox 1656 1884 1692 1890; x_wconf 93' lang='lat'><em>-</em></span> <span class='ocrx_word' id='word_1_202' title='bbox 1724 1867 1772 1900; x_wconf 81' lang='grc'>10.</span> <span class='ocrx_word' id='word_1_203' title='bbox 1798 1867 1884 1899; x_wconf 74' lang='lat' dir='ltr'>luxu</span> <span class='ocrx_word' id='word_1_204' title='bbox 1905 1867 1956 1900; x_wconf 87' lang='lat' dir='ltr'>M:</span> <span class='ocrx_word' id='word_1_205' title='bbox 1989 1867 2090 1899; x_wconf 73' lang='lat' dir='ltr'>luxui</span> 
     </span>
    </p>
   </div>
   <div class='ocr_carea' id='block_1_4' title="bbox 288 1920 2091 2125">
    <p class='ocr_par' dir='ltr' id='par_1_5' title="bbox 288 1920 2091 2125">
     <span class='ocr_line' id='line_1_22' title="bbox 288 1920 2090 1965; baseline 0.002 -12"><span class='ocrx_word' id='word_1_206' title='bbox 288 1920 404 1964; x_wconf 85' lang='lat' dir='ltr'>vulgo.</span> <span class='ocrx_word' id='word_1_207' title='bbox 434 1938 469 1946; x_wconf 89' lang='lat'>-</span> <span class='ocrx_word' id='word_1_208' title='bbox 505 1922 557 1955; x_wconf 72' lang='lat'>⁴2.</span> <span class='ocrx_word' id='word_1_209' title='bbox 584 1923 808 1955; x_wconf 81' lang='lat' dir='ltr'>coniurationi</span> <span class='ocrx_word' id='word_1_210' title='bbox 831 1923 883 1956; x_wconf 88' lang='lat' dir='ltr'>M:</span> <span class='ocrx_word' id='word_1_211' title='bbox 917 1923 1158 1956; x_wconf 83' lang='lat' dir='ltr'>coniurationis</span> <span class='ocrx_word' id='word_1_212' title='bbox 1180 1921 1247 1954; x_wconf 90' lang='lat' dir='ltr'>alii.</span> <span class='ocrx_word' id='word_1_213' title='bbox 1277 1940 1311 1945; x_wconf 92' lang='lat'><strong>—</strong></span> <span class='ocrx_word' id='word_1_214' title='bbox 1348 1921 1401 1954; x_wconf 76' lang='lat'>⁴4.</span> <span class='ocrx_word' id='word_1_215' title='bbox 1427 1922 1568 1955; x_wconf 85' lang='lat' dir='ltr'>Flavum</span> <span class='ocrx_word' id='word_1_216' title='bbox 1591 1923 1790 1956; x_wconf 88' lang='lat' dir='ltr'>Bekkerus:</span> <span class='ocrx_word' id='word_1_217' title='bbox 1824 1923 1968 1965; x_wconf 77' lang='lat' dir='ltr'>fluuium</span> <span class='ocrx_word' id='word_1_218' title='bbox 1990 1924 2023 1957; x_wconf 80' lang='lat' dir='ltr'>M</span> <span class='ocrx_word' id='word_1_219' title='bbox 2045 1941 2090 1947; x_wconf 95' lang='lat'><strong>—</strong></span> 
     </span>
     <span class='ocr_line' id='line_1_23' title="bbox 290 1977 2091 2022; baseline 0.001 -12"><span class='ocrx_word' id='word_1_220' title='bbox 290 1978 344 2011; x_wconf 78' lang='grc'>46.</span> <span class='ocrx_word' id='word_1_221' title='bbox 370 1987 497 2012; x_wconf 89' lang='lat' dir='ltr'>anneus</span> <span class='ocrx_word' id='word_1_222' title='bbox 519 1980 553 2013; x_wconf 92' lang='lat' dir='ltr'>M</span> <span class='ocrx_word' id='word_1_223' title='bbox 579 1997 615 2002; x_wconf 83' lang='lat'>-</span> <span class='ocrx_word' id='word_1_224' title='bbox 641 1980 755 2011; x_wconf 85' lang='lat' dir='ltr'>consul</span> <span class='ocrx_word' id='word_1_225' title='bbox 777 1980 966 2021; x_wconf 63' lang='lat' dir='ltr'>designatus</span> <span class='ocrx_word' id='word_1_226' title='bbox 989 1980 1124 2022; x_wconf 87' lang='lat' dir='ltr'>primus</span> <span class='ocrx_word' id='word_1_227' title='bbox 1149 1977 1292 2012; x_wconf 82' lang='lat' dir='ltr'>seclusit</span> <span class='ocrx_word' id='word_1_228' title='bbox 1316 1978 1506 2011; x_wconf 87' lang='lat' dir='ltr'>Bekkerus.</span> <span class='ocrx_word' id='word_1_229' title='bbox 1529 1996 1562 2003; x_wconf 88' lang='lat'><em>-</em></span> <span class='ocrx_word' id='word_1_230' title='bbox 1592 1979 1644 2012; x_wconf 81' lang='grc'>48.</span> <span class='ocrx_word' id='word_1_231' title='bbox 1663 1979 1859 2020; x_wconf 81' lang='lat' dir='ltr'>premebant</span> <span class='ocrx_word' id='word_1_232' title='bbox 1880 1981 2091 2022; x_wconf 86' lang='lat' dir='ltr'>superscr.t</span> 
     </span>
     <span class='ocr_line' id='line_1_24' title="bbox 290 2033 2086 2079; baseline 0.002 -13"><span class='ocrx_word' id='word_1_233' title='bbox 290 2033 413 2068; x_wconf 87' lang='lat' dir='ltr'>litteris</span> <span class='ocrx_word' id='word_1_234' title='bbox 436 2039 473 2068; x_wconf 87' lang='lat' dir='ltr'>nt</span> <span class='ocrx_word' id='word_1_235' title='bbox 495 2036 530 2069; x_wconf 90' lang='grc' dir='ltr'><em>Μ</em></span> <span class='ocrx_word' id='word_1_236' title='bbox 555 2053 589 2059; x_wconf 92' lang='lat'>—-</span> <span class='ocrx_word' id='word_1_237' title='bbox 617 2036 875 2069; x_wconf 80' lang='lat' dir='ltr'>adsimulatione</span> <span class='ocrx_word' id='word_1_238' title='bbox 898 2037 948 2070; x_wconf 88' lang='lat' dir='ltr'>M:</span> <span class='ocrx_word' id='word_1_239' title='bbox 976 2036 1198 2070; x_wconf 81' lang='lat' dir='ltr'>aemulatione</span> <span class='ocrx_word' id='word_1_240' title='bbox 1220 2035 1357 2078; x_wconf 87' lang='lat' dir='ltr'>Lipsius</span> <span class='ocrx_word' id='word_1_241' title='bbox 1382 2036 1418 2067; x_wconf 89' lang='lat' dir='ltr'>et</span> <span class='ocrx_word' id='word_1_242' title='bbox 1441 2036 1595 2069; x_wconf 91' lang='lat' dir='ltr'>Ursinus.</span> <span class='ocrx_word' id='word_1_243' title='bbox 1626 2054 1659 2059; x_wconf 93' lang='lat'>--</span> <span class='ocrx_word' id='word_1_244' title='bbox 1688 2036 1740 2069; x_wconf 71' lang='lat'>49.</span> <span class='ocrx_word' id='word_1_245' title='bbox 1767 2035 1970 2079; x_wconf 70' lang='lat' dir='ltr'>disiynatum</span> <span class='ocrx_word' id='word_1_246' title='bbox 1991 2037 2023 2070; x_wconf 82' lang='lat' dir='ltr'>M</span> <span class='ocrx_word' id='word_1_247' title='bbox 2050 2053 2086 2059; x_wconf 94' lang='lat'>-</span> 
     </span>
     <span class='ocr_line' id='line_1_25' title="bbox 290 2093 471 2125; baseline 0.006 -1"><span class='ocrx_word' id='word_1_248' title='bbox 290 2101 405 2125; x_wconf 88' lang='lat' dir='ltr'>amore</span> <span class='ocrx_word' id='word_1_249' title='bbox 426 2093 471 2125; x_wconf 89' lang='lat' dir='ltr'>M.</span> 
     </span>
    </p>
   </div>
   <div class='ocr_carea' id='block_1_5' title="bbox 290 2205 1164 2290">
    <p class='ocr_par' dir='ltr' id='par_1_6' title="bbox 290 2205 1164 2290">
     <span class='ocr_line' id='line_1_26' title="bbox 334 2205 1164 2249; baseline 0.002 -11"><span class='ocrx_word' id='word_1_250' title='bbox 334 2205 388 2239; x_wconf 74' lang='lat'>48.</span> <span class='ocrx_word' id='word_1_251' title='bbox 414 2205 516 2239; x_wconf 82' lang='lat' dir='ltr'>Silius</span> <span class='ocrx_word' id='word_1_252' title='bbox 536 2208 651 2240; x_wconf 80' lang='lat' dir='ltr'>Nerva</span> <span class='ocrx_word' id='word_1_253' title='bbox 673 2209 703 2239; x_wconf 88' lang='lat' dir='ltr'>et</span> <span class='ocrx_word' id='word_1_254' title='bbox 724 2206 850 2238; x_wconf 78' lang='lat' dir='ltr'>Atticus</span> <span class='ocrx_word' id='word_1_255' title='bbox 869 2207 1025 2249; x_wconf 79' lang='lat' dir='ltr'>Vestinus]</span> <span class='ocrx_word' id='word_1_256' title='bbox 1049 2208 1087 2240; x_wconf 92' lang='lat' dir='ltr'>In</span> <span class='ocrx_word' id='word_1_257' title='bbox 1110 2206 1164 2240; x_wconf 83' lang='lat' dir='ltr'>fa-</span> 
     </span>
     <span class='ocr_line' id='line_1_27' title="bbox 290 2257 1164 2290; baseline 0.001 -2"><span class='ocrx_word' id='word_1_258' title='bbox 290 2257 354 2289; x_wconf 86' lang='lat' dir='ltr'>stis</span> <span class='ocrx_word' id='word_1_259' title='bbox 373 2257 500 2289; x_wconf 88' lang='lat' dir='ltr'>Baiteri</span> <span class='ocrx_word' id='word_1_260' title='bbox 522 2258 748 2290; x_wconf 83' lang='lat' dir='ltr'>nominantur</span> <span class='ocrx_word' id='word_1_261' title='bbox 763 2257 802 2290; x_wconf 82' lang='lat' dir='ltr'><strong><em>A</em></strong></span> <span class='ocrx_word' id='word_1_262' title='bbox 824 2258 970 2290; x_wconf 82' lang='lat' dir='ltr'>Licinius</span> <span class='ocrx_word' id='word_1_263' title='bbox 985 2259 1097 2290; x_wconf 82' lang='lat' dir='ltr'>Nerva</span> <span class='ocrx_word' id='word_1_264' title='bbox 1113 2258 1164 2290; x_wconf 88' lang='lat' dir='ltr'>Si-</span> 
     </span>
    </p>
   </div>
   <div class='ocr_carea' id='block_1_6' title="bbox 1187 2204 2090 2296">
    <p class='ocr_par' dir='ltr' id='par_1_7' title="bbox 1211 2204 2090 2296">
     <span class='ocr_line' id='line_1_28' title="bbox 1211 2204 2084 2248; baseline -0.001 -9"><span class='ocrx_word' id='word_1_265' title='bbox 1211 2207 1384 2248; x_wconf 86' lang='lat' dir='ltr'>remissae,</span> <span class='ocrx_word' id='word_1_266' title='bbox 1409 2207 1561 2247; x_wconf 85' lang='lat' dir='ltr'>repetisse</span> <span class='ocrx_word' id='word_1_267' title='bbox 1583 2206 1851 2238; x_wconf 72' lang='lat' dir='ltr'>existimabatur.</span> <span class='ocrx_word' id='word_1_268' title='bbox 1886 2206 1993 2248; x_wconf 85' lang='lat' dir='ltr'>(Suet.</span> <span class='ocrx_word' id='word_1_269' title='bbox 2011 2204 2084 2239; x_wconf 86' lang='lat' dir='ltr'>Cal.</span> 
     </span>
     <span class='ocr_line' id='line_1_29' title="bbox 1187 2256 2090 2296; baseline 0 -7"><span class='ocrx_word' id='word_1_270' title='bbox 1187 2258 1267 2294; x_wconf 46' lang='grc' dir='ltr'>λδ.</span> <span class='ocrx_word' id='word_1_271' title='bbox 1293 2259 1357 2291; x_wconf 91' lang='lat' dir='ltr'>Dio</span> <span class='ocrx_word' id='word_1_272' title='bbox 1381 2258 1434 2296; x_wconf 83' lang='lat'>59,</span> <span class='ocrx_word' id='word_1_273' title='bbox 1462 2258 1505 2296; x_wconf 88' lang='grc'>8.)</span> <span class='ocrx_word' id='word_1_274' title='bbox 1529 2258 1614 2290; x_wconf 78' lang='lat' dir='ltr'>Mooe</span> <span class='ocrx_word' id='word_1_275' title='bbox 1635 2256 1693 2288; x_wconf 89' lang='lat' dir='ltr'>sub</span> <span class='ocrx_word' id='word_1_276' title='bbox 1710 2257 1849 2290; x_wconf 83' lang='lat' dir='ltr'>Claudio</span> <span class='ocrx_word' id='word_1_277' title='bbox 1870 2256 2044 2289; x_wconf 84' lang='lat' dir='ltr'>restitutus</span> <span class='ocrx_word' id='word_1_278' title='bbox 2058 2260 2090 2289; x_wconf 85' lang='lat' dir='ltr'>et</span> 
     </span>
    </p>
   </div>
   <div class='ocr_carea' id='block_1_7' title="bbox 289 2282 2091 2349">
    <p class='ocr_par' dir='ltr' id='par_1_8' title="bbox 289 2282 2091 2349">
     <span class='ocr_line' id='line_1_30' title="bbox 289 2282 2091 2349; baseline 0 -11"><span class='ocrx_word' id='word_1_279' title='bbox 289 2307 400 2341; x_wconf 85' lang='lat' dir='ltr'>lianus</span> <span class='ocrx_word' id='word_1_280' title='bbox 424 2308 470 2339; x_wconf 85' lang='lat' dir='ltr'>M.</span> <span class='ocrx_word' id='word_1_281' title='bbox 496 2308 643 2341; x_wconf 81' lang='lat' dir='ltr'>Vestinus</span> <span class='ocrx_word' id='word_1_282' title='bbox 663 2308 797 2340; x_wconf 81' lang='lat' dir='ltr'>Atticus.</span> <span class='ocrx_word' id='word_1_283' title='bbox 828 2307 877 2340; x_wconf 86' lang='lat' dir='ltr'>Cf.</span> <span class='ocrx_word' id='word_1_284' title='bbox 900 2307 1019 2349; x_wconf 87' lang='lat' dir='ltr'>Phleg.</span> <span class='ocrx_word' id='word_1_285' title='bbox 1039 2308 1161 2340; x_wconf 90' lang='lat' dir='ltr'>Mirab.</span> <span class='ocrx_word' id='word_1_286' title='bbox 1186 2282 1283 2348; x_wconf 82' lang='lat' dir='ltr'>lpost</span> <span class='ocrx_word' id='word_1_287' title='bbox 1315 2309 1522 2340; x_wconf 84' lang='lat' dir='ltr'>consulatum</span> <span class='ocrx_word' id='word_1_288' title='bbox 1559 2311 1713 2339; x_wconf 82' lang='lat' dir='ltr'>materna</span> <span class='ocrx_word' id='word_1_289' title='bbox 1750 2307 1930 2339; x_wconf 84' lang='lat' dir='ltr'>hereditate</span> <span class='ocrx_word' id='word_1_290' title='bbox 1966 2307 2091 2339; x_wconf 75' lang='lat' dir='ltr'>ditatus</span> 
     </span>
    </p>
   </div>
   <div class='ocr_carea' id='block_1_8' title="bbox 290 2356 1169 3450">
    <p class='ocr_par' dir='ltr' id='par_1_9' title="bbox 290 2356 1169 3450">
     <span class='ocr_line' id='line_1_31' title="bbox 290 2356 1161 2398; baseline 0.001 -9"><span class='ocrx_word' id='word_1_291' title='bbox 290 2356 344 2389; x_wconf 72' lang='lat'>23.</span> <span class='ocrx_word' id='word_1_292' title='bbox 370 2358 470 2390; x_wconf 90' lang='lat' dir='ltr'>Prior</span> <span class='ocrx_word' id='word_1_293' title='bbox 493 2367 599 2390; x_wconf 91' lang='lat' dir='ltr'>avum</span> <span class='ocrx_word' id='word_1_294' title='bbox 622 2358 745 2391; x_wconf 88' lang='lat' dir='ltr'>habuit</span> <span class='ocrx_word' id='word_1_295' title='bbox 768 2357 949 2391; x_wconf 91' lang='lat' dir='ltr'>consulem</span> <span class='ocrx_word' id='word_1_296' title='bbox 974 2368 1005 2390; x_wconf 91' lang='lat' dir='ltr'>a.</span> <span class='ocrx_word' id='word_1_297' title='bbox 1032 2367 1067 2390; x_wconf 93' lang='lat' dir='ltr'>u.</span> <span class='ocrx_word' id='word_1_298' title='bbox 1086 2358 1161 2398; x_wconf 86' lang='lat'>760,</span> 
     </span>
     <span class='ocr_line' id='line_1_32' title="bbox 290 2407 1165 2450; baseline 0.001 -11"><span class='ocrx_word' id='word_1_299' title='bbox 290 2410 428 2449; x_wconf 88' lang='lat' dir='ltr'>patrem</span> <span class='ocrx_word' id='word_1_300' title='bbox 454 2407 636 2441; x_wconf 88' lang='lat' dir='ltr'>consulem</span> <span class='ocrx_word' id='word_1_301' title='bbox 661 2417 693 2445; x_wconf 73' lang='lat' dir='ltr'>a,</span> <span class='ocrx_word' id='word_1_302' title='bbox 712 2417 746 2440; x_wconf 92' lang='lat' dir='ltr'>u.</span> <span class='ocrx_word' id='word_1_303' title='bbox 766 2408 823 2440; x_wconf 72' lang='lat'>78⁴</span> <span class='ocrx_word' id='word_1_304' title='bbox 847 2408 889 2450; x_wconf 78' lang='lat'>(4,</span> <span class='ocrx_word' id='word_1_305' title='bbox 909 2409 974 2449; x_wconf 90' lang='lat'>68).</span> <span class='ocrx_word' id='word_1_306' title='bbox 995 2426 1030 2431; x_wconf 95' lang='lat'><em>-</em></span> <span class='ocrx_word' id='word_1_307' title='bbox 1051 2412 1165 2449; x_wconf 85' lang='lat' dir='ltr'>coepta</span> 
     </span>
     <span class='ocr_line' id='line_1_33' title="bbox 291 2457 1161 2499; baseline 0.002 -10"><span class='ocrx_word' id='word_1_308' title='bbox 291 2474 340 2482; x_wconf 94' lang='lat'>--</span> <span class='ocrx_word' id='word_1_309' title='bbox 355 2459 600 2498; x_wconf 81' lang='lat' dir='ltr'>coniuratione]</span> <span class='ocrx_word' id='word_1_310' title='bbox 634 2458 678 2491; x_wconf 90' lang='lat' dir='ltr'>de</span> <span class='ocrx_word' id='word_1_311' title='bbox 710 2466 779 2499; x_wconf 87' lang='lat' dir='ltr'>qua</span> <span class='ocrx_word' id='word_1_312' title='bbox 803 2457 846 2490; x_wconf 80' lang='lat' dir='ltr'>cf.</span> <span class='ocrx_word' id='word_1_313' title='bbox 874 2458 937 2490; x_wconf 92' lang='lat' dir='ltr'>Dio</span> <span class='ocrx_word' id='word_1_314' title='bbox 962 2458 1016 2499; x_wconf 77' lang='lat'>62,</span> <span class='ocrx_word' id='word_1_315' title='bbox 1041 2458 1082 2491; x_wconf 74' lang='lat'>24</span> <span class='ocrx_word' id='word_1_316' title='bbox 1107 2467 1161 2499; x_wconf 90' lang='lat' dir='ltr'>sq.</span> 
     </span>
     <span class='ocr_line' id='line_1_34' title="bbox 291 2508 1167 2550; baseline 0 -10"><span class='ocrx_word' id='word_1_317' title='bbox 291 2508 434 2540; x_wconf 87' lang='lat' dir='ltr'>Sueton.</span> <span class='ocrx_word' id='word_1_318' title='bbox 454 2509 533 2540; x_wconf 91' lang='lat' dir='ltr'>Ner.</span> <span class='ocrx_word' id='word_1_319' title='bbox 554 2516 584 2540; x_wconf 92' lang='lat' dir='ltr'>c.</span> <span class='ocrx_word' id='word_1_320' title='bbox 604 2508 656 2540; x_wconf 88' lang='lat'>36.</span> <span class='ocrx_word' id='word_1_321' title='bbox 679 2526 714 2531; x_wconf 87' lang='grc'><strong>-</strong></span> <span class='ocrx_word' id='word_1_322' title='bbox 740 2508 877 2540; x_wconf 84' lang='lat' dir='ltr'>nomina</span> <span class='ocrx_word' id='word_1_323' title='bbox 893 2508 1061 2549; x_wconf 81' lang='lat' dir='ltr'>dederant]</span> <span class='ocrx_word' id='word_1_324' title='bbox 1087 2518 1167 2550; x_wconf 90' lang='lat' dir='ltr'>pro-</span> 
     </span>
     <span class='ocr_line' id='line_1_35' title="bbox 291 2557 1165 2599; baseline 0 -9"><span class='ocrx_word' id='word_1_325' title='bbox 291 2557 367 2599; x_wconf 88' lang='lat' dir='ltr'>prie</span> <span class='ocrx_word' id='word_1_326' title='bbox 385 2557 429 2590; x_wconf 92' lang='lat' dir='ltr'>de</span> <span class='ocrx_word' id='word_1_327' title='bbox 446 2557 631 2596; x_wconf 88' lang='lat' dir='ltr'>tironibus,</span> <span class='ocrx_word' id='word_1_328' title='bbox 657 2558 716 2599; x_wconf 94' lang='lat' dir='ltr'>qui</span> <span class='ocrx_word' id='word_1_329' title='bbox 736 2567 756 2589; x_wconf 91' lang='lat' dir='ltr'>a</span> <span class='ocrx_word' id='word_1_330' title='bbox 773 2558 979 2598; x_wconf 84' lang='lat' dir='ltr'>magistratu</span> <span class='ocrx_word' id='word_1_331' title='bbox 997 2557 1165 2591; x_wconf 89' lang='lat' dir='ltr'>dilectum</span> 
     </span>
     <span class='ocr_line' id='line_1_36' title="bbox 291 2607 1163 2641; baseline -0.001 0"><span class='ocrx_word' id='word_1_332' title='bbox 291 2607 446 2641; x_wconf 84' lang='lat' dir='ltr'>habente</span> <span class='ocrx_word' id='word_1_333' title='bbox 471 2609 505 2640; x_wconf 91' lang='lat' dir='ltr'>in</span> <span class='ocrx_word' id='word_1_334' title='bbox 529 2607 678 2641; x_wconf 90' lang='lat' dir='ltr'>militum</span> <span class='ocrx_word' id='word_1_335' title='bbox 699 2607 820 2640; x_wconf 89' lang='lat' dir='ltr'>album</span> <span class='ocrx_word' id='word_1_336' title='bbox 838 2608 1049 2640; x_wconf 82' lang='lat' dir='ltr'>referuntur.</span> <span class='ocrx_word' id='word_1_337' title='bbox 1077 2609 1163 2640; x_wconf 86' lang='lat' dir='ltr'>Hist.</span> 
     </span>
     <span class='ocr_line' id='line_1_37' title="bbox 291 2657 1166 2700; baseline -0.001 -9"><span class='ocrx_word' id='word_1_338' title='bbox 291 2659 325 2695; x_wconf 73' lang='lat'>2,</span> <span class='ocrx_word' id='word_1_339' title='bbox 337 2657 389 2690; x_wconf 89' lang='grc'>97.</span> <span class='ocrx_word' id='word_1_340' title='bbox 406 2658 456 2691; x_wconf 87' lang='lat' dir='ltr'>Cf.</span> <span class='ocrx_word' id='word_1_341' title='bbox 467 2657 520 2697; x_wconf 70' lang='lat'>44,</span> <span class='ocrx_word' id='word_1_342' title='bbox 539 2659 588 2690; x_wconf 77' lang='lat'>⁴5.</span> <span class='ocrx_word' id='word_1_343' title='bbox 603 2674 637 2680; x_wconf 85' lang='lat'><em>-</em></span> <span class='ocrx_word' id='word_1_344' title='bbox 655 2658 850 2698; x_wconf 82' lang='lat' dir='ltr'>facundiam</span> <span class='ocrx_word' id='word_1_345' title='bbox 863 2657 944 2700; x_wconf 91' lang='lat' dir='ltr'>cet.]</span> <span class='ocrx_word' id='word_1_346' title='bbox 959 2659 1029 2691; x_wconf 87' lang='lat' dir='ltr'>Has</span> <span class='ocrx_word' id='word_1_347' title='bbox 1042 2667 1166 2691; x_wconf 91' lang='lat' dir='ltr'>omnes</span> 
     </span>
     <span class='ocr_line' id='line_1_38' title="bbox 292 2706 1168 2748; baseline -0.001 -8"><span class='ocrx_word' id='word_1_348' title='bbox 292 2707 416 2740; x_wconf 92' lang='lat' dir='ltr'>laudes</span> <span class='ocrx_word' id='word_1_349' title='bbox 446 2708 522 2740; x_wconf 89' lang='lat' dir='ltr'>eius</span> <span class='ocrx_word' id='word_1_350' title='bbox 551 2708 680 2740; x_wconf 86' lang='lat' dir='ltr'>cecinit</span> <span class='ocrx_word' id='word_1_351' title='bbox 710 2708 926 2748; x_wconf 87' lang='lat' dir='ltr'>quicumque</span> <span class='ocrx_word' id='word_1_352' title='bbox 958 2706 1014 2739; x_wconf 91' lang='lat' dir='ltr'>ille</span> <span class='ocrx_word' id='word_1_353' title='bbox 1045 2707 1168 2740; x_wconf 87' lang='lat' dir='ltr'>adole-</span> 
     </span>
     <span class='ocr_line' id='line_1_39' title="bbox 293 2757 1164 2799; baseline -0.002 -8"><span class='ocrx_word' id='word_1_354' title='bbox 293 2766 399 2791; x_wconf 86' lang='lat' dir='ltr'>scens</span> <span class='ocrx_word' id='word_1_355' title='bbox 414 2759 516 2799; x_wconf 68' lang='lat' dir='ltr'>poeta</span> <span class='ocrx_word' id='word_1_356' title='bbox 534 2758 570 2790; x_wconf 93' lang='lat' dir='ltr'>in</span> <span class='ocrx_word' id='word_1_357' title='bbox 586 2759 803 2798; x_wconf 83' lang='lat' dir='ltr'>Panegyrico</span> <span class='ocrx_word' id='word_1_358' title='bbox 820 2757 865 2789; x_wconf 89' lang='lat' dir='ltr'>ad</span> <span class='ocrx_word' id='word_1_359' title='bbox 882 2759 1058 2790; x_wconf 89' lang='lat' dir='ltr'>Pisonem.</span> <span class='ocrx_word' id='word_1_360' title='bbox 1077 2758 1164 2789; x_wconf 80' lang='lat' dir='ltr'>L1rs.</span> 
     </span>
     <span class='ocr_line' id='line_1_40' title="bbox 294 2807 1164 2847; baseline -0.001 -7"><span class='ocrx_word' id='word_1_361' title='bbox 294 2807 395 2847; x_wconf 86' lang='lat' dir='ltr'>Quod</span> <span class='ocrx_word' id='word_1_362' title='bbox 419 2815 564 2839; x_wconf 86' lang='lat' dir='ltr'>carmen</span> <span class='ocrx_word' id='word_1_363' title='bbox 587 2807 694 2839; x_wconf 88' lang='lat' dir='ltr'>Statio</span> <span class='ocrx_word' id='word_1_364' title='bbox 712 2808 749 2840; x_wconf 92' lang='lat' dir='ltr'>C.</span> <span class='ocrx_word' id='word_1_365' title='bbox 770 2807 932 2839; x_wconf 89' lang='lat' dir='ltr'>Barthius</span> <span class='ocrx_word' id='word_1_366' title='bbox 949 2809 984 2839; x_wconf 89' lang='lat' dir='ltr'>et</span> <span class='ocrx_word' id='word_1_367' title='bbox 1001 2808 1038 2839; x_wconf 92' lang='lat' dir='ltr'>C.</span> <span class='ocrx_word' id='word_1_368' title='bbox 1058 2807 1164 2845; x_wconf 88' lang='lat' dir='ltr'>Beck,</span> 
     </span>
     <span class='ocr_line' id='line_1_41' title="bbox 294 2856 1166 2894; baseline -0.001 -5"><span class='ocrx_word' id='word_1_369' title='bbox 294 2857 408 2890; x_wconf 89' lang='lat' dir='ltr'>Saleio</span> <span class='ocrx_word' id='word_1_370' title='bbox 432 2858 542 2890; x_wconf 87' lang='lat' dir='ltr'>Basso</span> <span class='ocrx_word' id='word_1_371' title='bbox 559 2857 825 2889; x_wconf 88' lang='lat' dir='ltr'>Wernsdorfius</span> <span class='ocrx_word' id='word_1_372' title='bbox 848 2856 1026 2894; x_wconf 85' lang='lat' dir='ltr'>tribuere;</span> <span class='ocrx_word' id='word_1_373' title='bbox 1051 2858 1087 2888; x_wconf 93' lang='lat' dir='ltr'>at</span> <span class='ocrx_word' id='word_1_374' title='bbox 1108 2865 1166 2888; x_wconf 90' lang='lat' dir='ltr'>res</span> 
     </span>
     <span class='ocr_line' id='line_1_42' title="bbox 294 2906 1166 2949; baseline -0.002 -9"><span class='ocrx_word' id='word_1_375' title='bbox 294 2908 415 2940; x_wconf 87' lang='lat' dir='ltr'>manet</span> <span class='ocrx_word' id='word_1_376' title='bbox 446 2915 592 2949; x_wconf 89' lang='lat' dir='ltr'>prorsus</span> <span class='ocrx_word' id='word_1_377' title='bbox 624 2907 771 2940; x_wconf 86' lang='lat' dir='ltr'>incerta.</span> <span class='ocrx_word' id='word_1_378' title='bbox 810 2906 1023 2939; x_wconf 89' lang='lat' dir='ltr'>Facundiam</span> <span class='ocrx_word' id='word_1_379' title='bbox 1046 2908 1166 2939; x_wconf 89' lang='lat' dir='ltr'>autem</span> 
     </span>
     <span class='ocr_line' id='line_1_43' title="bbox 293 2956 1166 2991; baseline -0.002 -1"><span class='ocrx_word' id='word_1_380' title='bbox 293 2958 428 2991; x_wconf 88' lang='lat' dir='ltr'>Pisonis</span> <span class='ocrx_word' id='word_1_381' title='bbox 455 2958 491 2990; x_wconf 82' lang='lat' dir='ltr'>in</span> <span class='ocrx_word' id='word_1_382' title='bbox 519 2957 647 2989; x_wconf 83' lang='lat' dir='ltr'>tuendis</span> <span class='ocrx_word' id='word_1_383' title='bbox 669 2957 794 2989; x_wconf 78' lang='lat' dir='ltr'>civibus</span> <span class='ocrx_word' id='word_1_384' title='bbox 817 2956 1018 2989; x_wconf 87' lang='lat' dir='ltr'>celebratur</span> <span class='ocrx_word' id='word_1_385' title='bbox 1041 2957 1122 2989; x_wconf 91' lang='lat' dir='ltr'>inde</span> <span class='ocrx_word' id='word_1_386' title='bbox 1147 2965 1166 2988; x_wconf 91' lang='lat' dir='ltr'>a</span> 
     </span>
     <span class='ocr_line' id='line_1_44' title="bbox 293 3006 1168 3049; baseline -0.001 -9"><span class='ocrx_word' id='word_1_387' title='bbox 293 3018 327 3040; x_wconf 93' lang='lat' dir='ltr'>v.</span> <span class='ocrx_word' id='word_1_388' title='bbox 346 3008 400 3047; x_wconf 76' lang='lat'>25,</span> <span class='ocrx_word' id='word_1_389' title='bbox 418 3006 515 3040; x_wconf 90' lang='lat' dir='ltr'>velut</span> <span class='ocrx_word' id='word_1_390' title='bbox 530 3016 563 3040; x_wconf 91' lang='lat' dir='ltr'>v.</span> <span class='ocrx_word' id='word_1_391' title='bbox 582 3007 642 3039; x_wconf 85' lang='lat'>30:</span> <span class='ocrx_word' id='word_1_392' title='bbox 668 3007 752 3039; x_wconf 88' lang='lat' dir='ltr'>Hinc</span> <span class='ocrx_word' id='word_1_393' title='bbox 776 3016 904 3048; x_wconf 75' lang='lat' dir='ltr'>quoque</span> <span class='ocrx_word' id='word_1_394' title='bbox 920 3010 977 3049; x_wconf 90' lang='lat' dir='ltr'>(ex</span> <span class='ocrx_word' id='word_1_395' title='bbox 995 3007 1168 3048; x_wconf 83' lang='lat' dir='ltr'>eloquen-</span> 
     </span>
     <span class='ocr_line' id='line_1_45' title="bbox 294 3055 1164 3098; baseline -0.002 -8"><span class='ocrx_word' id='word_1_396' title='bbox 294 3059 352 3098; x_wconf 86' lang='lat' dir='ltr'>tia)</span> <span class='ocrx_word' id='word_1_397' title='bbox 383 3058 509 3090; x_wconf 86' lang='lat' dir='ltr'>servati</span> <span class='ocrx_word' id='word_1_398' title='bbox 530 3057 690 3098; x_wconf 62' lang='lat' dir='ltr'>contingit</span> <span class='ocrx_word' id='word_1_399' title='bbox 715 3057 826 3098; x_wconf 82' lang='lat' dir='ltr'>9loria</span> <span class='ocrx_word' id='word_1_400' title='bbox 848 3058 938 3089; x_wconf 85' lang='lat' dir='ltr'>civis.</span> <span class='ocrx_word' id='word_1_401' title='bbox 973 3057 1023 3090; x_wconf 78' lang='lat' dir='ltr'>Cf.</span> <span class='ocrx_word' id='word_1_402' title='bbox 1049 3055 1164 3089; x_wconf 89' lang='lat' dir='ltr'>Schol.</span> 
     </span>
     <span class='ocr_line' id='line_1_46' title="bbox 295 3106 1169 3146; baseline -0.001 -7"><span class='ocrx_word' id='word_1_403' title='bbox 295 3107 340 3139; x_wconf 88' lang='lat' dir='ltr'>ad</span> <span class='ocrx_word' id='word_1_404' title='bbox 364 3108 484 3140; x_wconf 88' lang='lat' dir='ltr'>Iuven.</span> <span class='ocrx_word' id='word_1_405' title='bbox 503 3108 535 3146; x_wconf 89' lang='lat'>5,</span> <span class='ocrx_word' id='word_1_406' title='bbox 555 3106 636 3139; x_wconf 73' lang='lat'><strong>⁴09:</strong></span> <span class='ocrx_word' id='word_1_407' title='bbox 661 3107 734 3138; x_wconf 81' lang='lat' dir='ltr'>Piso</span> <span class='ocrx_word' id='word_1_408' title='bbox 751 3106 968 3146; x_wconf 78' lang='lat' dir='ltr'>Calpurnius,</span> <span class='ocrx_word' id='word_1_409' title='bbox 993 3110 1029 3138; x_wconf 91' lang='lat' dir='ltr'>ut</span> <span class='ocrx_word' id='word_1_410' title='bbox 1044 3106 1169 3139; x_wconf 88' lang='lat' dir='ltr'>Probus</span> 
     </span>
     <span class='ocr_line' id='line_1_47' title="bbox 295 3157 1168 3198; baseline -0.001 -8"><span class='ocrx_word' id='word_1_411' title='bbox 295 3158 420 3198; x_wconf 77' lang='lat' dir='ltr'>inquit,</span> <span class='ocrx_word' id='word_1_412' title='bbox 446 3159 589 3197; x_wconf 83' lang='lat' dir='ltr'>antiqua</span> <span class='ocrx_word' id='word_1_413' title='bbox 610 3157 760 3198; x_wconf 78' lang='lat' dir='ltr'>familia,</span> <span class='ocrx_word' id='word_1_414' title='bbox 786 3157 935 3189; x_wconf 83' lang='lat' dir='ltr'>scaenico</span> <span class='ocrx_word' id='word_1_415' title='bbox 957 3157 1072 3190; x_wconf 83' lang='lat' dir='ltr'>habitu</span> <span class='ocrx_word' id='word_1_416' title='bbox 1093 3160 1168 3189; x_wconf 85' lang='lat' dir='ltr'>tra-</span> 
     </span>
     <span class='ocr_line' id='line_1_48' title="bbox 295 3207 1167 3250; baseline -0.002 -9"><span class='ocrx_word' id='word_1_417' title='bbox 295 3209 429 3250; x_wconf 77' lang='lat' dir='ltr'>yoedias</span> <span class='ocrx_word' id='word_1_418' title='bbox 456 3209 610 3241; x_wconf 78' lang='lat' dir='ltr'>actitavit</span> <span class='ocrx_word' id='word_1_419' title='bbox 637 3208 673 3240; x_wconf 79' lang='lat' dir='ltr'>in</span> <span class='ocrx_word' id='word_1_420' title='bbox 700 3207 966 3240; x_wconf 75' lang='lat' dir='ltr'>latrunculorum</span> <span class='ocrx_word' id='word_1_421' title='bbox 994 3208 1070 3239; x_wconf 83' lang='lat' dir='ltr'>lusu</span> <span class='ocrx_word' id='word_1_422' title='bbox 1098 3211 1167 3239; x_wconf 80' lang='lat' dir='ltr'>tam</span> 
     </span>
     <span class='ocr_line' id='line_1_49' title="bbox 293 3258 1168 3300; baseline -0.003 -9"><span class='ocrx_word' id='word_1_423' title='bbox 293 3260 458 3300; x_wconf 81' lang='lat' dir='ltr'>perfectus</span> <span class='ocrx_word' id='word_1_424' title='bbox 479 3262 510 3291; x_wconf 81' lang='lat' dir='ltr'>et</span> <span class='ocrx_word' id='word_1_425' title='bbox 532 3259 689 3298; x_wconf 80' lang='lat' dir='ltr'>callidus,</span> <span class='ocrx_word' id='word_1_426' title='bbox 714 3261 749 3290; x_wconf 91' lang='lat' dir='ltr'>ut</span> <span class='ocrx_word' id='word_1_427' title='bbox 765 3258 811 3289; x_wconf 85' lang='lat' dir='ltr'>ad</span> <span class='ocrx_word' id='word_1_428' title='bbox 825 3266 900 3289; x_wconf 89' lang='lat' dir='ltr'>eum</span> <span class='ocrx_word' id='word_1_429' title='bbox 914 3258 1077 3289; x_wconf 77' lang='lat' dir='ltr'>ludentem</span> <span class='ocrx_word' id='word_1_430' title='bbox 1092 3266 1168 3289; x_wconf 87' lang='lat' dir='ltr'>con-</span> 
     </span>
     <span class='ocr_line' id='line_1_50' title="bbox 297 3306 1167 3341; baseline -0.002 0"><span class='ocrx_word' id='word_1_431' title='bbox 297 3313 500 3341; x_wconf 80' lang='lat' dir='ltr'>curreretur.</span> <span class='ocrx_word' id='word_1_432' title='bbox 527 3308 572 3340; x_wconf 88' lang='lat' dir='ltr'>Ob</span> <span class='ocrx_word' id='word_1_433' title='bbox 594 3309 674 3340; x_wconf 82' lang='lat' dir='ltr'>haec</span> <span class='ocrx_word' id='word_1_434' title='bbox 695 3307 884 3339; x_wconf 78' lang='lat' dir='ltr'>insinuatus</span> <span class='ocrx_word' id='word_1_435' title='bbox 901 3306 934 3339; x_wconf 90' lang='lat' dir='ltr'>C.</span> <span class='ocrx_word' id='word_1_436' title='bbox 955 3307 1090 3338; x_wconf 84' lang='lat' dir='ltr'>Caesari</span> <span class='ocrx_word' id='word_1_437' title='bbox 1110 3315 1167 3339; x_wconf 88' lang='lat' dir='ltr'>re-</span> 
     </span>
     <span class='ocr_line' id='line_1_51' title="bbox 296 3356 1167 3400; baseline -0.003 -10"><span class='ocrx_word' id='word_1_438' title='bbox 296 3361 391 3399; x_wconf 78' lang='lat' dir='ltr'>pente</span> <span class='ocrx_word' id='word_1_439' title='bbox 411 3359 512 3390; x_wconf 76' lang='lat' dir='ltr'>etiam</span> <span class='ocrx_word' id='word_1_440' title='bbox 531 3358 696 3400; x_wconf 75' lang='lat' dir='ltr'>releqatus</span> <span class='ocrx_word' id='word_1_441' title='bbox 711 3361 776 3397; x_wconf 88' lang='lat' dir='ltr'>est,</span> <span class='ocrx_word' id='word_1_442' title='bbox 802 3356 889 3397; x_wconf 85' lang='lat' dir='ltr'>quod</span> <span class='ocrx_word' id='word_1_443' title='bbox 903 3357 1167 3388; x_wconf 78' lang='lat' dir='ltr'>consuetudinem</span> 
     </span>
     <span class='ocr_line' id='line_1_52' title="bbox 294 3405 1168 3450; baseline -0.003 -10"><span class='ocrx_word' id='word_1_444' title='bbox 294 3407 457 3450; x_wconf 83' lang='lat' dir='ltr'>pristinae</span> <span class='ocrx_word' id='word_1_445' title='bbox 478 3409 597 3440; x_wconf 80' lang='lat' dir='ltr'>uxoris</span> <span class='ocrx_word' id='word_1_446' title='bbox 619 3407 780 3440; x_wconf 85' lang='lat' dir='ltr'>abductae</span> <span class='ocrx_word' id='word_1_447' title='bbox 801 3406 863 3439; x_wconf 81' lang='lat' dir='ltr'>sibi</span> <span class='ocrx_word' id='word_1_448' title='bbox 885 3405 927 3438; x_wconf 88' lang='lat' dir='ltr'>ab</span> <span class='ocrx_word' id='word_1_449' title='bbox 946 3406 1029 3446; x_wconf 82' lang='lat' dir='ltr'>ipsc,</span> <span class='ocrx_word' id='word_1_450' title='bbox 1054 3406 1168 3438; x_wconf 83' lang='lat' dir='ltr'>deinde</span> 
     </span>
    </p>
   </div>
   <div class='ocr_carea' id='block_1_9' title="bbox 1211 2356 2092 3248">
    <p class='ocr_par' dir='ltr' id='par_1_10' title="bbox 1211 2356 2092 3248">
     <span class='ocr_line' id='line_1_53' title="bbox 1213 2356 2089 2399; baseline 0.001 -9"><span class='ocrx_word' id='word_1_451' title='bbox 1213 2358 1534 2399; x_wconf 65' lang='lat' dir='ltr'>magnificentissime</span> <span class='ocrx_word' id='word_1_452' title='bbox 1556 2358 1662 2397; x_wconf 79' lang='lat' dir='ltr'>vixit,</span> <span class='ocrx_word' id='word_1_453' title='bbox 1691 2358 1826 2389; x_wconf 84' lang='lat' dir='ltr'>meritos</span> <span class='ocrx_word' id='word_1_454' title='bbox 1847 2356 2018 2390; x_wconf 82' lang='lat' dir='ltr'>sublevare</span> <span class='ocrx_word' id='word_1_455' title='bbox 2038 2359 2089 2391; x_wconf 83' lang='lat' dir='ltr'>in-</span> 
     </span>
     <span class='ocr_line' id='line_1_54' title="bbox 1214 2407 2090 2449; baseline 0 -9"><span class='ocrx_word' id='word_1_456' title='bbox 1214 2417 1289 2449; x_wconf 87' lang='lat' dir='ltr'>opes</span> <span class='ocrx_word' id='word_1_457' title='bbox 1311 2417 1356 2441; x_wconf 74' lang='lat' dir='ltr'>ex</span> <span class='ocrx_word' id='word_1_458' title='bbox 1370 2411 1511 2448; x_wconf 80' lang='lat' dir='ltr'>utroque</span> <span class='ocrx_word' id='word_1_459' title='bbox 1527 2407 1642 2439; x_wconf 78' lang='lat' dir='ltr'>ordine</span> <span class='ocrx_word' id='word_1_460' title='bbox 1661 2407 1794 2446; x_wconf 86' lang='lat' dir='ltr'>solitus,</span> <span class='ocrx_word' id='word_1_461' title='bbox 1819 2407 1859 2439; x_wconf 83' lang='lat' dir='ltr'>de</span> <span class='ocrx_word' id='word_1_462' title='bbox 1873 2407 1963 2447; x_wconf 81' lang='lat' dir='ltr'>plebe</span> <span class='ocrx_word' id='word_1_463' title='bbox 1977 2410 2090 2440; x_wconf 79' lang='lat' dir='ltr'>autem</span> 
     </span>
     <span class='ocr_line' id='line_1_55' title="bbox 1214 2457 2090 2499; baseline -0.001 -9"><span class='ocrx_word' id='word_1_464' title='bbox 1214 2462 1320 2491; x_wconf 89' lang='lat' dir='ltr'>certos</span> <span class='ocrx_word' id='word_1_465' title='bbox 1351 2458 1527 2498; x_wconf 80' lang='lat' dir='ltr'>quotannis</span> <span class='ocrx_word' id='word_1_466' title='bbox 1553 2457 1598 2488; x_wconf 84' lang='lat' dir='ltr'>ad</span> <span class='ocrx_word' id='word_1_467' title='bbox 1620 2460 1801 2497; x_wconf 82' lang='lat' dir='ltr'>equestrem</span> <span class='ocrx_word' id='word_1_468' title='bbox 1823 2466 1956 2489; x_wconf 87' lang='lat' dir='ltr'>censum</span> <span class='ocrx_word' id='word_1_469' title='bbox 1977 2458 2090 2499; x_wconf 66' lang='lat' dir='ltr'>digni-</span> 
     </span>
     <span class='ocr_line' id='line_1_56' title="bbox 1215 2506 2088 2550; baseline -0.001 -9"><span class='ocrx_word' id='word_1_470' title='bbox 1215 2512 1380 2550; x_wconf 81' lang='lat' dir='ltr'>tatemque</span> <span class='ocrx_word' id='word_1_471' title='bbox 1404 2508 1594 2549; x_wconf 83' lang='lat' dir='ltr'>provehere.</span> <span class='ocrx_word' id='word_1_472' title='bbox 1632 2506 1869 2539; x_wconf 84' lang='lat' dir='ltr'>indubitatum</span> <span class='ocrx_word' id='word_1_473' title='bbox 1898 2508 2017 2540; x_wconf 86' lang='lat' dir='ltr'>autem</span> <span class='ocrx_word' id='word_1_474' title='bbox 2041 2507 2088 2540; x_wconf 85' lang='lat' dir='ltr'>de</span> 
     </span>
     <span class='ocr_line' id='line_1_57' title="bbox 1214 2556 2089 2592; baseline -0.001 -1"><span class='ocrx_word' id='word_1_475' title='bbox 1214 2559 1348 2592; x_wconf 91' lang='lat' dir='ltr'>Pisonis</span> <span class='ocrx_word' id='word_1_476' title='bbox 1373 2556 1559 2590; x_wconf 86' lang='lat' dir='ltr'>consulatu</span> <span class='ocrx_word' id='word_1_477' title='bbox 1582 2557 1822 2589; x_wconf 87' lang='lat' dir='ltr'>testimonium</span> <span class='ocrx_word' id='word_1_478' title='bbox 1839 2558 1953 2589; x_wconf 83' lang='lat' dir='ltr'>exstat</span> <span class='ocrx_word' id='word_1_479' title='bbox 1971 2557 2006 2590; x_wconf 90' lang='lat' dir='ltr'>in</span> <span class='ocrx_word' id='word_1_480' title='bbox 2022 2559 2089 2590; x_wconf 83' lang='lat' dir='ltr'>Pa-</span> 
     </span>
     <span class='ocr_line' id='line_1_58' title="bbox 1216 2606 2091 2649; baseline -0.001 -9"><span class='ocrx_word' id='word_1_481' title='bbox 1216 2617 1285 2649; x_wconf 89' lang='lat' dir='ltr'>neg</span> <span class='ocrx_word' id='word_1_482' title='bbox 1322 2609 1389 2640; x_wconf 88' lang='lat' dir='ltr'>Pis.</span> <span class='ocrx_word' id='word_1_483' title='bbox 1417 2607 1477 2640; x_wconf 90' lang='lat'>68:</span> <span class='ocrx_word' id='word_1_484' title='bbox 1511 2607 1591 2647; x_wconf 82' lang='lat' dir='ltr'>Quis</span> <span class='ocrx_word' id='word_1_485' title='bbox 1613 2607 1710 2647; x_wconf 67' lang='lat' dir='ltr'>digne</span> <span class='ocrx_word' id='word_1_486' title='bbox 1732 2606 1874 2645; x_wconf 80' lang='lat' dir='ltr'>reserat,</span> <span class='ocrx_word' id='word_1_487' title='bbox 1899 2607 2009 2647; x_wconf 75' lang='lat' dir='ltr'>qualis</span> <span class='ocrx_word' id='word_1_488' title='bbox 2031 2606 2091 2639; x_wconf 76' lang='lat' dir='ltr'>tibi</span> 
     </span>
     <span class='ocr_line' id='line_1_59' title="bbox 1214 2657 2090 2705; baseline -0.002 -15"><span class='ocrx_word' id='word_1_489' title='bbox 1214 2659 1286 2691; x_wconf 84' lang='lat' dir='ltr'>luce</span> <span class='ocrx_word' id='word_1_490' title='bbox 1307 2658 1366 2690; x_wconf 88' lang='lat' dir='ltr'>sub</span> <span class='ocrx_word' id='word_1_491' title='bbox 1388 2658 1449 2690; x_wconf 90' lang='lat' dir='ltr'>illa</span> <span class='ocrx_word' id='word_1_492' title='bbox 1472 2657 1591 2690; x_wconf 88' lang='lat' dir='ltr'>Gloria</span> <span class='ocrx_word' id='word_1_493' title='bbox 1613 2657 1805 2705; x_wconf 49' lang='lat' dir='ltr'>contgqerit,</span> <span class='ocrx_word' id='word_1_494' title='bbox 1837 2665 1906 2697; x_wconf 81' lang='lat' dir='ltr'>qua</span> <span class='ocrx_word' id='word_1_495' title='bbox 1929 2660 1983 2696; x_wconf 84' lang='lat' dir='ltr'>tu,</span> <span class='ocrx_word' id='word_1_496' title='bbox 2005 2657 2090 2689; x_wconf 85' lang='lat' dir='ltr'>reti—</span> 
     </span>
     <span class='ocr_line' id='line_1_60' title="bbox 1215 2706 2092 2745; baseline -0.001 -5"><span class='ocrx_word' id='word_1_497' title='bbox 1215 2712 1305 2741; x_wconf 87' lang='lat' dir='ltr'>cente</span> <span class='ocrx_word' id='word_1_498' title='bbox 1335 2711 1472 2745; x_wconf 85' lang='lat' dir='ltr'>senatu,</span> <span class='ocrx_word' id='word_1_499' title='bbox 1511 2707 1592 2740; x_wconf 88' lang='lat' dir='ltr'>Cum</span> <span class='ocrx_word' id='word_1_500' title='bbox 1619 2711 1679 2739; x_wconf 87' lang='lat' dir='ltr'>tua</span> <span class='ocrx_word' id='word_1_501' title='bbox 1709 2706 1756 2739; x_wconf 84' lang='lat' dir='ltr'>bis</span> <span class='ocrx_word' id='word_1_502' title='bbox 1784 2715 1877 2739; x_wconf 87' lang='lat' dir='ltr'>senos</span> <span class='ocrx_word' id='word_1_503' title='bbox 1898 2709 2092 2739; x_wconf 83' lang='lat' dir='ltr'>numeraret</span> 
     </span>
     <span class='ocr_line' id='line_1_61' title="bbox 1211 2757 2091 2800; baseline -0.003 -9"><span class='ocrx_word' id='word_1_504' title='bbox 1211 2768 1371 2800; x_wconf 80' lang='lat' dir='ltr'>purpura</span> <span class='ocrx_word' id='word_1_505' title='bbox 1393 2759 1517 2799; x_wconf 82' lang='lat' dir='ltr'>fasces,</span> <span class='ocrx_word' id='word_1_506' title='bbox 1544 2757 1743 2790; x_wconf 87' lang='lat' dir='ltr'>Caesareum</span> <span class='ocrx_word' id='word_1_507' title='bbox 1764 2761 1864 2798; x_wconf 70' lang='lat' dir='ltr'>¹arato</span> <span class='ocrx_word' id='word_1_508' title='bbox 1878 2757 2091 2798; x_wconf 78' lang='lat' dir='ltr'>cecinistipo-</span> 
     </span>
     <span class='ocr_line' id='line_1_62' title="bbox 1215 2805 2090 2841; baseline -0.003 0"><span class='ocrx_word' id='word_1_509' title='bbox 1215 2812 1305 2841; x_wconf 86' lang='lat' dir='ltr'>ctore</span> <span class='ocrx_word' id='word_1_510' title='bbox 1332 2808 1482 2840; x_wconf 87' lang='lat' dir='ltr'>numen?</span> <span class='ocrx_word' id='word_1_511' title='bbox 1520 2808 1571 2839; x_wconf 88' lang='lat' dir='ltr'>De</span> <span class='ocrx_word' id='word_1_512' title='bbox 1602 2815 1695 2839; x_wconf 88' lang='lat' dir='ltr'>anno</span> <span class='ocrx_word' id='word_1_513' title='bbox 1723 2805 1928 2839; x_wconf 86' lang='lat' dir='ltr'>consulatus</span> <span class='ocrx_word' id='word_1_514' title='bbox 1951 2805 2090 2839; x_wconf 82' lang='lat' dir='ltr'>suffecti</span> 
     </span>
     <span class='ocr_line' id='line_1_63' title="bbox 1216 2856 2091 2900; baseline -0.005 -8"><span class='ocrx_word' id='word_1_515' title='bbox 1216 2858 1423 2900; x_wconf 70' lang='lat' dir='ltr'>ambigitur,</span> <span class='ocrx_word' id='word_1_516' title='bbox 1449 2859 1484 2890; x_wconf 93' lang='lat' dir='ltr'>in</span> <span class='ocrx_word' id='word_1_517' title='bbox 1507 2857 1634 2889; x_wconf 86' lang='lat' dir='ltr'>Baiteri</span> <span class='ocrx_word' id='word_1_518' title='bbox 1658 2857 1755 2889; x_wconf 80' lang='lat' dir='ltr'>fastis</span> <span class='ocrx_word' id='word_1_519' title='bbox 1779 2856 1983 2889; x_wconf 89' lang='lat' dir='ltr'>dubitanter</span> <span class='ocrx_word' id='word_1_520' title='bbox 2005 2857 2091 2889; x_wconf 86' lang='lat' dir='ltr'>assi-</span> 
     </span>
     <span class='ocr_line' id='line_1_64' title="bbox 1217 2905 2088 2950; baseline -0.005 -9"><span class='ocrx_word' id='word_1_521' title='bbox 1217 2910 1342 2950; x_wconf 84' lang='lat' dir='ltr'>gnatur</span> <span class='ocrx_word' id='word_1_522' title='bbox 1358 2917 1451 2940; x_wconf 89' lang='lat' dir='ltr'>anno</span> <span class='ocrx_word' id='word_1_523' title='bbox 1467 2907 1543 2939; x_wconf 70' lang='lat'>80⁴.</span> <span class='ocrx_word' id='word_1_524' title='bbox 1565 2907 1689 2948; x_wconf 89' lang='lat' dir='ltr'>(Varr.)</span> <span class='ocrx_word' id='word_1_525' title='bbox 1709 2924 1743 2928; x_wconf 90' lang='lat'>—</span> <span class='ocrx_word' id='word_1_526' title='bbox 1768 2909 1798 2938; x_wconf 91' lang='lat' dir='ltr'>et</span> <span class='ocrx_word' id='word_1_527' title='bbox 1813 2907 1933 2948; x_wconf 63' lang='lat' dir='ltr'>ignotis</span> <span class='ocrx_word' id='word_1_528' title='bbox 1948 2905 2088 2947; x_wconf 81' lang='lat' dir='ltr'>quoque]</span> 
     </span>
     <span class='ocr_line' id='line_1_65' title="bbox 1216 2955 2086 2997; baseline -0.005 -6"><span class='ocrx_word' id='word_1_529' title='bbox 1216 2958 1427 2991; x_wconf 84' lang='lat' dir='ltr'>Variationis</span> <span class='ocrx_word' id='word_1_530' title='bbox 1458 2965 1565 2989; x_wconf 88' lang='lat' dir='ltr'>causa</span> <span class='ocrx_word' id='word_1_531' title='bbox 1596 2957 1735 2988; x_wconf 87' lang='lat' dir='ltr'>dativus</span> <span class='ocrx_word' id='word_1_532' title='bbox 1767 2955 1902 2997; x_wconf 89' lang='lat' dir='ltr'>positus</span> <span class='ocrx_word' id='word_1_533' title='bbox 1926 2956 1982 2988; x_wconf 91' lang='lat' dir='ltr'>est</span> <span class='ocrx_word' id='word_1_534' title='bbox 2002 2963 2086 2997; x_wconf 85' lang='lat' dir='ltr'>pro:</span> 
     </span>
     <span class='ocr_line' id='line_1_66' title="bbox 1218 3005 2089 3050; baseline -0.001 -12"><span class='ocrx_word' id='word_1_535' title='bbox 1218 3010 1344 3050; x_wconf 75' lang='lat' dir='ltr'>«atque</span> <span class='ocrx_word' id='word_1_536' title='bbox 1363 3009 1468 3039; x_wconf 88' lang='lat' dir='ltr'>etiam</span> <span class='ocrx_word' id='word_1_537' title='bbox 1485 3006 1676 3038; x_wconf 83' lang='lat' dir='ltr'>adversum</span> <span class='ocrx_word' id='word_1_538' title='bbox 1694 3005 1865 3047; x_wconf 74' lang='lat' dir='ltr'>ignotos».</span> <span class='ocrx_word' id='word_1_539' title='bbox 1885 3022 1921 3027; x_wconf 99' lang='lat'><strong>—</strong></span> <span class='ocrx_word' id='word_1_540' title='bbox 1938 3005 2089 3046; x_wconf 77' lang='lat' dir='ltr'>volupta-</span> 
     </span>
     <span class='ocr_line' id='line_1_67' title="bbox 1216 3054 2087 3099; baseline -0.005 -8"><span class='ocrx_word' id='word_1_541' title='bbox 1216 3062 1286 3091; x_wconf 87' lang='lat' dir='ltr'>tum</span> <span class='ocrx_word' id='word_1_542' title='bbox 1306 3057 1532 3099; x_wconf 82' lang='lat' dir='ltr'>parsimonia]</span> <span class='ocrx_word' id='word_1_543' title='bbox 1563 3057 1659 3088; x_wconf 90' lang='lat' dir='ltr'>Nove</span> <span class='ocrx_word' id='word_1_544' title='bbox 1684 3056 1751 3087; x_wconf 89' lang='lat' dir='ltr'>hoc</span> <span class='ocrx_word' id='word_1_545' title='bbox 1778 3054 1911 3088; x_wconf 90' lang='lat' dir='ltr'>dictum</span> <span class='ocrx_word' id='word_1_546' title='bbox 1942 3056 1998 3088; x_wconf 87' lang='lat' dir='ltr'>est</span> <span class='ocrx_word' id='word_1_547' title='bbox 2022 3063 2087 3097; x_wconf 85' lang='lat' dir='ltr'>pro</span> 
     </span>
     <span class='ocr_line' id='line_1_68' title="bbox 1216 3105 2085 3149; baseline -0.005 -9"><span class='ocrx_word' id='word_1_548' title='bbox 1216 3107 1437 3149; x_wconf 85' lang='lat' dir='ltr'>voluptatum</span> <span class='ocrx_word' id='word_1_549' title='bbox 1468 3106 1711 3138; x_wconf 87' lang='lat' dir='ltr'>moderatione</span> <span class='ocrx_word' id='word_1_550' title='bbox 1742 3106 1816 3138; x_wconf 89' lang='lat' dir='ltr'>sive</span> <span class='ocrx_word' id='word_1_551' title='bbox 1839 3105 2085 3146; x_wconf 84' lang='lat' dir='ltr'>temperantia.</span> 
     </span>
     <span class='ocr_line' id='line_1_69' title="bbox 1220 3153 2088 3198; baseline -0.006 -9"><span class='ocrx_word' id='word_1_552' title='bbox 1220 3175 1253 3180; x_wconf 91' lang='lat'><em>-</em></span> <span class='ocrx_word' id='word_1_553' title='bbox 1273 3156 1411 3198; x_wconf 81' lang='lat' dir='ltr'>levitati]</span> <span class='ocrx_word' id='word_1_554' title='bbox 1435 3155 1593 3188; x_wconf 87' lang='lat' dir='ltr'>Verbum</span> <span class='ocrx_word' id='word_1_555' title='bbox 1616 3156 1734 3188; x_wconf 83' lang='lat' dir='ltr'>lenitas</span> <span class='ocrx_word' id='word_1_556' title='bbox 1757 3155 1860 3186; x_wconf 87' lang='lat' dir='ltr'>nimis</span> <span class='ocrx_word' id='word_1_557' title='bbox 1881 3153 2015 3186; x_wconf 90' lang='lat' dir='ltr'>bonum</span> <span class='ocrx_word' id='word_1_558' title='bbox 2033 3153 2088 3185; x_wconf 86' lang='lat' dir='ltr'>est</span> 
     </span>
     <span class='ocr_line' id='line_1_70' title="bbox 1217 3202 2088 3248; baseline -0.007 -9"><span class='ocrx_word' id='word_1_559' title='bbox 1217 3216 1323 3248; x_wconf 90' lang='lat' dir='ltr'>quam</span> <span class='ocrx_word' id='word_1_560' title='bbox 1347 3207 1386 3238; x_wconf 83' lang='lat' dir='ltr'>ut</span> <span class='ocrx_word' id='word_1_561' title='bbox 1408 3206 1444 3238; x_wconf 89' lang='lat' dir='ltr'>h.</span> <span class='ocrx_word' id='word_1_562' title='bbox 1463 3204 1484 3237; x_wconf 90' lang='lat' dir='ltr'>l.</span> <span class='ocrx_word' id='word_1_563' title='bbox 1502 3207 1623 3247; x_wconf 86' lang='lat' dir='ltr'>aptum</span> <span class='ocrx_word' id='word_1_564' title='bbox 1639 3205 1702 3242; x_wconf 84' lang='lat' dir='ltr'>sit;</span> <span class='ocrx_word' id='word_1_565' title='bbox 1728 3205 1762 3236; x_wconf 84' lang='lat' dir='ltr'>et</span> <span class='ocrx_word' id='word_1_566' title='bbox 1782 3204 1935 3246; x_wconf 65' lang='lat' dir='ltr'>gravitas</span> <span class='ocrx_word' id='word_1_567' title='bbox 1950 3202 2088 3234; x_wconf 84' lang='lat' dir='ltr'>videtur</span> 
     </span>
    </p>
   </div>
   <div class='ocr_carea' id='block_1_10' title="bbox 1201 3252 2088 3299">
    <p class='ocr_par' dir='ltr' id='par_1_11' title="bbox 1201 3252 2088 3299">
     <span class='ocr_line' id='line_1_71' title="bbox 1201 3252 2088 3299; baseline -0.005 -11"><span class='ocrx_word' id='word_1_568' title='bbox 1201 3258 1399 3299; x_wconf 69' lang='lat' dir='ltr'>¹requirere</span> <span class='ocrx_word' id='word_1_569' title='bbox 1416 3256 1557 3288; x_wconf 83' lang='lat' dir='ltr'>levitati.</span> <span class='ocrx_word' id='word_1_570' title='bbox 1585 3256 1721 3287; x_wconf 85' lang='lat' dir='ltr'>Levitas</span> <span class='ocrx_word' id='word_1_571' title='bbox 1736 3256 1854 3286; x_wconf 89' lang='lat' dir='ltr'>autem</span> <span class='ocrx_word' id='word_1_572' title='bbox 1871 3252 1975 3285; x_wconf 89' lang='lat' dir='ltr'>estin</span> <span class='ocrx_word' id='word_1_573' title='bbox 1991 3260 2088 3285; x_wconf 89' lang='lat' dir='ltr'>sum—</span> 
     </span>
    </p>
   </div>
   <div class='ocr_carea' id='block_1_11' title="bbox 1216 3301 2087 3447">
    <p class='ocr_par' dir='ltr' id='par_1_12' title="bbox 1216 3301 2087 3447">
     <span class='ocr_line' id='line_1_72' title="bbox 1216 3301 2087 3348; baseline -0.006 -10"><span class='ocrx_word' id='word_1_574' title='bbox 1216 3306 1335 3348; x_wconf 88' lang='lat' dir='ltr'>ptibus</span> <span class='ocrx_word' id='word_1_575' title='bbox 1352 3305 1396 3337; x_wconf 85' lang='lat' dir='ltr'>ad</span> <span class='ocrx_word' id='word_1_576' title='bbox 1414 3304 1625 3346; x_wconf 87' lang='lat' dir='ltr'>captandam</span> <span class='ocrx_word' id='word_1_577' title='bbox 1642 3305 1788 3346; x_wconf 85' lang='lat' dir='ltr'>gratiam</span> <span class='ocrx_word' id='word_1_578' title='bbox 1801 3304 1860 3335; x_wconf 89' lang='lat' dir='ltr'>aut</span> <span class='ocrx_word' id='word_1_579' title='bbox 1871 3301 1914 3334; x_wconf 84' lang='lat' dir='ltr'>ad</span> <span class='ocrx_word' id='word_1_580' title='bbox 1927 3302 2087 3343; x_wconf 86' lang='lat' dir='ltr'>speciem</span> 
     </span>
     <span class='ocr_line' id='line_1_73' title="bbox 1218 3354 1739 3389; baseline -0.008 0"><span class='ocrx_word' id='word_1_581' title='bbox 1218 3357 1389 3389; x_wconf 87' lang='lat' dir='ltr'>maiorem</span> <span class='ocrx_word' id='word_1_582' title='bbox 1406 3354 1633 3387; x_wconf 90' lang='lat' dir='ltr'>induendam.</span> <span class='ocrx_word' id='word_1_583' title='bbox 1661 3354 1739 3386; x_wconf 77' lang='lat' dir='ltr'>Ean.</span> 
     </span>
     <span class='ocr_line' id='line_1_74' title="bbox 1261 3401 2086 3447; baseline -0.005 -8"><span class='ocrx_word' id='word_1_584' title='bbox 1261 3405 1315 3439; x_wconf 78' lang='lat'>49.</span> <span class='ocrx_word' id='word_1_585' title='bbox 1340 3414 1407 3438; x_wconf 87' lang='lat' dir='ltr'>non</span> <span class='ocrx_word' id='word_1_586' title='bbox 1421 3414 1445 3438; x_wconf 87' lang='lat' dir='ltr'>a</span> <span class='ocrx_word' id='word_1_587' title='bbox 1463 3404 1625 3447; x_wconf 79' lang='lat' dir='ltr'>cupidine]</span> <span class='ocrx_word' id='word_1_588' title='bbox 1650 3402 1837 3446; x_wconf 86' lang='lat' dir='ltr'>imperium</span> <span class='ocrx_word' id='word_1_589' title='bbox 1855 3401 2086 3445; x_wconf 86' lang='lat' dir='ltr'>adipiscendi,</span> 
     </span>
    </p>
   </div>
   <div class='ocr_carea' id='block_1_12' title="bbox 2226 3351 2254 3770">
    <p class='ocr_par' dir='ltr' id='par_1_13' title="bbox 2226 3351 2254 3770">
     <span class='ocr_line' id='line_1_75' title="bbox 2226 3351 2254 3770; baseline 0 0"><span class='ocrx_word' id='word_1_590' title='bbox 2226 3351 2254 3770; x_wconf 95' lang='lat' dir='ltr'> </span> 
     </span>
    </p>
   </div>
  </div>
 </body>
</html>
