2254 3770
745 313 900 359 LIBER
928 313 1016 358 ΧΠ.
1058 313 1160 371 cap.
1191 313 1258 357 54.
1289 314 1356 358 55.

1864 304 1947 353 379

169 426 301 477 natio,
333 422 459 468 Felici
487 421 720 466 Samaritae
745 424 964 478 parerent,
996 418 1219 463 discordes
1240 419 1337 463 olim
1361 425 1402 464 et
1420 425 1510 463 tum
1529 423 1772 476 contemptu
1794 429 1948 473 regen-

169 503 274 547 tium
307 499 449 543 minus
479 497 675 541 coercitis
706 495 828 539 odiis.
874 495 999 552 igitur
1034 500 1202 551 raptare
1233 494 1341 538 inter
1370 508 1435 545 se,
1479 494 1703 537 immittere
1740 492 1946 535 latronum

167 575 335 636 globos,
375 584 635 630 componere
675 570 848 614 insidias
893 576 935 612 et
982 568 1210 627 aliquando
1250 569 1423 626 proeliis
1459 568 1683 626 congredi,
1724 566 1947 625 spoliaque

167 657 211 696 et
237 648 420 709 praedas
450 646 504 691 ad
533 651 834 704 procuratores
862 644 1035 687 referre.
1066 643 1197 702 hique
1232 644 1369 701 primo
1403 643 1570 696 laetari3
1609 655 1708 686 mox
1743 641 1947 698 gliscente

167 723 356 785 pernicie
387 737 483 766 cum
515 734 633 765 arma
664 719 838 763 militum
859 718 1186 769 interiecissent,
1219 718 1334 762 caesi
1355 718 1520 762 milites.
1551 718 1813 775 arsissetque
1835 715 1979 759 bellos

167 798 403 859 provincia,
442 797 485 840 ni
516 796 776 849 Quadratus,
820 793 970 853 Syriae
1000 799 1157 843 rector,
1201 793 1482 837 subvenisset.
1527 807 1608 837 nec
1636 793 1709 836 diu
1740 791 1947 835 adversus

166 874 370 925 Iudaeos,
402 872 475 931 qui
506 872 547 914 in
577 884 726 914 necem
756 869 934 913 militum
964 874 1265 927 proruperant,
1297 868 1531 912 dubitatum
1552 868 1653 927 quin
1676 868 1814 926 capite
1843 879 1946 924 poe-

166 963 243 995 nas
273 949 461 993 luerent:
503 947 718 991 Cumanus
748 951 791 988 et
820 943 936 987 Felix
967 944 1278 988 cunctationem
1307 943 1574 994 adferebant,
1615 943 1714 1001 quia
1746 941 1948 986 Claudius

167 1023 309 1070 causis
339 1022 586 1067 rebellionis
614 1020 769 1064 auditis
811 1019 877 1062 ius
907 1018 1116 1063 statuendi
1148 1019 1275 1062 etiam
1303 1018 1358 1062 de
1387 1018 1735 1076 procuratoribus
1756 1017 1946 1060 dederat.

166 1098 244 1144 sed
284 1097 527 1152 Quadratus
571 1095 756 1140 Felicem
798 1095 909 1137 inter
949 1093 1391 1143 iudices·ostentavit‚
1431 1100 1653 1151 receptum
1682 1093 1722 1135 in
1751 1090 1998 1142 tribunaLw

167 1188 254 1235 quo
284 1173 425 1218 studia
447 1171 736 1217 accusantium
758 1169 1094 1221 deterrerentur3
1126 1169 1436 1227 damnatusque
1455 1167 1708 1226 flagitiorum
1728 1180 1840 1226 quae
1861 1166 1947 1210 duo

168 1248 438 1308 deliquerant
468 1248 704 1296 Cumanus,
737 1252 778 1288 et
806 1244 930 1302 quies
960 1244 1205 1302 provinciae
1235 1243 1413 1287 reddita.

282 1325 364 1381 (55)
403 1324 492 1368 Nec
529 1321 659 1365 multo
700 1326 798 1379 post
838 1319 1069 1377 agrestium
1101 1318 1279 1363 Cilicum
1307 1319 1520 1369 nationes,
1561 1318 1718 1376 quibus
1749 1316 1948 1362 Clitarum

167 1403 511 1459 cognomentum,
553 1409 684 1455 saepe
720 1403 763 1439 et
799 1394 903 1438 alias
944 1400 1199 1446 commotae,
1241 1400 1339 1438 tunc
1369 1392 1612 1438 Troxobore
1643 1393 1753 1437 duce
1783 1399 1947 1436 montes

166 1489 346 1534 asperos
377 1473 526 1518 castris
558 1485 735 1529 cepere;
767 1477 895 1528 atque
925 1469 1024 1513 inde
1056 1469 1239 1514 decursu
1270 1469 1311 1513 in
1342 1468 1462 1513 litora
1493 1474 1565 1512 aut
1593 1468 1723 1513 urbes
1743 1468 1829 1511 vim
1858 1467 1996 1512 cul-⁴5

168 1551 332 1595 toribus
362 1556 405 1593 et
433 1546 658 1606 oppidanis
698 1559 750 1590 ac
790 1544 1044 1603 plerumque
1073 1545 1116 1587 iu
1145 1551 1405 1588 mercatores
1437 1551 1479 1588 et
1508 1543 1791 1587 navicularios
1814 1543 1947 1587 aude-

169 1626 281 1671 bant.
322 1624 588 1682 obsessaque
629 1621 776 1666 civitas
816 1620 1147 1671 Anemuriensis,
1193 1626 1236 1663 et
1270 1619 1388 1664 missi
1426 1633 1450 1664 e
1481 1619 1606 1679 Syria
1636 1618 1676 1661 in
1707 1619 1946 1662 subsidium

231 1791 262 1823 4.
286 1787 484 1828 contempti&
507 1787 539 1820 M
566 1804 600 1810 —
626 1786 659 1818 2.
684 1785 852 1818 cohercitis
874 1786 906 1818 M
931 1802 966 1809 -—
993 1784 1025 1817 3.
1045 1785 1162 1826 preliis
1182 1785 1216 1818 M
1241 1801 1277 1807 —
1302 1785 1334 1818 ὕ.
1356 1784 1508 1825 permitie
1532 1784 1604 1826 (sic)
1624 1784 1657 1817 M
1677 1799 1712 1809 -
1738 1784 1769 1816 7.
1786 1784 1899 1817 iudeos
1914 1783 1946 1817 M

168 1865 205 1872 -
230 1845 322 1888 quin]
346 1844 404 1886 qui
424 1844 464 1876 In
486 1843 526 1883 M,
546 1860 582 1866 —
602 1849 707 1889 penas
728 1843 761 1875 M
789 1860 821 1867 -
849 1842 881 1874 9.
905 1841 996 1873 iusta
1017 1841 1127 1874 tuendi
1151 1841 1184 1873 M
1211 1858 1246 1864 —
1273 1841 1326 1873 44.
1352 1841 1591 1880 dmnnatosque
1605 1857 1654 1865 --
1669 1848 1829 1873 cumanos
1849 1840 1883 1874 M
1908 1857 1944 1865 ‹—

167 1903 221 1936 42.
245 1910 340 1944 quoe:
360 1909 414 1943 pr.
440 1899 473 1932 M
498 1916 534 1923 —
555 1899 730 1939 prouincia
752 1898 784 1932 M
810 1915 844 1921 -
872 1897 924 1931 44.
953 1896 1141 1931 Τνοεεοϋονο
1165 1897 1276 1931 Haase
1300 1895 1377 1931 coll.
1403 1906 1437 1941 p.
1464 1896 1538 1937 380,
1564 1896 1596 1931 4.

167 2052 228 2094 qui
242 2048 446 2084 Πάλλαντα
461 2047 614 2091 appellat
627 2045 695 2081 τὸν
712 2045 942 2081 πιστότατον
956 2046 1031 2081 τῶν

165 2099 314 2137 δούλων
334 2095 466 2142 αὐτῆς.
493 2099 628 2132 Nomen
644 2099 748 2140 igitur
763 2097 916 2138 Pallanti,
942 2099 1032 2132 sicut

166 2152 264 2186 fratri
287 2149 389 2184 Felici
415 2149 470 2190 (cf.
497 2158 528 2181 c.
554 2148 626 2188 54),
656 2148 816 2181 Antonius
845 2147 952 2181 fuisse
978 2149 1031 2180 vi—

167 2203 272 2236 detur
294 2202 330 2233 et
353 2199 398 2232 ad
418 2206 501 2231 eum
517 2197 726 2231 referendus
742 2197 860 2231 titulus
876 2199 1032 2231 Murato-

167 2253 289 2285 rianus
305 2249 380 2288 888,
397 2249 432 2280 2:
458 2248 517 2280 Dis
530 2247 684 2281 Manibus
698 2249 745 2280 Μ.
762 2248 882 2280 Antoni
896 2248 1032 2280 Pallan-

165 2302 207 2335 tis
223 2302 314 2343 (post
329 2298 557 2332 PALLANTIS
572 2297 698 2330 deesse
715 2299 740 2330 L
756 2300 877 2331 censet
893 2298 1031 2331 Henze—

165 2351 255 2391 nius)
278 2349 396 2382 nobilis
418 2347 620 2381 Abascantos
634 2348 718 2389 Auq.
737 2348 819 2388 disp.
838 2357 860 2379 a
875 2348 1030 2388 frument.

167 2402 206 2434 de
226 2407 286 2432 suo
307 2400 392 2441 fecit.
419 2415 455 2421 -
481 2399 604 2430 censuit
626 2406 654 2430 c.
681 2398 712 2430 d.
738 2398 849 2430 Barea
871 2398 1030 2440 Soranus]

167 2450 263 2494 quod
291 2448 471 2490 indiguum
501 2447 612 2480 videri
642 2449 753 2489 possit
776 2447 832 2480 tali
854 2449 950 2488 viro,
987 2448 1031 2481 de

166 2509 238 2543 quo
261 2500 323 2539 46,
346 2499 383 2531 24
400 2507 408 2530 :
440 2499 528 2531 Nero
549 2499 705 2530 virtutem
726 2499 836 2539 ipsam
857 2499 1034 2532 excindere

166 2549 354 2591 concupivit
380 2549 548 2589 interfecto
582 2548 723 2580 anasea
745 2549 848 2586 Paeto
871 2553 900 2581 et
922 2549 1034 2581 Barea

167 2601 318 2638 Sorano‚·
342 2598 407 2632 sed
430 2598 641 2631 necessitate
666 2599 842 2630 extortum
867 2600 902 2631 et
924 2607 1034 2631 excu-

168 2649 330 2684 sandum.
366 2649 520 2681 Rotunri.
558 2665 590 2672 -
631 2656 654 2679 a
687 2647 839 2688 Scipione
872 2648 1031 2690 Cornelio]

167 2701 351 2742 Poppaeae
381 2706 402 2730 a
429 2696 614 2731 Messalina
640 2706 786 2730 eversae
810 2698 947 2731 marito.
980 2698 1030 2730 Cf.

169 2751 222 2790 44,
245 2749 268 2782 2
283 2750 319 2781 et
333 2747 366 2782 4.
387 2765 423 2771 —
448 2747 580 2789 regibus
595 2747 769 2789 Arcadiae]
794 2747 948 2780 Ridicule
966 2749 1033 2780 hoc

166 2798 288 2831 fletum
304 2797 350 2830 ob
366 2798 613 2838 cognominem
630 2806 751 2838 regem
764 2798 949 2837 Arcadiae,
967 2798 1034 2830 Eu-

167 2847 267 2880 andri
289 2854 461 2889 proavum
479 2845 617 2888 (Vergil.
634 2849 721 2879 Aen.
737 2848 769 2886 8,
783 2847 837 2888 54)
853 2846 909 2880 vel
926 2856 1032 2879 avum

169 2898 320 2939 (Servius
344 2896 464 2939 ibid.),
490 2896 534 2929 de
553 2906 623 2938 quo
647 2898 836 2931 Pausanias
859 2898 892 2937 8,
911 2898 943 2935 3,
963 2898 976 2930 4
999 2899 1033 2929 et

166 2947 221 2987 44,
239 2948 271 2980 5.
291 2964 327 2970 -
347 2956 423 2979 aere
440 2947 584 2989 publico]
611 2947 660 2980 Cf.
681 2949 734 2986 44,
753 2948 803 2981 44.
825 2949 910 2980 Hist.
924 2947 956 2987 4,
971 2947 1024 2980 40.

209 2997 263 3030 54.
290 2999 501 3038 cognomento
524 2997 630 3039 Felix]
656 2999 741 3030 Hist.
759 2999 793 3035 5,
812 2998 850 3030 9:
874 2998 1034 3030 Antonius

166 3047 261 3080 Felix
288 3056 350 3088 per
379 3056 506 3080 omnem
537 3049 712 3081 saevitiam
734 3058 774 3081 ac
796 3048 961 3080 libidinem
982 3048 1034 3080 ius

164 3099 296 3139 reyium
310 3097 422 3130 servili
431 3097 563 3138 ingenio
574 3099 734 3130 cureuil.
754 3099 896 3130 Sueton.
909 3097 1030 3131 Claud.

166 3148 228 3181 28:
253 3156 312 3180 nee
334 3149 445 3180 minus
467 3147 605 3179 Felicem
629 3149 827 3190 (suspexit),
859 3157 954 3188 quem
976 3156 1033 3180 co-

166 3197 312 3230 hortibus
342 3200 372 3230 et
402 3197 464 3229 alis
490 3197 747 3237 provinciaeque
767 3198 911 3230 Iudaeae
930 3206 1034 3237 prae-

163 3248 291 3288 posuit,
317 3248 419 3280 crium
440 3248 636 3288 reyinarum
650 3249 820 3279 maritum.
848 3247 898 3279 Cf.
917 3248 1031 3280 Lucae

167 3298 242 3330 Act.
275 3299 394 3339 Apost.
425 3297 484 3334 23,
514 3297 567 3329 24.
602 3296 661 3336 24,
693 3297 744 3329 40.
785 3298 912 3329 lnscrr.
943 3298 1028 3330 Latt.

169 3355 206 3379 n.
228 3346 325 3380 5404.
355 3364 388 3370 -
415 3348 497 3388 pari
525 3346 766 3388 moderatione]
797 3355 878 3379 cum
902 3346 1032 3379 acerba

169 3395 278 3428 imma
294 3396 442 3429 dictum:
463 3397 592 3429 «immo
605 3395 660 3429 vel
675 3396 911 3438 impudentior
922 3398 1031 3428 erat.»

172 3460 208 3468 —
232 3445 303 3480 iam
322 3446 463 3488 pridem]
485 3454 518 3479 a.
543 3455 577 3480 u.
602 3446 677 3480 802.
705 3463 738 3469 -
767 3449 843 3480 orta
864 3445 1031 3490 seditione]

1084 2049 1168 2081 Rem
1184 2048 1296 2089 tetigit
1311 2048 1448 2080 Tacitus
1465 2047 1550 2080 Hist.
1568 2048 1600 2087 5,
1618 2048 1648 2081 9.
1669 2049 1811 2090 copiose
1827 2049 1947 2081 narrat

1082 2099 1252 2140 Iosephus
1283 2100 1362 2131 Ant.
1388 2098 1446 2138 48,
1479 2098 1499 2130 8
1528 2099 1563 2131 et
1591 2099 1628 2131 Β.
1662 2098 1736 2131 Iud.
1761 2099 1800 2138 2,
1825 2099 1877 2131 40.
1906 2116 1941 2123 -

1081 2149 1170 2180 haud
1193 2148 1452 2188 obtemperatum
1473 2148 1570 2190 esset]
1602 2150 1639 2180 ut
1670 2147 1843 2189 Caligulae
1868 2148 1946 2180 effi-

1082 2199 1155 2240 gies
1189 2199 1224 2231 in
1259 2197 1390 2240 templo
1421 2198 1607 2231 locaretur.
1644 2216 1678 2222 -
1714 2199 1948 2239 intempestivis

1080 2249 1243 2291 remediis]
1266 2249 1408 2282 minime
1425 2251 1515 2291 aptis
1531 2249 1574 2281 ad
1591 2248 1717 2282 delicta
1733 2249 1943 2288 coercenda,

1082 2299 1116 2331 id
1152 2301 1223 2337 est,
1260 2298 1305 2331 ad
1340 2299 1549 2331 seditionem
1584 2299 1802 2338 sedandam,
1838 2307 1945 2340 quam

1082 2350 1191 2382 immo
1218 2349 1429 2388 accendebat,
1463 2349 1624 2391 augebat.
1661 2349 1761 2382 Clara
1785 2347 1946 2390 exempla

1084 2399 1203 2431 talium
1217 2400 1437 2432 remediorum
1450 2399 1597 2441 praebet
1611 2400 1783 2441 Iosephus
1796 2401 1873 2432 Ant.
1888 2399 1943 2438 20,

1082 2452 1115 2490 5,
1140 2449 1160 2482 4
1185 2451 1220 2481 et
1242 2449 1274 2488 6.
1301 2450 1331 2481 4.
1360 2467 1395 2472 -
1430 2450 1560 2490 divisis]
1592 2450 1728 2483 ludaeis
1759 2450 1834 2482 sive
1862 2457 1946 2491 pro-

1083 2499 1306 2537 vincialibus,
1341 2499 1435 2541 quod
1466 2501 1558 2533 inest
1579 2501 1614 2532 in
1637 2509 1713 2532 voc.
1738 2500 1943 2541 provinciae.

1087 2567 1121 2573 -
1150 2550 1352 2592 Quadratus]
1379 2549 1429 2583 Cf.
1456 2558 1486 2582 c.
1509 2549 1562 2582 44.
1584 2569 1619 2573 —
1645 2553 1675 2582 et
1698 2551 1788 2590 quies
1806 2550 1946 2591 provin-

1082 2601 1154 2632 ciae
1180 2599 1325 2642 reddita]
1357 2600 1409 2632 Ab
1439 2600 1507 2633 hoc
1537 2602 1698 2642 tempore
1722 2600 1813 2633 Felix
1836 2601 1945 2632 totam

1084 2651 1298 2692 provinciam
1335 2650 1600 2683 administravit.
1637 2652 1732 2690 Quae
1763 2659 1821 2684 res
1849 2651 1946 2683 lose-

1083 2700 1194 2742 phum
1217 2701 1251 2732 in
1275 2709 1356 2733 eum
1374 2709 1530 2733 errorem
1555 2700 1740 2743 implicuit,
1765 2702 1805 2733 ut
1823 2708 1946 2733 narra·

1085 2750 1173 2782 verit
1195 2751 1273 2782 Ant.
1299 2750 1352 2789 20,
1380 2750 1411 2789 7,
1439 2750 1451 2782 4
1481 2751 1517 2782 et
1539 2751 1576 2783 B.
1602 2750 1678 2783 Iud.
1702 2751 1735 2790 2,
1762 2751 1813 2790 42,
1837 2750 1857 2782 8
1881 2751 1947 2782 Fe-

1084 2799 1188 2832 licem
1200 2808 1294 2832 nunc
1307 2799 1451 2831 demum
1464 2801 1498 2832 in
1511 2800 1677 2832 Iudaeam
1691 2801 1838 2832 missum
1852 2807 1943 2832 esse.

1086 2850 1223 2882 Frustra
1246 2849 1385 2891 Iosephi
1407 2858 1426 2881 a
1446 2850 1564 2881 Tacito
1587 2849 1858 2892 discrepantiam
1884 2848 1947 2881 tol-

1084 2898 1156 2931 lere
1180 2908 1218 2931 se
1242 2907 1348 2940 posse
1372 2898 1522 2932 credunt
1543 2908 1624 2932 cum
1648 2899 1723 2938 alii,
1747 2901 1822 2932 tum
1845 2900 1946 2931 Nori—

1084 2949 1156 2981 sius
1180 2948 1373 2990 Cenotaph.
1399 2949 1514 2981 Pisan.
1538 2950 1578 2987 2,
1604 2949 1658 2989 46,
1679 2949 1732 2981 43.
1772 2949 1882 2981 Etiam
1899 2947 1944 2980 de

1085 2999 1230 3031 Cumani
1260 2997 1482 3031 damnatione
1511 2997 1611 3031 aliter
1640 2999 1809 3041 losephus
1830 2998 1884 3037 20,
1910 2998 1943 3038 6,

1084 3048 1121 3080 3:
1149 3048 1278 3089 quippe
1309 3056 1328 3080 a
1353 3047 1496 3080 Claudio
1526 3049 1717 3081 iudicatum
1742 3050 1776 3080 et
1799 3048 1944 3080 missum

1084 3098 1118 3130 in
1142 3097 1283 3129 exilium
1305 3097 1426 3130 refert.
1452 3100 1584 3132 Ri'rrnn.

1126 3147 1180 3179 55.
1205 3148 1387 3188 ayrostium
1415 3148 1571 3190 Cilicum]
1601 3147 1763 3181 similium
1795 3148 1854 3187 iis,
1886 3149 1944 3189 qui

1085 3197 1244 3229 Ciceroni
1277 3197 1322 3229 ad
1350 3199 1418 3230 Att.
1443 3198 1482 3237 5,
1507 3198 1568 3237 20,
1594 3199 1614 3230 5
1646 3200 1680 3230 et
1702 3197 1746 3229 ad
1771 3197 1863 3229 Fam.
1890 3199 1943 3236 45,

1083 3245 1120 3285 4,
1148 3247 1187 3278 40
1210 3246 1490 3280 Eleutherocilices
1512 3249 1692 3279 vocantur.
1719 3246 1769 3279 Cf.
1789 3247 1894 3279 etiam
1910 3247 1942 3286 6,

1084 3295 1136 3328 44.
1158 3313 1194 3319 -
1211 3297 1328 3329 civitas
1341 3296 1591 3338 Anemuriensis]
1610 3296 1854 3335 Anemurium,
1879 3305 1945 3338 op-

1082 3345 1204 3386 pidum
1237 3345 1375 3379 Ciliciae
1410 3355 1556 3388 asperae
1593 3355 1611 3377 e
1645 3346 1792 3387 regione
1824 3346 1942 3388 Cypri,

1082 3395 1187 3428 hodie
1209 3395 1364 3429 Anemur.
1391 3395 1633 3436 Distinguebat
1655 3394 1736 3427 olim
1754 3395 1908 3429 Ciliciam
1924 3405 1943 3428 a

1083 3444 1296 3489 Pamphylia.
1333 3446 1385 3479 Cf.
1410 3444 1576 3486 Forbiger
1598 3445 1802 3487 Geoyrapnie
1827 3447 1875 3486 11,
1906 3454 1940 3488 p.
