2254 3770
711 273 867 318 mann
893 273 959 318 1v.
1003 272 1106 331 Cap.
1134 273 1203 320 59.
1233 273 1302 317 60.
1331 272 1400 318 et.

1875 273 1959 318 249

178 382 437 428 conduceret
471 379 667 432 oblitum,
706 379 808 423 dum
846 393 871 424 a
906 378 1070 423 libertis
1100 378 1419 432 et‘clientibus,
1454 378 1713 438 apiscendae
1742 379 1958 437 potentiae

177 454 718 517 properis,‘exstimulatur
745 461 791 498 ut
820 461 1010 499 erectum
1039 460 1082 498 et
1109 452 1311 499 fidentem
1341 455 1469 499 animi
1491 454 1753 499 ostenderet:
1783 453 1894 498 velle
1915 453 1959 498 id

176 532 381 592 populum
409 533 662 583 Romanum,
699 544 859 589 cupere
889 530 1119 582 exercitus,
1157 543 1299 588 neque
1329 545 1535 575 ausurum
1566 535 1714 575 contra
1742 529 1955 581 Seianum,

176 609 250 667 qui
279 621 391 652 nunc
419 606 666 664 patientiam
693 606 809 650 senis
840 612 883 650 et
911 606 1133 663 segnitiam
1170 606 1338 650 iuvenis
1367 606 1482 651 iuxta
1510 605 1695 650 insultet.
1740 605 1822 662 (60)
1852 604 1960 649 haec

175 689 304 741 atque
332 682 432 726 talia
460 681 649 726 audienti
678 680 779 724 nihil
800 680 977 739 quidem
1000 695 1158 739 pravae
1179 681 1466 738 cogitationis:
1498 681 1576 726 sed
1597 679 1808 725 interdum
1827 692 1991 725 vocess

102 776 107 778 ·
174 757 468 817 procedebant
497 763 769 801 contumaces
799 762 841 800 et
868 756 1152 807 inconsultae,
1183 770 1292 815 quas
1320 757 1505 814 adpositi
1534 756 1736 801 custodes
1757 761 1959 814 exceptas

176 840 410 891 auctasque
441 847 539 877 cum
569 832 801 880 deferrent,
833 845 975 890 neque
1003 832 1161 875 Neroni
1192 831 1424 876 defendere
1455 831 1636 882 daretur,
1669 831 1865 875 diversae
1894 831 1960 874 in-

176 922 307 967 super
335 907 665 952 sollicitudinum
693 907 852 951 formae
883 907 1140 951 oriebantur.
1182 921 1280 951 nam
1309 907 1419 951 alius
1438 921 1668 952 occursum
1687 907 1780 951 eius
1799 907 1958 958 vitare;

175 984 350 1043 quidam
384 983 634 1028 salutatione
672 982 840 1026 reddita
877 983 1015 1026 statim
1046 983 1205 1035 averti;
1244 982 1441 1041 plerique
1471 983 1687 1040 inceptum
1717 995 1961 1026 sermonem

175 1059 447 1118 abrumpere,
479 1058 770 1103 insistentibus
790 1064 936 1103 contra
964 1057 1334 1117 inridentibusque
1365 1059 1437 1117 qui
1459 1059 1613 1102 Seiano
1644 1058 1829 1103 fautores
1858 1057 1961 1102 ade·
1975 1066 2012 1101 io

176 1142 280 1180 rant.
322 1135 540 1179 enimvero
570 1134 764 1178 Tiberius
792 1140 939 1177 torvus
968 1139 1041 1177 aut
1070 1133 1221 1177 falsum
1250 1133 1452 1178 renidens
1483 1133 1622 1177 vultu:
1654 1147 1733 1177 seu
1761 1133 1963 1191 loquere-

175 1218 244 1255 tur
286 1225 365 1255 seu
399 1216 561 1255 taceret
595 1210 779 1260 iuvenis,
826 1209 986 1253 crimen
1023 1223 1077 1253 ex
1105 1209 1294 1260 silentio,
1340 1222 1394 1252 ex
1421 1223 1543 1253 voce.
1588 1223 1643 1253 ne
1674 1223 1758 1253 nox
1785 1208 1962 1267 quidem

176 1300 350 1336 secura,
383 1299 481 1330 cum
509 1299 618 1329 uxor
645 1284 809 1342 vigilias
839 1298 1014 1328 somnos
1044 1284 1229 1342 suspiria
1256 1285 1379 1328 matri
1398 1285 1543 1328 Liviae
1564 1290 1692 1343 atque
1715 1284 1784 1327 illa
1805 1284 1961 1328 Seiano

177 1361 457 1420 patefaceret3
502 1361 575 1419 qui
613 1360 784 1404 fratrem
818 1373 993 1419 quoque
1027 1360 1206 1404 Neronis
1245 1361 1431 1403 Drusum
1460 1360 1585 1403 traxit
1613 1361 1654 1403 in
1686 1365 1851 1417 partes,
1885 1374 1962 1418 spe

176 1437 343 1482 obiecta
378 1437 584 1495 principis
621 1436 722 1487 loci,
763 1436 798 1479 si
835 1436 1024 1493 priorem
1054 1442 1191 1479 aetate
1221 1442 1261 1479 et
1290 1435 1373 1478 iam
1403 1435 1657 1480 labefactum
1688 1436 2015 1479 demovisset.⁴5

176 1520 297 1558 atrox
325 1513 453 1556 Drusi
482 1512 716 1569 ingenium,
749 1525 882 1569 super
911 1510 1154 1568 cupidinem
1184 1511 1399 1569 potentiae
1421 1517 1463 1555 et
1490 1510 1613 1554 solita
1634 1511 1830 1555 fratribus
1851 1510 1959 1561 odia,

176 1589 493 1634 accendebatur
522 1587 697 1639 invidia,
730 1586 846 1646 quod
875 1593 1012 1630 mater
1041 1587 1270 1644 Agrippina
1299 1587 1538 1645 promptior
1565 1588 1721 1631 Neroni
1751 1593 1854 1633 erat.
1888 1601 1963 1630 ne-

178 1679 264 1725 que
303 1671 445 1708 tamen
484 1665 664 1708 Seianus
704 1663 762 1707 ita
792 1664 976 1706 Drusum
1006 1662 1175 1706 fovebat
1203 1669 1250 1706 ut
1279 1676 1364 1706 non
1394 1663 1435 1705 in
1466 1677 1565 1707 eum
1594 1676 1769 1721 quoque
1800 1661 1963 1706 semina

175 1741 302 1784 futuri
341 1741 456 1784 exitii
495 1739 790 1790 meditaretur,
831 1753 986 1796 gnarus
1022 1738 1317 1796 praeferocem
1354 1744 1396 1782 et
1432 1738 1598 1781 insidiis
1633 1737 1767 1795 magis
1804 1751 1963 1796 oppor-

179 1822 340 1859 tunum.

290 1890 371 1948 (61)
401 1891 504 1934 Fine
533 1891 631 1934 anni
662 1904 889 1934 excessere
921 1890 1107 1947 insignes
1136 1890 1215 1932 viri
1245 1889 1414 1933 Asinius
1443 1889 1644 1946 Agrippa,
1677 1887 1802 1932 claris
1829 1888 1963 1932 maio-

177 1967 296 2011 ribus
326 1980 455 2025 quam
482 1966 660 2009 vetustis
689 1966 860 2023 vitaque
889 1980 974 2009 non
1004 1965 1210 2023 degener,
1252 1972 1295 2009 et
1323 1966 1372 2019 Q.
1395 1965 1610 2015 Haterius,
1652 1963 1807 2008 familia
1837 1978 1963 2008 sena-

242 2101 273 2133 4.
297 2099 491 2132 conduceret
513 2098 724 2131 Beroaldus:
750 2099 906 2131 conducet
927 2100 961 2131 M
981 2116 1013 2123 -·
1034 2100 1067 2131 5.
1089 2108 1199 2140 praue
1214 2100 1246 2131 Μ
1266 2117 1302 2123 -
1329 2099 1360 2131 6.
1382 2098 1598 2139 procidebant
1613 2098 1739 2131 Haase.
1760 2115 1797 2121 —
1823 2099 1876 2130 40.
1902 2097 1964 2129 ab-

176 2159 272 2189 erant
295 2164 347 2198 pr.
364 2155 398 2188 Μ
416 2173 453 2179 -
480 2155 533 2187 Η.
557 2155 652 2187 vultu
673 2153 818 2188 seclusit
832 2155 995 2187 Ritterus.
1026 2173 1061 2179 —

1088 2155 1140 2188 47.
1166 2154 1405 2187 accendebatur
1425 2163 1479 2196 pr.
1505 2155 1554 2186 M:
1581 2153 1847 2187 accendebantur
1868 2162 1961 2187 corr.

176 2212 211 2246 M
233 2229 269 2234 —
296 2211 348 2244 49.
373 2214 571 2252 oportunum
594 2211 628 2244 M
644 2227 679 2234 —
705 2210 759 2243 2⁴.
785 2211 923 2252 insiqnis
944 2219 998 2253 pr.
1024 2211 1057 2245 M
1079 2229 1123 2236 --
1145 2211 1199 2243 22.
1225 2214 1255 2244 et
1279 2210 1332 2253 Q.]
1356 2214 1388 2243 et
1410 2219 1474 2257 que
1497 2211 1530 2244 M
1554 2211 1667 2253 (atque
1689 2210 1836 2252 margo).

178 2318 331 2351 tronium
354 2317 396 2350 58
420 2318 456 2350 et
477 2317 519 2350 74
537 2318 591 2350 est
606 2317 711 2350 etiam
727 2317 1043 2358 depraesentiarum.

182 2385 219 2392 -—
237 2367 426 2409 ostenderet]
451 2376 503 2399 se.
529 2366 580 2400 Cf.
599 2367 630 2407 ⁴,
651 2367 704 2400 35.
726 2385 761 2390 -
782 2367 982 2407 patientiam
997 2384 1015 2390 -
1028 2385 1046 2390 -

178 2416 320 2459 insultet]
352 2417 531 2449 rarissima
553 2425 635 2449 cum
659 2417 857 2449 accusativo
882 2418 1046 2449 constru-

180 2468 313 2507 ctione,
350 2467 390 2498 ut
422 2466 558 2499 Sallust.
591 2467 726 2508 Fragm.
758 2467 829 2499 inc.
853 2467 894 2499 87
921 2476 956 2508 p.
982 2467 1045 2498 250

181 2516 292 2549 Gerl.:
328 2517 447 2549 multos
480 2519 590 2550 tamen
623 2517 666 2549 ab
699 2517 920 2550 adulescentia
949 2517 1048 2549 bonos

181 2567 412 2600 insultaverat.

223 2618 276 2650 60.
302 2626 396 2650 voces
410 2617 651 2659 procedebant]
683 2618 862 2650 rarissimo
884 2625 950 2650 usu
982 2625 1046 2659 pro

180 2668 319 2701 exibant
339 2677 383 2700 ea:
406 2668 475 2700 eius
489 2677 546 2700 ore
562 2668 679 2707 (Corn.
698 2669 784 2709 Nep.
802 2666 922 2699 Timol.
942 2666 986 2707 4).
1007 2685 1040 2689 —

179 2719 330 2750 diversae
357 2719 492 2758 insuper
519 2718 600 2759 cet]
631 2727 702 2750 non
732 2716 846 2750 solum
870 2716 1046 2750 delatores

182 2777 264 2800 eum
288 2768 570 2808 insectabantur,
596 2771 716 2800 contra
733 2776 822 2810 quos
839 2768 997 2800 defensio
1014 2768 1046 2799 ei

181 2827 352 2851 concessa
385 2819 480 2851 haud
516 2820 608 2858 erat,
645 2818 710 2850 sed
743 2817 831 2851 aliae
861 2819 1046 2860 praeterea

178 2868 266 2900 varii
297 2869 436 2909 generis
467 2867 718 2901 sollicitudines
743 2868 914 2901 miserum
937 2876 1047 2907 ange-

179 2917 277 2950 bant.
306 2935 341 2941 —-
366 2918 586 2951 insistentibus
606 2918 734 2960 contra]
759 2917 1044 2957 subsistentibus,

180 2970 220 3000 ut
253 2968 285 3000 ei
320 2967 545 3007 insultarent;
582 2970 808 3010 opponuntur
842 2970 960 3000 autem
990 2969 1043 3006 iis,

182 3018 241 3059 qui
265 3018 382 3050 statim
399 3018 659 3051 avertebantur.
682 3037 716 3042 -
740 3019 863 3059 falsum
882 3017 1045 3059 renidens]

181 3067 319 3101 Plenius
351 3067 541 3109 Appuleius
570 3069 650 3101 Met.
677 3068 696 3099 6
725 3077 758 3110 p.
784 3068 866 3099 3⁴0:
897 3068 1048 3099 renidens

182 3117 351 3149 exitiabile
371 3119 444 3149 risu
465 3118 623 3158 maliyno.
650 3117 700 3149 Cf.
726 3118 842 3149 Horat.
862 3117 893 3156 3,
911 3117 965 3154 27,
985 3117 1045 3148 67:

180 3168 343 3208 perfidum
376 3168 497 3198 ridens.
537 3166 592 3198 Sil.
625 3165 695 3198 ltal.
730 3168 759 3205 l,
792 3167 875 3199 398:
914 3174 1048 3198 saevum

183 3217 346 3249 arridens.
373 3234 407 3239 —
434 3216 539 3258 uror]
574 3215 657 3248 Iulia
689 3216 792 3248 Drusi
816 3215 838 3247 f.
865 3224 955 3256 quae
979 3216 1049 3247 Ne-

185 3266 261 3297 roni
285 3268 391 3308 nupta
406 3292 413 3305 ,
439 3274 618 3307 quamque
639 3267 762 3307 postea
780 3264 945 3297 Claudius
961 3266 1050 3297 Mes-

185 3313 314 3348 salinae
335 3315 416 3348 dolo
439 3316 621 3348 interfecit.
647 3316 788 3348 Sueton.
816 3313 937 3347 Claud.
955 3315 997 3346 29
1014 3316 1049 3347 et

186 3363 250 3396 Dio
272 3365 332 3405 60,
359 3366 410 3399 48.
437 3367 522 3398 Lirs.
555 3365 606 3398 Cf.
632 3366 670 3404 3,
695 3365 749 3397 29.
780 3383 814 3388 -
849 3364 1048 3406 demovisset]

1096 2326 1177 2350 cum
1212 2317 1433 2351 succederet.
1470 2335 1505 2340 —
1542 2317 1640 2349 solita
1671 2316 1835 2358 fratribus
1867 2316 1960 2359 odia]

1095 2367 1181 2399 Hist.
1208 2367 1246 2407 4,
1271 2368 1332 2400 70:
1358 2370 1396 2399 ut
1415 2367 1518 2408 ferme
1540 2367 1707 2400 acerrima
1725 2367 1963 2407 proximorum

1095 2417 1173 2449 odia
1195 2420 1283 2449 sunt.
1310 2435 1343 2440 -
1363 2417 1563 2459 promptior]
1587 2417 1796 2459 propensior
1819 2415 1863 2448 ad
1887 2424 1963 2458 gra-

1096 2467 1317 2509 tificandum,
1349 2469 1387 2499 ut
1417 2469 1475 2508 ⁴2,
1502 2468 1532 2499 l.
1570 2467 1628 2507 ⁴3,
1655 2467 1686 2500 8.
1723 2468 1808 2500 Hist.
1834 2467 1872 2505 2,
1899 2466 1959 2499 74:

1089 2518 1232 2558 pronior
1259 2518 1295 2549 in
1325 2518 1446 2557 Titum,
1479 2518 1518 2550 ut
1545 2518 1602 2550 hic
1627 2526 1768 2559 quoque
1791 2518 1882 2549 teste
1905 2516 1962 2549 Pi-

1096 2567 1207 2600 chena
1231 2566 1286 2599 alii
1310 2566 1504 2606 malebant,
1530 2576 1657 2599 verum
1680 2567 1755 2600 sine
1779 2575 1897 2599 causa.

1139 2617 1193 2649 6⁴.
1227 2617 1359 2649 Asinius
1390 2616 1557 2658 Aqrippa]
1596 2617 1705 2649 Asinii
1739 2615 1823 2649 Galli
1857 2615 1959 2655 filius,

1096 2666 1218 2699 consul
1234 2676 1266 2699 a.
1285 2666 1360 2699 778.
1387 2666 1436 2699 Cf.
1457 2675 1486 2699 c.
1506 2666 1559 2699 34.
1580 2684 1615 2689 -
1633 2665 1745 2707 claris]
1763 2667 1813 2698 De
1830 2666 1961 2698 omisso

1096 2717 1336 2758 comparativo
1359 2717 1467 2758 ma9is
1489 2716 1532 2748 cf.
1559 2717 1676 2749 Germ.
1696 2716 1734 2748 6:
1759 2717 1871 2749 cedere
1893 2716 1962 2747 loco

1095 2767 1223 2799 consilii
1255 2775 1355 2806 quam
1386 2766 1574 2807 formidinis
1607 2766 1830 2798 arbitrantur.
1871 2766 1961 2798 Clari

1096 2819 1232 2856 autem,
1258 2817 1323 2849 sed
1346 2817 1490 2848 homines
1514 2817 1609 2856 novi,
1636 2818 1671 2849 et
1694 2817 1833 2849 Asinius
1855 2815 1962 2848 Pollio

1095 2869 1131 2900 et
1146 2867 1330 2908 Vipsanius
1341 2867 1504 2908 Agrippa,
1527 2866 1634 2899 Asinii
1647 2867 1821 2908 Agrippae
1845 2866 1959 2897 avi.—

1097 2918 1135 2958 Q.
1160 2917 1315 2948 Haterius
1330 2934 1348 2940 -
1360 2934 1378 2939 -
1394 2916 1596 2957 eloquentiae
1610 2934 1630 2940 -
1641 2933 1660 2939 —
1675 2915 1867 2956 celebratae]
1898 2915 1962 2947 Se-

1095 2975 1181 3000 neca
1207 2967 1371 2999 Controv.
1398 2967 1419 2998 6
1441 2968 1476 2998 et
1492 2967 1573 2998 Exc.
1592 2967 1755 2999 Controv.
1775 2966 1806 2999 4.
1831 2964 1960 2998 praet:

1095 3016 1310 3059 Declamabat
1332 3017 1488 3049 Haterius
1510 3017 1652 3049 admisso
1669 3016 1792 3057 populo
1816 3024 1858 3047 ex
1881 3018 1963 3046 tem-

1094 3076 1184 3107 pore.
1203 3084 1252 3090 --
1276 3066 1382 3098 Tanta
1414 3069 1487 3098 erat
1519 3066 1569 3098 illi
1601 3066 1756 3098 velocitas
1789 3064 1961 3103 orationis,

1095 3120 1134 3149 ut
1155 3116 1273 3149 vilium
1293 3118 1396 3158 fieret.
1421 3117 1537 3157 Itaque
1553 3117 1649 3149 divus
1662 3116 1826 3157 Augustus
1843 3115 1963 3155 optime

1097 3167 1206 3199 dixit:
1250 3167 1406 3199 Haterius
1440 3171 1552 3199 noster
1591 3165 1865 3208 sufflaminandus
1902 3167 1960 3197 est.

1096 3217 1182 3249 Adeo
1215 3227 1281 3249 non
1316 3226 1451 3249 currere
1483 3218 1539 3249 sed
1572 3217 1746 3248 decurrere
1774 3214 1961 3248 videbatur.

1096 3267 1163 3299 Nec
1194 3267 1370 3299 verborum
1400 3270 1530 3299 tantum
1557 3267 1606 3298 illi
1633 3265 1747 3305 copia,
1778 3266 1833 3297 sed
1863 3266 1964 3298 etiam

1096 3325 1210 3349 rerum
1243 3320 1336 3348 erat:
1372 3317 1497 3357 quoties
1529 3315 1626 3347 velles
1659 3314 1795 3346 eandem
1827 3323 1898 3347 rem
1932 3318 1962 3348 et

1097 3367 1256 3406 quamdiu
1288 3366 1405 3405 velles,
1442 3366 1564 3397 diceret
1599 3364 1674 3395 aliis
1706 3365 1799 3396 toties
1829 3365 1960 3406 fiquris,

187 3412 374 3449 adiuvisset
396 3416 511 3449 fratris
535 3416 730 3456 interitum,
757 3423 826 3458 quo
850 3415 884 3448 in
900 3415 975 3448 eius
994 3413 1049 3447 10-
1066 3421 1073 3455 ι
1097 3415 1175 3448 aliis
1196 3415 1465 3455 tractationibus,
1491 3415 1540 3446 ita
1561 3416 1599 3446 ut
1619 3421 1680 3447 nec
1697 3414 1770 3456 reyi
1780 3417 1890 3456 posset
1903 3420 1963 3448 n'ec
