2254 3770
738 231 893 278 Lmen
923 232 953 276 1.
999 230 1100 288 cap.

1130 229 1197 274 43.
1228 229 1295 274 44.
1325 229 1393 274 45.
1424 229 1491 274 46.
1949 227 2004 270 39

221 345 319 390 cuit.
350 341 516 387 stabant
543 353 623 397 pro
648 338 843 383 contione
871 336 1065 394 legiones
1085 334 1297 379 destrictis
1317 334 1488 393 gladiis3
1518 349 1620 379 reus
1641 335 1682 378 in
1703 341 1906 393 suggestu
1926 348 2006 392 per

220 419 435 463 tribunum
463 414 790 460 ostendebatur:
822 412 858 455 si
886 417 1114 456 nocentem
1144 409 1505 461 adclamaverunt,
1537 424 1748 468 praeceps
1773 409 1898 453 datus
1918 417 2007 452 tru-

219 492 451 539 cidabatur.
496 497 539 535 et
567 488 782 547 gaudebat
810 487 1018 531 caedibus
1047 485 1192 537 miles,
1222 492 1438 542 tamquam
1468 491 1607 529 semet
1635 484 1896 537 absolveret;
1926 498 2008 528 nec

218 570 377 614 Caesar
406 565 595 614 arcebat,
634 562 807 621 quando
845 561 961 605 nullo
1000 561 1135 618 ipsius
1176 560 1296 604 iussu
1331 574 1466 618 penes
1497 559 1676 605 eosdem
1705 560 1881 604 saevitia
1910 559 2007 603 sacti

217 650 259 688 et
287 641 445 686 invidia
474 646 578 684 erat.
627 637 763 682 secuti
794 635 1037 694 exemplum
1065 635 1256 679 veterani
1297 634 1411 678 haud
1448 635 1580 679 multo
1618 642 1718 693 post
1745 635 1788 678 in
1817 634 2039 679 Raetiams

216 718 454 765 mittuntur,
487 714 634 773 specie
655 711 953 757 defendendae
973 710 1220 768 provinciae
1241 709 1296 753 ob
1318 710 1575 754 imminentis
1596 709 1783 761 Suebos,
1816 716 2008 754 ceterum

216 800 263 836 ut
290 790 576 836 avellerentur
605 787 755 833 castris
786 786 976 830 trucibus
997 785 1138 829 adbuc
1159 799 1244 829 non
1265 785 1406 828 minus
1428 785 1657 843 asperitate
1678 785 1855 829 remedii
1877 799 2008 842 quam

216 866 394 912 sceleris
422 864 643 909 memoria.
687 861 1030 907 centurionatum
1050 860 1150 904 inde
1171 860 1269 918 egit.
1308 860 1461 904 citatus
1483 861 1536 904 ab
1558 860 1815 918 imperatore
1836 875 2005 911 nomen,

215 943 430 991 ordinem,
472 940 671 998 patriam,
701 951 927 980 numerum
958 935 1284 994 stipendiorum,
1325 949 1438 993 quae
1469 942 1642 979 strenue
1672 937 1715 978 in
1742 935 1919 994 proeliis
1947 935 2010 980 se-

217 1019 362 1064 cisset.
395 1023 438 1059 et
467 1015 534 1059 cui
566 1020 688 1058 erant
716 1012 830 1056 dona
848 999 1065 1060 militaria,
1097 1010 1265 1054 edebat.
1305 1010 1340 1053 si
1363 1010 1538 1061 tribuni,
1570 1011 1605 1053 si
1626 1010 1738 1069 legio
1759 1011 2009 1055 industriam
2022 1027 2059 1056 ⁴0

217 1091 589 1147 innocentiamque
609 1088 971 1146 adprobaverant,
1003 1086 1214 1130 retinebat
1233 1085 1451 1129 ordinem:
1482 1085 1555 1129 ubi
1576 1086 1795 1130 avaritiam
1819 1093 1891 1129 aut
1913 1100 2010 1130 cru-

217 1167 433 1212 delitatem
462 1178 676 1209 consensu
697 1162 1048 1212 obiectavissent,
1080 1149 1326 1205 solvebatur
1346 1161 1504 1204 militia.
1565 1161 1647 1217 (45)
1678 1162 1740 1205 sic
1761 1161 2008 1218 compositis

216 1241 516 1302 praesentibus
549 1239 652 1282 haut
687 1238 826 1281 minor
863 1237 1001 1280 moles
1038 1244 1261 1294 supererat
1295 1235 1352 1279 ob
1382 1236 1584 1280 ferociam
1612 1237 1787 1294 quintae
1816 1243 1859 1279 et
1887 1242 2010 1280 unet-

215 1318 446 1362 vicesimae
475 1315 709 1373 legionum,
743 1312 1086 1369 sexagensimum
1117 1318 1220 1369 aput
1242 1311 1428 1369 lapidem
1451 1310 1559 1367 (loco
1581 1312 1733 1356 Vetera
1753 1325 1910 1355 nomen
1930 1313 2007 1368 est)

216 1392 542 1437 bibernantium.
574 1404 671 1433 nam
691 1389 817 1447 primi
835 1387 1091 1431 seditionem
1113 1392 1436 1444 coeptaverant:
1468 1387 1781 1430 atrocissimum
1802 1386 2009 1445 quodque
2023 1405 2060 1435 is

216 1469 381 1512 facinus
411 1466 563 1510 horum
593 1464 790 1508 manibus
820 1469 1050 1521 patratum;
1080 1475 1162 1506 nec
1191 1476 1332 1519 poena
1362 1461 1698 1506 commilitonum
1717 1463 1904 1506 exterriti
1928 1476 2009 1507 nec

215 1542 473 1602 paenitentia
503 1539 699 1585 conversi
743 1539 828 1582 iras
859 1537 1110 1582 retinebant.
1161 1537 1287 1594 igitur
1317 1538 1476 1582 Caesar
1505 1551 1623 1580 arma
1653 1537 1835 1582 classem
1866 1539 2009 1582 socios

217 1619 440 1663 demittere
472 1616 615 1661 Rheno
645 1621 784 1673 parat,
817 1614 853 1657 si
873 1613 1100 1671 imperium
1121 1612 1401 1664 detrectetur,
1433 1612 1546 1656 bello
1567 1619 1820 1657 certaturus.
1865 1614 1946 1670 (46)
1969 1620 2011 1658 at

218 1698 376 1740 Romae
406 1692 596 1736 nondum
626 1691 794 1748 cognito
825 1690 899 1748 qui
930 1688 1080 1732 fuisset
1118 1688 1256 1732 exitus
1295 1688 1335 1730 in
1367 1687 1537 1747 Illyrico
1578 1695 1620 1732 et
1658 1688 1872 1746 legionum
1904 1689 2010 1734 Ger-

220 1770 480 1814 manicarum
518 1773 635 1811 motu
671 1765 817 1809 audito
861 1763 1028 1822 trepida
1066 1764 1214 1808 civitas
1253 1764 1451 1808 incusare
1483 1764 1696 1808 Tiberium
1727 1765 1864 1822 quod,
1907 1765 2059 1815 dum20

261 1909 294 1943 4.
321 1916 441 1950 poenes
455 1916 509 1950 pr.
527 1908 561 1940 M
580 1923 614 1930 -
635 1906 667 1939 6.
684 1907 783 1947 spatie
804 1905 838 1937 M
857 1922 891 1926 —-
918 1903 1033 1943 suebos
1054 1913 1108 1946 pr.
1128 1905 1179 1938 M:
1206 1912 1323 1936 sueuos
1345 1911 1436 1936 corr.
1455 1904 1499 1937 M.
1527 1903 1578 1936 Cf.
1603 1904 1809 1939 Miillenhoff
1820 1906 1855 1938 in
1871 1906 2010 1948 Hauptii

218 1964 340 2000 Annal.
365 1965 426 2005 IX,
451 1973 486 2006 p.
511 1964 586 1996 257.
614 1981 650 1986 —
677 1964 709 1995 7.
735 1962 839 1994 adhoc
863 1970 917 2003 pr.
943 1962 976 1995 M
1001 1978 1037 1985 —
1064 1961 1096 1994 8.
1114 1963 1346 1994 centurio-num
1367 1964 1499 1993 reatum
1513 1961 1732 2003 Bernhardy.
1753 1980 1788 1985 —
1816 1962 1847 1996 9.
1873 1966 2014 2010 strunuq

220 2024 348 2066 (priore
370 2031 395 2054 u
415 2022 546 2064 puncto
569 2021 688 2053 notata
713 2020 748 2052 et
771 2027 949 2060 superscr.
975 2019 1001 2059 e)
1025 2019 1059 2051 M
1092 2037 1128 2042 —
1158 2019 1211 2051 40.
1237 2019 1325 2051 dona
1346 2018 1538 2051 Victorius:
1569 2019 1716 2052 donaria
1738 2020 1782 2051 M.
1817 2018 2009 2053 «Mendum

220 2088 262 2112 ex
286 2077 519 2119 dittographia
542 2078 681 2116 natum,
714 2075 760 2108 ob
783 2075 939 2107 vicinum
960 2074 1143 2114 militaria,
1175 2075 1213 2106 ut
1237 2074 1276 2114 6,
1302 2073 1361 2107 48:
1396 2074 1545 2106 ludibria
1573 2078 1604 2107 et
1625 2076 1869 2115 pericularia.»
1900 2076 2008 2108 Dossn.

184 2153 186 2155 ·
222 2155 258 2160 —
285 2136 337 2168 44.
362 2136 511 2167 ordinem
533 2132 722 2174 Kiessling:
748 2132 880 2165 ordines
902 2132 936 2165 M
961 2149 998 2155 -—
1025 2131 1077 2164 43.
1102 2135 1163 2164 aut
1183 2140 1237 2174 pr.
1255 2133 1307 2170 M3
1331 2132 1424 2164 haud
1446 2140 1537 2164 corr.
1559 2133 1592 2165 M
1618 2150 1655 2155 —
1679 2133 1774 2164 molis
1795 2132 1829 2165 M
1853 2148 1889 2154 —
1915 2135 2012 2165 unet-

219 2193 396 2225 uicese‘mae
418 2192 471 2224 M:
504 2191 745 2235 undevigesimg
765 2198 888 2230 margo
915 2207 950 2212 -—
984 2188 1037 2221 49.
1063 2190 1208 2231 coqnitio
1232 2188 1351 2230 (altera
1374 2190 1386 2221 i
1407 2190 1539 2231 puncto
1562 2189 1691 2230 notata)
1716 2189 1748 2222 M
1776 2207 1810 2212 -
1841 2189 1943 2230 fuisse
1964 2189 2008 2222 M.

220 2324 302 2356 rios.
327 2323 454 2355 Duum«.
481 2338 517 2343 —
550 2329 614 2361 pro
635 2319 795 2361 contione]
819 2321 857 2352 In
882 2319 1006 2352 castris
1029 2320 1094 2351 Ro-

220 2373 333 2406 manis
368 2373 404 2404 in
436 2371 586 2403 formam
622 2371 753 2411 optime
790 2369 941 2403 dimensi
972 2369 1092 2411 oppidi

175 2443 179 2446 -
221 2423 351 2456 muniri
373 2420 483 2455 solitis
507 2422 612 2454 etiam
635 2420 749 2453 forum
774 2422 861 2453 erat.
895 2419 1032 2462 (Polyb.
1059 2420 1091 2459 6,

219 2474 288 2514 28.)
323 2474 361 2504 ln
391 2471 428 2504 id
456 2470 743 2504 convocabantur
772 2470 920 2510 milites,
955 2471 1093 2511 quoties

222 2525 315 2557 dicta
339 2522 471 2555 ducum
494 2521 540 2554 ab
563 2521 737 2553 universis
757 2520 964 2563 accipienda
981 2521 1091 2552 erant.

221 2576 262 2608 A.
287 2574 322 2613 4,
347 2573 408 2606 67;
446 2575 523 2604 tunc
551 2574 737 2604 contractos
767 2572 802 2603 in
828 2571 1001 2612 principia
1023 2572 1091 2603 cet.

220 2624 308 2656 Hist.
323 2622 356 2662 3,
382 2621 442 2654 ⁴3:
467 2621 612 2654 Caecina
626 2638 645 2644 -
656 2639 675 2645 -
686 2621 851 2661 primores
865 2621 1095 2653 centurionum

220 2692 239 2699 -
250 2674 317 2706 -in
328 2672 498 2713 principia
515 2674 622 2704 vocat.
649 2671 720 2703 Liv.
735 2671 767 2710 7,
788 2672 845 2703 ⁴2:
863 2671 934 2703 iam
948 2672 984 2703 in
997 2671 1095 2711 prin-

222 2725 319 2765 cipiis
341 2732 383 2756 ac
402 2723 574 2763 practorio
595 2722 630 2754 in
644 2731 749 2754 unum
762 2730 926 2754 sermones
939 2722 1096 2762 confundi

223 2778 323 2813 atque
332 2773 367 2805 in
379 2773 540 2805 contionis
550 2773 811 2813 maynitudinem
823 2780 966 2804 crescere
981 2771 1093 2804 turba.

223 2825 376 2856 Fnzmsn.
402 2841 438 2846 —
463 2822 595 2864 Suebos]
621 2821 805 2861 Quomodo
828 2822 934 2854 Suevi
955 2822 1095 2854 Raetiae

224 2874 412 2906 imminere
428 2873 622 2915 potuerint,
649 2871 791 2914 intelligi
807 2874 925 2914 potest
940 2881 960 2904 e
977 2873 1093 2904 Germ.

226 2923 279 2956 43.
306 2923 388 2955 Enn.
409 2939 445 2944 —
470 2921 748 2963 centurionatum]
773 2922 1021 2954 centurionum
1044 2929 1099 2952 re-

225 2972 433 3006 censionem
463 2981 506 3004 ac
536 2972 581 3005 de
610 2981 735 3005 eorum
758 2973 794 3004 et
816 2972 951 3004 meritis
974 2973 1010 3003 et
1032 2970 1098 3003 de-

225 3020 316 3056 lictis
344 3022 591 3063 cognitionem.
631 3023 705 3054 Hac
734 3021 988 3063 significatione
1019 3030 1098 3053 cen-

233 3073 422 3106 turionatus
443 3071 511 3103 hoc
533 3079 603 3103 uno
626 3070 704 3103 loco
727 3070 868 3112 legitur3
899 3078 982 3102 nam
1005 3069 1099 3111 apud

226 3122 407 3156 Valerium
441 3122 530 3154 Max.
555 3121 596 3159 3,
625 3122 665 3160 2,
697 3121 739 3153 23
770 3121 860 3161 (cum
881 3120 992 3160 facta,
1030 3123 1100 3151 tum

228 3174 329 3206 etiam
357 3172 459 3204 verba
482 3174 541 3203 tua
562 3171 810 3202 centurionatus
830 3171 952 3202 honore
974 3170 1099 3201 donata

228 3223 319 3264 sunt)
333 3223 369 3254 et
380 3222 489 3254 Inscr.
504 3221 541 3252 R.
555 3220 663 3260 Neap.
678 3227 714 3251 n.
727 3219 812 3251 2653
830 3220 884 3251 est
896 3218 990 3250 idem
1004 3217 1100 3258 quod

229 3271 323 3314 apud
336 3271 544 3304 Ciceronem
560 3268 775 3307 centuriatus,
793 3267 1007 3300 centurionis
1023 3275 1101 3299 mu-

228 3330 307 3355 nus.
327 3337 364 3346 —
389 3322 455 3362 ogit
476 3321 616 3358 autem,
642 3319 681 3350 ut
696 3317 861 3350 dicebant
882 3326 1026 3356 consum,
1044 3318 1101 3350 de-

227 3371 345 3404 lectum
378 3379 488 3413 agere.
528 3385 565 3393 -
607 3368 695 3400 dona
726 3367 901 3410 militaria]
935 3368 1097 3410 torques,

1142 2319 1328 2362 phalerae,
1354 2320 1477 2352 hastae
1500 2328 1629 2361 purae,
1656 2327 1822 2353 coronae.
1847 2338 1883 2344 -
1908 2321 2013 2353 solve-

1143 2369 1242 2401 batur
1262 2369 1394 2411 militia]
1419 2378 1510 2410 quae
1535 2371 1611 2401 erat
1629 2370 1859 2410 ignominiosa
1876 2370 2009 2403 missio.

1143 2420 1261 2452 Macer
1283 2419 1328 2451 de
1351 2427 1391 2451 re
1415 2418 1554 2451 militari
1577 2419 1611 2450 in
1630 2419 1704 2460 Dig.
1723 2418 1777 2458 49,
1797 2420 1849 2459 46,
1867 2419 1904 2452 3:
1929 2421 2013 2453 Mis-

1142 2470 1272 2501 stonum
1300 2469 1470 2511 generales
1498 2477 1619 2501 causae
1645 2472 1721 2501 sunt
1751 2472 1836 2501 tres:
1865 2469 2011 2510 honesta,

1142 2519 1315 2558 causarta,
1331 2519 1562 2559 ignominiosa.
1586 2519 1731 2550 Honesta
1745 2522 1809 2558 est,
1834 2527 1922 2560 quae
1936 2522 2014 2552 tem-

1139 2579 1223 2611 pore
1250 2570 1389 2601 militiae
1414 2569 1546 2609 impleto
1574 2570 1696 2607 datum·
1727 2570 1903 2608 causat-ia,
1939 2579 2014 2602 cum

1143 2621 1217 2660 quis
1242 2621 1323 2652 vitio
1352 2619 1456 2651 animi
1485 2620 1537 2652 vel
1564 2620 1715 2660 corpom‘s
1742 2620 1852 2652 minus
1879 2620 2015 2653 idoneus

1143 2670 1283 2703 militiae
1310 2670 1543 2708 renuntiatur;
1573 2669 1796 2711 ignominiosa
1824 2679 1928 2702 causa
1953 2673 2011 2710 est,

1146 2729 1222 2752 cum
1255 2719 1328 2760 quis
1354 2719 1492 2760 propter
1520 2719 1673 2752 delictum
1699 2723 1908 2752 sacramento
1937 2719 2015 2751 sol-

1144 2771 1272 2803 uitur.

1189 2869 1243 2902 45.
1273 2869 1399 2911 Vetera]
1417 2867 1490 2900 scil.
1507 2871 1639 2908 castra,
1664 2869 1704 2900 ut
1718 2868 1803 2901 Hist.
1821 2868 1854 2908 4,
1873 2868 1925 2900 48.
1943 2869 2013 2909 24.,

1146 2919 1285 2951 videtur
1317 2926 1397 2950 esse
1430 2918 1529 2949 vicus
1560 2918 1675 2950 Birten
1702 2926 1814 2959 prope
1846 2917 2014 2959 oppidum

1146 2969 1276 3000 Xanten
1298 2968 1333 2999 in
1356 2966 1456 2999 laeva
1478 2967 1589 2999 Rheni
1611 2967 1685 3009 ripa
1709 2968 1808 3000 situs.
1842 2966 1892 2999 Cf.
1917 2967 2016 2999 Anti-

1148 3018 1298 3059 quitates
1332 3016 1443 3049 Rheni
1479 3016 1652 3050 inferioris
1691 3016 1928 3059 (Alterthu'mer
1959 3025 2017 3049 am

1147 3066 1375 3108 Niederrliet'n)
1397 3068 1428 3107 Ι,
1454 3076 1488 3109 p.
1514 3067 1556 3100 26
1579 3076 1658 3109 sqq.
1683 3076 1718 3108 p.
1736 3068 1777 3099 55
1798 3074 1877 3107 sqq.
1908 3066 2017 3099 Itine—

1148 3118 1280 3150 rarium
1316 3118 1443 3150 Ant-on.
1474 3126 1510 3159 p.
1541 3117 1605 3150 370
1638 3116 1825 3150 Veteribus
1856 3117 2014 3150 Bonnam

1149 3176 1261 3210 usque
1289 3167 1402 3200 LXIII.
1434 3169 1479 3200 M.
1514 3170 1552 3201 P.
1587 3167 1763 3199 numerat.
1796 3182 1832 3188 —
1868 3165 2014 3208 classem]

1150 3216 1278 3251 Classis
1313 3217 1521 3250 Germanica
1552 3217 1631 3257 pia,
1660 3216 1765 3257 fidelis
1797 3215 2017 3248 memoratur

1147 3268 1257 3300 Inscr.
1282 3267 1356 3299 Lat.
1382 3275 1416 3299 n.
1442 3266 1540 3300 3600.
1566 3265 1748 3298 6865-67.
1784 3264 1854 3296 Sed
1877 3273 1939 3305 ea,
1970 3264 2014 3298 de

1148 3325 1216 3358 qua
1239 3317 1276 3349 h.
1301 3316 1324 3349 l.
1349 3317 1479 3357 agitur,
1513 3315 1653 3348 videtur
1681 3315 1915 3356 temporatia,
1946 3323 2015 3348 non

1147 3368 1289 3409 stativa,
1314 3368 1354 3399 ut
1375 3365 1445 3400 illa.
