2254 3770
739 272 741 274 ·
771 268 927 314 LIBER
955 269 1005 313 11.
1050 268 1151 327 Cap.
1182 269 1249 314 68.
1279 269 1347 315 69.
1375 269 1444 314 70.
1915 267 1997 314 427

210 376 439 429 vehantur,
471 374 666 420 admotas
685 374 863 427 hostias,
896 375 1176 421 sacrificalem
1197 383 1460 435 apparatum,
1481 376 1630 422 festam
1650 375 1997 421 Antiochensium

210 451 380 510 plebem
422 464 503 509 per
547 450 719 496 lictores
759 440 999 510 proturbat.
1023 458 1140 495 'tum
1181 451 1424 497 Seleuciam
1464 452 1720 512 digreditur,
1765 452 1997 511 opperiens

210 526 520 585 aegritudinem
550 540 664 584 quae
692 540 866 571 rursum
895 526 1148 571 Germanico
1178 527 1405 572 acciderat.
1450 542 1625 572 saevam
1651 529 1738 573 vim
1761 527 1901 573 morbi
1922 542 1999 572 au-

209 602 337 659 gebat
373 602 599 660 persuasio
637 601 791 646 veneni
822 616 848 646 a
874 602 1030 648 Pisone
1069 603 1259 660 accepti3
1296 610 1339 647 et
1367 603 1693 662 reperiebantur
1720 603 1813 648 solo
1843 618 1894 649 ac
1921 617 1999 662 pa-

209 676 388 721 rietibus
418 683 566 721 erutae
596 676 881 722 humanorum
910 691 1141 735 corporum
1159 677 1386 736 reliquiae,
1419 679 1608 723 carmina
1626 685 1668 724 et
1686 678 1937 723 devotiones
1957 685 2029 723 ets

208 766 364 797 nomen
397 751 638 796 Germanici
666 752 882 810 plumbeis
912 752 1068 797 tabulis
1098 752 1374 811 insculptum,
1415 755 1592 798 semusti
1622 755 1790 799 cineres
1820 768 1871 798 ac
1900 754 1998 798 tabe

208 826 327 872 obliti
365 826 535 886 aliaque
575 827 770 872 malefica
806 827 904 886 quis
934 827 1124 872 creditur
1152 829 1316 873 animas
1345 830 1592 874 numinibus
1620 830 1794 874 inferuis
1824 830 1998 874 sacrari.

209 903 335 947 simul
378 903 498 947 missi
543 917 569 947 a
611 903 767 948 Pisone
814 902 1124 948 incusabantur
1167 911 1215 948 ut
1262 904 1505 950 valitudinis
1553 905 1735 950 adversa
1782 907 1998 950 rimantes.

210 979 292 1036 (70)
331 992 385 1023 ea
422 978 676 1023 Germanico
710 978 825 1023 haud
855 979 995 1023 miuus
1026 980 1089 1023 ira
1117 994 1248 1037 quam
1277 995 1356 1038 per
1382 988 1545 1025 metum
1573 987 1763 1040 accepta.
1805 981 1839 1025 si
1870 981 1999 1026 limen

209 1053 503 1105 obsideretur,
542 1053 580 1098 si
615 1053 901 1098 effundendus
939 1055 1114 1112 spiritus
1149 1055 1231 1100 sub
1261 1055 1397 1101 oculis
1431 1057 1701 1101 inimicorum
1728 1057 1856 1109 foret,
1894 1057 2049 1115 quidm

208 1128 366 1174 deiude
396 1129 664 1174 miserrimae
694 1130 884 1188 coniugi,
916 1129 1021 1188 quid
1050 1131 1276 1176 infantibus
1304 1131 1452 1177 liberis
1481 1133 1766 1178 eventurum?
1794 1132 1908 1177 lenta
1935 1133 2000 1177 vi-

147 1250 150 1254 ,
208 1204 300 1249 deri
341 1204 572 1250 veneficia:
617 1204 818 1249 festinare
858 1211 901 1249 et
939 1219 1116 1264 urgere,
1159 1213 1206 1250 ut
1247 1208 1528 1265 provinciam,
1574 1215 1622 1252 ut
1660 1208 1850 1266 legiones
1879 1208 1999 1252 solus

207 1280 377 1325 habeat.
421 1279 501 1324 sed
529 1293 615 1324 nou
644 1294 785 1339 usque
814 1294 868 1325 eo
891 1279 1106 1326 defectum
1126 1281 1446 1336 Germanicum,
1477 1297 1620 1342 neque
1639 1284 1833 1342 praemia
1851 1285 1998 1329 caedis

208 1362 311 1414 aput
339 1355 654 1400 interfectorem
681 1369 896 1400 mansura.
939 1356 1155 1415 componit
1182 1357 1389 1416 epistulas
1414 1359 1512 1418 quis
1532 1359 1761 1404 amicitiam
1780 1361 1821 1405 ei
1841 1374 2000 1405 renun-

272 1489 306 1523 2.
330 1489 516 1531 diyreditur
535 1489 692 1532 Lipsius:
717 1489 956 1532 degreditur-M
979 1507 1016 1513 —
1042 1491 1192 1531 operiens
1213 1491 1247 1526 M
1264 1509 1300 1515 —
1326 1490 1360 1525 4.
1384 1491 1658 1534 repperiebantur
1678 1492 1713 1527 M
1731 1510 1764 1519 —
1792 1493 1824 1527 6.
1848 1493 1924 1528 tabe
1945 1494 1995 1528 M:

208 1545 287 1579 tabo
309 1546 461 1588 Lipsius.
481 1563 517 1568 —
543 1545 577 1578 7.
593 1545 747 1588 malefica
767 1546 820 1580 M:
844 1546 1010 1589 maleficia
1030 1546 1238 1581 Beroaldus.
1342 1547 1349 1553 '

207 1649 272 1685 διὰ
293 1650 420 1694 δυοῖν,
450 1651 623 1686 formulae
652 1653 828 1695 magicae,
861 1652 991 1695 quibus
1014 1653 1080 1687 de-
1127 1655 1216 1688 Veu.
1241 1655 1279 1688 T.
1303 1656 1346 1688 V.
1377 1665 1414 1698 p.
1438 1655 1522 1689 627:
1557 1656 1716 1699 Malenoi,
1752 1657 1811 1698 qui
1837 1658 2000 1700 sanquine

209 1705 401 1736 voveretur
414 1703 530 1736 morti.
551 1721 587 1726 —
607 1703 770 1744 plumbeis
791 1703 921 1746 tabulis]
937 1704 991 1737 Ad
1006 1713 1080 1737 ma-
1127 1708 1269 1738 utuntur
1295 1709 1327 1739 et
1351 1706 1494 1739 victimis
1526 1710 1556 1740 et
1583 1716 1681 1748 saepe
1707 1708 1901 1750 continyunt
1922 1718 2000 1741 cor-

208 1754 323 1796 gicam
346 1753 559 1787 defixionem
581 1753 651 1787 hoc
674 1755 829 1797 spectat,
855 1763 925 1797 qua
947 1763 1078 1788 nomeu

179 1800 181 1802 ’
209 1803 363 1837 hominis
379 1803 578 1837 devovendi
592 1804 628 1838 iu
642 1803 870 1847 pugillaribus
886 1806 947 1837 aut
962 1813 1079 1838 mem-

208 1853 332 1887 branis
355 1855 416 1887 aut
437 1853 576 1888 laminis
598 1853 776 1897 plumbeis
793 1856 975 1890 exaratum
999 1854 1077 1888 stilo

208 1906 318 1938 atroci
349 1904 629 1938 confodiebatur.
668 1905 766 1938 Ovid.
789 1907 869 1938 Am.
894 1906 932 1946 3,
957 1905 989 1945 7,
1014 1905 1075 1937 29:

209 1955 305 1998 Saqa
321 1956 482 1997 poenicea
504 1956 620 1998 defixit
640 1957 779 1989 nomina
793 1965 890 1996 cera,
916 1954 994 1988 coll.
1012 1956 1080 1988 He-

209 2005 299 2039 roid.
323 2006 356 2047 6,
382 2007 436 2040 94.
472 2006 515 2039 Et
543 2006 687 2039 laminas
713 2007 878 2039 litteratas
903 2008 1080 2039 memorat

208 2055 401 2099 Appuleius
423 2057 566 2090 Metam.
591 2057 624 2097 3,
650 2057 703 2097 47,
731 2054 767 2099 p.
791 2056 845 2090 54.
871 2057 992 2090 Onam..
1027 2057 1082 2090 Ti-

207 2106 300 2140 tulos
319 2116 362 2140 ex
375 2106 515 2140 laminis
530 2106 707 2150 plumbeis
723 2107 920 2150 descriptos
936 2106 1081 2141 exhibet

208 2157 353 2191 Heuzen
382 2159 511 2192 Inserr.
543 2159 632 2191 Latt.
663 2156 733 2191 vol.
765 2159 822 2191 111.
851 2167 887 2201 p.
911 2158 989 2191 2⁴9.
1025 2157 1077 2191 Cf.

132 2232 139 2241 .
209 2209 353 2241 omnino
376 2208 592 2242 Boeckhium
616 2209 722 2251 Corp.
741 2209 851 2242 Iuscr.
873 2210 930 2242 Gr.
948 2218 984 2242 u.
1001 2209 1078 2242 538.

208 2259 285 2292 539.
311 2277 349 2282 —-
384 2260 517 2293 semusti
548 2259 685 2302 cineres]
715 2259 785 2293 hoc
812 2261 884 2301 est,
921 2261 1080 2293 semusta

209 2317 301 2342 ossa.
334 2308 491 2351 Intellige
513 2308 678 2342 membra
701 2309 916 2343 cadaverum
933 2318 976 2342 ex
998 2310 1079 2351 igue

208 2359 327 2400 rapta,
353 2361 546 2400 antequam
561 2358 876 2400 comburerentur,
897 2359 980 2392 hinc
995 2357 1079 2391 tabo

211 2406 335 2441 oblita.
359 2409 503 2441 WALm.
537 2409 591 2442 An
612 2410 729 2451 potius
751 2411 910 2442 semusta
931 2410 967 2442 in
990 2409 1085 2442 cine-

208 2466 287 2490 rem
315 2456 408 2499 ligna
432 2458 506 2491 sive
529 2458 671 2492 titiones
697 2458 963 2500 significantur?
990 2460 1080 2492 Nam

211 2506 368 2549 caprifici
398 2507 434 2540 et
464 2508 624 2550 cupressi
652 2508 895 2541 adurebantur
915 2509 951 2542 in
976 2508 1082 2542 fasci-

209 2557 341 2590 nando.
366 2557 486 2591 Horat.
511 2558 624 2601 Epod.
649 2559 682 2598 5,
706 2558 762 2593 24.
787 2560 896 2592 Doun.
924 2578 961 2584 —
995 2559 1080 2602 tabe]

210 2608 307 2641 Haec
334 2607 438 2641 lectio
466 2617 553 2642 saue
576 2609 710 2642 servari
739 2610 877 2652 potest,
910 2610 977 2643 etsi
998 2619 1082 2643 ver-

210 2657 299 2690 bum
320 2658 504 2700 proprium
528 2659 583 2691 est
604 2658 728 2692 tabum.
754 2658 853 2692 Ovid.
877 2661 977 2693 Pont.
994 2659 1027 2700 3,
1046 2660 1079 2701 4,

209 2708 272 2741 26:
304 2708 482 2750 Tinctaque
510 2709 687 2750 mortifera
714 2709 788 2743 tabe
812 2709 939 2752 sagitta
957 2711 1079 2743 madet.

211 2759 346 2792 Seneca
368 2760 473 2793 Herc.
498 2760 575 2793 Oet.
600 2760 683 2793 7⁴6:
723 2761 763 2793 Ut
790 2763 893 2794 missa
914 2765 961 2795 est
985 2762 1082 2803 palla

211 2807 306 2841 tabe
326 2809 448 2842 Nessea
468 2809 601 2842 illita.
633 2809 776 2842 Sueton.
801 2810 912 2844 Vitell.
940 2811 1000 2844 4οε
1025 2820 1082 2844 ca-

211 2858 372 2891 daverum
394 2858 480 2891 tabe.
509 2858 560 2891 Cf.
585 2859 626 2891 N.
651 2859 834 2892 Heinsium
856 2860 901 2892 ad
923 2858 981 2892 Sil.
1005 2859 1079 2894 Ital.

212 2907 251 2949 3,
276 2908 352 2942 342.
387 2908 518 2942 Placidi
541 2907 653 2943 Gloss.
679 2909 758 2951 (Mai
779 2911 880 2943 Auct.
902 2909 1005 2944 class.
1022 2911 1079 2944 VI.

211 2965 248 2999 p.
273 2957 350 2999 573)
373 2958 479 2999 tabes,
509 2967 613 2991 mor
632 2959 823 3001 sanguinis,
849 2959 983 2992 morbus
1003 2969 1082 2993 ma-

211 3007 289 3046 ciei,
312 3008 498 3049 aegritudo.
533 3009 754 3050 Quamquam
770 3017 812 3041 ea
827 3009 1080 3050 significatione

213 3064 305 3097 quae
333 3055 392 3089 hic
423 3057 613 3099 requiritur
635 3057 777 3101 (Moder)
800 3057 914 3091 tabum
935 3060 1083 3100 usurpat

213 3105 300 3139 Hist.
325 3106 365 3147 2,
389 3106 432 3140 70
455 3107 492 3139 et
513 3106 546 3147 3,
563 3106 618 3139 35.
656 3107 756 3141 Tabes
777 3116 863 3140 vero
886 3107 932 3141 de
954 3107 1081 3141 morbo

212 3154 340 3197 legitur
361 3156 394 3196 4,
419 3155 474 3188 53.
500 3155 554 3195 44,
579 3156 612 3188 6.
637 3157 697 3197 42,
720 3157 776 3190 50.
800 3157 887 3189 Hist.
910 3157 942 3197 4,
967 3157 1022 3190 26.
1046 3156 1079 3197 4,

213 3205 268 3238 84.
293 3206 326 3245 5,
343 3205 377 3239 3.
396 3221 433 3229 —
457 3204 622 3247 malefica]
644 3213 703 3238 res
726 3204 919 3238 maleficae.
945 3205 996 3239 Cf.
1014 3207 1082 3238 La-

214 3255 323 3287 ctant.
350 3255 435 3287 lust.
458 3254 498 3295 2,
535 3254 597 3286 ⁴6:
631 3255 724 3296 maqi
754 3257 785 3287 et
813 3255 857 3294 ii,
892 3263 974 3297 quos
1007 3263 1082 3288 vere

213 3304 378 3347 maleficos
396 3304 516 3347 vulqus
537 3304 682 3345 appellat
705 3305 773 3337 cet.
808 3305 897 3337 Nota
917 3303 975 3347 lex
991 3305 1077 3338 cod.

215 3352 248 3393 9,
262 3354 303 3387 48
315 3363 323 3386 :
340 3355 381 3388 de
393 3354 551 3397 maleficis
563 3357 594 3387 et
607 3354 859 3388 matltevnaticis.
873 3354 1077 3396 Hieronym.

217 3401 353 3439 (ἔσω.
381 3404 420 3439 iu
446 3404 535 3439 Dan.
564 3412 643 3447 cap.
667 3405 700 3438 2.
735 3405 823 3448 opp.
847 3403 906 3439 ed.
930 3403 1077 3439 vallars.

1122 1765 1213 1797 pora
1241 1760 1463 1790 mortuorum.
1492 1776 1527 1781 -
1557 1758 1751 1791 valitudinis
1777 1759 1919 1792 adversa
1946 1759 1999 1791 ri-

1126 1807 1265 1849 mantes]
1297 1807 1348 1841 Cf.
1373 1806 1503 1841 Psalm.
1527 1807 1583 1849 44,
1608 1808 1647 1841 7:
1682 1809 1813 1842 Inimici
1833 1810 1899 1843 mei
1919 1809 2001 1842 mihi

1127 1858 1318 1899 aegrotanti
1360 1858 1535 1899 imprecati
1578 1861 1656 1891 sunt
1697 1859 1791 1891 mala
1835 1859 1999 1892 dicentes:

1129 1908 1291 1949 «Quando
1313 1909 1494 1949 morietur,
1518 1914 1550 1942 et
1567 1909 1690 1950 peribit
1714 1919 1833 1943 nomen
1854 1909 1975 1943 eius?»

1171 1958 1224 1992 70.
1246 1958 1338 1990 haud
1358 1960 1469 1992 minus
1488 1958 1546 1991 ira
1561 1967 1664 2001 quam
1674 1968 1738 2000 per
1752 1959 1885 2002 metum]
1908 1959 1997 1992 Vide

1127 2007 1174 2040 ad
1198 2009 1229 2049 4,
1255 2009 1309 2041 44.
1337 2026 1372 2032 -—
1398 2009 1581 2051 infantibus
1602 2009 1724 2053 liberis]
1748 2010 1845 2043 Duos
1866 2009 1999 2043 liberos

1128 2066 1253 2091 secum
1272 2057 1430 2091 habebat
1445 2059 1501 2100 (cf.
1520 2059 1552 2100 3,
1571 2058 1621 2100 4);
1645 2058 1785 2101 Iuliam,
1811 2069 1904 2093 auno
1918 2068 2000 2102 pro-

1127 2108 1222 2141 ximo
1256 2109 1440 2151 superiore
1473 2111 1594 2142 natam
1626 2110 1668 2151 (c.
1693 2109 1769 2151 54),
1806 2112 1842 2143 et
1876 2110 1999 2143 Gaium

1130 2159 1186 2200 (cf.
1204 2160 1347 2193 Sueton.
1366 2158 1473 2202 Calig.
1493 2160 1559 2201 40),
1578 2162 1700 2193 natum
1717 2169 1750 2193 a.
1767 2169 1802 2194 u.
1821 2161 1896 2201 765,
1914 2162 1999 2193 tunc

1128 2210 1350 2251 septennem.
1371 2227 1408 2234 -
1433 2210 1618 2243 amicitiam
1632 2211 1662 2243 ei
1676 2210 1900 2252 renuntiabat]
1924 2211 1999 2243 Hoc

1128 2259 1300 2301 spectavit
1322 2260 1571 2300 Germanicus,
1603 2269 1647 2293 ne
1676 2259 1783 2294 limen
1810 2259 1999 2293 obsidere-

1128 2310 1197 2349 tur,
1222 2317 1267 2341 ne
1290 2311 1455 2351 pasceret
1469 2308 1591 2343 oculos
1610 2310 1759 2350 inimici,
1784 2309 1915 2352 siquid
1931 2310 1999 2343 sibi

1129 2358 1325 2399 accideret;
1354 2368 1400 2392 ue
1424 2360 1550 2393 coniux
1567 2361 1603 2393 et
1616 2359 1718 2393 liberi
1735 2361 1857 2394 essent
1870 2361 1906 2393 in
1922 2361 1998 2394 eius

1129 2408 1279 2447 ditioue3
1305 2408 1471 2451 denique,
1495 2411 1535 2442 ut
1552 2419 1572 2443 e
1587 2410 1713 2443 vicinia
1728 2410 1910 2443 hominem
1926 2410 2000 2443 ahi-

1130 2459 1241 2500 geret.
1271 2459 1313 2491 Et
1331 2458 1499 2492 intellexit
1514 2460 1611 2501 Piso,
1637 2461 1711 2494 sive
1728 2459 1907 2493 adiectum
1921 2460 1996 2501 fuit,

1129 2508 1324 2542 decederet
1355 2510 1555 2551 provincia,
1592 2511 1667 2544 sive
1700 2519 1771 2544 nou
1805 2511 1997 2544 adiectum.

1128 2560 1217 2592 Nam
1240 2560 1301 2601 qui
1322 2561 1501 2593 renuntiat
1514 2561 1716 2601 amicitiam,
1741 2562 1918 2594 interdicit
1932 2561 1998 2594 do-

1129 2617 1207 2649 mo;
1233 2610 1294 2652 qui
1317 2610 1440 2651 domo,
1466 2612 1502 2644 et
1522 2610 1610 2645 locis
1633 2620 1718 2645 suae
1734 2613 1934 2654 potestatis,
1959 2614 1999 2645 ut

1128 2660 1305 2702 Augustus
1328 2660 1490 2694 Cornelio
1514 2661 1610 2694 Gallo
1633 2661 1740 2695 domo
1764 2664 1800 2695 et
1822 2663 1895 2696 suis
1913 2671 1998 2705 pro-

1129 2711 1253 2744 vinciis
1278 2711 1475 2751 interdixit;
1509 2713 1652 2745 sueton.
1678 2713 1797 2746 octav.
1823 2713 1877 2746 66.
1908 2714 1933 2745 Ι.
1959 2713 1995 2745 F.

1130 2763 1278 2794 Gnouov.
1304 2761 1356 2794 Cf.
1380 2763 1470 2795 Anu.
1488 2763 1521 2803 6,
1537 2763 1596 2795 29:
1621 2772 1748 2796 morem
1767 2764 1868 2804 fuisse
1887 2764 1998 2796 maio-

1128 2812 1236 2852 ribus,
1271 2812 1419 2852 quotiens
1451 2813 1644 2846 dirimerent
1676 2814 1858 2854 amicitias,
1891 2814 1999 2846 inter-

1130 2862 1239 2894 dicere
1271 2862 1367 2893 domo
1399 2870 1539 2903 eumque
1568 2863 1669 2904 finem
1698 2864 1832 2905 gratiae
1861 2872 1994 2904 ponere.

1130 2910 1315 2944 Efficacius
1338 2911 1445 2943 etiam
1469 2910 1637 2944 dicebaut
1656 2913 1850 2945 inimicitias
1870 2913 1998 2946 denun-

1130 2961 1235 3001 tiare,
1260 2962 1299 2993 ut
1322 2961 1394 2994 Cic.
1418 2960 1566 3004 Philipp.
1591 2963 1623 3003 5,
1649 2962 1669 3004 ἓ
1693 2963 1746 2997 49.
1775 2964 1909 2996 Seneca
1931 2964 1994 3004 Ep.

1130 3010 1185 3050 76,
1210 3010 1243 3045 4.
1267 3010 1318 3042 De
1341 3018 1381 3043 re
1404 3010 1449 3044 cf.
1474 3011 1617 3045 Suetou.
1635 3011 1743 3054 Calig.
1761 3012 1800 3044 3:
1825 3012 1998 3045 Obtrecta-

1130 3059 1255 3092 toribus
1275 3059 1394 3100 etiam,
1418 3061 1670 3102 qualescumque
1686 3066 1718 3095 et
1732 3066 1998 3104 quantacumque

1130 3109 1169 3141 de
1189 3117 1296 3142 caum
1315 3113 1434 3143 nactus
1451 3114 1547 3152 esset,
1571 3112 1653 3144 lenis
1673 3112 1756 3144 adeo
1777 3114 1808 3144 et
1826 3112 1995 3154 innoxius,

1129 3161 1167 3190 ut
1192 3158 1303 3191 Pisoni
1331 3159 1463 3193 decreta
1491 3169 1554 3193 sua
1584 3161 1798 3201 rescindenti,
1833 3160 1998 3194 clientelas

1130 3207 1187 3239 diu
1205 3209 1364 3249 vexanti,
1391 3218 1458 3242 non
1476 3210 1573 3251 prius
1592 3218 1775 3242 suscensere
1796 3209 1832 3242 in
1846 3211 1996 3244 animum

1128 3255 1317 3298 induxerit,
1342 3267 1446 3299 quam
1465 3259 1628 3301 veneficiis
1649 3266 1778 3299 quoque
1797 3262 1829 3291 et
1849 3260 1996 3293 devotio-

1126 3306 1224 3340 nibus
1252 3308 1447 3350 impuynari
1474 3317 1508 3342 se
1533 3309 1757 3349 comperisset,
1793 3317 1835 3341 ac
1854 3319 1897 3343 ne
1917 3314 1995 3343 tunc
2067 3332 2071 3335 -

1129 3357 1259 3397 quidem
1284 3357 1379 3391 ultra
1402 3366 1616 3400 progressu&
1647 3365 1750 3399 quam
1775 3361 1813 3392 ut
1838 3362 1870 3393 et
1891 3361 1994 3393 ami-

1127 3405 1276 3440 citiam
1309 3407 1351 3442 ci
1388 3415 1480 3442 more
1514 3407 1682 3441 maiorum
1714 3410 1990 3444 renuntiaret
