2254 3770
317 293 400 341 344
791 301 835 345 Ρ.
866 298 1312 370 colmam-nem
1339 299 1605 348 ANNALIUM

317 411 445 452 creta.
475 406 630 452 adiecit
658 407 846 453 Vitellius
876 409 1118 453 sestertium
1138 409 1283 454 decies
1305 409 1483 462 Sosibio,
1514 409 1631 468 quod
1650 410 1934 456 Britannicum
1961 422 2088 470 prae-

317 482 471 540 ceptis,
512 483 735 527 Claudium
770 482 957 527 consiliis
992 484 1167 528 iuvaret.
1217 490 1388 542 rogatus
1418 485 1669 529 sententiam
1697 493 1739 530 et
1773 486 1916 545 Scipio
1957 498 2086 531 «cum

314 556 463 601 idem»
496 558 632 616 inquit
664 558 751 602 «de
780 558 978 603 admissis
1013 560 1240 618 Poppaeae
1276 560 1454 604 sentiam
1483 561 1599 619 quod
1629 574 1796 612 omnes,
1837 566 1981 620 putate
2016 574 2086 606 me

313 632 429 676 idem
448 633 592 677 dicere
614 633 731 692 quod
752 628 939 685 omnes»
972 634 1153 693 eleganti
1184 641 1516 693 temperamento
1546 636 1654 680 inter
1673 637 1938 696 coniugalem
1969 649 2086 681 amo-

282 719 404 752 trem
434 714 477 753 et
504 710 759 753 senatoriam
789 710 1099 755 necessitatem.

427 785 480 841 (5)
514 785 747 829 Continuus
776 785 876 829 inde
905 791 949 829 et
977 799 1131 830 saevus
1161 785 1414 829 accusandis
1446 786 1530 830 reis
1560 786 1744 838 Suillius,
1777 787 1982 846 multique
2010 801 2087 832 au-

315 859 463 904 daciae
484 860 576 904 eius
605 859 773 904 aemuli.
807 874 905 904 nam
925 867 1075 905 cuncta
1104 860 1246 918 legum
1266 866 1309 904 et
1335 861 1652 919 magistratuum
1681 863 1826 907 munia
1853 863 1896 905 in
1925 863 2088 908 setra-

313 934 420 979 hens
449 936 647 994 princeps
678 936 898 980 materiam
933 936 1166 994 praedandi
1205 936 1474 994 patefecerat.
1522 951 1601 982 nec
1629 937 1859 997 quicquam
1889 938 2087 997 publicae

312 1011 467 1055 mercis
497 1018 581 1055 tam
609 1011 759 1055 venale
787 1011 864 1055 fuit
891 1025 1021 1070 quam
1049 1012 1350 1056 advocatorum
1380 1011 1568 1069 perfidia,
1600 1013 1710 1058 adeo
1739 1020 1786 1057 ut
1811 1014 1994 1065 Samius‚'
2022 1014 2088 1058 in-

263 1094 301 1126 ⁴0
313 1085 445 1143 signis
475 1099 611 1145 eques
641 1088 865 1138 Romanus,
896 1087 1216 1146 quadringentis
1247 1101 1515 1132 nummorum
1547 1088 1715 1132 milibus
1745 1088 1892 1134 Suillio
1913 1089 2023 1134 datis
2043 1095 2088 1135 et

313 1161 480 1219 cognita
516 1162 879 1220 praevaricatione
918 1162 1030 1206 ferro
1060 1162 1102 1206 in
1132 1162 1260 1206 domo
1291 1162 1383 1206 eius
1413 1163 1662 1207 incubuerit.
1707 1164 1832 1221 igitur
1859 1150 2108 1223 incipiente'

313 1236 357 1281 C.
390 1236 502 1286 Silio.
535 1237 710 1281 consule
731 1238 963 1296 designato,
995 1238 1116 1282 cuius
1147 1237 1201 1282 de
1230 1238 1418 1296 potentia
1438 1245 1477 1283 et
1503 1238 1630 1282 exitio
1652 1239 1693 1282 in
1714 1245 1905 1297 tempore
1924 1252 2088 1284 memo-

311 1312 436 1362 rabo,
476 1319 737 1371 consurgunt
771 1320 914 1371 patres
944 1313 1170 1371 legemque
1202 1314 1389 1357 Cinciam
1418 1313 1624 1371 flagitant,
1664 1329 1749 1373 qua
1778 1321 1953 1360 cavetur
1981 1316 2088 1359 anti-

310 1388 465 1445 quitus,
488 1402 541 1432 ne
563 1388 660 1447 quis
678 1388 734 1433 ob
750 1402 923 1433 causam
939 1388 1144 1433 orandam
1164 1389 1388 1446 pecuniam
1405 1388 1618 1434 donumve
1638 1390 1828 1448 accipiat.
1860 1391 1913 1448 (6)
1931 1390 2088 1436 deinde

262 1470 298 1501 45
310 1462 656 1522 obstrepentibus
685 1464 748 1516 iis,
780 1464 937 1523 quibus
968 1478 1020 1508 ea
1050 1463 1306 1508 contumelia
1334 1464 1574 1522 parabatur,
1606 1465 1770 1509 discors
1791 1465 1939 1510 Suillio
1959 1466 2088 1511 Silius

309 1539 463 1583 acriter
491 1538 691 1589 incubuit,
729 1545 921 1584 veterum
951 1535 1168 1583 oratorum
1197 1539 1392 1598 exempla
1420 1540 1621 1591 referens,
1653 1541 1726 1599 qui
1757 1541 1910 1585 famam
1939 1547 1982 1586 et
2009 1555 2090 1600 po·
2159 1581 2163 1584 .

309 1620 448 1658 steros
477 1616 668 1672 praemia
688 1614 958 1673 eloquentiae
980 1615 1291 1672 cogitavissent.
1323 1614 1649 1672 pulcherrimam
1678 1616 1864 1675 alioquin
1886 1623 1928 1661 et
1955 1617 2089 1661 bona-

309 1704 403 1733 rum
444 1690 596 1734 artium
636 1691 872 1748 principem
911 1690 1096 1734 sordidis
1138 1690 1379 1734 ministeriis
1422 1690 1606 1744 foedari3
1650 1705 1703 1735 ne
1748 1691 1877 1736 fidem
1913 1693 2087 1751 quidem

309 1766 517 1823 integram
546 1779 733 1816 manere,
766 1766 838 1809 ubi
870 1766 1113 1824 magnitudo
1135 1773 1390 1824 quaestuum
1420 1773 1648 1824 spectetur.
1679 1767 1794 1825 quod
1815 1768 1914 1811 siin
1934 1767 2088 1812 nullius

376 1912 406 1944 4.
433 1910 560 1944 uitelliti
586 1913 617 1945 M
644 1931 675 1935 —
704 1911 940 1945 brittannicum
963 1913 994 1945 M
1017 1930 1053 1935 —
1079 1911 1109 1944 3.
1127 1913 1295 1953 Poppaeae
1317 1913 1456 1945 sentiam
1475 1912 1705 1946 Puteolanus:
1726 1921 1832 1954 poppe
1847 1910 2089 1959 asseullessen-

309 1969 391 2001 tiam
414 1969 446 2002 M
471 1986 506 1991 -
539 1966 608 2000 onis
631 1969 660 2002 M
696 1985 730 1992 —
764 1967 795 2000 4.
823 1966 862 2000 ὄε
885 1969 916 2001 Μ
948 1986 982 1991 -
1015 1969 1047 2001 5.
1073 1969 1269 2001 senetoriam
1299 1978 1351 2010 pr.
1377 1970 1409 2002 M
1437 1987 1469 1991 —
1501 1970 1532 2001 6.
1557 1978 1653 2001 seuus
1675 1970 1707 2002 M
1733 1987 1769 1992 —
1794 1970 1941 2002 audacia
1962 1978 2090 2012 super-

309 2025 438 2066 scripta
463 2023 576 2057 littera
599 2033 616 2056 e
638 2023 682 2056 ab
707 2024 833 2057 eadem
857 2033 965 2057 manu
988 2025 1022 2057 M
1047 2042 1083 2047 —
1115 2025 1148 2057 7.
1172 2026 1305 2065 munia,
1330 2026 1569 2067 superscripto
1591 2025 1719 2067 officia,
1744 2026 1778 2058 M
1803 2041 1838 2048 —
1865 2025 1897 2058 9.
1922 2025 2090 2059 Samius

308 2080 462 2113 malebat
485 2079 643 2113 Orellius.
672 2098 706 2104 -
733 2081 787 2114 42.
813 2081 863 2122 G]
887 2082 926 2114 G.
955 2082 1046 2120 (nota
1071 2082 1188 2117 tamen
1212 2082 1303 2114 inter
1326 2082 1351 2114 C
1372 2082 1451 2114 etG
1467 2081 1642 2123 ambigua)
1667 2083 1700 2115 M
1724 2099 1760 2104 —
1786 2086 1817 2114 et
1839 2083 1885 2115 G:
1911 2091 1982 2116 om.
1999 2083 2031 2116 Μ
2049 2100 2085 2107 -

309 2137 361 2169 43.
386 2137 506 2169 eiciam
529 2137 560 2169 M
587 2154 622 2159 —
655 2136 708 2169 44.
732 2137 932 2169 mot-andam
954 2145 1054 2170 erasa
1078 2139 1190 2179 prima
1213 2137 1324 2170 littera
1349 2138 1381 2170 M
1407 2155 1441 2161 —
1477 2139 1529 2170 45.
1556 2137 1808 2179 obstrepentibus
1829 2138 1871 2170 iis
1891 2139 1936 2171 G:
1962 2138 2088 2172 obstre-

303 2192 453 2235 pentibus
473 2193 501 2225 si
522 2193 572 2225 his
592 2202 646 2235 pr.
672 2194 705 2227 M
714 2203 721 2233 3
747 2194 1002 2235 obstrepentibus
1022 2195 1072 2226 his
1094 2203 1184 2227 corr.
1204 2195 1235 2228 M
1261 2212 1296 2217 —
1322 2194 1415 2227 sillus
1436 2195 1479 2228 M.
1505 2194 1592 2227 Vide
1616 2203 1690 2227 var.
1716 2193 1795 2228 lect.
1822 2195 1866 2228 ad
1890 2204 1925 2238 p.
1950 2195 2026 2235 344,
2051 2196 2084 2229 9.

308 2251 390 2291 342,
415 2251 446 2283 6.
472 2249 552 2291 343,
579 2251 631 2284 44.
662 2267 698 2274 -
739 2251 790 2283 46.
816 2254 847 2284 et
875 2252 924 2285 M:
963 2252 1007 2284 ad
1037 2261 1175 2293 margo;
1210 2252 1246 2284 iu
1271 2250 1386 2293 vulgo.
1418 2270 1454 2275 ·-
1489 2252 1540 2284 47.
1566 2252 1806 2293 coyilavissent.
1825 2251 2088 2292 pulcherrimam

308 2307 457 2348 alioquin
486 2306 707 2350 Nipperdey:
743 2307 972 2350 coqitabissent
994 2309 1231 2350 pulcherrima.
1256 2309 1406 2350 alioquin
1429 2309 1462 2341 M
1493 2327 1527 2332 —
1559 2308 1612 2342 48.
1635 2309 1745 2350 fedari
1768 2309 1800 2343 M
1825 2327 1860 2332 —
1888 2309 1941 2342 49.
1964 2313 2088 2351 specto-

306 2367 412 2397 ctetur
435 2373 488 2407 pr.
513 2365 558 2398 M.

306 2489 454 2531 siquibus
475 2490 617 2522 donatus
638 2490 765 2523 dieitur
787 2492 893 2533 atque
917 2499 937 2523 a
954 2492 1091 2524 Nerone
1109 2490 1173 2523 da-

307 2541 448 2573 mnatus
471 2541 586 2573 semet
614 2541 688 2583 ipse
712 2541 941 2574 interfecisse.
970 2559 1005 2565 ——
1031 2542 1174 2583 eleganti

307 2591 571 2632 temperamento]
588 2593 681 2624 einen
693 2592 802 2633 feinen
816 2593 995 2634 Mittelweq
1009 2593 1172 2625 einsehla—

307 2641 393 2682 yend
414 2639 488 2682 (mit
501 2641 605 2681 feiner
622 2642 795 2683 Wenduny
811 2643 1009 2682 Gutmann).
1037 2643 1171 2675 Etenim

307 2691 398 2723 haec
421 2690 597 2733 duplicem
621 2700 766 2724 sensum
783 2691 933 2730 habent3
958 2692 1107 2724 alterum
1124 2692 1173 2724 di-

307 2749 415 2783 gnum
438 2749 558 2773 amore
583 2741 772 2783 coniugali:
801 2751 930 2775 anemo
954 2742 1067 2775 credit
1089 2750 1173 2774 vera

309 2800 389 2824 esse
423 2799 514 2833 quae
548 2792 731 2833 Poppaeae
761 2791 898 2824 obiecta
930 2794 1029 2831 sunt.
1068 2800 1172 2824 nemo

306 2841 435 2883 probat
457 2841 603 2881 factum,
630 2850 696 2874 nec
713 2850 824 2883 egon:
851 2841 999 2874 alterum
1016 2840 1172 2883 periculo

306 2891 449 2928 vitando
472 2892 610 2933 aptum:
646 2892 773 2925 «credo
798 2902 889 2934 quae
914 2892 1052 2925 obiecta
1077 2893 1169 2931 sunt,

307 2945 343 2974 et
365 2941 493 2975 eadem
516 2950 607 2983 quae
636 2944 745 2975 ceteri
773 2945 955 2976 senatores
982 2943 1172 2975 decernam

305 2992 388 3028 Em«.

352 3045 383 3076 5.
408 3043 517 3084 legum
538 3045 570 3075 et
590 3043 850 3084 magistratuum
864 3044 982 3075 munia
996 3044 1031 3075 in
1051 3051 1084 3074 se
1099 3046 1173 3075 tra-

307 3093 396 3135 hens]
420 3092 471 3126 Cf.
492 3093 522 3132 4,
540 3093 573 3125 2:
601 3093 720 3124 munia
735 3096 881 3132 senatus,
898 3094 1170 3133 magistratuum,

309 3144 416 3185 layum
434 3144 470 3176 in
484 3152 518 3176 se
533 3143 673 3176 trahere.
696 3160 729 3166 ——
756 3142 900 3184 Samius]
925 3143 1090 3176 Samios
1104 3143 1172 3174 du-

309 3193 389 3236 plici
417 3203 451 3226 m
480 3194 615 3235 reperis
642 3192 843 3234 complures
866 3194 958 3234 apud
984 3195 1170 3226 Gruterum

310 3245 346 3275 et
373 3244 612 3276 Muratorium.
648 3243 734 3275 Sunt
762 3244 880 3274 tamen
912 3244 1018 3275 Samii
1040 3242 1171 3283 aliquot

311 3293 416 3325 etiam
441 3294 568 3325 Inscrr.
594 3294 680 3325 Latt.
707 3301 739 3324 n.
765 3291 850 3324 2543
874 3294 909 3323 et
933 3293 966 3324 C.
985 3293 1119 3324 Samius
1134 3294 1168 3325 C.

308 3343 333 3383 f.
348 3343 440 3385 apud
454 3344 723 3376 Mommsenium
736 3343 861 3375 Inscrr.
876 3343 912 3374 R.
929 3344 1035 3384 Neap.
1050 3343 1167 3375 n.290.

311 3407 348 3415 ·—
363 3393 493 3426 consule
506 3392 686 3435 designato]
702 3401 774 3425 non
797 3391 842 3424 ad
864 3392 998 3424 initium
1023 3393 1171 3432 proximi

312 3443 414 3482 anni,
438 3442 502 3474 sed
524 3442 580 3476 vel
603 3443 649 3475 ad
672 3443 748 3476 eius
766 3449 908 3475 menses
923 3443 1100 3484 extremos
1116 3442 1171 3475 vel

1223 2490 1267 2523 ad
1290 2491 1433 2524 tertium
1458 2499 1601 2524 annum.
1637 2489 1690 2523 Ad
1713 2498 1843 2523 annum
1860 2490 1956 2523 enim
1970 2498 2006 2523 u.
2022 2489 2082 2523 804

1223 2542 1298 2573 eius
1330 2540 1531 2574 consulatus
1556 2541 1766 2582 propinquus
1794 2541 1943 2573 vocatur
1965 2540 2008 2580 (c.
2032 2540 2086 2581 28)

1223 2593 1259 2624 et
1292 2591 1420 2624 eodem
1449 2600 1541 2623 anno
1570 2593 1651 2624 ante
1675 2591 1842 2633 adeptum
1866 2589 2087 2624 consulatum

1222 2641 1426 2674 interiectus
1449 2642 1504 2674 est
1519 2642 1563 2682 (c.
1582 2641 1648 2682 35),
1673 2642 1712 2673 ut
1725 2640 1831 2674 etiam
1847 2639 1942 2682 apud
1957 2639 2088 2673 inferos

1222 2692 1336 2723 consul
1358 2691 1547 2732 designatus
1568 2690 1764 2732 appellatus
1787 2691 1830 2723 sit
1854 2698 1873 2722 a
1897 2690 2031 2722 Seneca
2051 2691 2086 2722 in

1223 2740 1320 2772 Ludo
1343 2740 1388 2772 de
1413 2742 1525 2773 morte
1550 2739 1683 2773 Claudii
1703 2740 1757 2779 43,
1775 2739 1806 2772 4.
1827 2757 1863 2763 -
1887 2739 2086 2781 memorabo]

1223 2789 1397 2831 capitibus
1434 2791 1473 2822 ⁴2
1503 2792 1538 2822 et
1570 2790 1623 2822 35.
1660 2807 1694 2813 -
1728 2790 1893 2830 leyemque
1926 2788 2086 2831 Cinciam]

1222 2839 1460 2879 muneralem,
1498 2839 1603 2872 latam
1638 2848 1657 2871 a
1687 2840 1732 2873 M.
1763 2840 1883 2871 Cincio
1915 2838 2088 2872 Alimento

1223 2891 1364 2923 tribuno
1388 2889 1434 2932 pl.
1460 2898 1491 2922 a.
1517 2898 1552 2922 u.
1577 2890 1658 2929 550,
1691 2889 1837 2922 relatam
1861 2891 1897 2921 et
1918 2898 2010 2922 novo
2031 2898 2089 2922 se·-

1223 2942 1324 2974 natus
1355 2939 1514 2973 consulto
1545 2940 1720 2973 firmatam
1750 2939 1796 2972 ab
1820 2942 1986 2981 Augusto.
2022 2940 2086 2972 Dio

1222 2991 1282 3031 54,
1309 2990 1368 3023 ⁴8:
1394 2990 1468 3023 Καὶ
1490 2987 1582 3031 τούς
1603 2987 1770 3036 ῥήτορας
1791 2985 1951 3032 ἀμισθεὶ
1967 2999 2087 3022 συνα-

1221 3038 1391 3087 γορεύειν
1414 3036 1441 3083 ἢ
1461 3037 1755 3087 τετραπλάσιον,
1781 3038 1876 3073 ὅσον
1896 3035 1946 3073 ἄν
1960 3036 2087 3079 λάβω-

1222 3101 1301 3131 σιν,
1337 3091 1494 3124 ἐκτίνειν
1517 3090 1724 3125 ἑκέλευσεν.
1761 3091 1811 3124 Cf.
1836 3091 1963 3124 Baiteri
1989 3089 2087 3123 tnui-

1222 3151 1301 3175 cem
1331 3141 1449 3183 legum
1472 3143 1507 3175 in
1531 3142 1744 3175 Onomastici
1766 3140 1910 3175 Tulliani
1932 3139 2001 3174 vol:
2025 3141 2082 3182 111,

1265 3293 1294 3325 6.
1321 3294 1448 3325 discors
1469 3292 1604 3334 Suillio]
1637 3293 1779 3325 Diversa
1803 3289 1872 3322 Silii
1894 3290 2081 3332 sententia,

1222 3351 1438 3385 quamquam
1467 3351 1533 3384 per
1559 3351 1598 3375 se
1622 3342 1767 3375 honesta
1789 3339 1901 3372 videri
1930 3341 2080 3382 poterat,

1222 3395 1340 3425 tamen
1363 3394 1438 3424 orta
1462 3393 1538 3425 erat
1559 3401 1602 3425 ex
1625 3391 1714 3424 odiis
1736 3390 1890 3432 privatis.
1918 3407 1954 3413 —
1980 3391 2083 3431 prin-

1221 3442 1338 3484 oipem]
1368 3441 1452 3475 Dial.
1479 3443 1524 3475 de
1554 3443 1611 3475 Or.
1635 3441 1694 3474 32:
1728 3440 1964 3481 eloquentiam,
1995 3447 2083 3482 quae

2223 3407 2254 3770 Ξὲΐὲῑβζψλῄςῡῆωιιεφ
2238 3375 2254 3385 ;
2237 3306 2254 3340 ιη,
