2254 3770
277 288 360 334 406

757 291 802 334 Ρ.
834 289 1083 335 CORNELII
1111 290 1281 335 TACITI
1309 290 1577 338 ANNALIUM

277 394 448 439 cendas.
480 395 704 440 credidere
725 394 898 454 quidam
920 394 1018 439 data
1036 401 1081 441 et
1099 410 1124 440 a
1144 396 1312 441 Tiberio
1333 397 1498 442 occulta
1518 398 1735 453 mandata;
1757 404 1799 444 et
1811 398 2055 444 Plancinam

276 469 390 514 haud
421 470 550 515 dubie
580 472 766 529 Augusta
797 471 961 514 monuit
990 471 1274 516 aemulatione
1303 471 1499 516 muliebri
1526 473 1798 533 Agrippinam
1827 474 2054 518 insectans.

276 545 412 590 divisa
448 560 633 605 namque
670 552 712 590 et
743 545 908 590 discors
948 545 1044 590 aula
1073 553 1164 591 erat
1192 547 1329 591 tacitis
1369 547 1410 590 in
1439 548 1627 592 Drusum
1655 555 1729 593 aut
1757 549 2056 594 Germanicum

276 620 439 665 studiis.
484 621 678 665 Tiberius
708 626 754 664 ut
782 621 1005 679 proprium
1034 628 1077 666 et
1106 621 1172 666 sui
1203 621 1420 680 sanguinis
1445 623 1630 667 Drusum
1659 623 1849 668 fovebat:
1881 624 2058 668 Germa-

243 695 370 740 ⁵nico
400 695 596 740 alienatio
636 696 774 754 patrui
811 709 1003 740 amorem
1041 703 1143 755 aput
1172 703 1340 741 ceteros
1370 704 1565 748 auxerat,
1605 704 1648 743 et
1676 699 1779 758 quia
1807 698 2058 744 claritudine

274 771 450 815 materni
483 771 651 828 generis
681 771 883 823 anteibat,
924 786 1050 816 avum
1080 772 1132 815 M.
1162 772 1410 823 Antonium,
1449 773 1704 818 avunculum
1733 775 1967 832 Augustum
1997 774 2058 819 fe-

273 860 385 890 rens.
430 853 576 890 contra
605 848 745 890 Druso
774 861 961 905 proavus
991 861 1127 906 eques
1148 849 1362 892 Romanus
1381 849 1641 907 Pomponius
1661 849 1821 894 Atticus
1842 849 2058 895 dedecere

274 921 548 966 Claudiorum
578 922 784 980 imagines
812 922 1051 967 videbatur.
1100 929 1142 967 et
1171 923 1355 967 coniunx
1385 923 1624 968 Germanici
1653 924 1882 983 Agrippina
1911 924 2058 969 fecun-

274 996 403 1041 ditate
433 1011 484 1041 ac
512 997 623 1041 fama
652 997 834 1050 Liviam,
866 1012 1046 1042 uxorem
1073 998 1218 1047 Drusi.
1250 998 1550 1057 praecellebat.
1597 999 1676 1044 sed
1704 999 1854 1044 fratres
1884 1000 2057 1058 egregie

224 1083 260 1112 4ο
274 1072 510 1116 concordes
540 1079 582 1116 et
609 1073 901 1131 proximorum
931 1073 1234 1118 certaminibus
1265 1074 1519 1119 inconcussi.

387 1147 467 1204 (44)
499 1149 587 1192 Nec
614 1148 747 1192 multo
776 1155 874 1207 post
902 1150 1068 1192 Drusus
1106 1152 1146 1192 in
1186 1149 1403 1209 Illyricum
1443 1150 1598 1194 missus
1629 1155 1712 1201 est,
1755 1155 1803 1193 ut
1831 1156 2053 1195 suesceret

275 1223 447 1267 militiae
477 1223 705 1282 studiaque
735 1224 947 1268 exercitus
977 1230 1167 1282 pararet3
1210 1224 1335 1267 simul
1374 1225 1575 1269 iuvenem
1604 1225 1769 1269 urbano
1798 1224 1899 1269 luxu
1930 1225 2057 1270 lasci-

273 1298 458 1342 vientem
496 1298 647 1342 melius
686 1299 727 1341 in
759 1300 909 1343 castris
940 1298 1089 1343 haberi
1120 1299 1313 1343 Tiberius
1343 1313 1479 1358 seque
1508 1299 1705 1343 tutiorem
1735 1299 1912 1345 rebatur
1941 1307 2060 1345 utro-

273 1387 359 1433 que
389 1373 475 1417 filio
495 1373 686 1431 legiones
706 1374 934 1418 obtinente.
966 1374 1045 1419 sed
1066 1374 1196 1419 Suebi
1217 1374 1608 1433 praetendebantur
1627 1374 1828 1419 auxilium
1850 1375 2059 1420 adversus

223 1459 260 1489 45
275 1449 516 1493 Cheruscos
564 1458 748 1494 orantes,

813 1464 910 1494 nam
954 1450 1150 1494 discessu
1193 1452 1478 1495 Romanorum
1526 1451 1650 1494 vacui
1696 1456 1872 1494 externo
1919 1457 2057 1502 metu,

273 1524 410 1583 gentis
452 1524 735 1569 adsuetudine
781 1531 822 1570 et
864 1532 954 1569 tum
994 1525 1278 1570 aemulatione
1318 1526 1480 1584 gloriae
1520 1539 1638 1569 arma
1673 1525 1716 1569 in
1752 1539 1800 1570 se
1830 1531 2057 1570 verterant.

272 1601 336 1644 vis
376 1600 611 1652 nationum,
654 1601 788 1644 virtus
827 1601 986 1645 ducum
1025 1603 1068 1643 in
1108 1615 1267 1659 aequo:
1315 1608 1380 1645 set
1408 1601 1717 1645 Maroboduum
1755 1601 1869 1658 regis
1899 1614 2056 1646 nomen

273 1676 456 1720 invisum
493 1682 596 1734 aput
633 1676 886 1735 populares,
935 1676 1169 1720 Arminium
1208 1690 1287 1734 pro
1329 1676 1522 1721 libertate
1560 1676 1790 1721 bellantem
1825 1676 1945 1721 favor
1983 1677 2059 1721 ha-

337 1805 369 1837 2.
392 1805 558 1838 insectans
589 1804 782 1846 Madvigius
817 1803 930 1846 (epist.
956 1804 1032 1837 crit.
1058 1803 1103 1836 ad
1137 1802 1303 1836 Orellium
1336 1812 1372 1845 p.
1398 1803 1450 1845 80)
1486 1803 1522 1836 et
1554 1802 1821 1845 Bezzenberger
1844 1803 2056 1844 (Emendatt.

272 1869 306 1903 p.
333 1860 402 1901 49);
426 1862 608 1894 insectandi
631 1862 664 1895 M
690 1879 725 1884 —
752 1862 783 1894 6.
807 1862 950 1894 materni
972 1861 1178 1894 Rhenanus:
1203 1864 1312 1893 mater
1333 1861 1367 1894 M
1392 1877 1429 1883 —
1454 1860 1487 1893 9.
1510 1858 1606 1902 fama
1625 1861 1660 1894 M
1684 1878 1720 1884 -
1743 1860 1942 1902 precellebat
1963 1861 1996 1894 M
2015 1878 2052 1885 —

273 1918 325 1950 45.
350 1920 538 1950 orantentes
559 1918 593 1951 M
618 1935 654 1941 —
679 1919 905 1951 Romanorum
925 1917 1026 1950 vacui
1048 1916 1212 1950 Orellius:
1236 1914 1422 1949 romanoru'
1445 1925 1488 1949 ac
1508 1917 1611 1949 uacui
1633 1917 1667 1950 M
1698 1933 1734 1940 —
1767 1917 1821 1950 47.
1846 1925 1972 1958 aequo:
2002 1917 2060 1950 sed

271 1974 478 2007 Rhenanus:
503 1983 628 2016 aequos
649 1977 679 2007 et
701 1975 735 2008 M
753 1991 789 1998 -
815 1974 867 2007 48.
886 1973 1067 2015 pellantem
1089 1982 1142 2016 pr.
1167 1973 1212 2006 M.
2001 1965 2004 1967 ’

270 2081 415 2121 sectans]
448 2081 524 2113 Non
555 2081 595 2112 ut
625 2079 788 2113 muliebri
820 2078 1054 2113 aemulatione
1083 2080 1140 2113 in-

271 2133 485 2171 sectaretur,
511 2131 647 2163 monuit
671 2130 715 2172 (id
740 2131 835 2162 enim
850 2138 1000 2172 parvum
1017 2131 1136 2170 esset),

272 2182 354 2222 sed,
380 2182 455 2224 ipsa
470 2181 702 2223 ‚Agrippinam
727 2181 924 2220 insectans,
953 2179 1137 2213 Plancinae

272 2232 436 2265 mandata
461 2230 608 2264 exitialia
628 2231 743 2271 dedit;
769 2232 930 2272 sequitur
944 2239 1050 2263 causa
1067 2239 1138 2262 non

272 2292 337 2315 cur
359 2282 554 2321 monuerit,
579 2282 644 2315 sed
664 2290 728 2314 cur
742 2283 895 2323 Augusta
911 2281 1138 2324 Agrippinam

271 2332 506 2366 aemulatione
551 2332 801 2365 insectaretur:
848 2332 955 2364 divisa
994 2340 1140 2374 namque

273 2385 363 2422 cet.;
390 2381 480 2415 male
503 2383 651 2424 repetita
676 2383 731 2415 est
753 2380 887 2423 syllaba
912 2382 963 2422 di,
989 2390 1056 2423 qua
1074 2381 1140 2414 de·

270 2432 339 2466 leta
363 2441 470 2465 unam
492 2432 610 2464 addidi
633 2431 796 2465 litteram.
820 2433 967 2466 MAnvle.
1002 2432 1139 2465 Diversi

272 2484 354 2516 sunt
375 2481 460 2521 loci,
492 2481 632 2524 qualem
657 2482 714 2523 (ad
735 2481 924 2514 lectionem
946 2481 1138 2523 insectandi)

272 2532 453 2566 contendit
476 2531 681 2574 Nipperdey
704 2532 736 2572 4,
762 2532 819 2564 67;
846 2532 1000 2573 temporis
1022 2541 1063 2564 ac
1084 2540 1140 2564 ne-

271 2583 429 2616 cessitatis
449 2585 568 2614 monet.
594 2583 731 2615 Tacitus
747 2581 855 2614 verba
871 2581 1039 2615 monendi
1056 2590 1137 2615 cum

271 2632 440 2666 infinitivo
463 2633 608 2674 iungere
632 2631 732 2665 solet.
775 2631 895 2665 Attulit
916 2633 1036 2664 tamen
1060 2633 1137 2665 Otto

274 2692 317 2716 ex
339 2683 463 2715 Donati
486 2681 595 2724 praef.
621 2682 667 2714 ad
689 2683 828 2714 Terent.
854 2681 1001 2724 Adelph.
1026 2691 1138 2715 unum

272 2732 407 2765 locum:
439 2731 628 2764 admonitus
649 2731 799 2764 abeundi.
832 2732 939 2764 HALM.
967 2749 1002 2755 -—
1029 2741 1139 2764 avun-

272 2782 400 2823 culum]
429 2790 597 2823 magnum
619 2782 641 2814 i.
667 2791 698 2814 e.
724 2782 822 2814 aviae
852 2781 1009 2815 fratrem.
1048 2783 1138 2815 Nam

274 2832 470 2866 Germanici
499 2834 631 2872 mater,
661 2832 765 2865 Drusi
796 2832 940 2871 coniux,
978 2832 1041 2865 fuit
1066 2833 1138 2865 An-

273 2883 366 2916 tonia
393 2883 524 2921 minor,
549 2882 686 2915 Antonii
702 2882 874 2915 triumviri
890 2881 958 2914 filia
975 2891 1018 2915 ex
1034 2882 1138 2914 Octa-

273 2934 347 2973 via,
372 2932 516 2974 Augusti
539 2940 679 2971 sorore,
706 2934 797 2964 nata.
831 2932 887 2966 Sic
911 2940 941 2964 c.
967 2933 1009 2965 27
1032 2932 1139 2964 amita

274 2992 338 3026 pro
362 2983 467 3015 amita
490 2990 633 3023 magna3
670 2983 708 3023 5,
734 2982 753 3014 6
786 2982 821 3014 et
844 2982 883 3022 6,
908 2982 928 3015 8
951 2990 1051 3023 gener
1072 2989 1137 3024 pro

274 3041 485 3075 progenero.
513 3048 548 3055 -
578 3032 691 3064 Druso
718 3040 929 3072 proavus--
943 3031 1140 3073 Pomponius

273 3083 414 3123 Atticus]
450 3082 552 3114 notus
575 3080 630 3114 ille
655 3081 832 3113 Ciceronis
855 3082 1007 3122 amicus,
1040 3081 1139 3114 cuius

275 3133 341 3166 filia
367 3133 557 3174 Pomponia
588 3132 684 3173 prior
707 3132 831 3163 coniux
860 3131 923 3164 ruit
945 3132 988 3165 M.
1014 3132 1140 3173 Agrip-

275 3191 340 3224 pae
373 3184 408 3215 et
438 3184 552 3215 mater
578 3181 763 3224 Vipsaniae
785 3181 1013 3223 Agrippinae,
1046 3190 1138 3222 quae

275 3232 413 3265 Tiberio
439 3233 545 3274 nupta
568 3232 722 3264 Drusum
745 3231 892 3272 peperit.
926 3230 1012 3263 Vide
1035 3230 1080 3262 ad
1105 3232 1136 3271 4,

277 3283 329 3313 ⁴2.
369 3282 503 3315 Seneca
527 3282 627 3323 epist.
653 3281 707 3319 24,
732 3279 770 3314 4:
802 3281 928 3312 Nomen
953 3279 1052 3312 Attici
1078 3289 1141 3321 pe-

275 3332 345 3364 rire
367 3332 530 3364 Ciceronis
551 3331 709 3372 epistulae
737 3339 802 3363 non
825 3330 934 3362 sinunt
944 3339 955 3359 .·
988 3330 1069 3362 nihil
1091 3330 1139 3362 illi

270 3381 448 3423 profuisset
469 3391 569 3424 gener
586 3382 789 3429 Aqrn'ppapt
813 3379 957 3412 Tiberius
975 3388 1139 3421 progener

276 3434 307 3465 et
341 3431 468 3464 Drusus
505 3432 629 3465 Caesar
660 3439 837 3473 pronepos.
874 3445 910 3454 -
946 3429 1075 3463 Liviam
1090 3447 1139 3454 --

1185 2077 1419 2121 praecellebat]
1455 2078 1544 2112 Cum
1566 2078 1766 2111 accusativo
1794 2078 1862 2111 hoc
1883 2086 1954 2112 uno
1977 2077 2056 2113 loco

1187 2130 1326 2163 Tacitus
1357 2130 1528 2162 construit
1555 2128 1706 2162 verbum
1737 2129 1954 2169 praecellere,
1991 2129 2057 2163 sed

1188 2180 1373 2222 aliquoties
1400 2179 1553 2212 verbum
1582 2179 1813 2220 praeminere:
1848 2179 1886 2220 3,
1911 2179 1965 2212 56.
1997 2179 2054 2221 ⁴2,

1189 2231 1241 2263 48.
1267 2230 1320 2262 33.
1348 2231 1400 2270 45,
1425 2229 1478 2262 34.
1505 2229 1590 2262 Hist.
1609 2230 1640 2270 4,
1667 2229 1696 2261 7.
1733 2229 1827 2261 Livia
1842 2230 1961 2261 autem
1979 2229 2054 2262 sive

1189 2279 1303 2312 Livilla
1321 2288 1408 2312 uxor
1423 2279 1576 2321 primum
1594 2279 1631 2312 C.
1651 2279 1830 2319 Caesaris,
1855 2279 1916 2321 qui
1931 2279 2056 2321 Agrip—

1186 2339 1254 2372 pae
1274 2329 1364 2363 filius
1381 2329 1444 2361 fuit
1459 2328 1503 2361 ab
1521 2330 1676 2370 Augusto
1693 2328 1898 2371 adoptatus,
1923 2327 2052 2362 deinde

1188 2380 1303 2413 Drusi.
1341 2379 1392 2412 Cf.
1419 2388 1450 2412 c.
1476 2378 1531 2412 84.
1556 2378 1590 2418 4,
1615 2379 1648 2412 3.

1230 2429 1284 2463 44.
1309 2430 1345 2462 in
1365 2429 1552 2472 Illyricum]
1577 2430 1650 2462 Hoc
1666 2437 1797 2462 nomen
1811 2429 1886 2462 tres
1901 2428 2055 2472 comple-

1188 2481 1293 2513 ctitur
1314 2480 1527 2522 provincias,
1560 2477 1785 2519 Dalmatiam,
1825 2479 2053 2521 Pannoniam,

1188 2530 1368 2564 Moesiam.
1396 2546 1431 2552 —
1464 2529 1550 2562 luoeu
1571 2529 1808 2572 lascivientem]
1844 2528 1895 2562 Cf.
1920 2528 1957 2570 3,
1989 2529 2052 2562 37:

1187 2589 1290 2621 neque
1312 2579 1413 2612 luscus
1433 2579 1469 2612 in
1491 2579 1607 2612 iuvene
1628 2579 1768 2620 (Druso)
1796 2579 1879 2611 adeo
1901 2578 2055 2620 displice-

1188 2630 1243 2662 bat
1275 2628 1449 2672 (populo):
1489 2629 1553 2662 huc
1585 2629 1696 2670 potius
1730 2629 1926 2668 intenderet,
1967 2628 2052 2661 diem

1187 2679 1486 2722 aedificationibus,
1531 2682 1658 2712 noctem
1693 2678 1851 2711 conviviis
1893 2677 2051 2718 traheret,

1188 2738 1290 2771 quam
1322 2729 1409 2761 solus
1441 2732 1472 2761 et
1506 2728 1606 2761 nullis
1641 2727 1862 2769 voluptatibus
1893 2730 2053 2761 avocatus

1186 2782 1348 2812 maestam
1376 2779 1587 2821 vigilantiam
1618 2781 1649 2811 et
1679 2778 1788 2810 malas
1819 2786 1920 2810 curas
1950 2786 2053 2810 exer-

1188 2832 1284 2863 ceret.
1304 2846 1339 2852 —
1358 2828 1472 2870 Suebi]
1498 2828 1548 2861 Cf.
1567 2837 1599 2861 c.
1617 2828 1670 2860 26.
1695 2828 1792 2860 Zeuss
1805 2827 2052 2867 dieDeutschen

1187 2888 1221 2922 p.
1240 2880 1281 2911 55
1298 2880 1365 2911 cet.
1387 2896 1421 2901 —
1448 2882 1478 2911 et
1500 2877 1586 2920 tum]
1608 2880 1640 2910 et
1660 2878 1820 2910 Ernestio
1844 2879 2051 2919 suspectum

1189 2930 1281 2968 erat;
1318 2930 1354 2961 at
1376 2929 1431 2961 est
1460 2931 1490 2961 et
1512 2931 1582 2960 tum
1603 2929 1764 2960 nostrum
1798 2928 1892 2959 «und
1921 2927 2052 2961 anmals

1187 2979 1313 3018 noch»,
1348 2979 1386 3010 ut
1409 2978 1441 3018 3,
1466 2978 1519 3011 48.
1555 2977 1587 3017 4,
1611 2977 1665 3010 28.
1704 2978 1756 3017 44,
1782 2977 1823 3009 42
1846 2978 1913 3010 cet.
1939 2977 2048 3011 HALu.

1191 3047 1227 3053 —
1252 3027 1510 3070 Maroboduum]
1540 3026 1659 3060 Vellei.
1686 3027 1722 3066 2,
1754 3027 1827 3060 408.
1866 3026 1991 3059 Strabo
2014 3027 2047 3067 7,

1188 3080 1220 3119 4,
1245 3079 1265 3112 3
1289 3087 1323 3120 p.
1340 3078 1422 3111 290:
1447 3075 1614 3111 ἐνταῦθα
1635 3075 1667 3109 δ’
1684 3076 1788 3110 ἐστὶν
1812 3072 1834 3109 ὁ
1853 3071 2050 3124 Ἐρκύνιος

1187 3125 1333 3175 δρυμὸς
1355 3128 1419 3161 καὶ
1441 3125 1490 3160 τὰ
1511 3125 1586 3160 τῶν
1604 3125 1767 3171 Σοήβων
1782 3121 1889 3170 ἔθνη,
1914 3123 1962 3159 τὰ
1975 3125 2048 3170 μὲν

1189 3174 1370 3212 οἰκοῦντα
1392 3174 1500 3219 ἐντὸς
1521 3175 1589 3211 τοῦ
1613 3174 1777 3224 δρυμοῦ,
1804 3174 1978 3222 καθάπερ
1999 3173 2049 3209 τὰ

1187 3227 1262 3262 τῶν
1277 3225 1505 3262 Κοαόούων·
1530 3226 1571 3261 ἐν
1594 3223 1652 3269 οἷς
1674 3226 1756 3260 ἐστὶ
1778 3226 1843 3260 καὶ
1865 3222 1910 3259 τὸ
1932 3226 2048 3259 Bout-

1188 3288 1305 3322 αιμον
1329 3278 1550 3318 (Boiohemum
1570 3276 1710 3317 velleii,
1746 3277 1912 3309 Boiomum
1940 3276 2048 3309 Taciti

1189 3331 1306 3362 Germ.
1324 3329 1376 3370 28)
1390 3354 1398 3368 ,
1423 3325 1468 3360 τὸ
1491 3325 1559 3360 τοῦ
1586 3324 1815 3374 Μαροβόδου
1836 3323 2045 3366 βασίλειον,

1188 3380 1242 3420 εἰς
1265 3374 1310 3411 ὃν
1339 3377 1484 3419 ἐκεῖνος
1510 3375 1631 3410 τόπον
1658 3373 1798 3418 ἄλλους
1823 3385 1863 3409 τε
1889 3377 2048 3419 μετανέ-

1189 3438 1307 3472 στησε
1329 3427 1482 3470 πλείους
1503 3427 1568 3461 καὶ
1589 3424 1637 3471 δὴ
1660 3426 1725 3460 καὶ
1739 3423 1830 3469 τοὺς
1845 3422 2047 3470 ὁμοεθνεῖς
