2254 3770
644 237 799 282 LIBER
829 239 859 283 Ι.
920 238 1021 296 Cap.
1053 237 1119 281 47.
1151 237 1217 281 48.
1249 237 1315 282 49.
1347 238 1414 283 20.
1445 237 1513 282 24.
1915 233 1970 278 23

190 344 384 388 tribunus
425 343 636 402 legatione
678 357 730 387 ea
771 342 1036 401 fungeretur,
1082 350 1335 402 peteretque
1378 343 1581 388 militibus
1622 342 1870 387 missionem
1914 340 1969 384 ab

190 418 380 462 sedecim
416 419 556 462 annis:
598 425 743 463 cetera
779 417 1076 467 mandaturos,
1123 418 1196 462 ubi
1237 420 1374 477 prima
1412 419 1722 477 provenissent.
1780 415 1969 475 profecto

190 494 343 537 iuvene
371 493 587 538 modicum
618 493 772 537 otium:
817 492 894 537 sed
926 492 1150 551 superbire
1180 493 1324 544 mileS,
1371 494 1487 552 quod
1522 493 1632 537 filius
1669 491 1796 550 legati
1826 497 1970 535 orator

188 567 385 626 publicae
414 582 569 612 causae
602 569 704 612 satis
724 567 970 612 ostenderet
988 568 1243 613 necessitate
1263 583 1468 627 expressa
1488 583 1600 627 quae
1619 581 1699 626 per
1716 566 1971 610 modestiam

187 656 271 686 non
301 643 595 687 obtinuissent.
657 643 738 700 (20)
769 643 933 687 interea
971 643 1177 701 manipuli
1217 650 1314 688 ante
1349 650 1544 702 coeptam
1574 643 1829 687 seditionem
1856 642 1999 685 Nau-5

186 723 356 775 portum
385 718 502 762 missi
533 718 588 762 ob
619 718 769 762 itinera
798 724 840 762 et
867 724 1020 776 pontes
1050 724 1093 762 et
1122 718 1227 763 alios
1257 733 1382 770 usus,
1426 725 1654 777 postquam
1682 718 1898 761 turbatum
1926 716 1970 759 in

186 793 337 836 castris
365 807 592 851 accepere,
637 793 790 837 vexilla
819 793 1078 844 convellunt,
1125 794 1390 852 dirept1sque
1419 794 1623 852 proximis
1653 793 1757 837 vicis
1786 793 1968 850 ipsoque

184 869 419 925 Nauporto,
465 869 582 926 quod
621 869 838 926 municipii
878 869 1010 912 instar
1049 875 1158 921 erat,
1206 870 1424 913 retinentis
1455 869 1726 913 centuriones
1763 867 1897 911 inrisu
1927 872 1969 910 et

185 942 472 993 contumeliis,
514 951 732 1001 postremo
763 943 1018 988 verberibus
1047 944 1325 994 insectantur,
1364 945 1597 1002 praecipua
1626 944 1668 986 in
1697 942 1968 986 Aufidienum

184 1017 334 1061 Rufum
354 1018 619 1076 praefectum
638 1026 873 1063 castrorum
895 1019 969 1067 ira,
991 1034 1121 1077 quem
1137 1019 1359 1078 dereptum
1376 1019 1574 1063 vehiculo
1594 1018 1772 1062 sarcinis
1793 1023 2017 1075 gravantao

184 1100 399 1151 aguntque
435 1093 574 1151 primo
615 1094 657 1136 in
696 1095 885 1152 agmine,
927 1109 1007 1152 per
1045 1094 1276 1138 ludibrium
1304 1095 1534 1152 rogitantes
1565 1109 1619 1138 an
1648 1100 1733 1137 tam
1761 1094 1968 1136 immensa

185 1181 337 1219 onera,
369 1174 454 1211 tam
483 1168 610 1226 longa
637 1169 788 1212 itinera
815 1168 997 1213 libenter
1024 1169 1165 1214 ferret.
1224 1170 1384 1228 quippe
1414 1170 1545 1214 Rufus
1575 1169 1649 1213 diu
1678 1168 1965 1227 manipularis,

185 1243 285 1287 dein
328 1244 540 1294 centurio,
587 1258 688 1287 mox
727 1244 876 1288 castris
919 1245 1180 1303 praefectus,
1231 1246 1449 1303 antiquam
1495 1244 1734 1302 duramque
1777 1242 1967 1286 militiam

182 1318 428 1366 revocabat.
474 1325 596 1363 vetus
635 1319 779 1377 operis
820 1334 871 1363 ac
908 1319 1094 1370 laboris,
1139 1326 1182 1364 et
1226 1334 1278 1364 eo
1328 1320 1527 1384 immitior
1556 1321 1658 1378 quia
1699 1319 1965 1363 toleraverat.

185 1394 266 1450 (24)
298 1394 449 1437 horum
479 1393 664 1437 adventu
694 1394 1007 1452 redintegratur
1029 1394 1200 1446 seditio,
1233 1402 1275 1439 et
1295 1396 1389 1453 vagi
1403 1395 1682 1440 *circumiecta
1702 1393 2016 1453 populaban-ie

184 1475 262 1511 tur.
319 1468 497 1512 Blaesus
525 1482 708 1526 paucos,
752 1470 934 1513 maxime
973 1471 1136 1528 praeda
1165 1477 1363 1520 onustos,
1405 1470 1459 1515 ad
1488 1477 1695 1514 terrorem
1726 1477 1967 1514 ceterorum

183 1543 307 1586 adfici
326 1543 607 1592 verberibus,
641 1544 780 1588 claudi
813 1559 987 1588 carcere
1019 1546 1154 1589 iubet:
1194 1561 1292 1588 nam
1321 1546 1448 1589 etiam
1478 1553 1565 1589 tum
1598 1546 1734 1602 legato
1765 1558 1788 1587 a
1820 1551 1966 1588 centu-

182 1618 374 1662 rionibus
414 1626 456 1662 et
490 1620 649 1677 optimo
680 1634 855 1678 quoque
888 1620 1218 1678 manipularium
1246 1621 1489 1679 parebatur.
1548 1621 1604 1663 illi
1636 1622 1766 1664 obniti
1798 1620 1966 1664 trahen-

183 1694 316 1744 tibus,
358 1707 565 1751 prensare
596 1695 958 1739 circumstantium
987 1710 1143 1754 genua,
1185 1697 1300 1740 ciere
1331 1696 1459 1740 modo
1488 1697 1660 1740 nomina
1689 1695 1964 1754 singulorum,

185 1769 314 1812 modo
352 1770 585 1813 centuriam
615 1770 799 1828 quisque
839 1771 960 1815 cuius
1000 1771 1274 1829 manipularis
1307 1779 1417 1823 erat,
1459 1771 1699 1822 cohortem,
1740 1771 1963 1829 legionem,
1979 1787 2016 1818 20

185 1843 337 1888 eadem
357 1844 554 1888 omnibus
574 1845 796 1890 imminere
816 1845 1092 1891 clamitantes.
1138 1847 1262 1890 simul
1282 1847 1441 1905 probra
1470 1848 1512 1890 in
1532 1847 1718 1905 legatum
1738 1847 1965 1899 cumulant,

185 1919 350 1963 caelum
390 1933 440 1964 ac
479 1919 585 1963 deos
621 1920 905 1972 obtestantur,
948 1922 1051 1965 nihil
1088 1922 1240 1981 reliqui
1275 1923 1432 1966 faciunt
1472 1937 1558 1981 quo
1595 1923 1734 1966 minus
1765 1923 1966 1966 invidiam

183 1995 542 2046 misericordiam,
573 2002 734 2040 metum
764 2003 806 2040 et
834 1998 918 2041 iras
947 2004 1260 2055 permoverent.
1309 1998 1549 2042 adcurritur
1579 1999 1632 2042 ab
1662 1998 1893 2049 universis,
1926 2004 1968 2042 et

227 2134 258 2166 4.
284 2133 337 2176 ab]
361 2135 407 2166 ad
428 2134 462 2167 Μ
482 2153 518 2159 -
543 2134 577 2169 4.
601 2137 828 2176 expraessaM
845 2154 881 2160 -
908 2137 940 2170 6.
957 2137 1128 2170 iteneraM
1153 2154 1189 2160 -
1215 2138 1247 2171 7.
1265 2137 1414 2178 accipere
1425 2138 1476 2177 M,
1500 2136 1637 2170 litterae
1653 2138 1666 2169 i
1681 2138 1920 2180 superscripta
1937 2147 1964 2171 e.

184 2189 235 2222 Cf.
250 2190 281 2229 2,
296 2190 328 2222 2.
346 2207 381 2213 -·
397 2189 450 2222 43.
464 2194 600 2223 centuro
611 2192 655 2231 M,
675 2200 853 2234 superscr.
867 2193 880 2224 i
895 2201 915 2224 a
931 2202 1003 2226 sec.
1019 2202 1067 2226 m.
1084 2211 1118 2216 —
1136 2193 1188 2226 ⁴4.
1206 2197 1301 2226 uetus
1316 2194 1470 2236 Lipsius:
1495 2194 1583 2226 intus
1597 2194 1629 2227 M
1647 2194 1797 2234 (invictus
1812 2193 1964 2237 margo);

183 2245 325 2278 intentus
346 2247 528 2286 Heinsius;
552 2250 696 2280 attentus
718 2248 919 2281 Rhenanus.
938 2266 974 2272 -
1001 2250 1213 2283 tolleraverat
1227 2251 1262 2283 M
1281 2268 1313 2274 —
1341 2250 1396 2282 20.
1420 2250 1514 2282 cuius
1529 2250 1667 2292 quisque
1687 2250 1964 2292 Bezzenberger.

186 2365 365 2406 inceptum
400 2365 588 2398 omisere.»
627 2366 790 2399 Bazzann.
817 2384 853 2390 —
890 2367 1053 2400 desideria

185 2416 338 2456 militum]
365 2415 402 2448 C.
420 2417 482 2448 26:
505 2417 668 2449 desideria
682 2418 859 2459 leyionum.
878 2437 914 2442 —
929 2428 1054 2459 parum

185 2466 221 2498 in
244 2465 398 2507 tempore]
430 2461 502 2498 οὐκ
528 2465 569 2499 ἐν
591 2465 722 2513 καιρῷ.
751 2485 788 2492 -
815 2469 1052 2511 provenissent]

1101 2369 1168 2401 tiae
1200 2368 1544 2409 caerimoniarumque
1575 2371 1677 2401 vetus.
1718 2369 1756 2409 6,
1781 2369 1843 2403 44:
1878 2373 1970 2402 vetus

1101 2419 1275 2461 regnandi.
1301 2419 1387 2451 Hist.
1405 2418 1438 2459 4,
1455 2419 1516 2451 20:
1541 2423 1664 2452 veteres
1677 2420 1828 2452 militiae.
1853 2419 1886 2460 4,
1905 2421 1966 2453 76:

1101 2472 1241 2501 veterem
1271 2472 1509 2509 expertumque
1538 2469 1610 2501 belli
1639 2468 1822 2510 (militem).
1858 2470 1968 2503 Inscr.

185 2516 208 2548 i.
235 2523 270 2556 q.
296 2516 565 2549 successissent.
599 2516 649 2549 Cf.
675 2517 762 2550 Hist.
787 2518 825 2558 2,
852 2518 905 2551 46.
934 2518 972 2558 4,
999 2518 1052 2551 48.

187 2565 284 2598 Ovid.
310 2566 411 2599 Trist.
437 2567 476 2606 4,
503 2568 541 2606 4,
567 2567 627 2600 39:
668 2567 827 2600 Carmina
856 2569 1056 2609 proveniunt

187 2616 300 2648 animo
323 2617 463 2648 deducta
485 2626 611 2650 sereno.

228 2666 283 2699 20.
308 2667 520 2707 Nauportum
540 2667 642 2710 missi]
665 2669 863 2710 Nauportus
884 2670 938 2702 est
953 2671 1056 2712 oppi-

187 2715 273 2748 dum
306 2715 341 2747 in
374 2717 553 2749 Pannonia
584 2718 791 2759 superiore,
827 2718 862 2751 h.
886 2719 1054 2760 Laybach,

187 2763 370 2798 Carniolae
387 2763 521 2808 (Krain)
543 2769 660 2809 caput.
678 2766 800 2800 Vellei.
818 2768 851 2808 2,
870 2769 952 2802 44οτ
974 2778 1057 2809 pars

182 2818 294 2856 petere
314 2815 448 2848 Italiam
470 2817 676 2858 decreverat,
706 2819 855 2850 iunctam
876 2819 937 2851 sibi
960 2820 1057 2852 Nau-

183 2866 274 2906 porti
305 2874 346 2897 ac
377 2866 534 2908 Tergestis
562 2868 714 2910 confinio.
745 2886 779 2891 —
811 2869 1010 2912 convellunt]
1036 2879 1055 2902 e

188 2914 279 2955 solo,
311 2914 371 2947 ubi
395 2915 462 2948 fixa
487 2919 607 2957 erant,
638 2917 810 2959 evellunt,
843 2920 974 2962 quippe
997 2929 1056 2952 re-

189 2966 294 2998 dituri
310 2966 346 2998 in
363 2967 489 2999 castra.
511 2985 546 2990 —
571 2969 743 3010 municipii
761 2970 880 3010 instar]
899 2969 949 3003 Cf.
968 2971 1054 3003 Hist.

187 3018 220 3056 4,
246 3016 305 3048 67;
340 3016 487 3056 direptus
508 3017 608 3059 lonqa
628 3028 711 3059 pace
734 3020 768 3052 in
790 3021 924 3053 modum
945 3022 1058 3053 muni-

187 3066 266 3107 cipii
289 3070 458 3099 extructus
479 3067 579 3100 locus.
605 3068 638 3108 4,
661 3069 720 3102 22ε
747 3079 849 3111 opera
871 3071 960 3102 haud
974 3079 1066 3111 pro--

187 3116 242 3148 cut
268 3116 385 3148 castris
413 3116 449 3148 in
475 3117 608 3149 modum
632 3119 804 3159 municipii
826 3122 990 3152 extructa.
1017 3137 1053 3142 —

188 3165 352 3207 vehiculo]
384 3174 454 3207 quo
486 3165 659 3200 abeuntes
689 3169 847 3200 comitari
877 3167 1055 3207 voluerat;

189 3216 270 3246 nota
287 3215 368 3252 hoc,
388 3215 609 3248 honestiores
626 3215 774 3249 militum
789 3216 958 3250 vehiculis
975 3219 1058 3250 tunc

190 3264 224 3296 in
248 3265 371 3297 itinere
395 3273 478 3298 usos
503 3274 594 3298 esse.
623 3283 658 3289 —
691 3271 783 3299 vetus
811 3268 919 3307 operis
942 3276 982 3300 ac
1004 3268 1058 3300 la-

191 3313 288 3357 boris]
313 3322 377 3356 per
399 3312 529 3347 multos
552 3315 622 3347 iam
645 3323 756 3348 annos
781 3315 971 3349 industriae
989 3317 1058 3349 mi-

190 3362 279 3396 litari
294 3372 337 3397 ac
352 3362 533 3398 laboribus
549 3367 725 3399 assuetus.
745 3366 796 3399 Cf.
815 3366 848 3407 6,
866 3367 926 3400 ⁴2:
952 3367 1058 3400 scien-

1104 2519 1374 2551 Lambaesitana
1390 2519 1447 2552 Or.
1466 2529 1500 2552 n.
1519 2518 1655 2552 7446λε
1680 2515 1810 2552 BELLI
1825 2520 1968 2553 VETVS.

1103 2570 1154 2601 De
1178 2568 1357 2611 praefecto
1381 2570 1578 2601 castrorum
1601 2569 1767 2611 Vegetius
1789 2570 1822 2609 2,
1849 2570 1908 2602 4οε
1939 2571 1972 2603 Is

1100 2622 1174 2659 post
1202 2619 1337 2660 lonyam
1367 2618 1608 2659 probatamque
1634 2619 1789 2652 militiam
1806 2619 1971 2660 peritissi-

1104 2677 1178 2701 mus
1201 2669 1348 2700 omnium
1374 2667 1554 2710 legebatur.

1147 2769 1200 2800 24.
1219 2777 1299 2800 nam
1313 2768 1413 2801 etiam
1429 2771 1499 2801 tum
1514 2786 1532 2792 -
1547 2786 1566 2792 -
1579 2768 1772 2812 parebatur]
1790 2770 1886 2802 Haec
1900 2778 1971 2802 non

1105 2819 1152 2851 ita
1175 2818 1267 2851 dicta
1285 2820 1382 2859 sunt,
1410 2819 1510 2860 quasi
1528 2819 1752 2852 centuriones
1769 2821 1804 2852 et
1818 2821 1972 2862 optimus

1105 2869 1255 2910 quisque
1269 2866 1539 2909 manipularium
1556 2869 1673 2901 furore
1690 2869 1875 2902 rebellium
1890 2878 1973 2902 mox

1104 2919 1171 2960 ipsi
1191 2918 1343 2960 correpti
1365 2918 1445 2957 sint,
1467 2918 1530 2951 sed
1549 2919 1738 2960 parebatur
1757 2920 1801 2952 ab
1823 2920 1873 2959 iis,
1892 2920 1972 2961 quia

1107 2968 1299 3000 etiamnum
1314 2967 1408 3000 iussa
1422 2968 1522 3001 ducis
1539 2970 1684 3011 exsequi
1701 2971 1873 3011 poterant,
1891 2977 1973 3001 mox

1106 3019 1225 3050 autem
1248 3026 1267 3049 a
1290 3016 1481 3060 lymphatis
1506 3018 1674 3053 militibus
1698 3021 1805 3062 spreti
1830 3028 1871 3051 ac
1889 3028 1973 3052 ver-

1106 3066 1251 3099 beribus
1273 3067 1372 3109 petiti
1388 3067 1489 3100 saluti
1504 3077 1588 3102 suae
1606 3069 1791 3103 consulere
1808 3068 1972 3110 fugiendo

1107 3117 1217 3150 coacti
1241 3118 1334 3150 sunt.
1363 3118 1496 3151 Rima.
1525 3137 1561 3143 -—
1593 3120 1830 3161 permoverent]
1857 3120 1974 3162 impe-

1106 3168 1206 3200 tuose
1229 3170 1427 3209 moverent,
1454 3178 1525 3201 non
1548 3169 1664 3202 solum
1688 3170 1732 3202 de
1755 3169 1970 3212 hominibus,

1107 3217 1171 3250 sed
1195 3219 1302 3251 etiam
1325 3218 1368 3251 de
1393 3219 1596 3260 affecthus,
1623 3222 1660 3252 ut
1683 3219 1822 3259 Quintil.
1845 3220 1899 3261 42,
1917 3221 1970 3262 40,

1107 3267 1164 3300 36;
1196 3270 1408 3309 permovendi
1436 3279 1547 3302 omnes
1576 3271 1712 3310 affectus
1738 3272 1846 3304 erunt.
1879 3271 1970 3304 Anu.

1106 3316 1138 3358 3,
1157 3317 1218 3351 23:
1244 3321 1374 3352 tantum
1388 3320 1635 3352 misericordiae
1647 3319 1818 3359 permovit.
1841 3320 1895 3361 46,
1909 3320 1969 3354 32;

1106 3372 1267 3409 quantum
1300 3370 1547 3404 misericordiae
1581 3370 1721 3403 saevitia
1754 3371 1974 3405 accusationis
