2254 3770
0 925 11 1059 ’uv-'v-‘v
0 911 1 915 Α

838 239 992 285 LIBER
1021 242 1051 285 I.
1097 243 1197 302 Cap.
1228 246 1294 289 57.
1326 248 1393 291 58.
1951 260 2005 302 49

227 340 325 384 divo
354 343 540 399 Augusto
571 342 736 387 civitate
767 343 948 390 donatus
977 358 1089 400 sum,
1132 350 1292 395 amicos
1321 353 1601 414 inimicosque
1631 371 1684 402 ex
1712 362 1864 406 vestris
1893 364 2005 408 utili-

226 416 379 460 tatibus
408 416 564 475 delegi,
596 431 738 476 neque
759 419 858 464 odio
878 423 1039 479 patriae
1071 425 1245 483 (quippe
1265 428 1506 485 proditores
1528 432 1655 477 etiam
1674 434 1725 478 iis
1746 449 1854 494 quos
1885 447 2003 484 ante-

224 496 383 548 ponunt
412 491 533 536 invisi
564 495 694 550 sunt),
730 509 879 539 verum
909 498 1010 555 quia
1039 500 1238 544 Romanis
1275 503 1583 565 Germanisque
1613 508 1728 554 idem
1758 513 2000 560 conducere

222 571 263 608 et
280 579 433 622 pacem
452 581 582 625 quam
601 568 761 613 bellum
780 571 1028 628 probabam.
1069 589 1171 632 ergo
1202 585 1417 635 raptorem
1445 581 1557 627 filiae
1578 599 1718 638 meae,
1750 588 2000 634 violatorem

219 638 404 683 foederis
434 643 582 694 vestri,
628 645 860 689 Arminium
895 656 996 706 aput
1031 651 1204 703 Varum,
1243 655 1315 711 qui
1346 662 1435 700 tum
1469 660 1672 704 exercitui
1710 665 2029 720 praesidebat,5

218 727 339 758 reum
368 715 459 760 feci.
504 717 658 763 dilatus
689 722 867 778 segnitia
896 723 1040 776 ducis,
1081 727 1181 784 quia
1210 743 1362 785 parum
1390 734 1594 789 praesidii
1625 737 1666 779 in
1696 737 1862 796 legibus
1893 750 1994 795 erat,

216 796 262 832 ut
290 804 359 834 me
390 797 432 835 et
461 794 693 839 Arminium
733 803 775 840 et
813 799 1009 843 conscios
1037 801 1216 846 vinciret
1251 803 1447 862 flagitavi.
1497 811 1616 855 testis
1647 812 1716 857 illa
1745 829 1847 867 nox,
1893 819 1994 862 mihi

216 864 376 909 utinam
404 868 546 924 potius
575 871 822 916 novissima!
853 888 965 932 quae
995 883 1142 921 secuta
1172 886 1289 931 sunt,
1321 881 1470 927 defleri
1500 888 1634 944 magis
1665 903 1795 947 quam
1824 891 1994 938 defendi

215 935 405 997 possunt.
456 951 646 989 ceterum
687 954 728 990 et
758 948 880 993 inieci
913 957 1083 995 catenas
1113 954 1316 1007 Arminio,
1360 964 1402 1001 et
1431 973 1455 1002 a
1485 960 1664 1007 factione
1694 965 1788 1010 eius
1817 967 1992 1014 iniectas

214 1028 446 1073 perpessus
466 1032 573 1063 sum.
617 1028 744 1080 atque
774 1023 847 1067 ubi
877 1025 1059 1083 primum
1091 1029 1150 1072 tui
1180 1031 1321 1089 copia,
1354 1040 1499 1079 vetera
1528 1039 1649 1083 novis
1680 1047 1722 1084 et
1741 1042 1885 1100 quieta
1905 1052 2042 1090 tur-ao

213 1087 325 1134 hidis
363 1092 616 1152 antehabqeo,
663 1111 805 1155 neque
846 1100 902 1144 ob
942 1103 1196 1159 praemium,
1244 1107 1319 1151 sed
1361 1115 1407 1152 ut
1441 1125 1510 1155 me
1549 1114 1729 1171 perfidia
1760 1119 1987 1174 exsolvam,

212 1165 337 1208 simul
367 1169 480 1225 genti
503 1169 810 1217 Germanorum
839 1174 1021 1221 idoneus
1051 1179 1312 1233 conciliator,
1346 1179 1714 1242 si‘paenitentiam
1734 1207 1863 1251 quam
1892 1211 1990 1254 per-

211 1240 366 1285 niciem
395 1243 602 1289 maluerit.
648 1262 727 1305 pro
758 1249 928 1295 iuventa
957 1260 1000 1296 et
1028 1267 1174 1299 errore
1194 1255 1268 1300 filii
1289 1259 1458 1304 veniam
1475 1277 1648 1320 precor:
1679 1266 1808 1313 filiam
1837 1285 1989 1317 neces-

210 1315 331 1360 sitate
351 1317 435 1362 huc
455 1319 682 1365 adductam
702 1323 846 1368 fateor.
892 1333 1010 1371 tuum
1041 1330 1120 1373 erit
1139 1332 1379 1379 consultare
1409 1344 1551 1382 utrum
1578 1343 1837 1398 praevaleat,
1871 1349 1987 1406 quod

209 1404 262 1434 ex
289 1393 476 1438 Arminio
516 1399 710 1456 concepit
746 1414 797 1443 an
837 1402 954 1460 quod
992 1417 1045 1447 ex
1073 1420 1142 1450 me
1171 1409 1312 1464 genita
1340 1418 1442 1454 est.»
1506 1415 1664 1460 Caesar
1693 1419 1888 1466 clementi
1919 1438 1987 1469 re-
2000 1436 2037 1467 45

208 1479 366 1523 sponso
403 1468 549 1514 liberis
584 1474 923 1535 propinquisque
953 1479 1046 1524 eius
1083 1481 1432 1540 incolumitatem,
1472 1489 1553 1548 ipsi
1589 1493 1739 1539 sedem
1769 1504 1913 1543 vetere
1944 1501 1986 1544 in

207 1543 425 1598 provincia
466 1546 699 1603 pollicetur.
751 1553 984 1597 exercitum
1022 1556 1190 1602 reduxit
1226 1574 1468 1622 nomenque
1505 1565 1772 1625 imperatoris
1809 1581 1984 1621 auctore

206 1616 373 1662 Tiberio
402 1622 579 1679 accepit.
624 1626 795 1669 Arminii
826 1642 934 1672 uxor
961 1630 1092 1675 virilis
1122 1647 1250 1678 sexus
1279 1638 1455 1696 stirpem
1485 1642 1635 1688 edidit:
1667 1646 1874 1693 educatus
1903 1653 1984 1695 Ra-

205 1705 369 1738 vennae
399 1709 508 1753 puer
537 1712 623 1755 quo
653 1715 752 1744 mox
780 1701 965 1749 ludibrio
997 1707 1260 1754 conflictatus
1290 1713 1363 1764 sit,
1396 1715 1439 1758 in
1468 1723 1661 1776 tempore
1691 1725 1952 1771 memorabo.

222 1850 225 1852 >
246 1837 277 1871 3.
301 1839 449 1874 inuisum
470 1843 502 1876 M
525 1843 638 1884 (inuisi
660 1851 734 1879 sunt
756 1851 888 1892 margo)
907 1868 943 1875 -
970 1853 1001 1885 7.
1018 1854 1164 1888 uinceret
1178 1864 1230 1898 pr.
1251 1858 1284 1891 M
1302 1876 1337 1882 —
1363 1869 1434 1894 nox
1447 1863 1544 1904 mihi,
1569 1867 1700 1900 utinam
1715 1869 1841 1903 Haase.
1863 1890 1898 1897 —
1926 1874 1979 1906 40.

201 1896 342 1936 torpidis
362 1905 414 1939 pr.
431 1899 465 1932 M
489 1916 525 1922 —
551 1900 603 1933 42.
622 1905 810 1943 permitiem
833 1906 934 1947 (corr.
960 1909 994 1940 in
1013 1911 1200 1954 pernitiem)
1223 1914 1256 1947 M
1282 1932 1318 1938 —
1348 1916 1401 1950 43.
1424 1915 1509 1959 poor
1529 1921 1563 1954 M
1587 1939 1623 1945 —
1650 1924 1703 1957 46.
1726 1926 1982 1963 incolomitatem

200 1950 235 1985 M
259 1969 294 1975 -
320 1957 429 1988 uetere
451 1964 542 1989 corr.
567 1958 619 1991 M:
644 1963 759 1994 uetera
780 1971 834 2005 pr.
852 1965 904 2004 M;
933 1965 1049 2000 Vetera
1069 1968 1140 2002 Iac.
1166 1971 1370 2006 Gronovius.
1399 1992 1435 1999 —
1461 1976 1514 2010 48.
1538 1986 1703 2014 reuennae
1724 1983 1769 2016 M.

199 2070 289 2104 infra
312 2080 343 2105 c.
368 2073 422 2106 84.
446 2075 487 2108 Α.
512 2075 544 2117 3,
570 2078 610 2110 47
635 2080 670 2112 et
691 2079 744 2113 32.
770 2081 802 2123 4,
821 2083 873 2118 64.
898 2086 931 2126 ὅ,
950 2087 982 2119 6.
1008 2087 1060 2128 43,
1113 2089 1172 2130 24,
1197 2090 1251 2125 44.
1281 2092 1341 2133 25,
1367 2093 1399 2127 3.
1428 2111 1464 2118 —
1496 2106 1677 2140 nomenque
1705 2102 1978 2143 imperatoris--

199 2121 231 2154 6.
258 2121 318 2163 44,
343 2123 396 2156 64.
430 2124 517 2159 Hist.
542 2127 581 2168 3,
608 2129 661 2162 60.
692 2129 730 2171 4,
755 2132 797 2165 55
822 2135 858 2167 et
879 2136 932 2168 76.
962 2138 1002 2179 ὅ,
1027 2140 1059 2171 5.
1112 2140 1248 2182 accepit]
1272 2151 1315 2174 ex
1336 2143 1454 2185 prisco
1478 2154 1596 2188 more,
1623 2148 1668 2182 de
1692 2159 1762 2192 quo
1786 2153 1828 2187 ct.
1856 2164 1887 2188 c.
1906 2156 1925 2189 3
1943 2159 1978 2191 et

199 2172 315 2205 Germ.
342 2173 372 2206 6.
404 2174 490 2208 Hist.
517 2176 549 2218 3,
575 2179 636 2212 60:
660 2183 812 2222 praedae
841 2195 943 2227 quarm
965 2192 1062 2230 peri·
1111 2190 1144 2232 3,
1169 2191 1222 2225 74.
1251 2208 1285 2216 -—
1312 2194 1471 2228 educatus
1491 2197 1669 2232 Ravennae
1686 2200 1736 2242 p.]
1767 2205 1805 2236 ut
1828 2205 1977 2249 Gottling

198 2221 350 2255 culorwm
364 2226 481 2258 socias.
507 2227 641 2262 Seneca
664 2230 708 2263 de
724 2232 843 2268 Benef.
863 2237 893 2277 4,
911 2238 949 2269 9:
967 2248 1061 2280 pau-

190 2274 354 2310 pertatem
375 2282 471 2307 suwm
497 2285 598 2317 quanm
620 2280 726 2314 ullum
748 2284 842 2317 aliud
862 2290 970 2321 vereri
985 2298 1061 2322 ma—

195 2321 275 2354 lum.
297 2340 333 2346 -
358 2324 418 2357 illa
439 2326 519 2369 ηοω]
542 2328 578 2361 in
601 2338 670 2372 qua
689 2334 901 2376 convivium,
926 2337 971 2372 de
988 2348 1058 2382 quo

196 2379 228 2403 c.
252 2372 305 2404 55.
331 2373 411 2407 Eum.
444 2393 479 2400 -
510 2379 609 2412 inieci
639 2385 774 2416 catenas
799 2385 960 2430 Arminio]
992 2390 1058 2424 ob-

194 2428 339 2455 scurum
354 2422 497 2466 factum,
522 2428 622 2463 cuius
637 2439 744 2466 nemo
759 2438 945 2476 praeterea
959 2447 1058 2474 men-

194 2470 328 2504 tionem
347 2471 439 2506 facit.
459 2490 495 2499 —
515 2479 671 2523 perfidia]
697 2483 795 2517 cuius
811 2487 969 2528 speciem
986 2498 1055 2523 non

192 2520 294 2555 nullis
316 2521 464 2559 fortasse
483 2528 643 2569 praebui.
662 2548 699 2555 —
717 2536 831 2568 utrum
846 2540 1055 2583 praevaleat]

193 2572 311 2605 utrum
335 2575 368 2606 ei
390 2577 532 2610 veniam
555 2579 640 2613 dare
663 2582 779 2626 malis,
806 2588 887 2628 quia
903 2591 1054 2631 Segestis

190 2620 303 2655 fidelis
326 2624 412 2656 socii
434 2624 523 2668 filia,
555 2638 600 2662 an
624 2633 749 2673 punire
780 2635 889 2677 (certe
913 2639 947 2671 in
970 2649 1055 2682 per-

189 2672 295 2713 petua
309 2673 448 2708 vincula
464 2679 662 2723 coniicere),
688 2685 769 2725 quia
784 2685 893 2721 hostis
907 2690 1052 2723 Arminii

189 2728 278 2753 uxor
301 2725 365 2755 est.
402 2724 524 2760 Elucet
545 2737 631 2763 sane
655 2735 824 2774 paternus
843 2746 955 2779 amor,
980 2749 1050 2782 quo

187 2779 252 2811 pro
268 2780 310 2804 ea
326 2772 548 2816 deprecatur.
570 2797 604 2804 —-
629 2786 738 2817 vetere
750 2786 786 2818 in
801 2789 991 2831 provincia]
1015 2791 1050 2824 in

188 2819 404 2856 Cisrhenana
429 2825 572 2865 (Gallica
591 2831 669 2872 ripa
690 2841 798 2877 supra
813 2845 845 2870 c.
862 2838 934 2879 57);
958 2842 1053 2873 vetus

187 2870 306 2903 autem
333 2875 512 2913 provincia
542 2882 704 2922 vocatur,
742 2885 823 2926 quia
855 2887 945 2921 haec
979 2889 1048 2923 iam

188 2919 326 2960 pridem
357 2922 521 2960 Romanis
553 2928 711 2966 subiecta
742 2937 819 2969 erat
844 2946 911 2972 nec
932 2940 1049 2973 timeri

186 2970 341 3011 poterat,
367 2981 412 3005 ne
436 2983 476 3007 ea
500 2984 670 3020 umquam
686 2991 707 3015 a
724 2984 905 3020 Germanis
927 2986 1047 3022 liberis

186 3023 470 3061 recuperaretur.
502 3026 695 3069 opponitur
717 3035 924 3076 cogitatione
945 3040 1048 3071 veteri

185 3067 345 3110 rebellis,
370 3079 461 3113 quae
484 3077 563 3109 ante
587 3078 772 3116 Varianam
795 3084 932 3120 cladem
947 3096 966 3120 a
982 3088 1047 3121 Ro·-

185 3119 298 3152 manis
320 3119 527 3157 desciverat.
556 3127 606 3159 Ac
628 3137 751 3164 veram
774 3133 864 3168 hanc
888 3145 966 3170 esse
989 3138 1046 3169 in-

185 3168 472 3209 terpretationem
493 3178 690 3211 monstrant
711 3182 820 3216 verba
843 3193 873 3217 c.
899 3186 958 3218 59:
988 3195 1045 3218 co-

184 3215 263 3249 leret
277 3217 421 3260 Segestes
433 3223 558 3256 victam
570 3227 692 3267 ripwm.
725 3222 888 3266 S'imiliter
906 3237 944 3268 A.
958 3234 990 3275 3,
1002 3236 1043 3270 74

184 3263 316 3299 Africae
345 3271 483 3310 partem
510 3274 580 3308 iam
607 3276 742 3312 dudum
763 3279 934 3317 domitam
954 3288 1045 3319 vete-

183 3320 253 3345 rem
273 3319 485 3356 provinciam
511 3326 634 3364 vocam
669 3331 764 3361 vetus
791 3332 826 3364 et
847 3340 937 3366 nova
957 3343 1041 3376 pro-

182 3361 296 3396 vincia
316 3365 352 3399 in
375 3368 489 3404 Sicilia
510 3371 768 3417 distinguuntur
789 3381 884 3424 apud
905 3383 1039 3419 Livium

252 3423 392 3462 ΤΑαιι-υο
413 3430 441 3464 1.

1110 2242 1210 2282 putat
1239 2245 1422 2284 separatus
1449 2254 1469 2277 a
1492 2249 1624 2289 matre,
1654 2258 1745 2291 quae
1768 2253 1899 2287 Romae
1923 2265 1977 2289 re-

1110 2299 1258 2325 manere
1283 2292 1463 2336 debuerit,
1496 2305 1541 2329 ne
1565 2298 1713 2333 fortasse
1738 2304 1978 2340 exstimularet

1108 2343 1143 2374 in
1166 2343 1344 2377 Romanos
1360 2344 1420 2377 filii
1436 2347 1605 2381 animum.
1630 2351 1818 2387 Ravennae
1834 2355 1975 2391 habitus

1109 2393 1163 2426 est
1191 2395 1315 2436 postea
1344 2395 1450 2429 etiam
1479 2398 1718 2435 Maroboduus
1746 2404 1784 2444 2,
1817 2406 1878 2447 63,
1914 2407 1975 2441 ubi

1106 2443 1256 2484 uterque
1281 2452 1300 2476 a
1325 2443 1510 2480 classiariis
1539 2447 1640 2482 facile
1663 2451 1699 2484 in
1720 2451 1832 2487 libera
1855 2458 1975 2490 custo—

1106 2491 1163 2526 dia
1185 2493 1330 2527 retineri
1351 2497 1502 2537 poterat.
1530 2515 1565 2521 —
1602 2500 1692 2543 mox]
1715 2505 1857 2545 postea;
1889 2515 1973 2541 nam

1105 2543 1152 2576 ad
1180 2543 1457 2579 adulescentiam
1490 2551 1697 2589 pervenisse
1728 2553 1877 2596 videtur.
1918 2557 1970 2591 Cf.

1104 2593 1194 2626 Ann.
1221 2594 1273 2634 44,
1300 2595 1352 2627 46.
1381 2614 1417 2619 -
1441 2598 1641 2641 memorabo]
1663 2601 1703 2634 In
1725 2601 1822 2637 libris
1845 2605 1973 2648 deper-

1104 2642 1183 2677 ditis
1207 2646 1436 2685 memoravit;
1460 2655 1555 2680 nunc
1579 2650 1654 2683 eius
1677 2651 1813 2687 ludibrii
1836 2664 1970 2690 memo-

1102 2693 1152 2725 ria
1182 2694 1329 2733 interiit;
1362 2696 1495 2729 incerta
1526 2699 1640 2740 enim,
1681 2703 1746 2735 etsi
1775 2704 1966 2749 ingeniosa,

1103 2743 1157 2775 est
1172 2743 1367 2786 Goettlingii
1383 2747 1554 2788 suspicio,
1580 2748 1792 2790 gladiaturae
1810 2752 1891 2788 eum
1908 2756 1969 2790 de-

1101 2792 1268 2825 stinatum
1303 2802 1400 2835 esse,
1438 2797 1522 2837 etsi,
1560 2800 1598 2830 ut
1620 2801 1716 2833 notat
1744 2811 1785 2835 ex
1821 2805 1963 2839 Sueton.

1100 2842 1201 2875 Caes.
1220 2843 1255 2876 34
1281 2846 1316 2876 et
1330 2843 1418 2877 Plut.
1439 2846 1540 2879 Caes.
1559 2847 1612 2880 32.
1637 2849 1825 2886 Ravennae
1841 2853 1964 2890 ludum

1098 2891 1340 2933 gladiatorium
1376 2894 1635 2931 aedificandum
1666 2905 1851 2937 curaverat
1879 2906 1964 2939 Cae-

1098 2949 1174 2981 sar;
1201 2942 1420 2975 Thwnetimnn
1441 2946 1561 2980 autem
1583 2947 1775 2984 arbitratur
1797 2961 1875 2987 esse
1902 2964 1963 2988 no-

1097 2999 1180 3024 men
1203 3001 1274 3025 non
1296 2993 1563 3036 Germanicum,
1592 2998 1658 3031 sed
1679 3009 1790 3041 puero
1813 3004 1961 3038 inditum

1096 3049 1117 3073 a
1139 3042 1321 3083 Romanis,
1353 3043 1518 3079 videlicet
1540 3046 1765 3092 Θυμελικόν,
1794 3054 1890 3095 quod
1911 3057 1960 3088 ta—

1095 3098 1179 3123 men
1199 3091 1362 3140 χορευτῇ
1378 3095 1492 3136 aptius
1509 3105 1616 3138 quam
1632 3098 1813 3140 gladiatori
1829 3104 1956 3146 futuro,

1095 3141 1131 3172 et
1154 3140 1315 3174 Straboni
1338 3144 1393 3176 est
1415 3143 1662 3188 Θουμελικός.
1692 3149 1854 3191 (Mortem
1876 3154 1959 3187 hor-

1093 3187 1243 3230 ribilem,
1262 3199 1369 3232 quam
1385 3192 1452 3226 sibi
1468 3197 1639 3229 conscivit
1653 3197 1822 3239 gladiator
1836 3203 1955 3245 utique

1093 3238 1340 3282 Germanicus,
1378 3243 1547 3278 describit
1579 3247 1712 3280 Seneca
1741 3250 1846 3291 Epist.
1881 3254 1954 3297 70.)

1093 3288 1145 3321 Cf.
1170 3289 1208 3323 C.
1234 3291 1290 3325 W.
1310 3292 1460 3335 Gottling
1484 3295 1681 3337 Thumzda,
1705 3298 1875 3335 Arminius
1888 3305 1953 3338 Ge-

1089 3338 1210 3380 malin,
1234 3341 1303 3373 mid
1322 3341 1378 3374 ihr
1401 3342 1490 3376 Sohn
1506 3344 1709 3379 Thumetious
1723 3348 1760 3380 in
1775 3350 1953 3391 qleichzei—

1087 3388 1177 3430 ἥσθη
1189 3389 1375 3426 Biidmissen
1389 3393 1644 3436 naehqewiesen.
1668 3396 1753 3431 Iena
1768 3399 1864 3436 4844.
1889 3403 1947 3439 fol.

1645 3455 1672 3499 4
