2254 3770
744 272 900 317 unua
928 273 958 315 1.
1019 271 1117 330 Cap.
1150 271 1214 314 ιθ.
1247 270 1311 323 ⁴7,
1883 267 1931 314 ει

161 382 227 426 vel
257 381 385 426 armis
414 380 611 424 adirent?
654 378 756 423 satis
785 392 865 437 per
893 384 953 423 tot
981 392 1114 422 annos
1144 377 1313 436 ignavia
1341 382 1585 435 peccatum,
1626 375 1742 435 quod
1778 374 1939 420 tricena

161 464 232 501 aut
259 455 534 515 quadragena
562 454 773 512 stipendia
802 468 946 502 senes,
980 459 1022 498 et
1049 452 1244 512 plerique
1275 459 1467 496 truncato
1498 466 1551 496 ex
1569 450 1817 494 vulneribus
1842 463 1938 494 cor-

158 545 278 591 pore,
310 530 502 574 tolerent.
551 543 605 573 ne
636 529 822 573 dimissis
852 529 1026 587 quidem
1055 528 1183 572 finem
1214 541 1312 571 esse
1343 527 1533 581 militiae,
1571 525 1647 570 sed
1678 531 1779 584 aput
1807 524 1940 569 vexil-

156 607 242 650 lum
282 605 504 650 tendentes
544 604 627 648 alio
666 604 875 648 vocabulo
906 604 1082 648 eosdem
1119 603 1289 647 labores
1326 603 1531 660 perferre.
1590 615 1640 646 ac
1670 601 1705 644 si
1745 601 1842 659 quis
1878 606 1938 644 tot

157 695 282 726 casus
310 682 394 725 vita
424 680 710 739 superaverit,
756 679 863 723 trahi
893 678 1033 723 adhuc
1063 678 1255 722 diversas
1286 678 1327 721 in
1357 684 1516 727 terras,
1554 676 1626 720 ubi
1663 690 1742 734 per
1780 689 1967 722 nomens

155 771 354 816 agrorum
398 756 578 814 uligines
621 754 825 813 paludum
869 753 936 798 vel
980 753 1136 798 inculta
1181 754 1385 798 montium
1430 753 1650 815 accipiant.
1718 751 1936 796 enimvero

154 832 342 876 militiam
373 833 508 890 ipsam
539 844 730 889 gravem,
764 829 1083 873 infructuosam:
1115 829 1237 887 denis
1267 829 1308 871 in
1339 828 1452 873 diem
1482 829 1651 872 assibus
1681 828 1863 871 animam
1894 833 1938 871 et

154 922 310 967 corpus
342 907 574 959 aestimari;
606 905 702 950 hinc
733 913 893 949 vestem
915 918 1032 948 arma
1052 904 1248 955 tentoria,
1282 904 1380 947 hinc
1400 904 1619 948 saevitiam
1641 903 1936 948 centurionum

155 991 196 1027 et
224 983 468 1027 vacationes
500 995 722 1025 munerum
751 980 915 1024 redimi.
975 986 1016 1023 at
1046 979 1228 1024 Hercule
1257 979 1439 1023 verbera
1470 986 1511 1023 et
1540 979 1736 1028 vulnera,
1783 977 1934 1022 duram

157 1059 356 1108 hiemem,
388 1057 598 1101 exercitas
629 1063 832 1106 aestateS,
868 1055 1025 1099 bellum
1055 1063 1175 1099 atrox
1194 1062 1266 1098 aut
1284 1054 1470 1099 sterilem
1490 1069 1642 1113 pacem
1662 1054 1984 1112 sempiternam

154 1148 235 1178 nec
271 1133 373 1177 aliut
408 1132 692 1176 levamentum
731 1145 862 1189 quam
902 1131 936 1174 si
977 1131 1104 1175 certis
1142 1130 1222 1174 sub
1256 1130 1423 1187 legibus
1467 1130 1610 1173 militia
1651 1130 1848 1180 iniretur,
1889 1136 1936 1173 ut

154 1209 344 1267 singulos
395 1208 594 1252 denarios
646 1212 877 1254 mererent,
932 1214 1077 1250 sextus
1121 1207 1329 1250 decumus
1373 1205 1570 1264 stipendii
1627 1219 1762 1249 annus
1805 1205 1935 1249 finem

154 1284 355 1336 adferret3
396 1297 450 1327 ne
489 1282 597 1326 ultra
635 1281 716 1326 sub
753 1281 916 1326 vexillis
955 1287 1220 1332 tenerentur,
1262 1287 1327 1325 set
1364 1280 1502 1325 isdem
1538 1281 1579 1323 in
1618 1281 1768 1324 castris
1808 1295 1936 1339 prae-

153 1360 284 1404 mium
312 1359 495 1418 pecunia
525 1357 775 1402 solveretur.
834 1371 887 1401 an
917 1357 1152 1414 praetorias
1183 1356 1400 1407 cohortes,
1438 1370 1550 1415 quae
1581 1356 1704 1401 binos
1734 1356 1933 1401 denarios

194 1524 226 1558 4.
251 1525 414 1557 tendentes
434 1524 503 1556 Iac.
523 1522 736 1555 Gronovius:
774 1525 787 1554 t
811 1522 855 1562 (in
879 1522 948 1554 fine
972 1530 1114 1561 versus,
1147 1520 1212 1554 sed
1234 1521 1298 1562 ita,
1330 1521 1370 1554 ut
1391 1521 1471 1563 post
1493 1521 1584 1554 hanc
1607 1521 1757 1555 litteram
1782 1522 1935 1565 spatium

151 1589 304 1614 vacuum
333 1579 471 1613 duabus
500 1578 623 1612 litteris
651 1577 814 1611 relictum
836 1578 890 1618 sit)
920 1581 1020 1610 tentes
1040 1578 1092 1614 Μ;
1127 1580 1269 1610 retentos
1290 1576 1493 1610 Beroaldus.
1521 1593 1556 1601 —
1590 1579 1624 1611 ὅ.
1647 1586 1767 1611 causus
1787 1579 1838 1618 M,
1870 1578 1936 1611 sed

151 1639 268 1680 priore
282 1646 306 1669 u
320 1638 451 1680 puncto
474 1638 594 1669 notata
611 1636 740 1669 eodem
756 1636 965 1668 atramento.
986 1653 1022 1658 —
1046 1635 1078 1667 9.
1097 1634 1143 1677 at]
1168 1635 1213 1667 ad
1227 1635 1260 1668 M
1279 1652 1314 1658 —
1341 1635 1395 1667 43.
1413 1634 1539 1676 adferet
1554 1635 1599 1668 M.

154 1769 226 1801 vita
257 1768 435 1809 superarit.
471 1785 504 1791 —
542 1766 634 1799 trahi
667 1767 773 1799 adhuc
807 1767 952 1799 diversas
984 1768 1019 1799 in

154 1818 274 1860 terras]
308 1818 398 1851 Ann.
424 1816 462 1856 4,
496 1816 555 1850 46ε
590 1817 662 1858 fore
690 1817 953 1849 ut--diversas
984 1817 1019 1849 in

154 1873 262 1902 terras
295 1868 515 1901 traherentur.
550 1884 587 1891 —
618 1868 759 1909 uligines
782 1868 948 1908 paludum
969 1868 1020 1899 vel

153 1920 279 1952 inculta
300 1917 474 1960 montium]
499 1916 625 1950 Similis
648 1916 791 1959 querela
809 1918 853 1950 de
870 1917 1018 1950 Sullanis

153 1977 318 2010 agrorum
340 1966 569 2000 divisionibus
600 1967 655 2000 est
677 1976 733 2009 ap.
760 1966 961 2000 Sallustium
984 1968 1020 2000 in

153 2019 312 2051 oratione
324 2016 463 2059 Lepidi:
487 2018 622 2059 eqreyia
633 2017 753 2049 scilicet
763 2019 921 2058 mercede,
946 2027 1021 2050 cum

152 2067 293 2110 releqati
321 2068 356 2099 in
373 2067 514 2108 paludes
536 2071 565 2099 et
587 2067 687 2099 silvas
713 2068 944 2100 contumeliam
966 2071 1020 2100 at-

154 2127 216 2159 que
247 2117 408 2151 invidiam
436 2125 550 2157 suam,
582 2117 737 2158 praemia
767 2126 866 2158 penes
894 2127 1022 2159 paucos

152 2168 386 2209 intellegerent.
418 2184 454 2190 —
485 2170 605 2200 vestem
643 2176 743 2199 arma
780 2168 932 2210 tentoria]
971 2169 1019 2201 Ex

153 2217 267 2250 verbo
282 2217 400 2250 redimi
416 2225 482 2259 per
496 2225 644 2259 zeugma
660 2218 731 2250 huc
746 2217 1019 2251 adsciscendum

153 2268 227 2301 emi.
254 2267 305 2300 Cf.
324 2267 377 2305 ⁴5.
403 2267 437 2299 Μ
459 2276 466 2298 :
518 2268 641 2299 editum
654 2268 683 2300 si
705 2268 778 2307 quis
799 2268 925 2310 inteyer
946 2269 1021 2301 lon-

153 2319 280 2360 ginqua
295 2321 325 2349 et
340 2316 422 2349 avia
437 2317 492 2358 (pe
511 2318 631 2359 ivere),
655 2318 822 2350 vulnerati
836 2322 950 2351 castra
964 2328 1020 2351 re-

150 2368 306 2409 petivere.
337 2365 482 2408 «Polyb.
501 2367 533 2406 6,
555 2366 614 2400 39:
641 2370 723 2408 τοῖς
734 2363 936 2411 Ῥωμαίοις
949 2366 1018 2401 τοῦ

153 2427 195 2450 τε
211 2418 319 2450 σίτου
342 2417 408 2449 καὶ
423 2413 494 2459 τῆς
509 2415 675 2460 ἐσθῆτος
690 2413 764 2450 κᾶν
778 2428 882 2460 τινος
897 2413 1018 2452 ὅπλου

155 2465 441 2527 προσδεηθῶσι,
478 2465 629 2500 πάντων
655 2465 801 2502 τούτων
830 2465 852 2501 ὁ
880 2470 1020 2511 ταμίας

154 2528 225 2562 την
255 2518 486 2561 τεταγμένην
513 2514 629 2560 τιμὴν
659 2517 703 2551 ἐκ
735 2517 809 2551 τῶν
837 2514 1018 2561 ὀψωνίων

155 2565 427 2612 ὑπολογίζεται.
464 2568 539 2607 Quo
562 2570 681 2601 tamen
704 2569 928 2602 incommodo
951 2570 1020 2602 mi-

153 2617 232 2651 lites
254 2617 392 2651 liberati
413 2619 496 2651 sunt
517 2626 582 2660 per
606 2618 644 2651 C.
665 2619 813 2652 Gracchi
835 2618 950 2661 legem
973 2619 1018 2652 de

155 2668 342 2708 militibus,
367 2677 457 2709 quae
482 2667 635 2701 ferebat:
670 2669 720 2701 uti
737 2672 874 2710 praeter
895 2670 1019 2710 stipen-

154 2719 247 2752 dium
289 2718 446 2750 militibus
488 2721 590 2750 vestes
627 2728 754 2759 quoque
789 2720 937 2761 gratuito
977 2729 1020 2752 ex

154 2769 289 2802 aerario
301 2769 474 2800 darentur.
499 2767 586 2801 Plut.
605 2769 640 2801 in
653 2769 810 2802 Graccho
827 2778 860 2811 p.
876 2770 952 2803 837.
970 2770 1019 2802 Ex

154 2819 261 2852 Taciti
267 2817 344 2851 loco
354 2817 534 2858 discimus,
545 2818 720 2860 quaedam
729 2819 773 2852 de
782 2820 931 2853 Gracchi
941 2819 1018 2862 lege

155 2877 235 2913 esse
257 2867 431 2909 ⁸abrogata
459 2869 600 2910 postea,
631 2870 671 2901 ut
694 2878 736 2902 ex
759 2870 933 2911 stipendio
956 2869 1019 2902 ali-

155 2917 241 2961 quid
252 2917 499 2950 detraheretur
514 2927 580 2960 pro
594 2918 753 2952 vestibus
769 2921 858 2952 cet.»
874 2920 1015 2952 WALru.

158 2986 194 2992 —-
219 2967 390 3000 saevitiam
412 2968 639 3000 centurionum
655 2986 673 2992 -
686 2986 705 2993 —
718 2969 847 3011 redimi]
872 2970 957 3002 Hist.
985 2971 1016 3010 l,

154 3017 214 3051 46:
249 3017 517 3058 locupletissimus
549 3018 684 3059 quisque
715 3019 806 3052 miles
836 3019 948 3052 labore
976 3028 1018 3052 ac

153 3067 293 3100 saevitia
306 3067 467 3109 fatigari,
489 3068 589 3100 donee
605 3069 812 3101 vacationem
827 3073 1013 3102 emeret.-

153 3117 330 3159 exercitas]
363 3116 525 3149 laborum
558 3116 692 3159 plenas.
731 3136 766 3142 --
803 3122 841 3151 ut
872 3119 1017 3161 singulos

155 3167 308 3199 denarios
331 3166 413 3209 cet.J
436 3166 528 3199 Infra
552 3167 596 3208 (c.
613 3168 665 3209 26)
690 3167 818 3201 milites
839 3168 1017 3210 postulant

154 3219 191 3248 ut
226 3217 382 3249 denarius
414 3217 572 3248 diurnum
605 3218 803 3258 stipendium
833 3218 940 3259 foret,
981 3220 1017 3250 et

156 3265 258 3321 paulo
282 3267 362 3299 ante
385 3266 456 3299 dux
479 3266 659 3300 seditionis
676 3268 822 3309 questus
837 3269 903 3309 est,
928 3268 1017 3301 denis

156 3315 191 3348 in
214 3315 307 3348 diem
330 3315 468 3349 assibus
490 3317 645 3349 animam
668 3318 703 3349 et
726 3325 854 3360 corpus
878 3317 1013 3360 (militis)

157 3365 343 3398 aestimari.
390 3365 561 3398 Nimirum
591 3366 759 3408 quamdiu
789 3367 932 3410 singulis
961 3377 1015 3401 as-

155 3411 252 3446 sibus
264 3413 362 3447 militi
374 3415 628 3449 numerabatur
639 3416 869 3459 stipendium,
887 3418 1014 3452 decem

1069 1775 1168 1799 asses
1192 1767 1327 1807 integer
1350 1766 1516 1799 denarius
1546 1766 1626 1807 fuit,
1657 1765 1740 1800 licet
1769 1766 1934 1801 denarius

1070 1826 1101 1850 a.
1120 1817 1183 1849 537
1207 1826 1277 1849 non
1294 1816 1405 1849 denos
1429 1825 1545 1856 asses,
1571 1816 1634 1849 sed
1652 1816 1762 1849 denos
1779 1817 1815 1849 et
1829 1826 1935 1851 senos

1069 1867 1182 1910 pretio
1216 1867 1398 1908 aequaret.
1449 1865 1578 1899 Plinius
1613 1866 1673 1906 33,
1714 1866 1755 1899 ⁴3
1790 1866 1820 1908 (S
1855 1866 1931 1908 45):

1069 1919 1183 1950 Postea
1198 1917 1384 1950 Hannibale
1398 1919 1569 1958 uryuente,
1597 1918 1634 1957 Q.
1652 1916 1755 1949 Fabio
1769 1918 1935 1950 Maxumo

1069 1968 1246 2007 dictatore,
1279 1975 1366 1999 asses
1393 1966 1540 1999 unciales
1564 1966 1647 2007 facti
1670 1966 1859 2007 placuitque
1882 1967 1936 2000 de-

1068 2019 1205 2050 narium
1238 2017 1377 2050 sedecim
1410 2016 1536 2049 assibus
1562 2017 1761 2057 permutari.
1808 2017 1847 2049 In
1874 2019 1936 2050 mi-

1068 2069 1161 2101 litari
1193 2071 1302 2100 tamen
1335 2067 1494 2107 stipendio
1527 2075 1654 2107 semper
1687 2067 1844 2099 denarius
1871 2076 1935 2108 pro

1069 2119 1159 2151 denis
1187 2117 1313 2150 assibus
1340 2118 1438 2149 datas
1465 2120 1522 2149 est.
1569 2116 1639 2149 Sed
1671 2118 1796 2159 postea
1827 2125 1935 2158 quam

1069 2167 1174 2201 Iulius
1199 2168 1328 2201 Caesar
1355 2166 1503 2199 militare
1534 2166 1746 2208 stipendium
1777 2175 1797 2198 a
1821 2168 1936 2208 quinis

1069 2219 1104 2251 in
1128 2218 1223 2250 diem
1246 2216 1385 2250 assibus
1408 2217 1503 2248 auxit
1526 2216 1571 2248 ad
1595 2216 1724 2255 denos,
1750 2216 1854 2249 desiit
1871 2226 1936 2249 ve-

1069 2269 1126 2300 tus
1154 2266 1210 2299 illa
1240 2266 1402 2308 stipendii
1426 2266 1654 2308 computandi
1677 2266 1782 2307 ratio,
1815 2265 1937 2299 miles-

1069 2326 1138 2359 que
1162 2316 1317 2358 quotidie
1342 2316 1470 2348 decem
1493 2316 1638 2357 quidem
1661 2324 1759 2349 asses
1784 2317 1933 2358 accepit,

1069 2367 1135 2400 sed
1159 2375 1240 2404 eos,
1278 2374 1432 2408 quorum
1460 2364 1622 2399 sedecim
1648 2365 1833 2399 denarium
1856 2365 1936 2399 effi-

1069 2418 1192 2450 cerent
1214 2417 1251 2449 et
1266 2417 1431 2458 quattuor
1447 2417 1661 2449 sestertium.
1693 2416 1800 2450 Vides
1817 2417 1933 2458 igitur,

1069 2468 1155 2510 quid
1170 2467 1306 2500 intersit
1320 2467 1412 2500 inter
1427 2465 1554 2499 decem
1569 2475 1668 2499 asses
1686 2467 1721 2499 et
1736 2459 1932 2505 denarium.

1069 2517 1230 2559 intelligis
1264 2517 1368 2550 etiam
1400 2517 1555 2549 Suetonii
1590 2516 1634 2549 de
1665 2515 1749 2549 Iulio
1781 2517 1933 2550 Caesare

1067 2567 1178 2601 verba
1202 2567 1244 2608 (c.
1270 2567 1337 2608 26),
1368 2566 1548 2609 legionibus
1571 2567 1768 2608 stipendium
1794 2568 1831 2600 in
1850 2576 1934 2608 per-

1063 2622 1202 2660 petuum
1217 2616 1417 2662 duplicavit,
1444 2625 1515 2649 non
1538 2618 1702 2650 accurate
1727 2617 1820 2650 dicta
1838 2625 1930 2650 esse.

1069 2669 1201 2701 Rrrmn.
1238 2686 1272 2690 —
1306 2670 1418 2700 sextus
1446 2667 1600 2700 decumus
1628 2668 1704 2709 stip.
1729 2668 1848 2708 annus]
1883 2667 1934 2700 uti

1069 2727 1154 2751 sane
1184 2717 1414 2750 constituerat
1436 2717 1611 2759 Augustus
1635 2726 1667 2750 a.
1692 2726 1727 2750 u.
1752 2717 1829 2751 74⁴.
1867 2718 1932 2750 Dio

1067 2768 1127 2808 54,
1157 2769 1217 2801 25:
1254 2759 1303 2810 ἦν
1333 2764 1374 2800 δὲ
1405 2760 1428 2799 ὅ
1457 2776 1499 2800 τε
1531 2763 1697 2812 ἀριθμὸς
1729 2764 1805 2800 τῶν
1837 2764 1932 2800 ἑτῶν

1067 2821 1149 2859 τοῖς
1170 2817 1242 2861 μὲν
1264 2814 1499 2864 δορυφόροις
1513 2815 1680 2859 δώδεκα,
1704 2821 1785 2858 τοῖς
1806 2815 1838 2850 δ’
1861 2812 1931 2850 ἆλ-

1067 2867 1148 2909 λοις
1176 2866 1389 2901 ἑκκαίδεκα.
1434 2867 1535 2900 Idem
1561 2868 1615 2908 57,
1645 2867 1682 2901 4;
1720 2863 1802 2901 ουθ“
1837 2863 1931 2914 ὑπὲρ

1066 2917 1268 2952 ἑκκαίδεκα
1295 2914 1363 2961 ε’τη
1393 2915 1668 2964 στρατεύεσθαι
1698 2914 1855 2976 ἤθελον
1865 2918 1929 2950 καὶ

1066 2965 1251 3025 δραχμὴν
1269 2963 1484 3027 ἡμερησίαν
1514 2969 1644 3016 φέρειν
1675 2965 1724 3001 τά
1755 2977 1796 3001 τε
1827 2961 1930 3001 ἆθλα

1066 3016 1181 3059 εὐθὺς
1203 3013 1322 3052 αὐτοῦ
1339 3017 1380 3051 ἐν
1395 3016 1446 3063 τῷ
1463 3017 1704 3066 στρατοπέδῳ
1719 3015 1929 3062 λαμβάνειν

1065 3066 1212 3113 ἠξίουν.
1233 3087 1267 3092 -
1294 3069 1386 3101 binos
1407 3070 1570 3112 denarios]
1594 3070 1629 3102 Si
1651 3070 1770 3103 Dionis
1792 3069 1847 3109 53,
1873 3070 1926 3103 Μ.

1064 3118 1172 3152 verba
1189 3127 1286 3160 vera,
1307 3126 1377 3152 non
1393 3118 1495 3152 binos
1512 3119 1675 3153 denarios
1693 3119 1807 3151 meriti
1822 3127 1928 3161 prae-

1064 3169 1207 3210 toriani,
1239 3168 1303 3202 sed
1330 3170 1466 3202 tantum
1488 3169 1558 3202 XX.
1585 3178 1694 3202 asses.
1742 3169 1830 3201 Nam
1859 3169 1923 3202 ait:

1063 3221 1145 3260 τοῖς
1159 3216 1496 3277 δορυφορήσουσιν
1510 3215 1629 3252 αὐτὸν
1643 3214 1844 3251 διπλάσιον
1857 3215 1926 3251 τὸν
1943 3238 1949 3243 -

1062 3265 1208 3311 μισθὸν
1235 3267 1303 3303 τοῦ
1333 3272 1414 3310 τοῖς
1443 3265 1573 3310 ἅλλοις
1601 3265 1847 3314 στρατιόταις
1869 3266 1926 3302 δι-

1063 3317 1227 3362 δομένου
1279 3316 1533 3363 ψηφισθῆναι
1579 3316 1828 3365 διεπράξαντο
1872 3318 1928 3362 (οἱ

1062 3367 1292 3412 βουλευταί).
1327 3371 1377 3411 Si,
1402 3371 1563 3412 inquam,
1589 3368 1734 3411 duplum
1751 3369 1847 3412 quod
1862 3378 1925 3404 ce-

1062 3420 1147 3454 teris
1169 3419 1336 3454 militibus
1359 3419 1479 3454 datum
1507 3419 1757 3462 praetorianis,
1787 3420 1925 3454 constat
