2254 3770
748 280 904 326 LIBER
935 280 1001 326 VI.¹
1044 279 1146 338 Cap.
1174 279 1249 323 45.
1273 279 1341 323 46.

1860 279 1943 323 305

179 389 448 448 pubertatem
474 388 711 445 ingressus,
743 387 981 433 Germanici
1007 386 1094 431 filio
1122 385 1255 431 robur
1274 386 1482 439 iuventae,
1502 385 1616 444 vulgi
1636 385 1786 438 studia,
1807 398 1946 444 eaque

181 471 283 523 aput
319 478 447 508 avum
482 462 567 507 odii
607 477 749 508 causa.
797 464 923 508 etiam
960 463 1014 508 de
1050 462 1226 508 Claudio
1263 462 1453 520 agitanti,
1498 461 1616 521 quod
1655 462 1692 506 is
1728 461 1950 519 conposita

181 546 316 585 aetate
345 539 553 584 bonarum
580 539 733 583 artium
767 540 944 597 cupiens
974 545 1081 590 erat,
1121 538 1340 582 imminuta
1377 552 1499 582 mens
1535 539 1629 582 eius
1646 529 1650 533 ’
1665 537 1836 582 obstitit.
1885 537 1948 580 sin

181 621 300 660 extra
342 614 514 659 domum
555 628 782 659 successor
818 621 1119 673 quaereretur,
1159 627 1214 658 ne
1244 616 1449 658 memoria
1475 614 1669 672 Augusti,
1713 626 1768 657 ne
1797 625 1953 657 nomen

182 691 412 735 Caesarum
441 690 484 733 in
515 689 697 734 ludibria
726 697 769 734 et
797 690 1074 735 contumelias
1101 695 1316 734 verterent
1338 689 1577 734 metuebat:
1608 689 1769 748 quippe
1790 688 1849 732 illi
1868 702 1984 732 nons

181 766 375 825 perinde.
391 779 519 811 curae
547 766 681 824 gratia
709 767 998 824 praesentium
1025 780 1154 825 quam
1182 765 1226 808 in
1253 771 1451 824 posteros
1474 764 1659 809 ambitio.
1698 778 1798 810 mox
1817 765 1956 809 incer-

183 847 251 886 tus
281 841 426 892 animi,
456 841 570 886 fesso
601 855 799 899 corpore,
832 841 1076 892 consilium,

1107 841 1176 885 cui
1196 841 1334 899 impar
1352 847 1460 892 erat,
1492 840 1576 884 fato
1597 841 1804 898 permisit,
1835 840 1956 884 iactis

183 923 325 962 tamen
353 916 530 962 vocibus
558 931 638 975 per
666 931 774 975 quas
803 916 1118 975 intellegeretur
1147 916 1350 974 providus
1375 916 1622 960 futurorum.
1666 930 1850 975 namque
1870 916 1958 959 Ma-

186 993 303 1038 croni
345 1006 429 1037 non
472 992 615 1037 abdita
650 992 830 1050 ambage
866 992 1132 1037 occidentem
1166 992 1220 1036 ab
1249 1005 1302 1036 eo
1332 991 1493 1044 deseri,
1539 992 1746 1036 orientem
1775 991 1958 1050 spectari

187 1068 476 1127 exprobravit,
509 1074 552 1112 et
581 1068 627 1113 C.
658 1068 849 1119 Caesari,
879 1068 987 1112 forte
1016 1074 1108 1112 orto
1138 1081 1335 1112 sermone
1360 1068 1405 1112 L.
1428 1067 1587 1112 Sullam
1615 1067 1836 1120 inridenti,
1867 1081 1959 1111 om-
1970 1082 2008 1112 io

188 1145 258 1188 nia
287 1143 429 1188 Sullae
456 1143 558 1187 vitia
586 1149 629 1188 et
656 1143 814 1188 nullam
842 1143 1037 1188 eiusdem
1065 1143 1263 1188 virtutem
1290 1143 1533 1188 habiturum
1570 1143 1791 1202 praedixit.
1833 1142 1961 1186 simul

188 1219 352 1264 crebris
391 1232 488 1263 cum
525 1218 711 1263 lacrimis
746 1219 954 1274 minorem
991 1233 1044 1264 ex
1080 1219 1308 1278 nepotibus
1342 1219 1595 1278 conplexus,
1642 1219 1750 1263 truci
1788 1217 1961 1262 alterius

189 1293 327 1346 vultu,
362 1294 568 1339 «occides
596 1294 709 1339 hunc
737 1300 813 1338 tu»
847 1295 998 1353 inquit,
1035 1301 1107 1339 «et
1133 1302 1176 1339 te
1204 1295 1350 1339 alius.»
1397 1294 1476 1340 sed
1504 1300 1783 1353 gravescente
1810 1293 1963 1339 valitu-

190 1369 289 1414 dine
330 1369 433 1413 nihil
470 1383 495 1414 e
536 1369 781 1414 libidinibus
819 1370 1055 1422 omittebat,

1100 1371 1142 1414 in
1185 1371 1386 1429 patientia
1421 1370 1723 1415 firmitudinem
1761 1369 1964 1414 simulans

190 1444 427 1503 solitusque
457 1445 633 1490 eludere
663 1444 927 1490 medicorum
955 1453 1068 1490 artes
1098 1453 1227 1505 atque
1256 1461 1350 1498 eos,
1382 1447 1456 1505 qui
1484 1453 1582 1505 post
1609 1445 1873 1491 tricesimum
1892 1457 2015 1490 ae-45

190 1521 286 1565 tatis
315 1535 472 1568 annum
500 1520 554 1566 ad
582 1521 911 1566 internoscenda
939 1522 1109 1580 corpori
1137 1536 1216 1566 suo
1246 1522 1365 1567 utilia
1392 1522 1462 1567 vel
1491 1522 1618 1567 noxia
1645 1520 1967 1567 alienissconsilii

191 1595 440 1656 indigerent.

258 1743 291 1778 3.
314 1743 445 1777 aretiam
464 1744 500 1778 M
523 1761 560 1768 -
585 1743 640 1776 43.
662 1743 780 1785 inquid
799 1744 845 1779 M.

193 1866 234 1910 ἐς
253 1863 376 1916 ἔρωτα
397 1863 516 1901 αὐτὸν
537 1865 607 1911 τῆς
628 1866 766 1902 ἑαυτοῦ
782 1865 963 1913 γυναικὸς
973 1864 1057 1902 Ἕν-

193 1919 278 1959 νίας
300 1915 524 1975 Θρασύλλης
546 1916 805 1976 προϋπῆρκτο.
831 1914 925 1978 ὅπερ
945 1920 1011 1978 καὶ
1033 1915 1056 1951 ὁ

194 1968 366 2027 Τξβέριος
395 1964 638 2010 ὑποπτεύσας
659 1970 768 2011 ποτέ,
796 1963 853 2003 Εὖ
874 1980 936 2014 γε,
965 1966 1055 2013 ἐφη,

192 2015 261 2051 τὸν
282 2017 468 2062 δυόμενον
491 2017 750 2064 ἐγκαταλιπών
771 2017 866 2067 πρὸς
879 2017 947 2053 τὸν
962 2016 1058 2053 ἀνα-

193 2067 373 2102 τέλλοντα
388 2068 530 2116 ἐπείγῃ.
552 2070 859 2109 Quemadmodum
876 2073 911 2103 et
926 2071 1059 2103 Macro-

194 2128 278 2153 nem
307 2122 343 2153 et
370 2121 516 2153 Enniam
542 2123 789 2155 remuneratus
820 2122 864 2154 sit
890 2120 1055 2162 Caligula,

195 2169 299 2203 docet
312 2171 377 2203 Dio
393 2171 448 2211 59,
462 2171 504 2204 40
519 2171 566 2204 ad
581 2180 614 2204 a.
627 2180 663 2205 u.
678 2172 759 2204 794:
784 2169 853 2204 τὸν
867 2169 1059 2218 Μάκρωνα

193 2218 291 2263 μετὰ
311 2219 382 2263 τῆς
400 2217 566 2263 Ἕννὶας,
588 2221 687 2265 μήτε
707 2219 777 2256 τοῦ
799 2220 942 2266 ταύτης
964 2233 1058 2270 ερω-

193 2280 260 2312 τος
280 2268 379 2314 μήτε
401 2270 475 2304 τῶν
496 2271 645 2305 ἐκείνου
668 2267 987 2318 εὐεργετημάτων,
1010 2272 1056 2307 δι’

195 2314 250 2354 ὦν
270 2319 319 2354 τά
337 2331 380 2358 τε
401 2317 499 2355 ἄλλα
520 2323 586 2356 καὶ
607 2319 678 2366 τὴν
692 2319 817 2382 ἀρχὴν
832 2319 934 2368 αὐτῷ
949 2321 1057 2367 μόνῳ

195 2370 498 2430 συγκατέπραξε,
521 2373 723 2417 μνησθείς,
751 2370 792 2415 ῗὲς
812 2384 854 2407 τε
875 2374 1056 2408 ἑκουσίου

195 2418 244 2464 δὴ
266 2420 437 2457 θανάτου
460 2420 649 2466 ανάγκην,
673 2424 808 2471 καίπερ
827 2425 892 2457 καὶ
906 2421 976 2468 τὴν
991 2422 1058 2457 Αἴ-

197 2469 340 2530 γυπτόν
368 2472 410 2505 οἱ
435 2470 672 2531 προστάξας,
703 2473 769 2506 καὶ
794 2474 834 2515 ἐς
854 2471 1056 2518 αἰσχύνην,

197 2514 245 2565 ἧς
266 2518 384 2563 αὐτὸς
403 2519 450 2555 τὸ
473 2521 651 2556 πλεῖστον
671 2526 843 2566 μετεῖχε,
873 2525 1059 2567 κατέστη-

197 2581 287 2605 σεν·
326 2574 586 2631 προαγωγείας
631 2570 704 2631 γὰρ
740 2569 913 2617 εγκλημα
954 2570 1057 2618 αὐτῷ

197 2619 293 2669 πρὸς
319 2625 402 2664 τοῖς
430 2618 561 2665 ἄλλοις
586 2620 785 2668 ἐπήγαγεν.
813 2643 849 2649 —-
881 2628 1062 2658 commotus

196 2673 340 2716 eugenio]
359 2673 421 2711 Cf.
436 2675 480 2716 4,
505 2675 566 2708 33:
589 2675 774 2717 Ayrippina
790 2676 894 2716 paulo
916 2685 1061 2709 commo-

197 2723 274 2756 tior.
298 2723 331 2764 4,
349 2723 388 2756 3:
412 2725 546 2758 Drusus
561 2742 610 2749 --
624 2726 736 2758 animo
757 2726 958 2759 commotior.
985 2726 1057 2759 Cic.

196 2773 293 2806 Brut.
312 2772 332 2814 S
348 2773 428 2806 ⁴29:
447 2774 553 2815 paulo
566 2775 727 2816 fervidior
741 2778 842 2816 atque
855 2777 1059 2808 conmwttor.

199 2843 202 2846 ›
240 2822 295 2857 46.
318 2825 432 2857 Druso
449 2825 589 2867 genitus]
604 2825 774 2859 Tiberius.
792 2825 850 2859 ·Cf.
867 2827 900 2867 2,
917 2825 972 2859 84.
996 2826 1060 2859 Dio

197 2873 253 2914 59,
275 2875 310 2906 4.
329 2891 364 2898 -
392 2877 563 2916 conposita
585 2876 709 2918 aetate]
735 2876 864 2910 eadem
889 2876 1062 2918 significa-

197 2924 292 2957 tione
318 2926 442 2958 Graeci
467 2922 493 2969 ἡ
519 2926 782 2970 καθεστηκυῖα
803 2923 934 2970 ἡλικία
961 2927 1063 2969 (Thu-

200 2973 282 3016 cyd.
298 2974 332 3014 2,
350 2973 423 3016 36),
447 2975 508 3009 das
524 2979 662 3018 yesetzte
674 2977 776 3010 Alter.
802 2977 925 3010 Cicero
941 2976 986 3009 de
1003 2977 1063 3008 Se-

200 3025 296 3058 nect.
318 3024 381 3065 20,
406 3025 467 3058 76:
503 3030 657 3060 constans
689 3030 798 3068 aetas,
835 3036 921 3068 qaae
953 3027 1063 3059 media

201 3073 334 3107 dicitur.
368 3074 451 3107 Erat
472 3077 592 3109 autem
614 3077 698 3109 tune
721 3085 831 3110 annos
853 3078 956 3109 natus
978 3084 1064 3117 qua-

202 3122 361 3164 draginta
376 3132 450 3157 sex.
468 3125 609 3158 Sueten.
628 3125 749 3158 Claud.
763 3127 804 3158 2:
830 3125 987 3159 Claudius
1003 3133 1064 3157 na-

203 3175 256 3205 tus
275 3176 322 3206 est
341 3173 412 3206 Iulo
428 3174 570 3207 Antonio
583 3174 685 3207 Fabio
698 3175 856 3216 Africano
877 3173 1065 3207 consulibus

205 3222 254 3264 (a.
278 3231 314 3255 u.
339 3223 419 3266 744)
449 3225 608 3258 Kalendis
634 3224 803 3267 Augustis.
830 3242 867 3248 —
903 3224 1065 3256 bonarum

204 3272 329 3306 artium
343 3274 476 3315 cupiam
490 3275 572 3317 cet]
596 3276 738 3308 Sueton.
755 3274 877 3308 Claud.
895 3274 935 3307 3:
959 3274 1066 3307 Disci-

200 3321 304 3363 punis
323 3323 512 3358 Maliba
533 3325 576 3358 ab
598 3328 704 3358 aetate
719 3326 831 3366 prima
851 3334 918 3358 aon
938 3325 1065 3357 medio-

207 3378 296 3404 crom
308 3380 444 3414 operam
458 3375 545 3408 dedit
558 3384 599 3408 ac
611 3383 707 3416 saepe
719 3374 945 3416 eoepmmma
958 3374 1067 3407 cuias-

209 3426 272 3460 ‘1100
301 3421 401 3456 etim
429 3423 622 3465 publicavit.
659 3423 779 3459 Veram
806 3431 848 3459 m
868 3423 916 3459 sic
936 3423 1067 3466 quidem

279 3480 420 3518 'ramus
439 3485 467 3519 1.

1105 1871 1284 1911 quicquam
1311 1869 1482 1912 diym'tatis
1508 1869 1646 1910 adsequi
1671 1872 1731 1902 aut
1755 1878 1846 1911 spem
1872 1870 1911 1903 de
1935 1878 1971 1903 se

1106 1921 1357 1953 commodiorem
1369 1920 1406 1952 in
1421 1923 1591 1961 posterum
1605 1920 1716 1961 facere
1727 1921 1846 1961 potuit.
1865 1919 1916 1953 cf.
1935 1920 1968 1962 3,

1107 1972 1160 2004 48.
1185 1989 1222 1995 -
1247 1971 1443 2004 occidentem
1469 1970 1552 2012 cet.]
1573 1969 1692 2004 Verba
1719 1971 1839 2004 Dionis
1862 1979 1970 2013 supra

1108 2020 1165 2063 (ad
1185 2029 1216 2053 c.
1230 2020 1283 2061 45)
1297 2019 1489 2054 attulimus.
1515 2019 1628 2053 Gloria
1651 2021 1745 2054 acuti
1761 2020 1844 2053 dicti
1858 2029 1970 2063 penes

1106 2072 1325 2113 Pompeium,
1347 2071 1406 2113 qui
1426 2070 1539 2104 Sullae
1552 2070 1740 2113 abneganti
1752 2071 1971 2113 triumphum

1107 2121 1325 2154 confidenter
1342 2121 1426 2153 dixit
1446 2121 1513 2163 (ap.
1530 2120 1618 2154 Plut.
1636 2123 1758 2163 Pomp.
1777 2121 1818 2154 44
1842 2130 1876 2163 p.
1895 2120 1970 2161 625)

1107 2165 1168 2204 ὅτι
1188 2167 1258 2203 τὸν
1281 2165 1392 2213 ἥλιον
1410 2166 1666 2203 ἀνατέλλοντα
1681 2169 1850 2212 πλείονες
1865 2165 1895 2213 ἢ
1911 2168 1973 2203 δυ-

1106 2218 1270 2264 νόμενον
1293 2220 1595 2268 προσκυνοῦσιν,
1619 2218 1672 2263 ὥς
1694 2217 1797 2265 αὐτῷ
1820 2220 1892 2264 μὲν
1906 2216 1974 2254 αὖ·

1106 2269 1336 2315 ξανομένης,
1353 2273 1585 2316 μειουμένης
1599 2270 1640 2305 δὲ
1655 2273 1723 2305 καὶ
1736 2272 1973 2319 μαραινομέ-

1107 2333 1176 2366 νης
1197 2322 1328 2366 ἐκείνῳ
1349 2321 1419 2365 τῆς
1442 2320 1650 2366 δυνάμεως.
1675 2324 1763 2356 Lirs.
1784 2340 1821 2347 —
1849 2323 1974 2355 occides

1106 2374 1192 2406 hunc
1213 2377 1250 2406 tu
1272 2373 1355 2416 cet.]
1390 2374 1455 2406 Dio
1478 2374 1536 2414 58,
1561 2374 1624 2406 23:
1655 2369 1786 2418 ἧγνόει
1807 2370 1880 2420 γὰρ
1905 2370 1974 2406 οὐ-

1107 2422 1170 2456 δὲν
1194 2423 1378 2465 (Tiberius)
1399 2421 1474 2455 τῶν
1495 2421 1595 2456 κατὰ
1615 2422 1684 2456 τὸν
1706 2421 1840 2465 Γάϊον,
1875 2419 1973 2456 ἀλλὰ

1106 2475 1174 2508 καὶ
1207 2471 1288 2507 εἶπέ
1321 2483 1414 2507 ποτε
1446 2471 1548 2518 αὐτῷ
1582 2473 1846 2533 διαφερομένῳ
1877 2471 1973 2522 πρὸς

1107 2524 1175 2558 τὸν
1198 2523 1372 2568 Τιβέριον
1395 2519 1456 2557 ὅτι
1478 2522 1528 2558 σύ
1549 2533 1591 2557 τε
1609 2519 1729 2558 αὐτὸν
1751 2520 1973 2565 ἀποκτενεῖς

1107 2576 1174 2609 καὶ
1202 2574 1247 2608 σὲ
1275 2571 1398 2608 ἄλλοι.
1432 2576 1484 2608 De
1505 2575 1690 2617 utriusque
1714 2575 1824 2608 caede
1847 2584 1880 2608 v.
1904 2576 1974 2608 im—

1107 2627 1230 2668 primis
1252 2624 1435 2659 Philonem
1456 2625 1493 2658 in
1515 2626 1597 2667 Leg.
1622 2625 1668 2658 ad
1692 2625 1815 2658 Gaium
1837 2625 1858 2658 4
1881 2626 1917 2658 et
1938 2626 1971 2665 5,

1108 2677 1184 2708 tum
1218 2675 1424 2708 Suetonium
1451 2673 1558 2716 Calig.
1582 2674 1625 2708 23
1648 2675 1684 2707 et
1705 2675 1758 2708 58.
1795 2674 1973 2708 Tiberium

1109 2726 1213 2759 Gaius
1227 2725 1378 2758 interfici
1393 2725 1493 2757 iussit
1507 2724 1578 2757 iam
1588 2725 1703 2766 primo
1716 2725 1854 2767 imperii
1865 2734 1969 2757 anno.

1108 2777 1172 2809 Dio
1185 2775 1357 2815 59,8.—··n
1370 2775 1533 2816 patientia
1545 2775 1627 2817 cet.]
1638 2774 1723 2808 dum
1735 2775 1971 2809 valetudinem

1108 2827 1184 2860 sive
1205 2825 1370 2859 morbum
1386 2825 1515 2868 patitur
1529 2824 1585 2858 vel
1601 2826 1726 2860 mediis
1741 2826 1777 2859 in
1793 2825 1972 2859 doloribus

1108 2876 1227 2910 valere
1251 2885 1290 2909 se
1313 2875 1494 2909 simulans.
1526 2875 1789 2918 simplicissima
1812 2877 1901 2909 haec
1920 2877 1972 2910 est

1104 2926 1287 2968 patientiae
1301 2926 1407 2965 notio,
1433 2933 1650 2967 quamquam
1664 2927 1863 2966 rarissima;
1889 2934 1971 2959 nam

1110 2975 1320 3018 plerumque
1349 2974 1504 3007 admixta
1533 2977 1587 3008 est
1615 2976 1819 3009 constantiae
1840 2975 1970 3018 signifi-

1112 3027 1219 3066 catio,
1256 3033 1327 3066 qna
1360 3025 1439 3066 quis
1472 3024 1564 3058 mala
1594 3034 1666 3059 non
1692 3027 1823 3067 patitur
1843 3025 1970 3067 solum,

1111 3073 1269 3116 πάσχει,
1292 3073 1359 3108 sed
1380 3075 1487 3108 etiam
1504 3077 1708 3117 perpetitur,
1731 3073 1867 3120 τολμᾷ.
1907 3076 1971 3109 Βδ-

1111 3135 1200 3159 neca
1222 3126 1286 3168 Ep.
1310 3126 1370 3159 78.
1397 3125 1586 3158 Tolerabilis
1606 3130 1653 3159 est
1672 3126 1779 3158 morbi
1795 3127 1974 3172 patientia,¹

1110 3176 1139 3208 si
1165 3175 1393 3216 contempseris
1419 3175 1455 3208 id
1484 3176 1573 3217 quod
1598 3179 1783 3208 extremum
1810 3175 1972 3217 minatur.

1111 3226 1154 3258 Et
1174 3225 1235 3258 82:
1264 3225 1435 3258 Devorata
1461 3226 1560 3258 unius
1579 3226 1662 3258 mali
1687 3225 1862 3266 patientia.
1887 3225 1972 3260 vid.

1111 3274 1211 3308 Roth.
1235 3273 1282 3307 ad
1303 3275 1384 3316 Agr.
1408 3283 1443 3317 p.
1468 3275 1542 3308 ⁴20.
1567 3275 1676 3307 Dor».
1695 3291 1731 3296 —
1755 3274 1975 3311 eludet-emo-

1113 3324 1262 3357 dicomm
1282 3328 1372 3358 artes
1393 3324 1475 3364 cet.]
1505 3323 1690 3356 Suetonius
1713 3322 1787 3356 Tib.
1813 3323 1882 3358 68:
1907 3318 1975 3358 'Va-

1112 3373 1254 3407 letudine
1264 3374 1493 3415 prosperrima
1508 3381 1588 3405 aaa
1605 3375 1663 3413 est,
1686 3375 1830 3414 tempore
1843 3367 1975 3413 widem

1111 3422 1321 3467 principatus
1337 3431 1447 3467 paene
1467 3425 1533 3457 toto
1547 3430 1655 3465 prope
1674 3421 1802 3465 tuam,
1825 3425 1977 3465 quamvis

1611 3481 1667 3528 20
