2254 3770
256 269 311 314 92

759 274 804 317 P.
838 271 1087 317 CORNELII
1116 271 1287 317 TACITI
1316 271 1584 318 ANNALIUM

256 374 447 434 quidam,
480 377 676 422 simulato
706 378 874 430 morbo,
908 377 1058 423 lectica
1086 378 1253 423 delatus
1275 378 1464 423 adfores
1485 379 1631 423 curiae
1651 379 1902 439 innisusque
1923 379 2039 424 fratri

256 457 299 495 et
326 464 478 496 manus
513 466 564 497 ac
601 453 819 512 supplices
849 467 980 498 voces
1016 453 1070 498 ad
1111 454 1325 498 Tiberium
1360 453 1541 498 tendens
1586 454 1759 500 immoto
1795 455 1889 500 eius
1922 455 2039 499 vultu

255 526 476 585 excipitur.
513 542 613 572 mox
631 528 798 572 libellos
819 535 862 573 et
881 535 1079 573 auctores
1109 530 1258 574 recitat
1278 529 1455 581 Caesar,
1487 531 1544 574 ita
1573 530 1802 576 moderans
1831 546 1886 576 ne
1907 531 2041 576 lenire

253 615 363 646 neve
403 616 606 661 asperare
643 604 820 647 crimina
857 604 1089 649 videretur.

1150 605 1231 662 (30)
1263 611 1534 649 accesserant
1573 612 1746 664 praeter
1774 607 1971 651 Trionem
2000 613 2043 651 et

223 677 405 722 seatum
433 684 708 723 accusatores
738 679 940 724 Fonteius
970 680 1157 739 Agrippa
1186 686 1229 724 et
1258 679 1302 724 C.
1334 679 1501 732 Vibius,
1540 681 1846 741 certabantque
1875 683 1944 727 cui
1974 682 2041 727 ius

252 753 482 811 perorandi
514 754 555 796 in
585 768 708 798 reum
737 753 927 807 daretur,
969 755 1109 800 donec
1138 755 1301 807 Vibius,
1341 755 1442 814 quia
1480 769 1561 800 nec
1598 756 1679 815 ipsi
1715 757 1826 801 inter
1860 771 1909 802 se
1938 771 2042 803 con-

254 828 460 873 cederent
488 836 530 874 et
558 829 663 874 Libo
693 830 786 874 sine
816 837 996 887 patrono
1026 831 1261 881 introisset,
1295 830 1534 888 singillatim
1564 845 1612 875 se
1642 832 1819 877 crimina
1847 833 2042 878 obiectu·

252 918 348 947 rum
377 904 620 962 professus,
653 905 826 963 protulit
855 905 1022 950 libellos
1052 905 1288 950 vaecordes
1319 905 1429 950 adeo
1460 912 1507 950 ut
1536 906 1837 952 consultaverit
1855 908 1960 952 Libo
1986 923 2040 952 an
2074 899 2078 903 ¹

254 978 476 1023 habiturus
504 980 613 1024 foret
641 995 747 1039 opes
778 982 874 1040 quis
903 982 1015 1026 viam
1045 982 1223 1040 Appiam
1254 981 1528 1025 Brundisium
1557 996 1698 1041 usque
1727 985 1910 1041 pecunia
1934 998 2041 1043 ope—

203 1055 368 1098 toriret.
420 1055 584 1099 inerant
613 1063 656 1100 et
684 1057 765 1100 alia
803 1057 1099 1102 huiuscemodi
1130 1057 1303 1108 stolida,
1347 1071 1473 1109 vana,
1522 1057 1557 1101 si
1597 1058 1766 1103 mollius
1805 1060 2038 1118 acciperes,

254 1130 510 1174 miseranda.

570 1133 640 1175 uni
679 1139 820 1177 tamen
860 1132 1002 1177 libello
1041 1146 1169 1177 manu
1209 1133 1383 1176 Libonis
1422 1133 1666 1177 nominibus
1696 1134 1929 1180 Caesarum
1970 1141 2042 1180 aut

318 1258 351 1292 2.
375 1259 514 1300 suplices
535 1260 569 1294 M
588 1279 622 1284 -
648 1259 680 1294 4.
706 1262 860 1301 asperari
882 1261 916 1295 M
941 1278 977 1284 -
1005 1261 1025 1294 5
1050 1261 1086 1294 et
1107 1257 1147 1293 6:
1167 1259 1278 1294 Vibius
1300 1261 1486 1294 Gruterus:
1511 1260 1611 1293 liuius
1632 1261 1673 1305 Μ,
1690 1278 1725 1286 -
1753 1261 1785 1295 6.
1807 1262 1878 1304 ipse
1898 1271 1953 1305 pr.
1973 1263 2019 1297 M.

254 1358 368 1391 lectica
380 1359 517 1401 delatus]
535 1359 631 1401 quod
647 1362 833 1402 receptum
849 1361 885 1394 in
898 1359 981 1394 solis
994 1361 1121 1402 aegris.
1176 1360 1228 1400 48,
1254 1360 1316 1393 2οι
1340 1361 1557 1399 Brundisium
1577 1361 1693 1394 melius
1711 1362 1844 1395 Numici
1865 1363 1924 1395 via
1945 1363 2045 1397 discat

255 1407 306 1441 Cf.
332 1409 475 1442 sueton.
502 1409 576 1442 Tib.
602 1410 657 1443 30.
693 1411 757 1443 Dio
780 1412 834 1452 57,
861 1413 921 1444 45:
954 1407 1123 1444 Λούκιον

253 1455 491 1505 Σκριβώνιον
513 1457 688 1500 Λίβωνα,
720 1462 922 1494 νεανίσκον
946 1457 1122 1506 εὐπατρι-

253 1507 323 1552 δην
346 1506 512 1551 δόξαντά
534 1520 570 1543 τι
591 1512 837 1557 νεωτερίζειν,
873 1506 945 1552 ἕως
966 1511 1038 1555 μὲν
1059 1509 1122 1557 ἔρ-

253 1569 370 1606 ρωτο,
404 1557 475 1593 οὐκ
503 1556 629 1607 οὲκρινε
658 1562 865 1605 (Tiberius),
898 1560 1122 1605 νοσήσαντα

253 1609 294 1642 δὲ
318 1609 380 1643 ἐπὶ
402 1608 573 1643 θάνατον
588 1610 629 1644 ἐν
646 1611 862 1656 σκιμποδίῳ
886 1613 1118 1658 καταστέγῳ,

255 1656 376 1704 ὁποίῳ
400 1661 444 1694 αἱ
462 1659 539 1694 τῶν
560 1661 777 1701 βουλευτῶν
799 1666 976 1708 γυναῖκες
998 1662 1121 1710 χρῶν-

252 1721 328 1750 ται,
346 1710 385 1751 ἐς
399 1709 471 1754 τήν
486 1714 690 1757 γερουσίαν
705 1711 944 1757 ἐσεκόμισεν.
956 1732 992 1737 —-
1006 1715 1122 1756 fratri]

254 1761 389 1803 Lipsius
420 1762 596 1803 cogitabat
628 1763 672 1796 de
702 1764 805 1797 huius
839 1765 921 1797 anni
956 1764 1118 1803 consule;

253 1811 290 1843 id
317 1820 443 1852 parum
475 1811 658 1853 probabile
685 1823 764 1847 esse
788 1815 945 1847 sentiens
970 1815 1122 1856 Ryckius

252 1862 288 1894 in
312 1862 500 1894 stemmate
530 1862 637 1896 alium
667 1865 699 1896 ei
729 1864 873 1897 fratrem
900 1865 1122 1898 Scribonium

254 1911 425 1944 Libonem
442 1912 574 1953 tribuit,
592 1915 799 1956 ceteroquin
815 1915 984 1956 ignotum.
999 1933 1036 1939 -
1053 1923 1126 1947 ma-

253 1971 316 1993 nus
348 1971 389 1994 ac
421 1963 582 2003 supplices
613 1973 708 1997 voces
722 1983 772 1989 --
788 1964 930 2006 tendens]
966 1964 1020 1997 Ad
1056 1965 1125 1997 hoc

254 2021 401 2053 zeugma
434 2013 477 2046 cf.
503 2013 631 2055 Vergil.
661 2016 748 2048 Aen.
777 2015 816 2055 3,
849 2016 930 2048 476:
967 2016 1126 2057 tendoque

252 2063 390 2102 supinas
410 2063 460 2095 Ad
482 2064 609 2096 caelum
631 2074 707 2097 cum
727 2074 804 2098 voce
825 2075 956 2098 manus.

299 2113 351 2145 30.
377 2114 531 2146 Fonteius
551 2114 712 2158 Agrippa]
739 2115 789 2149 Cf.
816 2125 846 2148 c.
872 2116 926 2149 86.
955 2134 990 2139 —
1017 2115 1052 2148 C.
1074 2116 1126 2148 Vi-

255 2162 336 2205 bius]
362 2164 533 2204 Serenus,
559 2166 670 2206 pater.
710 2166 760 2198 Cf.
786 2165 818 2206 4,
844 2165 984 2199 28-30.
1010 2166 1064 2198 36.
1086 2184 1121 2189 —

253 2213 500 2256 certabantque]
524 2215 563 2246 ut
585 2215 765 2256 quondam
789 2216 823 2249 in
848 2224 953 2249 causa
978 2215 1124 2248 Verrina

257 2263 380 2295 Cicero
419 2265 454 2296 et
492 2263 662 2298 Caecilius
700 2266 827 2307 Niger3
867 2266 974 2308 idque
1013 2273 1124 2307 genus

256 2322 403 2351 causae,
440 2314 469 2346 si
502 2316 674 2356 perpetua
705 2317 863 2348 oratione
892 2315 1122 2356 tractabatur,

255 2364 492 2396 divinationem
522 2364 766 2407 appellabant;
799 2366 856 2399 hic
883 2366 999 2408 potius
1026 2374 1124 2398 mera

255 2414 436 2447 altercatio
470 2415 658 2456 significari
688 2416 839 2449 videtur.
866 2434 902 2439 —
933 2416 1126 2458 sinyillatim

254 2473 288 2497 se
301 2465 448 2497 crimina>
460 2465 673 2508 obiecturum]
689 2467 725 2498 h.
740 2476 772 2499 e.
790 2468 921 2499 omissa
938 2466 1124 2499 artificiosa

255 2523 298 2548 ac
320 2515 410 2547 iusta
441 2516 683 2556 peroratione,
718 2525 788 2558 qua
819 2518 919 2550 actor
949 2517 1066 2549 omnia
1090 2517 1125 2548 in

254 2574 365 2598 unum
382 2566 585 2598 contextum
602 2567 801 2607 concinnat,
827 2566 960 2608 singula
978 2567 1124 2599 crimina

256 2614 462 2657 simpliciter
484 2624 522 2648 se
546 2615 784 2657 prolaturum,
813 2618 853 2650 ut
875 2626 958 2649 reus
983 2617 1027 2649 ad
1051 2617 1124 2649 sin-

257 2665 335 2707 gula
370 2666 487 2698 statim
520 2666 746 2707 respondeat.
794 2668 843 2699 Ita
876 2668 911 2699 et
939 2668 1031 2712 Nero
1062 2675 1125 2699 co-

255 2714 449 2757 gnoscendi
474 2723 611 2748 morem
636 2724 717 2748 eum
742 2717 870 2757 tenuit,
895 2717 935 2748 ut
951 2716 1124 2749 continuis

255 2764 453 2798 actionibus
478 2765 616 2798 omissis
647 2765 848 2807 singillatim
872 2774 1035 2808 quaeque
1059 2774 1126 2808 per

254 2816 352 2848 vices
376 2816 506 2856 ageret.
548 2815 598 2847 Cf.
626 2817 768 2848 Sueton.
793 2817 874 2848 Ner.
902 2816 955 2848 45.
980 2816 1122 2849 WALm.

255 2884 300 2890 —
322 2864 453 2906 libellos]
485 2865 594 2907 ipsius
620 2865 759 2898 Libonis
783 2864 970 2907 pugillares
994 2865 1038 2898 ab
1063 2875 1125 2898 ac-

257 2917 419 2948 cusatore
464 2915 700 2956 interceptos,
748 2915 908 2949 diversos
953 2924 1038 2948 sane
1079 2914 1123 2948 ab

257 2966 506 2998 accusatorum
541 2964 664 2998 libellis
699 2974 804 3007 supra
841 2967 1058 2999 memoratis.
1084 2983 1120 2989 —

256 3015 501 3057 consultaverit]
537 3023 658 3056 magos
688 3014 743 3048 vel
778 3015 1059 3049 mathematicos.
1086 3032 1122 3038 —-

255 3067 347 3098 viam
375 3065 528 3107 Appiam]
558 3073 665 3107 quam
695 3066 823 3098 Statius
854 3065 934 3098 Silv.
959 3067 992 3106 2,
1017 3067 1050 3106 2,
1076 3066 1118 3099 42

255 3117 408 3158 reqinam
429 3116 563 3150 viarum
585 3116 700 3148 vocat.
726 3116 877 3148 Frontin.
903 3115 947 3148 de
965 3115 1123 3158 Aquaed.

259 3168 295 3200 U.
320 3167 358 3198 R.
383 3166 423 3198 5:
459 3174 552 3208 aqua
576 3165 686 3206 Appia
713 3165 850 3197 inducta
878 3169 924 3197 est
955 3166 997 3198 ab
1019 3167 1126 3207 Appio

259 3216 396 3248 Claudio
419 3216 538 3248 Crasso
560 3224 708 3256 censore,
733 3215 786 3247 cui
807 3219 922 3255 postea
945 3215 1048 3248 Caeco
1062 3217 1126 3257 fuit

258 3274 454 3307 coenoman,
481 3267 537 3307 qui
561 3269 591 3299 et
612 3265 705 3298 viam
726 3265 870 3306 Appiam
892 3275 914 3298 a
934 3269 1035 3306 porta
1059 3267 1125 3299 Ca-

254 3324 343 3356 pena
371 3325 474 3356 usque
504 3316 550 3348 ad
582 3315 696 3348 urbem
731 3316 882 3356 Capuam
911 3317 1125 3348 muniendam

257 3366 400 3397 curavit.
437 3367 520 3405 Quis
537 3365 689 3399 eandem
705 3366 749 3398 ad
765 3365 990 3398 Brundisium
1010 3374 1124 3407 usque

257 3415 479 3458 perduxerit,
511 3417 685 3449 incertum
718 3417 783 3450 est.
832 3416 951 3450 Horat.
976 3416 1063 3459 Epp.
1091 3418 1122 3458 4,

1174 1419 1220 1442 an
1240 1411 1337 1452 Appi.
1378 1410 1504 1444 Strabo
1527 1412 1559 1444 5.
1586 1420 1620 1453 p.
1646 1411 1722 1445 233.
1748 1412 1781 1445 6.
1805 1421 1842 1455 p.
1867 1413 1943 1446 283.
1979 1414 2044 1447 Via

1174 1461 1250 1493 erat
1278 1460 1483 1502 longissima
1513 1461 1667 1494 CCCLX.
1693 1460 1766 1494 mil.
1797 1470 1912 1504 pass.,
1948 1462 2043 1496 unde

1172 1511 1285 1543 maior
1301 1511 1408 1543 etiam
1423 1510 1565 1543 Libonis
1576 1511 1779 1544 vaecordia.
1796 1529 1831 1535 -
1852 1513 1910 1545 uni
1932 1516 2045 1546 tamen

1171 1560 1276 1593 libello
1309 1570 1354 1594 m.
1390 1562 1428 1594 L.
1463 1561 1649 1594 nominibus
1683 1561 1718 1595 C.
1756 1565 1815 1594 aut
1845 1572 1872 1595 s.
1899 1564 2042 1607 additas]

1172 1611 1324 1652 Uterque
1359 1611 1497 1644 dativus
1529 1611 1663 1654 pendet
1696 1620 1717 1644 a
1751 1612 1861 1645 verbo
1891 1614 2040 1654 addita33

1172 1661 1269 1702 prior
1291 1662 1422 1702 totum,
1449 1661 1538 1694 alter
1551 1663 1690 1704 partem
1706 1662 1850 1696 indicat.
1870 1664 2042 1698 particula

1172 1714 1282 1744 tamen
1305 1714 1425 1744 autem
1448 1712 1620 1753 significat
1643 1712 1735 1746 hanc
1758 1722 1827 1746 non
1847 1714 1917 1747 iam
1932 1715 2044 1748 stulti-

1172 1762 1256 1794 tiam
1272 1761 1378 1795 fuisse
1395 1762 1460 1795 sed
1473 1771 1618 1804 gravem
1630 1762 1782 1805 culpam.
1797 1781 1832 1788 --
1848 1764 2041 1809 Caesamm]

1173 1813 1257 1845 tunc
1272 1812 1431 1845 vivorum
1442 1838 1450 1853 ,
1467 1811 1612 1852 Tiberii,
1632 1813 1982 1854 Drusi,‘Germanici.
2001 1834 2038 1839 —

1174 1865 1302 1894 atroces
1330 1863 1382 1895 vel
1412 1863 1531 1904 (certe)
1563 1863 1709 1896 occultas
1735 1864 1843 1906 notas]
1877 1873 1968 1907 quae
1997 1866 2043 1900 ad

1175 1912 1369 1945 defixiones
1399 1913 1554 1954 magicas
1578 1911 1871 1957 (καταδέσμους)
1900 1917 2043 1958 specta-

1175 1962 1273 1995 bant.
1310 1962 1407 1995 ovid.
1433 1963 1510 1995 Am.
1530 1962 1562 2003 3,
1588 1963 1620 2003 7,
1645 1963 1705 1996 29:
1732 1964 1865 2006 Sagave
1883 1965 2043 2006 poenicea

1175 2013 1289 2054 destruit
1310 2013 1447 2044 nomina
1474 2021 1563 2045 cera.
1609 2013 1734 2055 Appul.
1761 2015 1902 2048 Metam.
1928 2015 1960 2055 3,
1987 2016 2040 2048 47.

1176 2071 1210 2104 p.
1230 2062 1291 2095 482
1315 2061 1547 2095 Hildebrand:
1571 2063 1739 2103 Pamphile
1759 2073 1845 2106 saqa
1871 2069 2044 2106 apparatu

1175 2112 1268 2144 solito
1289 2112 1425 2145 instruit
1444 2112 1582 2154 feralem
1604 2113 1801 2155 officinam·
1814 2132 1850 2155 —,
1874 2115 2045 2157 iynorabi-

1175 2162 1250 2194 liter
1281 2162 1455 2203 (obscure)
1485 2162 1618 2195 laminis
1645 2163 1808 2196 litteralis.
1849 2164 1899 2198 Cf.
1926 2173 1956 2197 c.
1983 2165 2037 2199 69.

1175 2213 1294 2254 Ipsum
1334 2213 1453 2244 autem
1489 2221 1524 2245 v.
1558 2215 1655 2244 nolas
1691 2212 1785 2246 clare
1823 2214 2043 2247 demonstrat

1176 2263 1265 2294 haec
1289 2258 1418 2294 atrocia
1436 2263 1472 2294 et
1485 2261 1621 2294 occulta
1638 2271 1885 2305 quaecumque
1901 2263 2043 2297 fuerunt

1177 2320 1245 2344 non
1269 2310 1392 2344 litteris
1415 2311 1479 2345 sed
1502 2312 1609 2353 signis
1632 2314 1706 2345 sive
1730 2313 1850 2355 figuris
1873 2323 2042 2357 expressa

1176 2362 1296 2395 fuisse.
1342 2363 1464 2404 Neque
1493 2362 1596 2395 audio
1626 2363 1785 2397 Burnouf
1809 2365 1899 2398 haec
1929 2365 2043 2398 adno-

1176 2413 1325 2445 tantem:
1365 2412 1551 2445 «comment
1584 2413 1629 2445 les
1661 2414 1802 2446 esclaves
1834 2415 1874 2448 de
1901 2415 2045 2448 l'accuse

1173 2462 1428 2504 pourroient-ils
1458 2465 1668 2498 reconnattre
1696 2464 1725 2496 si
1753 2472 1806 2497 ces
1833 2466 1949 2506 traits,
1985 2466 2044 2508 qui

1174 2521 1216 2545 ne
1236 2512 1378 2545 seraient
1396 2520 1460 2552 pas
1482 2512 1537 2544 des
1559 2512 1685 2553 lettres,
1717 2518 1790 2547 sont
1817 2515 1857 2548 de
1883 2524 1922 2548 sa
1949 2516 2044 2548 main

1175 2573 1219 2595 ou
1251 2563 1342 2595 non?
1378 2562 1404 2594 il
1434 2562 1509 2603 faut
1540 2564 1810 2597 necessairement
1843 2574 1906 2608 que
1942 2566 2043 2599 notas

1174 2612 1302 2655 siqnifie
1325 2612 1462 2654 quelque
1491 2612 1584 2645 chose
1609 2612 1737 2654 decrit,
1770 2615 1825 2647 des
1850 2623 2045 2656 remae-ques

1175 2664 1321 2703 ajoutees
1355 2671 1402 2694 au
1427 2670 1506 2694 nom
1534 2663 1573 2695 de
1606 2662 1731 2704 chaque
1763 2664 1906 2698 membre
1937 2665 1978 2698 de
2007 2665 2044 2698 la

1173 2713 1300 2755 familie
1330 2712 1543 2753 imperiale.»
1589 2713 1748 2746 Nomina·
1769 2714 1951 2748 Caesarum
1983 2719 2043 2748 aut

1174 2766 1364 2796 senatorum
1393 2761 1579 2795 manifesto
1608 2771 1689 2795 cum
1718 2766 1838 2797 essent
1859 2774 1964 2798 manu
1985 2766 2043 2798 Li-

1175 2813 1296 2852 bonis,
1334 2810 1418 2844 nihil
1451 2820 1596 2854 prorsus
1626 2813 1812 2854 intererat,
1849 2816 1967 2848 utrum
1995 2814 2041 2848 ab

1176 2863 1323 2903 eodem,
1351 2870 1396 2895 an
1419 2870 1438 2894 a
1462 2870 1566 2904 mago
1589 2861 1706 2904 aliquo
1727 2867 1826 2896 notae
1848 2863 1913 2897 illis
1935 2874 2043 2907 appo-

1175 2915 1262 2948 sitae
1287 2914 1426 2950 essent;
1459 2912 1560 2956 culpa
1591 2914 1686 2946 enim
1718 2923 1863 2957 semper
1885 2917 1962 2948 erat
1984 2916 2042 2948 Li-

1174 2965 1296 3005 bonis,
1327 2965 1448 3007 utpote
1473 2965 1532 3005 qui
1560 2964 1742 2997 hominem
1770 2965 1970 2999 maleficum
1994 2966 2040 2999 ad

1175 3015 1210 3048 id
1233 3013 1349 3048 scelus
1365 3013 1603 3047 conduxisset.
1624 3031 1660 3037 —
1685 3018 1794 3047 vetere
1813 3018 1946 3048 senatus
1959 3025 2040 3048 con—

1173 3065 1268 3107 sulto]
1294 3063 1442 3104 Quando
1466 3064 1501 3097 et
1524 3072 1595 3106 quo
1618 3065 1762 3097 auctore
1786 3064 1917 3098 factum
1940 3066 1985 3098 sit
2003 3066 2039 3099 id

1174 3117 1319 3150 senatus
1335 3114 1554 3154 consultum,
1580 3122 1725 3155 quaero.
1750 3116 1840 3148 Sane
1855 3116 2039 3158 antiquum

1175 3169 1230 3201 est
1260 3168 1297 3199 et
1326 3166 1449 3199 Cicero
1478 3173 1543 3208 pro
1574 3165 1686 3198 Deiot.
1712 3166 1725 3198 4
1760 3167 1795 3198 et
1817 3175 1881 3208 pro
1904 3166 1971 3199 Mil.
1996 3167 2039 3200 22

1174 3217 1308 3251 referre
1331 3217 1470 3250 videtur
1493 3215 1538 3248 ad
1561 3224 1699 3249 morem
1722 3216 1896 3249 maiorum
1925 3217 2040 3259 potius

1176 3276 1281 3309 quam
1307 3266 1351 3299 ad
1380 3265 1507 3309 legem.
1556 3266 1769 3307 Derogatum
1798 3266 1831 3299 ei
1859 3265 1925 3308 legi
1949 3267 2041 3299 anti-

1176 3317 1294 3359 quitus
1328 3317 1362 3349 in
1398 3324 1503 3349 causa
1537 3315 1673 3348 incesti.
1722 3315 1802 3358 (pro
1835 3315 1903 3349 Mil.
1937 3315 2040 3359 ibid.)

1176 3366 1415 3403 Iurisconsulti
1448 3366 1624 3409 excipiunt
1653 3366 1758 3399 etiam
1787 3365 1947 3399 adulterii
1971 3367 2042 3399 cri-

1175 3425 1276 3458 men,
1303 3416 1452 3450 iraudati
1475 3423 1604 3450 census
1627 3417 1662 3450 et
1678 3417 1883 3450 maiestatis.
1908 3414 1928 3450 l.
1950 3416 1982 3449 4.
2000 3416 2038 3450 C.
