2254 3770
322 264 404 308 288
800 267 844 309 P.
876 265 1127 310 CORNELII
1157 266 1327 311 TACITI
1356 267 1624 312 ANNALIUM

321 371 511 424 Tiberio,
549 386 667 424 mox,
698 373 773 416 ubi
804 387 959 430 exspes
988 374 1108 418 vitae*
1131 373 1224 423 fuit,
1268 373 1492 419 meditatas
1522 375 1868 434 compositasque
1899 375 2013 420 diras
2044 376 2102 419 in-

322 448 595 505 precabatur,
627 455 673 492 ut
702 462 832 506 quem
862 449 917 492 ad
947 449 1123 493 modum
1150 465 1306 493 nurum
1334 449 1556 509 filiumque
1585 451 1722 495 fratris
1753 458 1795 495 et
1823 458 2003 510 nepotes
2027 450 2106 495 do-

319 538 525 583 mumque
568 538 740 568 omnem
783 524 990 569 caedibus
1026 525 1347 584 complevisset,
1395 527 1451 570 ita
1490 540 1653 585 poenas
1683 527 1841 571 nomini
1870 527 2106 586 generique

319 600 529 644 maiorum
569 607 611 643 et
647 601 831 658 posteris
862 600 1114 645 exsolveret.
1160 601 1445 645 obturbabant
1474 602 1651 660 quidem
1678 609 1822 661 patres
1852 603 1999 661 specie
2029 602 2106 647 de-

285 675 521 721 stestandi:
562 674 638 720 sed
676 675 928 734 penetrabat
964 691 1100 735 pavor
1138 684 1180 721 et
1217 677 1442 721 admiratio
1480 677 1680 721 callidum
1709 677 1810 722 olim
1839 685 1882 723 et
1910 678 2105 737 tegendis

319 751 556 795 sceleribus
587 751 821 795 obscurum
849 751 935 796 huc
964 752 1247 797 confidentiae
1277 753 1467 803 venisse,
1508 760 1555 796 ut
1583 759 1799 812 tamquam
1830 753 1999 798 dimotis
2028 768 2105 813 pa·

317 827 496 871 rietibus
540 827 788 871 ostenderet
830 834 1029 885 nepotem
1074 829 1155 872 sub
1196 829 1379 873 verbere
1417 829 1695 879 centurionis,
1741 830 1850 874 inter
1880 844 2105 874 servorum

319 903 445 952 ictus,
478 909 667 946 extrema
697 903 809 947 vitae
839 902 1038 948 alimenta
1068 904 1223 948 frustra
1252 911 1457 948 orantem.

430 978 511 1035 (25)
543 978 740 1023 Nondum
769 979 805 1022 is
836 977 959 1022 dolor
988 979 1250 1031 exoleverat,
1283 994 1378 1024 cum
1411 980 1466 1024 de
1488 981 1719 1038 Agrippina
1738 981 1942 1033 auditum,
1975 995 2105 1040 quam

265 1054 535 1102 aointerfecto
565 1055 720 1099 Seiano
751 1069 829 1113 spe
859 1062 1136 1099 sustentatam
1166 1055 1406 1113 provixisse
1436 1070 1556 1106 reor,
1589 1063 1632 1100 et
1661 1063 1888 1115 postquam
1918 1056 2018 1100 nihil
2049 1057 2104 1101 de

314 1131 493 1175 saevitia
530 1130 840 1183 remittebatur,
871 1130 1087 1175 voluntate
1116 1132 1383 1182 exstinctam,
1416 1131 1497 1175 nisi
1528 1132 1563 1175 si
1595 1134 1758 1190 negatis
1787 1132 1997 1176 alimentis
2027 1132 2104 1176 ad-

314 1206 535 1251 simulatus
573 1213 639 1251 est
676 1206 795 1258 finis,
841 1207 914 1264 qui
950 1207 1169 1251 videretur
1206 1214 1358 1265 sponte
1398 1213 1605 1265 sumptus.
1651 1208 1869 1252 enimvero
1909 1207 2102 1252 Tiberius

312 1282 572 1327 foedissimis
602 1281 966 1326 criminationibus
987 1282 1160 1334 exarsit,
1195 1282 1502 1340 impudicitiam
1525 1296 1710 1340 arguens
1733 1290 1776 1327 et
1795 1283 1983 1327 Asinium
2006 1283 2103 1328 Gal-

312 1358 401 1402 lum
430 1357 689 1410 adulterum,
723 1358 905 1416 eiusque
935 1365 1071 1402 morte
1102 1357 1157 1401 ad
1187 1358 1376 1402 taedium
1403 1358 1514 1402 vitae
1542 1358 1805 1416 conpulsam.
1846 1358 1925 1403 sed
1952 1359 2102 1418 Agrip-

262 1450 299 1480 45
313 1434 413 1493 pina
441 1434 577 1492 ⁴aequi
619 1433 848 1491 inpatiens,
894 1433 1140 1477 dominandi
1170 1433 1313 1484 avida,
1354 1432 1545 1477 virilibus
1575 1435 1690 1478 curis
1721 1435 1971 1479 feminarum
2001 1435 2102 1479 vitia

313 1517 503 1555 exuerat.
546 1509 701 1553 eodem
731 1509 801 1553 die
833 1509 1092 1558 defunctam,
1125 1523 1212 1567 quo
1243 1509 1415 1553 biennio
1437 1515 1534 1553 ante
1556 1510 1736 1554 Seianus
1757 1524 1918 1568 poenas
1937 1509 2099 1563 luisset,

311 1586 633 1644 memoriaeque
664 1584 707 1629 id
738 1585 1008 1643 prodendum
1033 1584 1197 1629 addidit
1218 1585 1391 1636 Caesar,
1426 1585 1682 1644 iactavitque
1703 1587 1819 1645 quod
1839 1601 1924 1631 non
1944 1586 2100 1646 laqueo

312 1661 572 1720 strangulata
599 1674 743 1719 neque
773 1661 815 1714 in
847 1661 1075 1705 Gemonias
1104 1660 1295 1718 proiecta
1325 1660 1444 1705 foret.
1488 1668 1610 1706 actae
1636 1661 1692 1705 ob
1722 1661 1764 1705 id
1787 1670 1928 1721 grates
1948 1662 2100 1708 decre-

311 1745 510 1797 tumque,
542 1744 589 1781 ut
617 1737 811 1796 quintum
838 1736 1053 1781 decimum
1083 1724 1132 1780 ff
1163 1736 1435 1789 Novembris,
1474 1738 1698 1796 utriusque
1736 1739 1853 1783 necis
1893 1738 1981 1790 die,
2021 1753 2102 1798 per

260 1815 449 1861 momnis
479 1828 614 1858 annos
645 1813 807 1857 donum
835 1813 923 1857 Iovi
955 1820 1209 1858 sacraretur.

425 1892 506 1948 (26)
547 1889 671 1934 Haud
699 1889 832 1933 multo
867 1895 964 1947 post
994 1889 1202 1934 Cocceius
1231 1890 1389 1940 Nerva,
1431 1890 1658 1933 continuus
1694 1889 1917 1948 principis,
1958 1890 2096 1934 omnis

310 1967 440 2012 divini
471 1966 731 2024 humanique
761 1965 866 2009 iuris
896 1965 1054 2016 sciens,
1096 1965 1261 2023 integro
1292 1971 1420 2017 statu,
1454 1979 1636 2023 corpore
1669 1965 1848 2018 inlaeso,
1886 1965 2096 2011 moriendi

373 2088 406 2123 4.
431 2088 621 2122 dedestandi
642 2096 697 2130 pr.
722 2088 756 2121 M
781 2105 816 2110 —
843 2088 876 2120 5.
901 2087 1054 2129 deqendts
1075 2096 1129 2130 pr.
1148 2087 1182 2121 M
1206 2104 1243 2110 —
1270 2087 1323 2120 40.
1348 2089 1564 2119 sustentatam
1584 2088 1690 2120 vitam
1708 2087 1908 2128 produxisse
1930 2086 2093 2129 Seyffert.

311 2164 347 2170 -
374 2146 428 2179 44.
452 2145 573 2179 senilia
594 2146 628 2179 M
654 2163 689 2168 —
717 2144 769 2177 47.
794 2144 998 2185 iactauitque
1020 2144 1053 2178 M
1080 2161 1115 2166 —
1143 2143 1195 2177 48.
1219 2143 1328 2186 pratis
1348 2144 1383 2178 M
1408 2161 1442 2167 —
1470 2143 1524 2176 49.
1541 2146 1579 2175 ut
1600 2152 1633 2176 a.
1652 2143 1684 2176 d.
1703 2143 2017 2184 quintumdecimum
2031 2143 2096 2177 Ur-

308 2204 423 2243 sinus;
446 2206 484 2236 ut
506 2203 620 2244 quinto
642 2201 766 2235 decimo
789 2200 937 2243 Lipsius.
969 2200 1039 2233 Sed
1062 2199 1106 2233 cf.
1132 2200 1191 2241 42,
1217 2199 1272 2235 69.
1302 2200 1389 2233 Hist.
1415 2200 1447 2240 4,
1471 2200 1527 2234 57.
1555 2218 1590 2224 —-
1622 2199 1677 2233 20.
1702 2196 1772 2233 orris
1793 2200 1827 2234 M
1848 2217 1892 2224 —
1919 2199 1975 2233 2⁴.
1996 2199 2096 2241 pm'n—

306 2260 372 2301 cipi
394 2259 570 2293 Heinsius.
597 2277 632 2283 —
658 2257 728 2291 offis
749 2259 793 2293 Μ.

1225 2363 1339 2397 aliena
1363 2364 1493 2404 fuerat,
1523 2365 1563 2397 ut
1584 2364 1665 2405 Agr.
1691 2363 1712 2397 9
1735 2363 1918 2396 avaritiam
1939 2366 2092 2397 eoeuorat.

1228 2432 1263 2438 —
1288 2415 1492 2455 iactavitque
1515 2414 1596 2454 cet.]
1620 2414 1807 2447 Suetonius
1830 2412 1906 2446 Tib.
1931 2413 1992 2447 ⁵3:
2024 2413 2095 2446 Im-

308 2376 434 2401 necem
459 2366 656 2405 minitatus;
687 2365 731 2398 cf.
755 2374 856 2398 mox:
887 2365 975 2397 inter
1006 2373 1178 2398 servorum

306 2420 402 2452 ictus.
420 2435 456 2441 —
483 2417 624 2458 nepotes]
649 2415 805 2458 Intellige
825 2416 1055 2458 interfecisset,
1080 2414 1176 2457 quod

307 2468 392 2502 latet
415 2469 450 2501 in
473 2467 593 2501 verbis
613 2468 746 2499 domum
768 2466 922 2499 caedibus
943 2466 1175 2507 complevisset.

310 2537 348 2543 —
374 2517 606 2560 obturbabant]
641 2526 706 2559 per
740 2516 978 2550 adulationem
1012 2515 1176 2549 simulato

307 2570 455 2603 horrore
479 2567 560 2601 talia
576 2566 740 2600 audiendi
756 2567 968 2608 obstrepunt
983 2565 1178 2599 clamores-

301 2628 378 2662 que
407 2617 548 2658 tollunt,
584 2626 629 2650 ne
660 2616 787 2650 talibus
811 2616 941 2650 diutius
964 2624 1069 2649 aures
1093 2623 1176 2648 suas

307 2669 451 2713 polluat.
477 2686 510 2691 —
546 2668 691 2710 dimotis]
723 2667 825 2709 quasi
852 2667 1006 2700 disiectis
1029 2675 1072 2699 ac
1095 2665 1178 2699 sub-

306 2718 397 2753 latis.
423 2736 458 2742 -
484 2721 636 2751 extrema
657 2718 745 2750 vitae
767 2716 935 2759 alimenta]
960 2726 1021 2756 ea,
1047 2715 1176 2758 quibus

307 2771 467 2803 extrema
500 2769 693 2802 necessitas
728 2769 764 2800 et
795 2767 908 2801 fames
936 2767 1088 2809 sopitur,
1124 2765 1177 2798 die

306 2820 581 2862 nothdiirftiqsten
602 2818 836 2851 Lebensmittel.

350 2871 404 2904 25.
425 2868 624 2911 provixisse]
642 2877 736 2901 nunc
751 2862 855 2910 ἅπαξ
869 2864 1089 2912 λεγόμενον,
1106 2868 1128 2900 i.
1139 2876 1173 2909 q

305 2921 412 2954 vitam
431 2919 629 2961 produxisse
651 2918 695 2960 (3,
720 2918 774 2951 24.
800 2918 832 2958 6,
858 2917 910 2959 48)
934 2917 990 2951 vel
1017 2918 1176 2959 prolata-

305 2972 389 3004 visse
410 2971 478 3013 (44,
502 2969 567 3009 37).
594 2986 631 2993 -
664 2968 878 3011 exstinctam]
910 2969 945 3002 in
967 2968 1175 3002 Pandataria

307 3020 420 3055 insula
453 3020 504 3062 (h.
527 3018 616 3052 Isola
641 3018 840 3059 Vandotina)
870 3019 979 3052 maris
1001 3018 1174 3060 Tyrrheni

307 3070 354 3103 ad
376 3070 462 3103 Latii
485 3077 601 3108 oram,
635 3076 706 3109 quo
734 3066 888 3109 relegata
913 3069 1000 3101 erat.
1041 3067 1092 3102 Cf.
1119 3066 1171 3107 44,

306 3120 360 3153 63.
386 3120 528 3153 Sueton.
545 3117 621 3151 Tib.
640 3117 694 3150 53.
716 3135 750 3140 —
776 3118 873 3157 aequi
890 3117 1064 3160 inpatiens]
1082 3126 1172 3160 quae

306 3168 472 3203 omnibus
495 3168 658 3210 superior
672 3175 751 3200 esse
766 3165 925 3207 volebat,
951 3176 1075 3209 parem
1091 3162 1173 3203 cum

307 3220 435 3252 ceteris
457 3218 607 3260 gradum
630 3215 838 3251 fastidiebat.
866 3216 917 3249 Cf.
942 3218 975 3258 2,
1000 3217 1062 3250 42:
1087 3218 1174 3259 reqi-

306 3269 365 3302 bus
387 3278 516 3310 aequa,
538 3269 660 3301 nedum
681 3267 798 3309 intima
819 3266 951 3299 insolita
973 3271 1059 3300 sunt.
1095 3268 1172 3300 Sta

306 3319 375 3352 tius
405 3318 516 3351 Theb.
541 3317 574 3359 3,
599 3318 681 3351 602:
715 3316 887 3357 Capaneus
913 3324 1071 3356 superum
1091 3326 1172 3349 con-

306 3371 446 3409 temptor
477 3372 508 3401 et
540 3368 639 3409 aequi
670 3366 857 3408 Impatiens.
895 3382 930 3389 -
970 3365 1173 3407 seminarum

303 3417 389 3450 vitia
409 3417 566 3458 eaeuorat]
591 3425 612 3450 a
634 3414 837 3450 libidinibus
859 3422 1003 3457 semper
1024 3423 1171 3457 prorsus

1220 2466 1354 2506 putavit
1375 2465 1494 2505 etiam,
1519 2465 1608 2507 quod
1629 2473 1696 2497 non
1714 2464 1832 2505 laqueo
1846 2464 2093 2506 stranaulacum

1224 2516 1259 2547 in
1283 2515 1459 2548 Gemonias
1489 2514 1661 2555 abiecerit,
1690 2522 1818 2555 proque
1839 2514 1899 2547 tali
1919 2514 2094 2548 olonnensia

1223 2565 1389 2605 interponi
1410 2565 1576 2597 decretum
1603 2573 1722 2605 passus
1742 2567 1808 2605 est,
1838 2572 1903 2605 quo
1923 2563 1985 2597 sibi
2005 2572 2091 2606 pra-

1224 2617 1289 2648 tiae
1317 2619 1498 2658 agerentur
1525 2618 1557 2648 et
1586 2615 1772 2656 Capitolino
1800 2614 1872 2646 Iovi
1899 2615 2023 2647 donem
2046 2622 2092 2647 ea:

1224 2674 1310 2698 auro
1331 2669 1536 2698 sacraretur.
1564 2682 1598 2688 —-
1625 2665 1662 2697 in
1685 2663 1872 2706 Gemonias]
1897 2663 1949 2697 Cf.
1974 2663 2007 2703 3,
2033 2662 2087 2698 ⁴4.

1267 2716 1321 2748 26.
1348 2715 1499 2748 Cocceius
1520 2715 1634 2747 Nerva
1656 2713 1739 2756 cet.]
1763 2712 1813 2746 Cf.
1838 2712 1870 2753 4,
1895 2713 1950 2747 58.
1983 2711 2091 2746 Aliter

1224 2774 1301 2798 rem
1325 2767 1444 2798 narrat
1466 2765 1530 2798 Dio
1553 2765 1614 2804 58,
1639 2765 1693 2796 24.
1725 2763 1826 2805 quasi
1855 2764 1970 2796 Nerva
1992 2772 2091 2797 mor-

1223 2817 1296 2848 tem
1319 2814 1387 2848 sibi
1409 2815 1604 2848 conscisset
1624 2815 1706 2846 ante
1728 2813 1885 2854 refectam
1904 2813 2020 2855 fidem,
2043 2812 2089 2846 de
2150 2853 2154 2857 ⁴

1224 2874 1293 2907 qua
1327 2865 1464 2898 Tacitus
1497 2863 1650 2906 loquitur
1685 2864 1728 2904 (c.
1744 2863 1826 2919 ‚Q
1858 2858 1897 2895 Ὁ
1918 2862 2091 2921 Νέρουας

1222 2916 1359 2959 μηκέτι
1381 2912 1452 2958 τὴν
1475 2914 1685 2948 συνουσίαν
1707 2908 1827 2946 αὐτοῦ
1851 2913 1979 2971 φέρων
1997 2909 2091 2946 ἀπε-

1222 2967 1432 3024 xapre'pqoe
1453 2961 1517 2998 διά
1538 2973 1579 2997 τε
1600 2956 1737 3004 τᾶλλα,
1761 2962 1828 2996 καὶ
1846 2959 2005 3005 μάλισθ’
2030 2957 2091 2996 ὅτι

1223 3025 1314 3057 τους
1341 3024 1486 3058 νομους
1513 3010 1604 3055 τοὺς
1636 3013 1720 3059 περὶ
1741 3011 1817 3045 τῶν
1840 3011 2090 3055 συμβολαίων

1223 3060 1299 3098 ὑπὸ
1321 3062 1390 3098 τοῦ
1414 3063 1516 3098 Kato
1590 3073 1611 3104 ς
1631 3062 1808 3103 τεθέντας
1835 3057 2087 3104 ἀνενεωσατο,

1222 3116 1286 3149 καὶ
1310 3111 1432 3149 πολλά
1447 3124 1489 3159 γε
1503 3110 1624 3148 αυτοῦ
1640 3111 1966 3160 παρακαλοῦντος,
1983 3107 2089 3155 ὅπως

1221 3175 1257 3199 τι
1283 3176 1335 3198 αν
1365 3166 1485 3208 φαίη,
1520 3160 1599 3198 οὐδ’
1630 3162 1915 3210 ἀποκρίνασθαι
1936 3171 1973 3195 τι
1996 3157 2088 3205 ἤθε’-

1221 3215 1327 3260 λησε.
1353 3233 1388 3239 -
1414 3216 1590 3248 continuus
1607 3213 1782 3256 principis]
1813 3213 1835 3245 i.
1861 3221 1893 3246 e.
1919 3213 2087 3246 continuo

1221 3273 1343 3299 comes
1356 3290 1364 3306 ,
1396 3265 1492 3298 idem
1515 3273 1557 3298 ac
1579 3272 1662 3298 mox
1688 3263 1866 3305 promimus
1887 3262 2085 3303 amicornm,

1221 3317 1256 3349 et
1287 3315 1432 3358 quidem
1469 3314 1550 3348 inde
1581 3322 1600 3347 a
1631 3313 1795 3347 diuturno
1825 3313 1986 3354 tempore
2009 3311 2085 3346 sine

1218 3364 1288 3398 ulla
1310 3365 1577 3407 interruptione.
1597 3382 1632 3388 —
1645 3361 1830 3404 ceniunoeit]
1853 3361 1928 3396 scil.
1945 3361 2084 3395 inediae

1219 3417 1301 3449 ante
1319 3415 1480 3449 Caesaris
1502 3421 1705 3449 sermonem
1721 3414 1888 3456 coeptae,
1913 3412 1936 3445 i.
1954 3420 1987 3446 e.
2003 3419 2085 3445 cen—
