2254 3770
11 98 18 103 =

3 684 5 686 “
0 549 18 671 π”ἶῗ
0 526 17 539 „-
0 375 13 515 ww(
0 197 22 366 ᾙἻΨ
0 151 7 166 ”’

0 3235 19 3273 -7-
0 3195 18 3229 *¹2
0 2914 18 3190 wrm-m·
0 2891 5 2907 -
0 2845 9 2858 ’v

749 271 905 316 LIBER
931 270 1033 316 XIV.
1077 270 1179 329 Cap.
1207 269 1275 315 22.
1305 269 1374 315 23.
1884 265 1967 311 455

193 386 306 424 tanto
333 378 431 437 plus
460 377 596 423 famae
624 377 819 436 adeptus.
849 375 967 422 auxit
993 388 1209 419 rumorem
1238 376 1330 434 pari
1351 374 1534 420 vanitate
1553 379 1648 418 orta
1674 373 1966 432 interpretatio

191 453 378 512 fulguris.
409 467 504 497 nam
534 453 635 511 quia
663 452 970 497 discumbentis
997 451 1178 495 Neronis
1205 450 1320 508 apud
1343 449 1584 495 Simbruina
1609 455 1758 506 stagna
1783 449 1827 491 in
1854 447 1964 502 villa,

191 529 259 574 cui
289 527 581 587 Sublaqueum
610 542 767 573 nomen
796 534 878 580 est,
919 528 1028 572 ictae
1057 526 1191 584 dapes
1220 539 1454 585 mensaque
1484 524 1663 569 disiecta
1691 529 1802 575 erat,
1833 522 1966 581 idque

188 604 344 648 finibus
368 602 586 647 Tiburtum
615 603 844 654 acciderat,
886 602 1000 647 unde
1036 609 1212 661 paterna
1241 600 1388 645 Plauto
1418 600 1557 658 origo,
1593 598 1707 644 hunc
1740 598 1859 643 illum
1886 613 1966 642 nu-

188 680 302 724 mine
330 678 461 723 deum
489 678 690 722 destinari
721 678 970 730 credebant,
1012 677 1297 735 fovebantque
1327 676 1463 728 multi,
1494 675 1652 735 quibus
1680 688 1792 718 nova
1820 680 1864 718 et
1891 687 1996 719 ειη-5

189 755 332 814 cipitia
361 753 611 812 praecolere
640 754 766 798 avida
794 760 838 798 et
864 753 1121 812 plerumque
1149 752 1271 796 fallax
1301 751 1474 796 ambitio
1503 757 1580 795 est.
1615 763 1719 808 ergo
1747 755 1965 808 permotus

186 831 253 875 his
295 831 408 875 Nero
446 829 660 887 componit
697 829 751 873 ad
789 829 983 873 Plautum
1019 828 1202 880 litteras,
1249 826 1491 872 consuleret
1520 826 1651 884 quieti
1680 825 1799 870 urbis
1828 838 1965 884 seque

188 920 319 965 prava
349 904 662 950 diffamantibus
691 903 982 948 subtraheret:
1013 903 1111 948 esse
1139 902 1198 946 illi
1216 916 1296 961 per
1313 903 1456 947 Asiam
1474 902 1608 946 avitos
1629 914 1775 959 agros,
1805 901 1849 944 in
1869 901 1965 959 qui-

186 982 268 1027 bus
303 988 392 1026 tuta
431 987 474 1026 et
509 980 723 1024 inturbida
759 980 929 1024 iuventa
965 979 1187 1024 frueretur.
1230 979 1288 1022 ita
1321 978 1422 1022 illuc
1450 991 1548 1022 cum
1577 976 1758 1035 coniuge
1787 976 1963 1021 Antistia

185 1064 229 1102 et
255 1057 404 1116 paucis
434 1055 700 1100 familiarium
729 1055 954 1099 concessit.
1977 1067 2013 1098 ιο

298 1132 441 1176 Isdem
469 1130 623 1175 diebus
652 1130 780 1174 nimia
807 1130 932 1174 luxus
955 1129 1112 1188 cupido
1132 1129 1345 1174 infamiam
1365 1135 1407 1173 et
1425 1127 1664 1186 periculum
1681 1127 1838 1172 Neroni
1857 1126 1961 1179 tulit,

185 1208 287 1267 quia
313 1207 471 1251 fontem
501 1220 639 1265 aquae
668 1206 850 1250 Marciae
878 1205 933 1249 ad
961 1205 1112 1249 urbem
1143 1205 1356 1250 deductae
1386 1204 1530 1248 nando
1559 1203 1814 1256 incesserat3
1843 1203 1963 1247 vide-

185 1284 395 1342 baturque
423 1288 549 1340 potus
579 1295 726 1326 sacros
756 1288 798 1325 et
826 1281 1128 1325 caerimoniam
1157 1280 1238 1324 loci
1261 1293 1444 1338 corpore
1473 1279 1559 1323 loto
1589 1277 1809 1337 polluisse.
1837 1291 1963 1322 secu-

183 1365 314 1417 taque
342 1371 501 1416 anceps
531 1356 717 1400 valitudo
747 1357 854 1400 iram
882 1356 1013 1400 deum
1041 1355 1274 1400 affirmavit.

295 1433 376 1490 (23)
407 1435 458 1476 At
486 1431 670 1481 Corbulo
699 1438 797 1489 post
825 1431 965 1476 deleta
994 1433 1190 1475 Artaxata
1225 1430 1431 1475 utendum
1459 1430 1620 1475 recenti
1654 1435 1817 1474 terrore
1845 1434 1961 1473 ratus
1976 1441 2013 1472 ⁴5

185 1509 239 1553 ad
278 1507 527 1566 occupanda
562 1507 875 1565 Tigranocerta,
921 1507 1078 1564 quibus
1118 1507 1270 1550 excisis
1309 1512 1468 1551 metum
1508 1505 1690 1550 hostium
1725 1504 1964 1549 intenderet

251 1623 282 1655 4.
306 1631 441 1655 rumore
461 1623 495 1655 M
525 1639 555 1644 —
581 1621 812 1662 interpretatio
833 1620 1060 1654 Puteolanus:
1083 1622 1120 1654 in
1142 1624 1245 1654 terra.
1270 1623 1301 1653 et
1322 1620 1391 1653 atio
1412 1620 1446 1654 M
1465 1638 1500 1643 —
1518 1620 1551 1652 2.
1575 1620 1612 1652 in
1633 1619 1715 1653 villa
1736 1620 1791 1652 eui
1812 1619 1964 1653 Bezzen-

183 1678 315 1720 berger
337 1677 425 1720 (coll.
450 1678 483 1718 4,
507 1678 561 1711 59.
587 1679 618 1718 6,
642 1677 714 1719 50);
749 1678 805 1710 cui
826 1679 878 1717 M;
913 1679 1013 1711 villae
1034 1678 1214 1717 Heinsius;
1239 1677 1309 1710 loco
1330 1679 1356 1709 1.
1374 1677 1410 1710 F.
1428 1677 1634 1709 Gronovius.
1662 1693 1699 1700 -
1724 1675 1757 1708 3.
1781 1675 1843 1708 icte
1864 1676 1898 1708 M
1923 1693 1959 1700 —

180 1736 214 1768 5.
238 1733 295 1767 dni
321 1736 355 1768 M
377 1753 419 1758 —
443 1735 475 1767 7.
499 1734 549 1766 his
577 1735 630 1767 M:
665 1734 707 1766 iis
738 1733 806 1767 alii.
834 1750 869 1758 -
895 1735 998 1775 quieti
1018 1734 1109 1767 urbis
1130 1734 1297 1767 Pichena:
1333 1733 1391 1774 qui
1417 1741 1435 1765 e
1462 1732 1567 1765 turbis
1586 1732 1622 1765 Μ
1646 1747 1681 1755 -
1713 1731 1746 1764 8.
1768 1740 1882 1772 praua
1909 1731 1959 1765 M:

177 1801 286 1834 prave
307 1790 375 1824 alii.
404 1809 439 1815 -—
465 1799 582 1831 asyam
604 1792 637 1824 M
663 1808 698 1815 —
725 1791 777 1824 40.
801 1791 1007 1832 familiarius
1026 1800 1081 1834 pr.
1099 1792 1131 1825 M
1157 1809 1194 1815 —
1223 1792 1276 1825 44.
1299 1791 1425 1823 Neroni
1447 1788 1673 1823 Puteolanus:
1709 1787 1841 1821 neronis
1862 1787 1896 1821 M
1921 1805 1957 1812 -

182 1849 235 1881 ⁴2.
258 1848 408 1881 Marciae
437 1846 667 1880 Puteolanus:
702 1848 834 1889 maryio
856 1848 889 1881 M
915 1864 950 1870 —
981 1847 1033 1880 43.
1059 1848 1124 1880 loto
1146 1847 1299 1889 Lipsius:
1337 1850 1403 1879 toto
1426 1846 1459 1880 M
1483 1863 1518 1869 —
1552 1845 1606 1878 44.
1631 1841 1687 1877 ani
1705 1844 1739 1879 M
1764 1860 1800 1866 —
1833 1843 1885 1877 46.
1910 1843 1961 1877 in-

180 1905 324 1937 tenderet
345 1905 390 1936 G:
413 1904 581 1936 intendere
602 1904 646 1937 M.

181 2004 256 2037 divo
276 2003 434 2046 Augusto.
453 2020 490 2026 —
508 2003 599 2044 apud
613 2002 807 2036 Simbruina
824 2006 947 2046 staqna
962 2003 1044 2045 cet.]
1094 2003 1259 2046 praetore
1284 2003 1387 2045 (circa
1405 2011 1436 2035 a.
1454 2011 1490 2035 u.
1508 2000 1583 2043 600)
1596 2026 1604 2042 ,
1629 2000 1729 2034 cuius
1752 1998 1959 2042 splendidae

182 2053 233 2086 Cf.
259 2054 313 2093 44,
340 2053 392 2085 43.
417 2051 547 2085 Plinius
568 2054 609 2085 N.
635 2053 676 2085 H.
702 2052 722 2085 3
745 2053 872 2095 §⁴091
898 2054 954 2086 Em
975 2054 1047 2086 alia
1094 2052 1262 2095 reliquiae
1285 2053 1478 2094 supersunt
1498 2051 1545 2085 ad
1562 2051 1703 2093 portam
1717 2051 1751 2083 S.
1769 2051 1957 2084 Laurentii.

175 2106 278 2144 parte
297 2102 381 2134 Anio
402 2103 438 2134 in
458 2106 567 2134 monte
590 2102 814 2135 Trebanorum
840 2106 932 2136 ortus
953 2103 1047 2135 lacus

180 2153 242 2186 tris
278 2153 476 2185 amoenitate
511 2152 652 2192 nobiles,
691 2153 748 2193 qui
780 2162 897 2187 nomen
931 2154 1046 2186 dedere

180 2202 384 2242 Sublaqueo,
413 2202 515 2243 desert
538 2202 575 2234 in
602 2202 751 2234 Tiberim.
788 2203 972 2236 Frontinus
1000 2202 1044 2235 de

180 2251 338 2294 Aquaed.
364 2251 424 2284 93:
463 2261 505 2284 ev
535 2244 627 2292 lacu,
663 2253 720 2292 qui
743 2255 790 2284 est
810 2261 908 2294 super
928 2253 1046 2285 villam

180 2302 408 2334 Neronianam
429 2301 657 2334 Sublacensem
680 2302 830 2342 (circiter
843 2302 976 2335 XXXVI
998 2303 1042 2335 M.

181 2354 218 2385 P.
244 2351 289 2383 ab
313 2350 426 2390 urbe).
454 2369 485 2374 -
519 2350 609 2383 ictae
629 2351 748 2408 dapes]
778 2353 915 2392 Augent
936 2352 1045 2384 mira-

181 2400 300 2434 culum
330 2401 394 2432 Dio
418 2400 472 2439 64,
495 2401 554 2433 ⁴6:
585 2398 756 2444 σκηπτὸς
784 2410 875 2434 ποτε
903 2399 947 2434 τὸ
970 2400 1045 2434 δεῖ-

181 2460 276 2483 πνον
298 2446 417 2483 αὐτοῦ
439 2448 514 2481 πᾶν
529 2447 792 2507 ἐσφερόμενόν
808 2451 849 2483 οἱ
861 2451 1045 2493 κατέφλε-

180 2498 263 2543 ξεν,
299 2494 426 2546 ὥσπερ
453 2509 510 2540 τις
544 2495 686 2546 ἅρπυιαι
714 2499 761 2533 τὰ
792 2497 894 2534 σιτία
924 2498 1043 2536 αὐτοῦ

180 2547 434 2592 ἀφελόμενος.
460 2551 495 2582 et
518 2549 743 2583 Philostratus
765 2551 801 2583 in
823 2552 891 2583 vita
907 2551 1046 2610 Apollo-

181 2601 228 2634 nii
247 2599 280 2640 4,
297 2599 360 2633 43:
386 2599 615 2642 σιτουμένου
639 2598 708 2633 τοῦ
732 2600 909 2645 Νέρωνος
930 2600 1044 2644 ἐμπε-

180 2647 261 2684 σών
298 2647 344 2696 τῇ
379 2651 539 2696 τραπέζῃ
575 2647 746 2692 σκηπτὸς
782 2648 940 2693 διήλασε
977 2648 1045 2694 τῆς

182 2697 337 2743 κύλικος
359 2698 399 2732 ἐν
413 2703 544 2746 χεροῖν
560 2709 681 2743 ουσης
695 2700 759 2733 καὶ
777 2697 823 2733 οῦ
839 2698 935 2734 πολὺ
951 2697 1044 2734 ἀπε-

180 2748 329 2794 χούσης
362 2748 432 2783 τοῦ
465 2747 670 2793 στόματος.
708 2768 744 2773 -
784 2753 871 2783 unde
899 2755 1045 2792 paterna

179 2802 297 2835 Plauto
319 2799 424 2842 oripo]
450 2799 501 2833 Cf.
521 2800 552 2839 6,
571 2801 624 2833 27.
644 2818 678 2823 -
705 2801 792 2833 hunc
811 2801 907 2834 illum
921 2819 971 2825 --
986 2802 1044 2835 de-

179 2851 314 2891 stinari]
336 2851 358 2882 i.
377 2859 408 2883 e.
435 2850 550 2883 «hunc
573 2849 669 2883 illum
687 2859 785 2891 esse,
811 2851 871 2893 qui
887 2851 1043 2884 destina-

180 2903 311 2934 return.
345 2899 395 2931 Cf.
421 2900 476 2938 42,
501 2900 561 2932 36;
596 2899 799 2941 avebantque
820 2901 941 2941 visere,
974 2902 1046 2941 quis

180 2950 234 2983 ille
264 2952 310 2981 tot
334 2957 394 2989 per
420 2957 526 2981 annos
550 2958 626 2990 opes
647 2952 778 2982 nostras
797 2950 979 2990 sprevisset.
1005 2968 1040 2973 —

180 3008 269 3033 nova
302 3002 332 3031 et
365 2999 527 3039 ancipitia
554 2999 757 3041 praecolere]
792 3001 873 3032 ante
904 3002 1044 3042 tempus

180 3050 417 3092 opportunum
439 3057 530 3080 nova
553 3050 663 3091 magis
687 3049 804 3082 colere
824 3051 860 3083 et
882 3051 1043 3092 ancipitia

181 3109 288 3142 quam
303 3099 504 3141 praeseutia
520 3108 562 3131 ac
578 3100 662 3132 tuta.
688 3099 844 3133 Verbum
854 3101 1045 3140 praecolere

181 3158 274 3182 nunc
296 3151 350 3182 est
372 3145 476 3190 ἅπαξ
498 3146 713 3191 λεγόμενον.
740 3166 776 3172 -
807 3158 922 3190 prava
943 3150 1044 3191 diffa-

180 3199 356 3241 mantibus]
383 3197 507 3231 «salsos
530 3198 674 3239 quidem
697 3198 762 3231 sed
785 3198 966 3240 improbos
990 3200 1044 3231 at-

181 3258 251 3291 que
280 3249 468 3281 iniuriosos
497 3255 659 3280 rumores
690 3247 975 3289 spargentibus».
1002 3266 1039 3272 —

179 3298 338 3340 Antistia]
365 3299 404 3331 1..
428 3298 563 3330 Antistii
587 3298 741 3337 Veteris,
774 3296 926 3331 consulis
949 3307 981 3330 a.
1005 3307 1040 3331 u.

181 3348 245 3382 808
262 3348 327 3389 (43,
345 3349 417 3389 44),
439 3347 518 3381 filia.
545 3347 595 3380 Cf.
616 3347 667 3387 46,
687 3349 740 3380 40.
760 3365 796 3371 -
821 3357 930 3389 aquae
943 3349 1043 3381 Mar-

180 3399 254 3432 ciae
275 3398 321 3431 ad
340 3398 454 3432 urbem
476 3397 646 3440 deductae]
679 3406 699 3430 a
731 3398 772 3437 Q.
796 3398 925 3431 Marcio
948 3398 1041 3440 Rege

1095 2102 1146 2135 Cf.
1165 2103 1296 2135 Canina
1317 2102 1528 2135 Indioazione
1547 2110 1584 2143 p.
1603 2101 1677 2133 406.
1702 2099 1832 2133 Plinius
1854 2101 1894 2134 N:
1914 2101 1956 2134 H.

1094 2153 1130 2186 34
1159 2152 1178 2194 5
1194 2152 1231 2185 44
1246 2163 1253 2184 :
1279 2153 1475 2186 Clarissima
1495 2160 1665 2192 aquarum
1682 2151 1830 2183 omnium
1843 2150 1879 2183 in
1893 2154 1960 2183 toto

1093 2202 1171 2235 orbe
1198 2202 1337 2244 fr-iqoris
1357 2201 1627 2242 salubritatisque
1642 2201 1761 2242 palma
1779 2200 1959 2241 praeconio

1093 2252 1185 2284 urbis
1216 2252 1350 2286 Marcia
1382 2255 1445 2291 est,
1480 2252 1567 2284 inter
1596 2251 1693 2284 deum
1721 2259 1863 2284 munera
1884 2250 1960 2283 urbi

1094 2302 1228 2334 tributa.
1278 2301 1378 2334 Idem
1400 2301 1442 2334 36
1474 2301 1493 2343 5
1517 2302 1599 2334 42⁴:
1637 2302 1675 2342 Q.
1699 2301 1851 2334 Marcius
1874 2301 1957 2342 Rex,

1094 2353 1201 2385 iussus
1233 2361 1256 2384 a
1288 2355 1404 2385 senatu
1437 2360 1608 2392 aquarum
1636 2351 1777 2392 Appiae,
1812 2350 1957 2391 Anienis,

1097 2402 1236 2443 Tepulae
1258 2402 1375 2434 <luctus
1395 2402 1547 2444 reficere,
1571 2410 1694 2434 novam
1709 2410 1732 2433 a
1748 2401 1879 2433 nomine
1900 2410 1959 2434 suo

1093 2452 1295 2493 appellatam
1327 2451 1487 2484 cuniculis
1511 2460 1575 2492 per
1601 2455 1726 2484 montes
1754 2451 1837 2483 actis
1866 2450 1959 2483 intra

1088 2506 1270 2544 praeturae
1292 2510 1371 2534 suae
1391 2504 1517 2542 tempus
1530 2501 1685 2533 adduxit.
1710 2501 1895 2534 Frontinus
1912 2500 1956 2533 de

1093 2551 1251 2593 Aquaed.
1279 2560 1309 2583 c.
1336 2552 1371 2584 94
1389 2560 1396 2582 :
1420 2550 1588 2584 Marciam
1609 2551 1717 2591 ipsam
1738 2550 1908 2591 splendore
1929 2553 1959 2583 et

1091 2602 1218 2644 frigore
1239 2602 1465 2643 yratissimam
1486 2600 1622 2633 balineis
1642 2609 1683 2632 ac
1702 2599 1879 2641 fullonibus
1900 2600 1958 2633 de-

1089 2651 1321 2692 prehendimus
1347 2651 1549 2683 servientem.
1577 2667 1613 2673 -
1638 2658 1776 2691 corpore
1796 2650 1862 2682 loto
1881 2650 1958 2690 pol-

1093 2700 1199 2742 luisse]
1224 2701 1351 2733 Fontes
1375 2701 1411 2732 et
1432 2700 1546 2741 capita
1561 2707 1734 2741 aquarum
1756 2699 1879 2741 priscis
1902 2707 1958 2732 sa-

1094 2759 1165 2790 cra,
1190 2751 1226 2783 in
1247 2751 1359 2791 iisque
1382 2751 1504 2782 natare
1527 2749 1637 2783 nefas.
1666 2749 1793 2783 Plinius
1815 2750 1903 2792 Epp.
1921 2749 1954 2790 8,

1092 2801 1126 2840 8,
1151 2801 1171 2832 6
1194 2800 1239 2832 de
1263 2799 1455 2833 Clitumn0:
1486 2800 1518 2831 Is
1541 2800 1651 2841 (pons)
1683 2800 1840 2833 terminus
1867 2799 1957 2832 sacri

1091 2850 1299 2891 profanique.
1331 2850 1371 2881 In
1392 2849 1560 2890 superiore
1578 2852 1677 2890 parte
1698 2850 1862 2891 navigare
1883 2852 1956 2881 tan-

1093 2903 1179 2940 tum,
1204 2900 1296 2941 infra
1317 2900 1419 2932 etiam
1436 2902 1558 2932 natare
1573 2907 1768 2932 concessum.
1792 2901 1905 2932 Immo
1919 2900 1955 2932 in

1093 2949 1307 2992 quibusdam
1336 2949 1436 2991 aquis
1467 2949 1630 2992 navigare
1660 2950 1767 2983 etiam
1793 2950 1952 2982 vetitum.

1093 2998 1181 3031 ibid.
1215 3007 1270 3041 ep.
1295 2999 1349 3039 20,
1374 2999 1394 3032 5
1425 2998 1470 3032 de
1495 2998 1573 3032 lacu
1595 2999 1817 3032 Vadimonis:
1852 2999 1956 3032 Nulla

1091 3051 1127 3082 in
1148 3050 1207 3082 hoc
1229 3049 1326 3080 navis
1355 3048 1464 3091 (sacer
1485 3049 1606 3091 enim),
1633 3050 1688 3082 sed
1715 3050 1872 3082 innatant
1899 3048 1955 3081 in·

1091 3099 1193 3131 sulae.
1229 3099 1364 3132 Seneca
1386 3100 1488 3141 epist.
1512 3099 1567 3140 44,
1592 3099 1611 3132 3
1636 3099 1680 3132 de
1703 3100 1757 3132 his
1781 3099 1954 3132 caerimo—

1093 3149 1177 3181 niis:
1202 3157 1400 3191 maanorum
1420 3149 1596 3192 flmninum
1610 3149 1723 3190 capita
1735 3157 1934 3181 veneramur
1939 3158 1952 3189 ,-

1091 3198 1200 3231 subita
1221 3207 1266 3232 ew
1287 3199 1397 3232 abdito
1419 3200 1506 3232 vasti
1529 3200 1638 3232 amnis
1653 3199 1781 3240 eruptio
1795 3207 1878 3231 aras
1889 3199 1954 3232 ha-

1092 3249 1142 3282 bet
1148 3257 1160 3288 ;
1191 3249 1344 3282 coluntur
1372 3258 1541 3291 aquarum
1569 3249 1746 3282 calentium
1770 3248 1892 3291 fontes,
1922 3253 1954 3283 et

1091 3301 1211 3340 stagna
1233 3299 1396 3340 quaedam
1416 3299 1469 3332 vel
1489 3299 1638 3340 opacitas
1650 3298 1702 3331 vel
1715 3298 1864 3332 inmensa
1877 3298 1953 3332 alti-

1091 3349 1168 3381 tudo
1189 3349 1346 3382 sacravit.
1371 3349 1457 3382 Lu>s.

1132 3397 1187 3432 23.
1209 3398 1251 3432 At
1273 3399 1411 3433 Corbulo
1434 3398 1515 3442 cet.]
1547 3398 1597 3433 Cf.
1623 3398 1677 3440 43,
1701 3398 1755 3433 44.
1783 3417 1819 3424 -
1845 3400 1949 3434 Arta-
