2254 3770
738 321 892 367 LIBER
921 320 1023 365 xvl.
1068 319 1169 378 Cap.
1201 318 1268 363 48.
1299 318 1367 362 ¹19.

1871 315 1952 358 557

171 433 283 478 dicta
310 431 507 490 factaque
538 431 651 482 eius,
683 435 841 489 quanto
872 427 1074 472 solutiora
1103 433 1146 471 et
1165 425 1381 484 quandam
1413 423 1478 468 sui
1499 421 1807 481 neglegentiam
1829 435 1954 479 prae—

171 509 366 558 ferentia,
409 513 523 551 tanto
559 506 719 564 gratius
749 505 790 548 in
821 503 1012 562 speciem
1041 501 1318 559 simplicitatis
1349 498 1680 557 accipiebantur.
1723 495 1954 555 proconsul

173 590 315 628 tamen
343 581 567 641 Bithyniae
597 587 640 626 et
667 594 767 624 mox
795 578 944 624 consul
973 578 1187 636 vigentem
1215 590 1263 620 se
1293 590 1343 620 ac
1371 589 1520 634 parem
1551 573 1730 631 negotiis
1759 570 1955 615 ostendit.

174 658 274 703 dein
304 656 522 702 revolutus
552 656 604 701 ad
636 656 746 707 vitia,
778 669 856 699 seu
876 654 1074 697 vitiorum
1096 642 1348 702 imitatione,
1381 651 1490 694 inter
1511 662 1671 707 paucos
1692 646 1958 693 familiarium

173 733 329 778 Neroni
358 732 611 789 adsumptus
641 738 725 783 est,
768 729 1002 787 elegantiae
1033 727 1208 778 arbiter,
1242 726 1343 769 dum
1373 724 1475 768 nihil
1506 738 1733 768 amoenum
1762 729 1804 767 et
1832 721 1991 765 molles

174 807 388 853 affluentia
418 813 547 865 putat,
579 807 660 850 nisi
690 804 808 864 quod
837 804 875 848 ei
907 803 1131 847 Petronius
1155 801 1492 859 adprobavisset.
1523 799 1638 843 unde
1659 798 1816 842 invidia
1837 796 1962 855 Tigil—

173 883 247 927 lini
277 883 400 941 quasi
430 882 640 926 adversus
670 879 886 925 aemulum
915 886 957 923 et
985 877 1163 944 scientia
1193 875 1456 934 voluptatum
1486 876 1709 933 potiorem.
1741 887 1845 932 ergo
1866 886 1963 917 cru-

175 958 391 1004 delitatem
421 954 742 1016 principis,'cui
773 961 942 999 ceterae
968 952 1168 996 libidines
1190 951 1417 1002 cedebant,
1450 950 1707 1008 adgreditur,
1739 948 1965 994 amicitiam

176 1034 372 1079 Scaevini
403 1032 602 1077 Petronio
633 1030 865 1081 obiectans,
898 1035 1101 1086 corrupto
1131 1027 1185 1071 ad
1213 1026 1414 1070 indicium
1436 1039 1562 1070 servo
1584 1025 1870 1083 ademptaque
1890 1024 1967 1068 de-

176 1109 367 1154 fensione
398 1115 440 1152 et
469 1107 630 1151 maiore
671 1112 790 1164 parte
820 1104 1003 1149 familiae
1034 1105 1076 1147 in
1105 1102 1243 1147 vincla
1272 1108 1405 1160 rapta.
1450 1100 1532 1158 (49)
1563 1101 1669 1144 forte
1697 1100 1779 1144 illis
1812 1100 1966 1144 diebus
1980 1116 2016 1145 ιο

178 1184 453 1242 Campaniam
482 1182 692 1241 petiverat
711 1181 889 1231 Caesar,
923 1187 965 1223 et
994 1180 1149 1224 Cumas
1179 1191 1319 1235 usque
1349 1190 1606 1235 progressus
1629 1176 1853 1220 Petronius
1884 1174 1968 1219 illio

178 1259 447 1304 attinebatur.
478 1272 557 1302 nec
586 1257 679 1301 tulit
711 1256 816 1300 ultra
846 1255 1009 1299 timoris
1039 1260 1111 1298 aut
1131 1253 1224 1311 spei
1245 1266 1400 1297 moras.
1432 1265 1575 1310 neque
1595 1258 1737 1295 tamen
1756 1264 1967 1309 praeceps

179 1335 308 1380 vitam
338 1333 515 1392 expulit,
560 1332 639 1376 sed
668 1332 824 1376 incisas
853 1344 1007 1381 venas,
1051 1335 1097 1373 ut
1125 1329 1309 1381 libitum,
1349 1327 1555 1387 obligatas
1585 1327 1753 1385 aperire
1783 1340 1965 1378 rursum,

182 1417 225 1455 et
257 1409 415 1467 alloqui
447 1408 625 1459 amicos,
658 1421 743 1451 non
774 1421 852 1465 per
882 1406 995 1450 seria
1024 1412 1095 1448 aut
1124 1404 1282 1462 quibus
1312 1402 1487 1461 gloriam
1509 1402 1770 1447 constantiae
1789 1407 1967 1460 peteret.

181 1485 470 1542 audiebatque
501 1483 759 1534 referentes,
791 1481 894 1525 nihil
924 1481 979 1525 de
1009 1479 1304 1524 inmortalitate
1336 1479 1502 1522 animae
1524 1484 1566 1522 et
1595 1477 1847 1536 sapientium
1877 1476 2018 1535 pla-45

179 1561 294 1611 citis,
326 1559 403 1604 sed
433 1558 545 1603 levia
574 1558 762 1602 carmina
784 1564 826 1600 et
849 1555 994 1600 faciles
1016 1569 1179 1599 versus.
1211 1568 1433 1598 servorum
1456 1553 1561 1597 alios
1581 1553 1814 1611 largitione,
1837 1566 1969 1611 quos-

181 1636 280 1680 dam
309 1633 561 1679 verberibus
582 1632 744 1685 affecit3
777 1632 867 1675 iniit
887 1630 1049 1689 epulas,
1081 1643 1232 1674 somno
1253 1628 1444 1680 indulsit,
1476 1635 1523 1672 ut
1542 1641 1803 1687 quamquam
1822 1634 1970 1672 coacta

179 1725 295 1755 mors
325 1709 520 1754 fortuitae
550 1707 699 1752 similis
729 1713 856 1752 esset.
887 1720 941 1751 ne
962 1705 1169 1751 codicillis
1191 1704 1384 1763 quidem,
1417 1703 1534 1762 quod
1564 1703 1759 1762 plerique
1784 1717 1969 1762 pereun-

245 1807 278 1839 2.
299 1804 435 1847 procos.
460 1806 493 1838 Μ
518 1822 554 1828 -
588 1804 620 1837 3.
646 1803 778 1836 bithinie
799 1803 833 1836 M
859 1820 895 1826 -
928 1799 1060 1835 consul'e'
1084 1802 1118 1835 M
1152 1819 1187 1825 -
1220 1801 1251 1833 5.
1277 1800 1378 1833 nichil
1399 1801 1433 1834 M
1458 1816 1495 1824 -
1528 1800 1560 1833 6.
1585 1799 1719 1842 tiyillini
1739 1801 1790 1834 M:
1826 1799 1973 1842 Tiqellini

179 1862 295 1904 vulgo.
328 1861 416 1894 Vide
440 1861 485 1894 ad
508 1870 544 1903 p.
570 1860 646 1900 475,
671 1861 703 1893 7.
723 1878 759 1883 —
785 1860 817 1892 8.
843 1860 1036 1892 adcreditur
1057 1859 1092 1893 M
1115 1875 1151 1882 -
1185 1858 1239 1891 45.
1263 1857 1364 1890 nichil
1385 1857 1419 1890 M
1444 1874 1479 1880 —
1508 1856 1561 1889 Π.
1586 1856 1702 1897 epulas
1724 1855 1904 1890 Markland
1926 1857 1970 1899 (in

182 1919 283 1962 epist.
310 1918 386 1951 crit.
411 1917 457 1950 ad
486 1916 631 1949 Harium
660 1925 695 1959 p.
721 1915 794 1957 87):
825 1919 856 1948 et
883 1917 959 1949 uias
982 1916 1032 1955 Μ;
1063 1918 1094 1948 et
1121 1914 1236 1956 epulas
1258 1912 1426 1947 Halmius.
1454 1930 1489 1936 —
1523 1921 1728 1954 quamquam
1758 1913 1969 1946 Rhenanus:

183 1983 286 2019 quam
308 1975 340 2009 M
363 1991 407 1997 —
429 1973 483 2006 ⁴8.
506 1973 642 2015 fortuite
663 1973 708 2007 M.

181 2063 266 2096 laris
286 2062 488 2102 moriturus,
512 2061 642 2094 invidia
662 2060 824 2100 Neronis,
847 2062 885 2093 ut
905 2068 1054 2092 mensam

181 2115 252 2147 eius
265 2113 498 2152 exheredaret,
523 2111 662 2144 trullam
676 2111 886 2144 murrhinam
900 2110 967 2143 HS.
985 2113 1055 2142 tre-

183 2163 285 2197 centis
305 2162 437 2195 milibus
459 2165 604 2203 emptam
623 2161 736 2203 freyit.
760 2161 850 2193 Item
866 2160 961 2203 apud
978 2159 1058 2193 Plu-

184 2213 347 2247 tarchum
371 2212 415 2245 de
440 2211 643 2245 discrimine
674 2210 864 2244 adulatoris
889 2211 925 2243 et
951 2210 1055 2243 amici

184 2273 220 2307 p.
246 2264 287 2297 60
310 2263 336 2296 Ε
365 2263 408 2303 (o.
433 2262 507 2304 35):
544 2257 638 2294 ὅταν
666 2258 757 2303 τοὺς
785 2257 960 2302 ἀσώτους
989 2260 1055 2293 καὶ

187 2311 404 2354 πολυτελεῖς
426 2313 479 2353 εἰς
508 2310 758 2358 μικρολογίαν
779 2311 846 2344 καὶ
867 2307 1056 2357 ῥυπαρίαν

186 2359 429 2409 ὀνειδίζωσιν,
455 2357 585 2408 ὥσπερ
606 2361 764 2408 Νέρωνα
781 2361 891 2402 Τῖτος
904 2358 1056 2406 Πετρώ-

185 2424 278 2455 νιος.
302 2413 454 2446 Publium
477 2411 631 2455 appellat
650 2411 860 2445 scholiastes
882 2411 1056 2444 Iuvenalis

186 2464 218 2505 6,
238 2463 319 2497 638:
345 2464 475 2503 Pontia,
493 2463 586 2496 Publi
599 2464 729 2495 Petroni
742 2463 832 2505 filia,
858 2471 954 2502 quem
968 2463 1057 2494 Nero

186 2515 372 2547 convictum
401 2515 438 2547 in
464 2513 602 2545 crimine
623 2513 863 2545 coniurationis
885 2512 1059 2544 damnavit

187 2565 254 2596 cet.
281 2563 401 2596 Omnis
422 2563 544 2595 autem
559 2561 750 2602 dubitatio,
776 2562 861 2603 quin
878 2563 915 2595 C.
933 2563 1058 2595 Petro-

188 2614 266 2646 nius
289 2613 398 2646 Taciti
420 2612 516 2645 idem
543 2612 589 2644 sit
611 2620 693 2644 cum
716 2612 880 2644 Petronio
902 2611 1055 2651 Arbitro,

189 2663 289 2696 cuius
304 2663 495 2705 supersunt
512 2661 706 2703 fragmenta
723 2662 894 2703 satyrica,
920 2661 1057 2695 sublata

189 2713 329 2746 videtur
351 2713 411 2753 iis,
437 2721 529 2754 quae
545 2712 716 2745 Studerus
731 2713 919 2746 Bernensis
935 2714 971 2745 et
985 2713 1059 2745 Rit-

191 2764 288 2796 terus
310 2763 345 2795 in
368 2770 492 2795 museo
516 2762 682 2795 Rhenano
703 2771 736 2794 a.
755 2761 839 2795 ⁴842
857 2763 908 2803 (11,
928 2763 958 2794 4.
976 2762 1008 2794 2.
1026 2761 1057 2802 4)

192 2812 486 2855 exposuerunt.-
505 2820 611 2852 supra
624 2812 812 2855 repetenda]
830 2813 968 2855 phrasis
985 2811 1060 2844 Sal—

191 2862 300 2903 lustii,
325 2870 390 2904 pro
414 2870 485 2903 qua
500 2861 556 2894 alii
572 2862 673 2895 altius
685 2865 841 2903 repetere.
866 2862 954 2895 Vide
972 2863 1060 2895 Cor-

192 2913 280 2945 tium
303 2911 349 2945 ad
372 2910 470 2945 Catil.
488 2912 521 2944 5.
546 2912 617 2953 lug.
635 2912 668 2944 5.
694 2912 774 2944 ERN.
792 2929 834 2935 —
857 2912 906 2945 illi
920 2913 990 2945 dies
1000 2921 1062 2953 per

191 2962 353 3004 somnum]
385 2961 437 2995 Ci'.
463 2962 596 2995 Seneca
628 2962 690 3004 Ep.
716 2963 799 3003 ⁴22,
823 2963 862 2995 2:
892 2963 976 2995 Sunt
1004 2964 1062 3004 qui

193 3014 305 3056 officia
337 3013 421 3046 lucis
453 3013 621 3053 noctisque
648 3014 870 3054 perverterint
896 3023 955 3047 nec
985 3017 1063 3047 ante

195 3065 353 3097 diducant
374 3062 484 3095 oculos
505 3062 655 3095 hesterna
669 3071 790 3105 graves
804 3064 946 3104 crapula
959 3072 1062 3105 quam

194 3113 345 3154 adpetere
366 3121 437 3144 nox
459 3113 574 3152 coepit.
591 3129 611 3136 -
625 3129 644 3135 -
657 3112 781 3144 Lucet:
811 3113 918 3145 somni
939 3116 1064 3153 tempus

194 3165 252 3195 est.
286 3161 384 3203 Quies
399 3163 469 3194 est:
492 3170 581 3194 nunc
602 3170 828 3202 exerceamur,
851 3171 940 3194 nunc
958 3165 1064 3204 geste-

195 3221 285 3252 mur,
309 3220 398 3243 nunc
415 3211 653 3252 prandeamus.
690 3211 762 3244 Iam
775 3211 838 3243 luco
850 3212 988 3252 propius
1003 3221 1064 3244 ac-

196 3262 304 3294 cedit.-
337 3265 463 3302 tempus
491 3264 538 3293 est
559 3269 672 3294 cenae.
701 3279 736 3285 —
765 3269 806 3294 ac
835 3262 925 3294 dicta
952 3262 1064 3303 facta-

198 3319 324 3353 que--
339 3310 604 3352 accipiebantur]
638 3309 744 3343 Plane
779 3310 952 3344 eiusmodi
983 3311 1065 3344 sunt

199 3359 292 3393 dicta
313 3361 464 3394 Petronii
488 3368 552 3402 per
575 3360 756 3401 Satyricon
771 3359 965 3402 fragmenta
981 3368 1066 3401 pro-

201 3410 323 3452 posita.
349 3410 416 3443 Res
440 3408 599 3442 infandas
621 3410 658 3442 et
672 3408 835 3442 libidines
851 3409 1001 3442 nefarias
1017 3410 1065 3442 ita

202 3458 373 3502 depingit,
398 3461 579 3500 tamquam
605 3459 694 3493 haec
716 3460 753 3492 et
774 3457 905 3501 ubique
925 3460 960 3492 et
976 3466 1066 3500 quo-

1103 2064 1187 2097 tidie
1211 2063 1394 2104 eveniant,
1419 2062 1495 2105 ipse
1518 2070 1645 2096 severo
1669 2061 1856 2105 supercilio
1872 2070 1973 2096 usus.

1103 2115 1239 2148 Rrrrnn.
1259 2131 1295 2138 —
1312 2123 1394 2147 moa:
1408 2113 1533 2154 consul]
1550 2112 1719 2146 suffectus
1735 2121 1828 2146 anno
1843 2113 1973 2154 ignoto.

1104 2164 1181 2198 Noli
1197 2166 1317 2197 autem
1333 2173 1418 2198 eum
1435 2163 1653 2197 confundere
1666 2172 1749 2196 cum
1762 2164 1800 2196 C.
1811 2163 1974 2197 Petronio

1105 2213 1304 2256 Turpiliano
1328 2222 1402 2247 cos.
1427 2223 1459 2247 a.
1484 2222 1521 2247 u.
1543 2212 1620 2255 8⁴4,
1646 2213 1763 2246 occiso
1786 2213 1932 2247 demum
1954 2222 1976 2246 a

1100 2264 1215 2298 ‘Galba
1239 2265 1336 2306 (Hist.
1362 2265 1395 2305 ⁴,
1417 2264 1462 2306 6).
1481 2282 1518 2288 ——
1542 2264 1713 2297 revolutus
1735 2264 1780 2297 ad
1799 2265 1897 2305 vitia,
1920 2273 1977 2297 seu

1105 2315 1263 2347 vitiorum
1293 2313 1489 2356 imitatione]
1522 2322 1614 2347 «seu
1644 2314 1727 2356 quia
1754 2322 1794 2347 re
1816 2322 1902 2347 vera
1930 2313 1976 2347 ad

1106 2365 1187 2397 vitia
1209 2363 1390 2398 revolutus
1413 2365 1469 2397 est
1491 2373 1616 2398 eorum
1631 2363 1807 2398 illecebris
1821 2365 1898 2407 ipse
1915 2373 1977 2397 ca-

1106 2416 1199 2457 ptus,
1225 2423 1290 2447 seu
1311 2414 1393 2456 quia
1409 2413 1571 2447 consulto
1589 2416 1625 2447 et
1640 2414 1765 2448 callide
1781 2415 1863 2447 vitia
1879 2415 1976 2456 grata

1107 2465 1237 2497 Neroni
1259 2463 1464 2497 imitabatur
1486 2464 1704 2497 dumtaxat.»
1731 2483 1767 2488 —
1796 2465 1979 2506 elegantiae

1106 2514 1242 2556 arbiter]
1267 2514 1327 2555 qui
1351 2512 1612 2547 oblectamenta
1635 2514 1783 2547 Neronis
1800 2514 1979 2547 ordinaret

1108 2572 1150 2596 ac
1180 2563 1281 2605 quasi
1310 2564 1470 2604 regeret,
1503 2565 1611 2597 etiam
1642 2563 1786 2597 consilia
1809 2563 1911 2597 daret
1932 2564 1977 2597 de

1108 2614 1216 2655 signis
1240 2622 1281 2646 ac
1303 2613 1431 2646 tabulis
1454 2614 1575 2656 pictis,
1606 2614 1650 2647 de
1675 2613 1892 2657 supellectile
1917 2623 1979 2648 ce—

1108 2664 1265 2705 terisque
1297 2663 1406 2697 rebus
1431 2665 1593 2706 pretiosis
1616 2664 1805 2706 parandis:
1841 2674 1884 2698 ex
1907 2674 1978 2708 quo

1108 2714 1185 2756 ipso
1209 2713 1323 2746 officio
1347 2722 1524 2755 agnomen
1539 2714 1666 2747 Arbitri
1680 2716 1862 2758 accepisse
1878 2715 1979 2749 vide-

1110 2765 1178 2797 tur.
1207 2782 1242 2787 —
1270 2765 1455 2797 amicitiam
1476 2765 1641 2808 Scaevini]
1666 2766 1717 2799 Cf.
1743 2767 1797 2807 ⁴5,
1821 2766 1876 2800 49.

1154 2813 1207 2846 49.
1231 2815 1440 2856 proyressus]
1469 2815 1601 2857 quippe
1630 2816 1666 2849 in
1695 2817 1843 2850 Neronis
1867 2817 1979 2850 comi—

1110 2865 1204 2904 tatu,
1229 2865 1346 2906 potius
1369 2873 1494 2907 quam,
1519 2866 1560 2898 ut
1581 2864 1638 2898 alii
1661 2865 1801 2907 volunt,
1827 2867 1982 2909 «princi-

1110 2923 1194 2957 pem
1217 2915 1361 2956 assequi
1381 2913 1543 2954 volens»;
1569 2915 1604 2948 id
1621 2916 1717 2958 quod
1731 2925 1877 2959 prorsus
1893 2925 1980 2951 con-

1111 2964 1257 2997 trarium
1280 2963 1404 2997 fuisset
1426 2965 1502 2997 eius
1524 2966 1721 2999 timoribus.
1750 2984 1786 2991 —
1809 2967 1878 3000 illic
1899 2968 1981 3000 atti-

1111 3013 1261 3055 nebatur]
1281 3013 1313 3045 ei
1329 3013 1556 3047 interdictum
1574 3016 1628 3048 est
1643 3016 1710 3048 iter
1725 3024 1807 3049 cum
1821 3017 1979 3060 principe

1112 3064 1293 3106 prosequi.
1312 3062 1354 3104 (Il
1367 3067 1462 3102 recut
1475 3064 1599 3097 l'ordre
1612 3065 1668 3105 αἰ]
1681 3066 1816 3108 rester.)
1830 3083 1866 3090 —
1879 3076 1982 3108 prae-

1112 3113 1195 3153 ceps]
1213 3111 1473 3153 adverbialiter,
1490 3114 1530 3147 ut
1540 3115 1746 3148 Ammianus
1757 3115 1909 3150 Marcell.
1923 3117 1978 3157 29,

1114 3163 1151 3195 5:
1173 3171 1334 3203 praeceps
1347 3163 1383 3196 in
1399 3163 1555 3197 eoesilittm
1565 3165 1642 3197 acti.
1662 3182 1698 3190 -
1715 3165 1802 3199 levia
1816 3166 1979 3209 carmina]

1116 3212 1297 3245 «carmina
1319 3211 1429 3255 lyrica
1451 3212 1520 3247 levi
1542 3216 1783 3255 argumento».
1806 3232 1843 3239 —
1868 3217 1983 3258 faciles

1113 3261 1240 3304 verm]
1269 3263 1292 3295 i.
1318 3271 1351 3296 e.
1381 3261 1554 3303 ludicros,
1585 3263 1742 3303 iocosos‚
1773 3264 1905 3299 facetos
1935 3266 1980 3299 de

1114 3309 1224 3345 rebus
1246 3312 1425 3346 amatoriis
1448 3313 1484 3345 et
1506 3312 1690 3347 similibus.
1710 3331 1746 3337 -
1765 3315 1840 3348 iniit
1854 3316 1980 3359 epulas]

1116 3359 1168 3394 Cf.
1193 3361 1247 3402 ⁴5,
1271 3362 1334 3395 52:
1367 3362 1480 3403 epulas
1500 3361 1617 3395 inibat.
1646 3381 1681 3387 -
1707 3365 1795 3406 quod
1817 3366 1981 3408 plerique]

1115 3408 1312 3451 faciebant,
1350 3410 1471 3445 verbis
1507 3411 1709 3446 honorificis
1724 3438 1732 3453 ,
1771 3413 1981 3457 plerumque

1117 3459 1224 3494 etiam
1254 3459 1395 3502 legatis,
1425 3461 1465 3494 ut
1494 3458 1655 3502 legitimis
1686 3463 1759 3497 suis
1787 3463 1981 3498 heredibus
