2254 3770
275 277 357 322 ⁴86

750 285 795 327 P.
828 283 1079 327 CORNELII
1108 284 1278 329 TACITI
1308 284 1577 330 ANNALIUM

273 385 461 431 funditus
502 402 593 432 rem
632 388 848 447 publicam
887 387 1038 433 trahet.
1084 389 1261 448 reliquis
1305 390 1413 435 intra
1451 391 1638 435 animum
1677 391 1940 437 medendum
1977 398 2062 437 est:

273 475 351 505 nos
388 462 547 529 pudor,
591 477 805 522 pauperes
843 465 1097 516 necessitas,
1137 465 1289 509 divites
1320 465 1450 510 satias
1480 466 1523 509 in
1553 466 1705 511 melius
1733 473 1879 512 mutet.
1926 473 1999 511 aut
2027 467 2064 511 si

273 536 371 594 quis
392 550 444 581 ex
473 538 791 596 magistratibus
821 545 979 583 tantam
1009 540 1260 584 industriam
1290 554 1342 585 ac
1372 541 1644 585 severitatem
1672 542 1898 600 pollicetur
1925 548 1973 586 ut
2002 542 2065 587 ire

273 611 442 657 obviam
463 620 603 671 queat,
635 613 749 658 hunc
778 628 860 672 ego
890 621 932 658 et
960 615 1101 663 laudo,
1135 622 1177 658 et
1198 616 1422 660 exonerari
1454 615 1648 660 laborum
1675 631 1871 662 meorum
1899 624 2065 676 partem

189 678 195 681 X
240 685 420 731 sfateor.
467 689 532 732 sin
561 703 767 733 accusare
799 690 898 733 vitia
927 690 1084 741 volunt,
1116 690 1228 740 dein,
1262 705 1360 735 cum
1389 691 1567 749 gloriam
1592 691 1685 736 eius
1705 693 1768 736 rei
1789 692 1931 751 adepti
1954 699 2063 744 sunt,

273 758 509 808 simultates
535 764 692 808 faciunt
721 779 772 809 ac
801 764 902 807 mihi
935 765 1190 824 relinquunt,
1223 766 1396 817 credite,
1429 773 1573 825 patres
1595 768 1835 826 conscripti,
1866 782 1936 812 me
1957 782 2066 827 quo-

274 852 360 897 que
390 853 475 882 non
504 853 601 883 esse
634 839 917 884 offensionum
951 841 1142 894 avidum;
1181 856 1290 899 quas
1321 856 1418 886 cum
1448 856 1601 899 graves
1631 849 1674 886 et
1701 842 1958 902 plerumque
1986 844 2067 886 ini-

274 927 383 971 quas
420 928 499 972 pro
537 929 584 958 re
620 915 791 973 publica
821 916 1072 974 suscipiam,
1112 917 1260 960 inanes
1291 924 1332 961 et
1362 917 1508 961 inritas
1538 931 1680 976 neque
1710 918 1813 961 mihi
1843 925 1916 963 aut
1943 918 2067 963 vobis

274 989 371 1033 usui
402 989 564 1034 futuras
586 991 678 1034 iure
699 990 950 1049 deprecor.»
985 993 1066 1049 (55)
1089 992 1245 1035 auditis
1267 993 1464 1037 Caesaris
1485 992 1634 1037 litteris
1655 995 1835 1037 remissa
1855 993 2067 1038 aedilibus

224 1075 260 1105 ιο
273 1063 368 1108 talis
390 1079 511 1118 cura;
542 1065 756 1124 luxusque
786 1081 973 1118 mensae,
1006 1082 1031 1111 a
1060 1068 1145 1112 fine
1166 1068 1324 1112 Actiaci
1354 1067 1454 1112 belli
1484 1068 1538 1111 ad
1560 1082 1611 1112 ea
1634 1082 1751 1113 arma
1772 1069 1869 1127 quis
1891 1069 2067 1113 Servius

275 1139 409 1184 Galba
439 1155 583 1185 rerum
612 1141 794 1200 adeptus
825 1148 900 1193 est,
932 1157 1011 1201 per
1040 1157 1175 1187 annos
1206 1150 1377 1187 centum
1405 1143 1592 1201 profusis
1622 1145 1862 1202 sumptibus
1891 1144 2067 1189 exerciti

273 1215 477 1274 paulatim
514 1217 755 1261 exolevere.
801 1231 954 1262 causas
992 1219 1085 1262 eius
1124 1220 1368 1262 mutationis
1405 1232 1618 1276 quaerere
1659 1218 1772 1263 libet.
1819 1219 1928 1263 dites
1966 1219 2067 1263 olim

272 1291 456 1336 familiae
485 1292 691 1336 nobilium
721 1299 794 1337 aut
825 1293 1075 1338 claritudine
1107 1294 1295 1351 insignes
1325 1293 1465 1337 studio
1502 1294 1839 1351 magnificentiae
1867 1294 2069 1353 prolabe-

273 1366 440 1410 bantur.
482 1382 579 1411 nam
611 1369 739 1412 etiam
777 1375 865 1412 tum
905 1368 1076 1427 plebem
1107 1370 1249 1413 socios
1284 1383 1414 1427 regna
1443 1369 1587 1413 colere
1618 1375 1660 1413 et
1689 1369 1770 1413 coli
1800 1369 1981 1423 licitum3
2023 1375 2069 1413 ut

225 1450 261 1480 ⁴5
275 1443 461 1502 quisque
483 1444 637 1502 opibus
660 1444 788 1488 domo
818 1452 968 1503 paratu
992 1445 1227 1503 speciosus,
1256 1460 1340 1503 -per
1366 1458 1522 1488 nomen
1544 1452 1586 1488 et
1607 1444 1823 1489 clientelas
1852 1444 2070 1489 inlustrior

273 1518 525 1563 habebatur.
570 1527 799 1578 postquam
829 1520 1036 1564 caedibus
1067 1521 1276 1564 saevitum
1305 1527 1347 1564 et
1376 1520 1624 1578 magnitudo
1656 1520 1791 1564 famae
1819 1520 1946 1564 exitio
1965 1526 2067 1571 erat,

275 1595 406 1639 ceteri
444 1594 498 1638 ad
538 1595 797 1653 sapientiora
835 1603 1098 1640 convertere.
1147 1596 1271 1639 simul
1310 1596 1407 1640 novi
1449 1596 1642 1639 homines
1681 1610 1706 1640 e
1746 1595 1989 1654 municipiis
2028 1601 2072 1639 et

275 1670 453 1714 coloniis
483 1676 612 1729 atque
644 1671 771 1715 etiam
800 1671 1032 1729 provinciis
1063 1672 1104 1714 in
1136 1678 1331 1715 senatum
1362 1671 1516 1715 crebro
1548 1671 1761 1729 adsumpti
1793 1670 2072 1715 domesticam

274 1747 578 1805 parsimoniam
608 1747 858 1800 intulerunt3
890 1755 932 1791 et
951 1762 1211 1806 quamquam
1235 1747 1401 1791 fortuna
1430 1746 1498 1790 vel
1531 1746 1739 1790 industria
1769 1746 1965 1805 plerique
1994 1760 2072 1805 pe-

224 1829 262 1860 “20
275 1823 494 1867 cuniosam
526 1823 580 1866 ad
604 1829 822 1866 senectam
842 1824 1127 1881 pervenirent,
1160 1823 1314 1867 mansit
1335 1830 1473 1867 tamen
1495 1825 1615 1881 prior
1635 1825 1813 1867 animus.
1846 1823 1924 1867 sed
1946 1836 2071 1881 prae-

274 1899 427 1956 cipuus
458 1897 647 1942 adstricti
678 1899 810 1942 moris
841 1905 990 1943 auctor
1019 1899 1306 1957 Vespasianus
1338 1899 1424 1950 fuit,
1463 1900 1638 1957 antiquo
1669 1899 1762 1957 ipse
1791 1898 1907 1943 cultu
1935 1898 2071 1942 victu-

275 1987 374 2032 que.
419 1973 678 2032 obsequium
717 1974 817 2017 inde
855 1975 895 2016 in
935 1975 1172 2032 principem
1211 1980 1254 2018 et
1295 1974 1536 2018 aemulandi
1577 1989 1698 2018 amor
1730 1974 1912 2018 validior
1941 1987 2071 2032 quam

339 2102 371 2134 2.
397 2102 507 2134 saetas
529 2101 563 2135 M
589 2119 623 2124 -
650 2101 682 2134 3.
709 2099 805 2134 tantu
832 2117 866 2124 —
894 2101 927 2134 4.
952 2102 1136 2134 eoeonorari
1159 2110 1212 2143 pr.
1233 2103 1282 2139 M;
1309 2110 1495 2135 exonerare
1516 2088 1740 2134 Doederlein.
1760 2118 1796 2124 —
1817 2103 1920 2142 parte
1939 2109 1992 2133 me
2013 2100 2071 2142 sa-

274 2161 345 2191 teor
359 2158 553 2200 Wopkens.
573 2175 608 2180 —
629 2158 660 2190 5.
678 2158 790 2199 gloria
805 2158 838 2190 M
862 2157 992 2199 (addita
1015 2157 1129 2190 littera
1152 2167 1186 2190 m
1204 2159 1238 2190 in
1259 2158 1428 2199 margine)
1450 2176 1486 2181 —
1513 2158 1544 2190 6.
1562 2158 1596 2190 P.
1616 2158 1650 2191 C.
1668 2158 1701 2191 M
1726 2175 1763 2181 —
1789 2157 1821 2190 8.
1841 2166 1908 2198 pro
1930 2157 1983 2199 re]
2005 2165 2070 2198 pro

269 2223 313 2255 pe
334 2222 389 2256 pr.
413 2214 447 2247 M
473 2231 510 2237 —
536 2213 567 2246 9.
584 2214 683 2246 iurae
705 2222 760 2256 pr.
777 2214 812 2247 M
838 2232 873 2237 —
899 2212 1020 2255 debeor
1042 2215 1075 2248 M
1096 2232 1140 2239 —
1164 2214 1216 2247 ⁴3.
1241 2214 1483 2256 magnificentie
1505 2214 1539 2247 M
1561 2231 1604 2237 —
1627 2213 1681 2246 46.
1706 2213 1848 2246 seuitum
1869 2213 1916 2247 M.

275 2330 337 2362 que
364 2321 399 2352 in
430 2321 489 2352 hoc
518 2321 614 2353 Latio
641 2324 671 2353 et
698 2321 863 2353 Saturnia
893 2324 1002 2362 terra,
1038 2321 1094 2353 ubi
1117 2321 1150 2353 di

274 2371 382 2404 cultus
416 2379 578 2413 ayromm
608 2372 800 2413 proqeniem
831 2381 927 2404 suam
955 2372 1147 2411 docuerunt,

276 2421 321 2453 ibi
353 2430 441 2453 nunc
474 2422 519 2453 ad
551 2421 682 2453 hastam
717 2422 882 2461 locamus,
916 2425 954 2454 ut
987 2421 1078 2453 nobis
1106 2430 1150 2454 ex

275 2471 512 2503 transmarinis
530 2472 715 2511 provinciis
730 2472 916 2504 advehatur
932 2472 1147 2513 frumentum,

275 2530 317 2553 ne
336 2521 426 2562 fame
447 2520 644 2554 laboremus.
679 2521 729 2554 Cf.
757 2523 789 2561 ’2,
814 2522 868 2554 59.
894 2521 926 2560 4,
953 2522 984 2554 6.
1015 2522 1067 2562 ⁴⁶2,
1093 2521 1146 2554 43.

278 2571 362 2604 Hist.
383 2571 415 2610 ⁴,
435 2571 487 2602 Μ.
509 2590 544 2594 -
571 2571 762 2612 exonerari]
789 2572 810 2604 i.
829 2581 860 2604 e.
879 2571 963 2604 tolli.
990 2571 1040 2604 Cf.
1060 2572 1147 2604 Hist.

277 2622 310 2662 5,
334 2621 374 2653 2:
408 2621 650 2654 multitudinem
674 2622 852 2662 promimas
880 2622 916 2654 in
938 2625 1046 2654 terras
1067 2631 1150 2653 exo-

276 2674 442 2703 neratam.
469 2671 604 2704 Seneca
628 2672 736 2713 Epist.
763 2672 793 2709 4,
820 2671 850 2710 3,
869 2671 907 2704 4:
933 2673 968 2703 in
992 2671 1151 2711 quaslibet

276 2729 376 2754 aures
399 2721 555 2761 quicquid
576 2721 649 2753 illos
671 2721 740 2753 urit
756 2725 952 2753 eoeonerant.
976 2738 1010 2744 —
1039 2722 1151 2753 simul-

278 2775 359 2805 tates
373 2770 514 2812 faciunt]
540 2771 609 2804 iras
626 2773 798 2804 suscitant
815 2780 951 2811 eorum,
971 2771 1031 2813 qui
1047 2774 1151 2804 coer-

279 2821 382 2854 cendi
406 2822 499 2854 sunt.
537 2821 593 2853 Sic
618 2821 716 2853 Ovid.
743 2822 820 2853 Am.
848 2822 880 2859 4,
905 2821 937 2860 8,
963 2822 1022 2854 82:
1055 2829 1151 2861 saepe

277 2871 458 2905 simultates
486 2870 541 2902 ira
574 2874 709 2903 morata
730 2871 824 2911 facit.
852 2888 887 2893 —
913 2870 1040 2912 inanes]
1073 2871 1149 2903 sine

279 2930 387 2955 causa
409 2921 606 2962 susceptas.
635 2938 669 2943 -
696 2920 828 2962 inritas]
853 2921 949 2953 omni
973 2921 1067 2953 exitu
1091 2920 1152 2953 de-

279 2969 458 3005 siderabili
481 2969 677 3002 destitutas.

323 3022 376 3054 55.
401 3020 539 3053 rmissa
561 3019 721 3051 aedilibus
743 3020 819 3051 talis
841 3019 935 3061 cura]
961 3019 1035 3052 scil.
1062 3028 1151 3060 qua-

279 3071 349 3104 lem
388 3072 423 3104 in
461 3071 528 3102 hac
567 3078 606 3102 re
647 3070 930 3109 ostentaverant,
977 3069 1148 3102 inutilem.

279 3123 415 3163 Nempe
446 3121 589 3153 recusat
611 3120 776 3158 senatus,
813 3128 857 3151 ne
883 3128 1011 3152 novam
1035 3119 1150 3160 legem

281 3172 431 3210 sanciat3
456 3174 597 3203 veteres
621 3168 736 3210 leges,
763 3177 907 3210 quoquo
932 3169 1039 3201 modo
1055 3169 1152 3201 vide-

281 3223 380 3253 retur
409 3219 601 3259 aedilibus,
636 3220 880 3251 exerceantur.
926 3218 976 3250 Cf.
1003 3219 1089 3250 Hist.
1114 3217 1148 3256 Β,

280 3271 319 3301 5:
344 3272 517 3302 remissum
539 3271 573 3302 id
595 3277 725 3301 munus.
747 3285 782 3290 —
809 3277 831 3299 a
843 3269 910 3309 fine
924 3268 1049 3300 Actiaci
1066 3269 1150 3309 belli]

282 3319 326 3351 ab
351 3329 442 3352 anno
467 3329 500 3352 u.
522 3329 552 3352 c.
573 3320 636 3352 723
659 3327 773 3360 usque
797 3317 841 3350 ad
866 3326 997 3350 annum
1022 3318 1096 3350 824.
1113 3337 1147 3342 —

280 3378 394 3401 rerum
416 3370 563 3412 adeptus]
596 3368 730 3402 Eadem
754 3368 1013 3401 constructione
1037 3367 1069 3407 6,
1088 3367 1148 3400 45:

281 3420 359 3452 dum
386 3420 620 3452 dominationis
649 3419 863 3461 apisceretur.
901 3417 954 3458 ⁴2,
980 3416 1039 3449 30:
1073 3418 1151 3450 dum

1201 2320 1465 2361 adipiscerentur
1479 2319 1722 2352 dominationis.
1745 2337 1780 2345 -
1800 2317 2072 2360 prolabebantur]

1200 2370 1347 2403 modum
1365 2369 1598 2402 excedebant.
1616 2388 1651 2393 —-
1669 2378 1777 2411 reyna
1791 2368 1906 2410 colere]
1930 2367 2072 2410 regulos

1199 2421 1315 2459 Asiae,
1339 2420 1520 2459 Thraciae,
1538 2420 1775 2452 Mauretaniae
1792 2419 1860 2451 cet.
1879 2417 2070 2458 demereri,

1201 2470 1267 2503 sibi
1292 2469 1479 2502 conciliare
1507 2478 1574 2512 per
1597 2469 1711 2502 officia
1733 2467 1790 2501 vel
1818 2468 2004 2501 beneficia.
2032 2485 2069 2493 -

1199 2524 1230 2552 et
1253 2520 1327 2561 coli]
1350 2520 1504 2552 vicissim
1522 2529 1540 2551 a
1558 2518 1685 2561 plebe,
1710 2519 1833 2558 sociis,
1859 2517 2014 2560 regibus.
2031 2535 2069 2543 —

1197 2571 1335 2612 paratu]
1371 2569 1485 2609 cultu,
1522 2568 1758 2611 supellectile,
1795 2567 1924 2601 tabulis
1955 2568 2069 2610 pictis.

1200 2621 1327 2661 signis,
1363 2619 1506 2652 vasibus
1537 2621 1605 2652 cet.
1641 2637 1677 2643 -
1711 2618 1864 2651 caedibus
1891 2617 2070 2660 saevitum]

1200 2669 1355 2711 Intellige
1388 2669 1432 2702 de
1456 2668 1611 2705 Tiberio.
1649 2667 1821 2710 Caligula,
1853 2669 2004 2701 Nerone.
2031 2685 2068 2691 —

1200 2720 1317 2761 ceteri]
1357 2719 1488 2761 quibus
1523 2718 1726 2760 magnitudo
1762 2717 1877 2750 famae
1911 2716 2071 2750 nondum

1202 2771 1305 2803 exitio
1322 2769 1446 2802 fuerat.
1469 2787 1504 2791 —
1524 2772 1624 2809 atque
1639 2769 1739 2800 etiam
1754 2767 1947 2809 provinciis]
1970 2775 2072 2809 prae·

1201 2821 1322 2853 sertim
1347 2828 1388 2851 ex
1413 2827 1483 2860 quo
1501 2817 1667 2851 Claudius
1683 2818 1861 2850 civitatem
1876 2818 2071 2850 Romanam

1202 2869 1305 2903 Gallis
1329 2868 1479 2901 dederat
1502 2868 1567 2908 (Μ,
1593 2867 1664 2908 ἳ3)’;
1699 2869 1804 2900 etiam
1834 2866 1977 2908 Hispani
2000 2868 2069 2900 cet.

1205 2937 1239 2943 -
1266 2918 1416 2951 adstricti
1438 2916 1550 2958 moris]
1577 2917 1675 2959 parci
1698 2926 1740 2949 ac
1763 2915 1932 2955 modesti3
1957 2925 2072 2959 oppo-

1202 2972 1333 3002 nuntur
1361 2976 1470 3000 mores
1492 2967 1649 2999 dissoluti.
1674 2985 1718 2991 —
1755 2965 1984 3008 Vespasianus]
2017 2965 2069 2999 Cf.

1202 3019 1287 3051 Hist.
1313 3019 1351 3057 2,
1377 3019 1408 3050 ὅ.
1434 3018 1577 3049 Sueton.
1603 3017 1749 3058 vespas.
1777 3017 1830 3048 40.
1856 3016 1908 3048 46.
1937 3016 1989 3048 ⁴7.
2015 3015 2068 3048 48.

1201 3069 1255 3101 24,
1278 3085 1313 3090 -
1339 3071 1523 3107 temporum
1544 3066 1640 3108 vices]
1665 3066 1746 3098 anni
1769 3066 2011 3107 tempestates.
2030 3081 2066 3087 —

1200 3118 1307 3150 multa
1330 3117 1456 3159 laudis]
1488 3117 1522 3149 et
1548 3115 1695 3148 bellicae
1718 3116 1855 3148 virtutis
1879 3109 2070 3156 (Agricolae

1203 3177 1341 3200 memor
1364 3167 1436 3206 fuit)
1468 3169 1503 3199 et
1528 3166 1743 3198 constantiae
1768 3166 1801 3198 in
1826 3163 2004 3197 toleranda
2028 3172 2070 3196 ac

1203 3217 1429 3259 despicienda
1455 3217 1654 3259 principum
1677 3215 1833 3248 saevitia.
1869 3212 2069 3246 Recordare

1203 3268 1391 3300 Thraseae.
1414 3284 1448 3290 —
1476 3266 1614 3306 artium]
1639 3264 1882 3306 Eloquentiam
1904 3270 2070 3304 praeser-

1203 3318 1281 3357 tim,
1314 3319 1389 3349 tum
1413 3318 1448 3348 et
1470 3316 1594 3357 poesin
1618 3314 1779 3355 (Lucani,
1804 3313 1932 3350 Persii,
1957 3311 2066 3351 statii,

1202 3366 1361 3407 aliorum)
1398 3365 1565 3406 intelligit.
1594 3383 1630 3389 -
1661 3365 1696 3396 in
1721 3363 1864 3396 maiores
1884 3362 2070 3394 certamina

1201 3426 1245 3450 ea>
1276 3416 1426 3456 honesto]
1462 3414 1649 3448 aemulatio
1683 3421 1765 3447 cum
1798 3411 1991 3445 maioribus
2024 3420 2070 3445 ex
