2254 3770
320 305 401 349 388

799 309 843 352 P.
875 307 1124 353 CORNELII
1153 309 1323 353 TACITI
1351 309 1620 354 ANNALIUM

321 414 599 460 instrumenta
628 416 747 473 regni
778 415 933 460 habita.
964 416 1057 460 eius
1087 415 1277 460 mulieris
1308 416 1475 474 ingenio
1502 423 1696 475 paratum
1715 417 1852 469 virus,
1884 418 2006 462 cuius
2025 417 2105 462 mi-

317 491 452 536 nister
479 506 504 536 e
532 490 795 550 spadonibus
814 491 891 535 fuit
912 491 1107 543 Halotus,
1141 491 1295 535 inferre
1317 491 1467 550 epulas
1488 498 1530 536 et
1549 492 1772 551 explorare
1793 499 1920 552 gustu
1940 493 2102 538 solitus.

318 567 400 622 (67)
444 567 641 625 adeoque
684 573 836 611 cuncta
879 581 977 611 mox
1020 574 1277 626 pernotuere
1312 573 1359 610 ut
1396 574 1636 626 temporum
1671 567 1840 612 illorum
1870 569 2102 627 scriptores

315 642 582 700 prodiderint
610 642 795 686 infusum
824 641 1066 688 delectabili
1097 643 1194 687 cibo
1226 641 1399 700 [boleto]
1432 657 1661 695 venenum,
1693 658 1775 690 nec
1805 645 1890 688 vim
1913 643 2103 688 medica-

284 718 439 762 ⁵minis
470 718 610 762 statim
639 717 912 769 intellectam,
952 718 1205 763 socordiane
1237 717 1401 762 Claudii
1438 732 1490 762 an
1521 719 1767 773 vinolentia;
1808 719 1933 764 simul
1963 719 2101 764 soluta

314 792 435 837 alvus
464 793 718 837 subvenisse
748 793 984 838 videbatur.
1031 794 1157 852 igitur
1186 795 1386 838 exterrita
1404 795 1654 853 Agrippina,
1687 802 1730 839 et
1750 797 1923 854 quando
1952 794 2100 839 ultima

313 866 590 921 timebantur,
633 875 777 927 spreta
806 870 1097 927 praesentium
1126 869 1300 921 invidia,
1340 870 1555 927 provisam
1584 870 1668 913 iam
1697 870 1777 914 sibi
1807 871 2099 929 Xenophontis

311 943 465 988 medici
504 944 806 989 conscientiam
846 945 1031 989 adhibet.
1077 945 1162 996 ille,
1204 952 1421 1002 tamquam
1451 945 1569 989 nisus
1599 947 1834 990 evomentis
1864 946 2096 999 adiuvaret,

309 1019 482 1077 pinnam
511 1020 661 1078 rapido
682 1034 849 1065 veneno
870 1020 1031 1064 inlitam
1050 1021 1243 1064 faucibus
1265 1021 1359 1064 eius
1379 1020 1606 1066 demisisse
1627 1021 1824 1074 creditur,
1847 1021 1960 1066 haud
1981 1022 2099 1080 igna-

260 1103 297 1134 40
310 1109 383 1139 rus
414 1110 578 1140 summa
609 1095 774 1140 scelera
802 1096 932 1154 incipi
964 1110 1060 1140 cum
1090 1095 1303 1154 periculo,
1336 1097 1482 1154 peragi
1505 1110 1600 1141 cum
1628 1098 1833 1155 praemio.
1866 1098 1947 1155 (68)
1970 1111 2098 1142 voca·-

307 1171 433 1216 batur
472 1172 640 1216 interim
677 1178 869 1223 senatus,
898 1178 1101 1230 vvotaque
1140 1186 1219 1229 pro
1256 1171 1545 1230 incolumitate
1582 1173 1785 1231 principis
1825 1172 2025 1218 consules
2054 1179 2097 1218 et

307 1247 557 1293 sacerdotes
588 1247 907 1306 nuncupabant,
941 1261 1038 1291 cum
1068 1248 1154 1290 iam
1185 1248 1392 1305 exanimis
1422 1248 1613 1292 vestibus
1636 1255 1679 1292 et
1702 1248 1899 1292 fomentis
1919 1248 2096 1309 obtege-

306 1330 442 1376 retur,
475 1323 578 1367 dum
607 1336 712 1381 quae
741 1337 812 1367 res
841 1323 979 1367 forent
1008 1323 1217 1367 firmando
1246 1323 1426 1367 Neronis
1452 1324 1633 1382 imperio
1654 1331 1977 1382 componuntur.
2008 1324 2094 1369 iam

305 1399 491 1457 primum
519 1399 771 1457 Agrippina,
803 1397 919 1443 velut
948 1398 1096 1443 dolore
1127 1399 1264 1443 evicta
1283 1407 1325 1444 et
1348 1399 1507 1444 solacia
1527 1400 1804 1458 conquirens,
1836 1406 1984 1445 tenere
2003 1414 2095 1445 am-

367 1538 400 1574 4.
416 1540 488 1572 cibo
503 1538 573 1573 del.
589 1539 783 1573 Wurmius.
806 1556 841 1562 —
867 1538 970 1572 boleto
992 1539 1061 1572 lac.
1081 1539 1295 1573 Gronovius:
1321 1539 1383 1572 leto
1398 1540 1453 1579 M;
1478 1540 1659 1573 boletorum
1674 1540 1790 1583 vulgo.
1811 1540 1924 1582 (boleto
1939 1539 2092 1583 glossam

303 1605 382 1630 esse
405 1596 493 1629 vidit
512 1595 684 1637 Orellius.)
703 1614 739 1620 —
767 1597 799 1629 5.
816 1597 1011 1629 socordiane
1034 1595 1165 1629 Claudii
1189 1605 1234 1628 an
1256 1597 1438 1630 vinolentia
1454 1597 1660 1631 Rhenanus:
1687 1598 1881 1632 socordiane
1902 1607 1948 1631 an
1968 1598 2093 1632 claudii

300 1653 337 1686 ui
359 1663 404 1686 an
426 1654 608 1687 uinolentia
625 1654 676 1692 M:
703 1653 898 1686 socordiane
913 1662 958 1685 an
974 1653 1104 1686 Claudii
1125 1654 1305 1686 vinolentia
1327 1652 1550 1687 Puteolanus.
1572 1672 1607 1677 —-
1636 1654 1668 1687 8.
1694 1657 1856 1694 tanquam
1877 1655 1912 1689 M
1929 1673 1965 1678 —
1990 1654 2092 1687 adiu—

299 1719 384 1744 uare
406 1711 441 1745 M
467 1729 503 1735 —
530 1711 583 1745 40.
609 1712 692 1744 Post
710 1710 863 1744 verbum
884 1711 988 1752 incipi
1010 1719 1111 1743 erasa
1135 1712 1190 1743 est
1211 1710 1325 1743 littera
1348 1711 1383 1744 in
1407 1711 1441 1744 M
1467 1729 1500 1736 —·
1527 1711 1717 1754 uocabatur
1739 1712 1773 1745 M
1797 1729 1833 1735 —
1864 1711 1917 1745 42.
1943 1712 2094 1744 tementis

299 1767 579 1810 Bezzenberger.
607 1786 643 1791 —
675 1767 728 1801 43.
755 1768 834 1800 dum
857 1776 942 1808 quae
968 1776 1022 1799 res
1047 1767 1156 1809 forent
1181 1768 1347 1809 firmando
1371 1766 1450 1800 cod.
1476 1766 1677 1809 Agricolae:
1710 1768 1789 1800 dum
1815 1776 1869 1801 res
1895 1767 2004 1810 forent
2026 1767 2091 1810 {lr-

297 1824 418 1857 mando
441 1820 599 1862 Midum
620 1833 673 1857 res
691 1824 859 1866 firmando
883 1824 928 1862 G:
955 1823 1034 1856 dum
1057 1832 1144 1866 quae
1165 1832 1182 1856 e
1203 1832 1241 1856 re
1260 1824 1369 1865 forent
1395 1825 1563 1866 firmando
1586 1823 1761 1857 Heinsius.
1789 1841 1825 1847 -

300 1897 337 1905 -
355 1881 468 1915 dolore
490 1881 598 1915 evicta
619 1881 799 1915 Heinsius:
828 1881 941 1914 dolore
962 1882 1055 1914 uicta
1077 1882 1122 1915 M.
1156 1880 1207 1914 Cf.
1235 1882 1266 1922 4,
1292 1881 1346 1914 57.

1857 1823 1909 1858 44.
1933 1823 2034 1864 uelud
2054 1822 2090 1857 M

1372 1879 1410 1923 4,
1436 1881 1491 1914 57.
1518 1882 1578 1923 ⁴2,
1604 1881 1658 1914 25.
1685 1882 1746 1922 45,
1772 1879 1826 1914 64.

294 2001 506 2044 Agrippinae
523 2002 559 2035 et
575 2001 741 2042 Claudio,
761 2000 999 2044 displicerent.
1020 2018 1056 2024 -
1074 2001 1168 2033 cuius
1216 2009 1334 2033 nocens
1348 2000 1411 2033 erit
1425 1999 1630 2043 Agrippinae
1644 2000 1787 2041 Boletus,
1812 2000 1973 2042 siquidem
1986 2000 2088 2034 unius

294 2051 444 2085 minister
458 2069 478 2076 -
488 2070 507 2077 -
522 2052 702 2094 explorare
715 2055 814 2094 ¹qustu
829 2051 952 2094 solitus]
971 2050 1022 2084 Cf.
1041 2050 1094 2091 43,
1110 2051 1163 2084 463

293 2102 382 2136 cibos
410 2106 573 2144 potusque
605 2103 675 2136 eius
706 2102 925 2144 (BritannIci)
960 2101 1100 2134 delectus
1122 2109 1165 2133 ex

293 2153 453 2185 ministris
465 2155 565 2195 austu
578 2152 789 2194 explorabat.
807 2153 949 2185 Sueton.
969 2150 1091 2185 Claud.
1107 2150 1161 2184 44:

294 2204 438 2245 Quidam
467 2204 606 2237 tradunt
626 2204 775 2245 epulanti
797 2204 832 2236 in
855 2212 934 2236 arce
957 2212 1032 2235 cum
1054 2210 1165 2234 sacer-

292 2253 421 2287 dotibus
449 2263 512 2296 per
538 2254 696 2287 Halotwm
723 2254 901 2295 spadonem
925 2255 1163 2294 praegustato-

291 2314 363 2338 rem
394 2306 585 2348 (venenum
608 2305 731 2338 datum
756 2304 861 2346 esse).
892 2305 1164 2346 Praeyustatores

293 2357 538 2388 memorantur
561 2356 666 2389 etiam
690 2355 724 2387 in
747 2356 875 2387 Inscrr.
901 2355 988 2387 Latt.
1016 2363 1051 2386 n.
1076 2352 1161 2386 2993

293 2406 328 2438 et
352 2405 448 2438 6337.

336 2455 390 2488 67.
416 2455 599 2488 delectabili
620 2455 707 2496 cibo,
733 2455 846 2497 boleto]
871 2455 1012 2487 Sueton.
1036 2452 1157 2486 Claud.

257 2541 261 2543 ,
291 2504 352 2539 44:
377 2505 438 2538 alii
461 2505 617 2549 (Claudio
643 2515 820 2539 venenum
838 2505 959 2538 datum
984 2513 1063 2537 esse
1088 2506 1160 2536 tra-

291 2556 378 2589 dunt
385 2561 393 2597 2
418 2565 480 2597 per
508 2557 616 2597 ipsam
643 2556 880 2599 Ayrippinam,
911 2564 998 2596 quae
1020 2554 1159 2588 boletum

289 2606 490 2639 medicatum
517 2607 707 2639 avidissimo
736 2606 885 2639 ciborum
914 2606 1032 2638 talium
1062 2604 1158 2637 obtu-

289 2655 386 2689 lerat.
417 2656 516 2689 Idem
539 2656 620 2689 Ner.
646 2656 704 2689 33:
735 2655 924 2689 Parricidia
945 2659 977 2688 et
999 2655 1113 2688 caedes
1136 2663 1158 2686 a

290 2706 429 2740 Claudio
463 2714 602 2739 eworsus
631 2709 677 2739 est
707 2707 840 2749 (Nero),
876 2707 970 2739 cuius
990 2706 1078 2739 necis
1100 2704 1160 2738 etsi

288 2765 356 2790 non
383 2760 521 2797 auctor,
555 2759 592 2789 at
620 2757 768 2789 conscius
789 2757 854 2798 fuit
875 2765 979 2797 neque
1001 2756 1157 2788 dissimu-

288 2806 417 2848 lanter,
441 2810 478 2839 ut
500 2807 558 2847 qui
580 2806 719 2848 boletos,
745 2807 780 2838 in
803 2815 868 2847 quo
889 2806 952 2838 cibi
966 2814 1085 2848 ,qenere
1098 2814 1157 2838 ve-

287 2865 408 2890 nenum
421 2857 450 2889 is
464 2860 655 2897 acceperat,
682 2857 777 2897 quasi
792 2857 928 2889 deorum
942 2856 1050 2889 cibum
1066 2859 1157 2897 post-

285 2907 349 2940 hac
377 2906 555 2948 proverbio
583 2906 710 2939 Graeco
739 2907 929 2939 collaudare
958 2906 1000 2939 sit
1026 2906 1151 2938 solitus.

286 2957 351 2990 Dio
374 2958 433 2998 60,
458 2955 516 2990 34:
553 2953 763 3014 φάρμακόν
791 2966 828 2989 τι
853 2952 1031 2997 ἄφυκτον
1060 2965 1154 3003 προ-

286 3003 613 3040 κατασκευάσασα
641 3002 682 3048 ῗὲς
704 3016 788 3039 τινα
811 3005 884 3039 τῶν
907 3005 1154 3050 καλουμένων

284 3056 469 3101 μυκήτων
499 3055 675 3097 ἐνέβαλε·
709 3058 773 3090 καὶ
797 3054 894 3101 αὐτὴ
918 3057 990 3101 μὲν
1013 3069 1055 3091 εκ
1078 3056 1153 3091 τῶν

284 3103 412 3141 αλλων
435 3104 583 3152 ἤσθιεν,
607 3106 754 3141 ἐκεῖνον
776 3106 816 3140 δὲ
839 3107 881 3140 ἐκ
904 3106 974 3142 τοῦ
989 3105 1034 3141 τὸ
1051 3107 1153 3155 φάρ-

284 3168 413 3201 μακον
431 3167 586 3199 εχοντος
603 3157 682 3200 (καὶ
696 3154 769 3204 γὰρ
784 3158 964 3201 μέγιστος
978 3159 1044 3192 καὶ
1059 3157 1152 3191 κάλ-

284 3207 414 3250 λιστος
436 3202 497 3252 ἢν)
521 3210 659 3252 φαγεῖν
682 3207 874 3250 εποίησεν.
912 3209 961 3242 Cf.
987 3209 1151 3243 Martialis

286 3259 318 3298 4
350 3259 406 3299 24,
415 3258 477 3293 .;4
514 3259 682 3299 Boletum,
719 3257 851 3298 qualem
884 3257 1041 3291 Claudius
1072 3260 1149 3300 edit,

283 3308 372 3340 edas.
398 3307 569 3341 luvenalis
585 3309 617 3349 ὅ,
636 3307 720 3341 ⁴47:
748 3306 868 3340 Vilibus
883 3309 1042 3349 ancipites
1055 3309 1152 3351 fungi

280 3361 448 3398 ponentur
467 3359 603 3398 «anneis,
631 3358 763 3391 Boletus
784 3357 932 3397 domino,
956 3360 1011 3391 sed
1034 3359 1150 3401 quales

284 3406 442 3440 Claudius
469 3409 535 3442 edit
561 3408 644 3441 Ante
672 3408 766 3440 illum
793 3407 930 3448 uxoris,
958 3411 1033 3448 post
1054 3417 1149 3449 quem

282 3456 332 3491 nil
360 3458 502 3499 amplius
526 3459 603 3495 edit.
639 3457 740 3492 Idem
763 3458 796 3500 6,
821 3457 902 3491 620:
932 3458 1042 3491 minus
1070 3467 1148 3501 erqo

1212 2051 1415 2093 praecordia
1423 2051 1544 2092 pressit
1558 2051 1615 2084 Ille
1628 2051 1713 2084 senis
1727 2051 1969 2094 tremulumque
1982 2053 2086 2092 caput

1214 2102 1383 2135 escendere
1404 2101 1500 2134 iussit
1521 2102 1560 2134 In
1581 2102 1710 2134 caelum
1733 2104 1763 2134 et
1784 2102 1884 2144 longa
1906 2101 2084 2135 manantia

1214 2152 1312 2185 labra
1333 2152 1453 2185 saliva.
1487 2150 1573 2184 Plin.
1599 2152 1640 2184 N.
1666 2152 1707 2185 H.
1733 2152 1775 2184 22
1799 2151 1819 2194 5
1843 2151 1903 2185 92:
1931 2152 2022 2186 Inter
2043 2160 2086 2185 ea

1214 2211 1301 2244 quae
1323 2205 1441 2235 temere
1462 2202 1669 2234 manduntur
1690 2204 1722 2235 et
1743 2201 1863 2235 boletos
1882 2202 2001 2236 merito
2019 2211 2085 2244 po-

1213 2254 1354 2293 suerim,
1386 2253 1487 2294 opimi
1510 2253 1642 2294 quidem
1669 2253 1727 2285 hos
1749 2253 1830 2294 cibi,
1861 2253 1917 2286 sed
1938 2254 2084 2286 inmenso

1213 2305 1364 2344 exemplo
1383 2304 1418 2335 in
1434 2304 1558 2336 crimen
1574 2304 1752 2344 adductos,
1776 2312 1899 2337 veneno
1917 2303 1962 2336 Ti.
1981 2303 2084 2337 otau-

1213 2355 1267 2386 dio
1289 2354 1438 2395 principi
1463 2362 1527 2395 per
1558 2354 1643 2386 hanc
1673 2355 1877 2387 occasionem
1899 2362 1922 2386 a
1947 2354 2086 2396 coniuge

1213 2404 1397 2446 Agrippina
1420 2404 1514 2444 dato,
1540 2413 1605 2445 quo
1626 2404 1715 2446 facto
1735 2404 1796 2437 illa
1811 2404 1910 2437 terris
1922 2412 2084 2437 venenum

1212 2455 1355 2487 alterum
1386 2454 1511 2495 sibique
1544 2457 1621 2487 ante
1653 2455 1759 2487 omnis
1793 2454 1956 2487 Neronem
1985 2461 2082 2487 suum

1211 2506 1308 2538 dedit.
1326 2523 1361 2528 —
1379 2508 1491 2545 spreta
1508 2506 1734 2546 praesentium
1749 2505 1889 2548 invidia]
1906 2503 1991 2538 nihil
2006 2512 2084 2538 mo·-

1209 2557 1284 2588 rata
1308 2555 1492 2595 invidiam,
1519 2555 1656 2596 odium,
1683 2555 1780 2597 quod
1802 2556 1837 2588 in
1859 2556 1974 2598 ipsam
1997 2563 2080 2588 eou-

1210 2607 1316 2640 citare
1352 2606 1508 2639 debebat
1541 2608 1614 2639 tam
1651 2606 1767 2640 subita
1801 2606 1936 2640 Claudii
1968 2614 2078 2640 mors.

1213 2674 1248 2679 —
1273 2656 1495 2698 Xenophontis
1517 2656 1652 2698 medici]
1678 2656 1777 2689 Conf.
1803 2665 1834 2690 c.
1860 2656 1914 2689 64.
1940 2673 1976 2680 -
2003 2655 2076 2696 ille,

1208 2710 1380 2748 tamquam
1404 2707 1488 2747 cet.]
1516 2705 1580 2739 Alii
1611 2705 1677 2739 alia
1700 2707 1854 2739 narrant.
1890 2706 2078 2740 Suetonius

1209 2756 1330 2790 Claud.
1357 2756 1416 2790 44:
1450 2756 1548 2790 Multi
1577 2757 1689 2789 statim
1718 2757 1836 2789 hausto
1866 2764 1990 2789 veneno
2018 2755 2078 2788 ob-

1206 2808 1364 2840 mutuisse
1384 2808 1480 2839 aiunt
1495 2807 1787 2848 evome-ictumque
1806 2805 1971 2839 doloribus
1984 2808 2078 2839 nocte

1206 2859 1276 2889 tota
1313 2857 1463 2897 defecisse
1497 2866 1601 2898 prope
1637 2857 1753 2890 lucem.
1800 2856 1958 2889 Nonnulli
1989 2856 2077 2889 inter

1203 2907 1302 2939 initia
1330 2907 1549 2948 consopitum,
1580 2907 1694 2939 deinde
1720 2906 1791 2939 cibo
1820 2907 1976 2949 affluente
1996 2914 2076 2939 evo—

1203 2958 1322 2990 muisse
1345 2958 1473 2996 omnia,
1498 2958 1738 2999 repetitumque
1757 2957 1888 2997 toxico,
1911 2957 2076 2990 incertum

1200 3007 1327 3048 pultine
1359 3007 1490 3047 addito,
1527 3016 1601 3039 cum
1630 3007 1719 3040 velut
1751 3007 1949 3040 eoehaustum
1981 3006 2073 3049 renti

1202 3057 1273 3090 cibo
1303 3061 1491 3099 oporteret,
1531 3066 1575 3090 an
1613 3058 1757 3090 immisso
1789 3067 1853 3099 per
1888 3058 2070 3098 clysterem,

1201 3112 1239 3140 ut
1261 3109 1358 3150 quasi
1379 3108 1586 3141 abundantia
1614 3108 1782 3141 laboranti
1811 3109 1912 3142 etiam
1931 3108 1991 3141 hoc
2011 3116 2073 3150 90-

1200 3167 1278 3192 nere
1309 3158 1480 3201 egestionis
1508 3158 1749 3192 subveniretur.
1784 3158 1849 3192 Dio
1872 3157 1895 3191 l.
1919 3157 1963 3191 l..
1955 3167 1963 3176 ·
1995 3157 2071 3191 Koa

1202 3205 1223 3240 c*
1258 3208 1330 3252 μὲν
1364 3203 1486 3250 οὕτως
1518 3207 1805 3250 ἐπιβουλευθεὶς
1833 3207 1875 3241 ἐκ
1905 3206 1977 3251 μὲν
1999 3205 2070 3242 τοῦ

1202 3259 1437 3302 συμποσίου,
1455 3254 1507 3299 ὥς
1522 3258 1588 3291 καὶ
1603 3255 1818 3317 ὑπερκορὴς
1830 3256 1954 3300 μέθης
1966 3255 2070 3299 σφό-

1200 3306 1270 3355 δρα
1301 3304 1373 3349 ὤν,
1403 3305 1656 3352 ἐξεκομίσθη,
1690 3303 1784 3355 ὅπερ
1813 3316 1887 3340 που
1910 3307 1977 3340 καὶ
1998 3303 2068 3340 ἄλ-

1199 3358 1286 3392 λοτε
1320 3356 1502 3400 πολλάκις
1535 3357 1723 3404 ἐγεγόνει·
1759 3356 1828 3401 τῆς
1857 3356 1899 3391 δὲ
1929 3354 2067 3399 νυκτὸς

1200 3405 1310 3442 οὐδὲν
1349 3404 1428 3443 ουτ’
1469 3410 1587 3442 εἰπεῖν
1625 3405 1704 3443 ουτ’
1744 3403 1912 3441 ἀκοῦσαι
1948 3405 2064 3451 δυνη-

1197 3459 1279 3501 θεὶς
1300 3457 1528 3503 μετήλλαξε,
1551 3457 1599 3507 τῇ
1621 3460 1726 3508 τρίτῃ
1749 3460 1814 3494 καὶ
1833 3455 1973 3507 δεκάτῃ
1993 3455 2064 3493 τοῦ
