<?xml version="1.0" encoding="UTF-8"?>
<!DOCTYPE html PUBLIC "-//W3C//DTD XHTML 1.0 Transitional//EN"
    "http://www.w3.org/TR/xhtml1/DTD/xhtml1-transitional.dtd">
<html xmlns="http://www.w3.org/1999/xhtml" xml:lang="en" lang="en">
 <head>
  <title>
</title>
<meta http-equiv="Content-Type" content="text/html;charset=utf-8" />
  <meta name='ocr-system' content='tesseract 3.04.00' />
  <meta name='ocr-capabilities' content='ocr_page ocr_carea ocr_par ocr_line ocrx_word'/>
</head>
<body>
  <div class='ocr_page' id='page_1' title='image "./pcorneliitacitio01taciuoft_0459.png"; bbox 0 0 2254 3770; ppageno 0'>
   <div class='ocr_carea' id='block_1_1' title="bbox 743 343 2007 402">
    <p class='ocr_par' dir='ltr' id='par_1_1' title="bbox 743 343 2007 402">
     <span class='ocr_line' id='line_1_1' title="bbox 743 343 2007 402; baseline 0 -13"><span class='ocrx_word' id='word_1_1' title='bbox 743 343 898 389; x_wconf 87' lang='lat' dir='ltr'>LIBER</span> <span class='ocrx_word' id='word_1_2' title='bbox 927 343 1034 387; x_wconf 83' lang='lat' dir='ltr'><strong>XIII.</strong></span> <span class='ocrx_word' id='word_1_3' title='bbox 1080 343 1181 402; x_wconf 90' lang='lat' dir='ltr'>Cap.</span> <span class='ocrx_word' id='word_1_4' title='bbox 1213 345 1280 388; x_wconf 72' lang='lat'>40.</span> <span class='ocrx_word' id='word_1_5' title='bbox 1311 344 1380 389; x_wconf 77' lang='grc' dir='ltr'>Η.</span> <span class='ocrx_word' id='word_1_6' title='bbox 1409 345 1480 389; x_wconf 70' lang='grc'>42.</span> <span class='ocrx_word' id='word_1_7' title='bbox 1930 343 2007 389; x_wconf 67' lang='lat'>42⁴</span> 
     </span>
    </p>
   </div>
   <div class='ocr_carea' id='block_1_2' title="bbox 211 451 2060 2025">
    <p class='ocr_par' dir='ltr' id='par_1_2' title="bbox 211 451 2060 2025">
     <span class='ocr_line' id='line_1_2' title="bbox 221 451 2014 511; baseline -0.001 -14"><span class='ocrx_word' id='word_1_8' title='bbox 221 454 331 498; x_wconf 90' lang='lat' dir='ltr'>inter</span> <span class='ocrx_word' id='word_1_9' title='bbox 365 451 539 496; x_wconf 80' lang='lat' dir='ltr'>ordines</span> <span class='ocrx_word' id='word_1_10' title='bbox 575 452 898 511; x_wconf 89' lang='lat' dir='ltr'>impedimenta,</span> <span class='ocrx_word' id='word_1_11' title='bbox 944 458 987 495; x_wconf 93' lang='lat' dir='ltr'>et</span> <span class='ocrx_word' id='word_1_12' title='bbox 1022 457 1187 509; x_wconf 85' lang='lat' dir='ltr'>tergum</span> <span class='ocrx_word' id='word_1_13' title='bbox 1215 452 1343 496; x_wconf 70' lang='lat' dir='ltr'>,mille</span> <span class='ocrx_word' id='word_1_14' title='bbox 1372 452 1541 511; x_wconf 86' lang='lat' dir='ltr'>equites</span> <span class='ocrx_word' id='word_1_15' title='bbox 1570 451 1810 503; x_wconf 90' lang='lat' dir='ltr'>tuebantur,</span> <span class='ocrx_word' id='word_1_16' title='bbox 1856 451 2014 510; x_wconf 90' lang='lat' dir='ltr'>quibus</span> 
     </span>
     <span class='ocr_line' id='line_1_3' title="bbox 221 517 2012 586; baseline -0.002 -13"><span class='ocrx_word' id='word_1_17' title='bbox 221 517 421 579; x_wconf 89' lang='lat' dir='ltr'>iusserat,</span> <span class='ocrx_word' id='word_1_18' title='bbox 462 533 509 571; x_wconf 92' lang='lat' dir='ltr'>ut</span> <span class='ocrx_word' id='word_1_19' title='bbox 535 528 788 572; x_wconf 89' lang='lat' dir='ltr'>instantibus</span> <span class='ocrx_word' id='word_1_20' title='bbox 818 528 1056 572; x_wconf 88' lang='lat' dir='ltr'>comminus</span> <span class='ocrx_word' id='word_1_21' title='bbox 1084 527 1355 578; x_wconf 83' lang='lat' dir='ltr'>resisterent,</span> <span class='ocrx_word' id='word_1_22' title='bbox 1397 528 1571 586; x_wconf 85' lang='lat' dir='ltr'>refugos</span> <span class='ocrx_word' id='word_1_23' title='bbox 1599 542 1685 572; x_wconf 89' lang='lat' dir='ltr'>non</span> <span class='ocrx_word' id='word_1_24' title='bbox 1715 533 2012 586; x_wconf 82' lang='lat' dir='ltr'>sequerentur.</span> 
     </span>
     <span class='ocr_line' id='line_1_4' title="bbox 220 603 2013 662; baseline -0.001 -14"><span class='ocrx_word' id='word_1_25' title='bbox 220 605 263 648; x_wconf 90' lang='lat' dir='ltr'>in</span> <span class='ocrx_word' id='word_1_26' title='bbox 292 603 495 648; x_wconf 87' lang='lat' dir='ltr'>cornibus</span> <span class='ocrx_word' id='word_1_27' title='bbox 523 604 660 662; x_wconf 91' lang='lat' dir='ltr'>pedes</span> <span class='ocrx_word' id='word_1_28' title='bbox 690 603 933 662; x_wconf 88' lang='lat' dir='ltr'>sagittarius</span> <span class='ocrx_word' id='word_1_29' title='bbox 965 609 1008 647; x_wconf 90' lang='lat' dir='ltr'>et</span> <span class='ocrx_word' id='word_1_30' title='bbox 1038 609 1180 647; x_wconf 88' lang='lat' dir='ltr'>cetera</span> <span class='ocrx_word' id='word_1_31' title='bbox 1210 617 1362 647; x_wconf 89' lang='lat' dir='ltr'>manus</span> <span class='ocrx_word' id='word_1_32' title='bbox 1384 604 1578 662; x_wconf 88' lang='lat' dir='ltr'>equitum</span> <span class='ocrx_word' id='word_1_33' title='bbox 1600 604 1705 655; x_wconf 88' lang='lat' dir='ltr'>ibat,</span> <span class='ocrx_word' id='word_1_34' title='bbox 1735 603 2013 662; x_wconf 87' lang='lat' dir='ltr'>productiore</span> 
     </span>
     <span class='ocr_line' id='line_1_5' title="bbox 219 677 2014 737; baseline -0.002 -13"><span class='ocrx_word' id='word_1_35' title='bbox 219 694 353 724; x_wconf 89' lang='lat' dir='ltr'>cornu</span> <span class='ocrx_word' id='word_1_36' title='bbox 384 681 554 723; x_wconf 80' lang='lat' dir='ltr'>sinistro</span> <span class='ocrx_word' id='word_1_37' title='bbox 583 694 664 737; x_wconf 87' lang='lat' dir='ltr'>per</span> <span class='ocrx_word' id='word_1_38' title='bbox 692 680 775 723; x_wconf 90' lang='lat' dir='ltr'>ima</span> <span class='ocrx_word' id='word_1_39' title='bbox 807 679 999 731; x_wconf 88' lang='lat' dir='ltr'>collium,</span> <span class='ocrx_word' id='word_1_40' title='bbox 1038 684 1096 730; x_wconf 92' lang='lat' dir='ltr'>ut,</span> <span class='ocrx_word' id='word_1_41' title='bbox 1128 678 1163 722; x_wconf 93' lang='lat' dir='ltr'>si</span> <span class='ocrx_word' id='word_1_42' title='bbox 1194 677 1330 722; x_wconf 85' lang='lat' dir='ltr'>bostis</span> <span class='ocrx_word' id='word_1_43' title='bbox 1359 679 1618 730; x_wconf 87' lang='lat' dir='ltr'>intravisset,</span> <span class='ocrx_word' id='word_1_44' title='bbox 1649 679 1787 723; x_wconf 82' lang='lat' dir='ltr'>fronte</span> <span class='ocrx_word' id='word_1_45' title='bbox 1816 678 1940 722; x_wconf 84' lang='lat' dir='ltr'>simul</span> <span class='ocrx_word' id='word_1_46' title='bbox 1972 684 2014 722; x_wconf 91' lang='lat' dir='ltr'>et</span> 
     </span>
     <span class='ocr_line' id='line_1_6' title="bbox 218 753 2039 814; baseline 0.001 -15"><span class='ocrx_word' id='word_1_47' title='bbox 218 756 315 799; x_wconf 91' lang='lat' dir='ltr'>sinu</span> <span class='ocrx_word' id='word_1_48' title='bbox 344 755 628 814; x_wconf 85' lang='lat' dir='ltr'>exciperetur.</span> <span class='ocrx_word' id='word_1_49' title='bbox 658 754 876 799; x_wconf 85' lang='lat' dir='ltr'>adsultare</span> <span class='ocrx_word' id='word_1_50' title='bbox 906 769 959 798; x_wconf 92' lang='lat' dir='ltr'>ex</span> <span class='ocrx_word' id='word_1_51' title='bbox 979 754 1151 799; x_wconf 91' lang='lat' dir='ltr'>diverso</span> <span class='ocrx_word' id='word_1_52' title='bbox 1172 754 1400 806; x_wconf 87' lang='lat' dir='ltr'>Tiridates,</span> <span class='ocrx_word' id='word_1_53' title='bbox 1432 769 1517 798; x_wconf 88' lang='lat' dir='ltr'>non</span> <span class='ocrx_word' id='word_1_54' title='bbox 1541 769 1683 813; x_wconf 87' lang='lat' dir='ltr'>usque</span> <span class='ocrx_word' id='word_1_55' title='bbox 1704 755 1758 798; x_wconf 92' lang='lat' dir='ltr'>ad</span> <span class='ocrx_word' id='word_1_56' title='bbox 1778 755 1908 799; x_wconf 87' lang='lat' dir='ltr'>ictum</span> <span class='ocrx_word' id='word_1_57' title='bbox 1926 753 2039 805; x_wconf 80' lang='lat' dir='ltr'>teli,5</span> 
     </span>
     <span class='ocr_line' id='line_1_7' title="bbox 217 829 2012 889; baseline -0.001 -14"><span class='ocrx_word' id='word_1_58' title='bbox 217 832 294 875; x_wconf 91' lang='lat' dir='ltr'>sed</span> <span class='ocrx_word' id='word_1_59' title='bbox 333 837 421 875; x_wconf 92' lang='lat' dir='ltr'>tum</span> <span class='ocrx_word' id='word_1_60' title='bbox 460 831 658 875; x_wconf 88' lang='lat' dir='ltr'>minitans</span> <span class='ocrx_word' id='word_1_61' title='bbox 692 837 780 874; x_wconf 91' lang='lat' dir='ltr'>tum</span> <span class='ocrx_word' id='word_1_62' title='bbox 811 831 958 889; x_wconf 89' lang='lat' dir='ltr'>specie</span> <span class='ocrx_word' id='word_1_63' title='bbox 989 830 1257 889; x_wconf 92' lang='lat' dir='ltr'>trepidantis,</span> <span class='ocrx_word' id='word_1_64' title='bbox 1300 831 1336 874; x_wconf 89' lang='lat' dir='ltr'>si</span> <span class='ocrx_word' id='word_1_65' title='bbox 1367 830 1511 874; x_wconf 89' lang='lat' dir='ltr'>laxare</span> <span class='ocrx_word' id='word_1_66' title='bbox 1541 830 1715 875; x_wconf 91' lang='lat' dir='ltr'>ordines</span> <span class='ocrx_word' id='word_1_67' title='bbox 1745 837 1788 874; x_wconf 89' lang='lat' dir='ltr'>et</span> <span class='ocrx_word' id='word_1_68' title='bbox 1816 829 2012 874; x_wconf 89' lang='lat' dir='ltr'>diversos</span> 
     </span>
     <span class='ocr_line' id='line_1_8' title="bbox 217 905 2010 965; baseline -0.002 -13"><span class='ocrx_word' id='word_1_69' title='bbox 217 907 455 952; x_wconf 87' lang='lat' dir='ltr'>consectari</span> <span class='ocrx_word' id='word_1_70' title='bbox 482 913 642 964; x_wconf 90' lang='lat' dir='ltr'>posset.</span> <span class='ocrx_word' id='word_1_71' title='bbox 665 906 738 950; x_wconf 91' lang='lat' dir='ltr'>ubi</span> <span class='ocrx_word' id='word_1_72' title='bbox 759 906 860 949; x_wconf 91' lang='lat' dir='ltr'>nihil</span> <span class='ocrx_word' id='word_1_73' title='bbox 881 907 1120 950; x_wconf 87' lang='lat' dir='ltr'>temeritate</span> <span class='ocrx_word' id='word_1_74' title='bbox 1138 906 1344 957; x_wconf 91' lang='lat' dir='ltr'>solutum,</span> <span class='ocrx_word' id='word_1_75' title='bbox 1376 920 1458 950; x_wconf 90' lang='lat' dir='ltr'>nec</span> <span class='ocrx_word' id='word_1_76' title='bbox 1478 906 1661 965; x_wconf 86' lang='lat' dir='ltr'>amplius</span> <span class='ocrx_word' id='word_1_77' title='bbox 1681 920 1812 965; x_wconf 90' lang='lat' dir='ltr'>quam</span> <span class='ocrx_word' id='word_1_78' title='bbox 1833 905 2010 950; x_wconf 88' lang='lat' dir='ltr'>decurio</span> 
     </span>
     <span class='ocr_line' id='line_1_9' title="bbox 216 981 2010 1041; baseline -0.001 -15"><span class='ocrx_word' id='word_1_79' title='bbox 216 983 408 1041; x_wconf 89' lang='lat' dir='ltr'>equitum</span> <span class='ocrx_word' id='word_1_80' title='bbox 437 982 665 1026; x_wconf 84' lang='lat' dir='ltr'>audentius</span> <span class='ocrx_word' id='word_1_81' title='bbox 694 995 952 1040; x_wconf 84' lang='lat' dir='ltr'>progressus</span> <span class='ocrx_word' id='word_1_82' title='bbox 983 989 1025 1026; x_wconf 91' lang='lat' dir='ltr'>et</span> <span class='ocrx_word' id='word_1_83' title='bbox 1054 982 1217 1039; x_wconf 85' lang='lat' dir='ltr'>sagittis</span> <span class='ocrx_word' id='word_1_84' title='bbox 1248 981 1440 1026; x_wconf 83' lang='lat' dir='ltr'>confixus</span> <span class='ocrx_word' id='word_1_85' title='bbox 1471 989 1640 1027; x_wconf 87' lang='lat' dir='ltr'>ceteros</span> <span class='ocrx_word' id='word_1_86' title='bbox 1670 982 1724 1027; x_wconf 91' lang='lat' dir='ltr'>ad</span> <span class='ocrx_word' id='word_1_87' title='bbox 1753 982 2010 1040; x_wconf 90' lang='lat' dir='ltr'>obsequium</span> 
     </span>
     <span class='ocr_line' id='line_1_10' title="bbox 215 1056 2010 1116; baseline -0.001 -14"><span class='ocrx_word' id='word_1_88' title='bbox 215 1057 413 1116; x_wconf 86' lang='lat' dir='ltr'>exemplo</span> <span class='ocrx_word' id='word_1_89' title='bbox 442 1057 701 1109; x_wconf 88' lang='lat' dir='ltr'>firmaverat,</span> <span class='ocrx_word' id='word_1_90' title='bbox 741 1057 996 1116; x_wconf 89' lang='lat' dir='ltr'>propinquis</span> <span class='ocrx_word' id='word_1_91' title='bbox 1027 1058 1112 1102; x_wconf 91' lang='lat' dir='ltr'>iam</span> <span class='ocrx_word' id='word_1_92' title='bbox 1141 1056 1330 1101; x_wconf 90' lang='lat' dir='ltr'>tenebris</span> <span class='ocrx_word' id='word_1_93' title='bbox 1361 1057 1582 1102; x_wconf 86' lang='lat' dir='ltr'>abscessit.</span> <span class='ocrx_word' id='word_1_94' title='bbox 1634 1058 1717 1114; x_wconf 73' lang='lat'>(4⁴)</span> <span class='ocrx_word' id='word_1_95' title='bbox 1748 1064 1791 1102; x_wconf 89' lang='lat' dir='ltr'>et</span> <span class='ocrx_word' id='word_1_96' title='bbox 1822 1056 2010 1101; x_wconf 90' lang='lat' dir='ltr'>Corbulo</span> 
     </span>
     <span class='ocr_line' id='line_1_11' title="bbox 215 1132 2060 1191; baseline -0.001 -13"><span class='ocrx_word' id='word_1_97' title='bbox 215 1140 355 1178; x_wconf 89' lang='lat' dir='ltr'>castra</span> <span class='ocrx_word' id='word_1_98' title='bbox 384 1134 428 1176; x_wconf 92' lang='lat' dir='ltr'>in</span> <span class='ocrx_word' id='word_1_99' title='bbox 458 1133 552 1177; x_wconf 88' lang='lat' dir='ltr'>loco</span> <span class='ocrx_word' id='word_1_100' title='bbox 583 1139 784 1184; x_wconf 90' lang='lat' dir='ltr'>metatus,</span> <span class='ocrx_word' id='word_1_101' title='bbox 828 1147 881 1176; x_wconf 90' lang='lat' dir='ltr'>an</span> <span class='ocrx_word' id='word_1_102' title='bbox 912 1133 1123 1191; x_wconf 90' lang='lat' dir='ltr'>expeditis</span> <span class='ocrx_word' id='word_1_103' title='bbox 1158 1132 1399 1190; x_wconf 86' lang='lat' dir='ltr'>legionibus</span> <span class='ocrx_word' id='word_1_104' title='bbox 1428 1140 1554 1178; x_wconf 88' lang='lat' dir='ltr'>nocte</span> <span class='ocrx_word' id='word_1_105' title='bbox 1583 1135 1779 1177; x_wconf 85' lang='lat' dir='ltr'>Artaxata</span> <span class='ocrx_word' id='word_1_106' title='bbox 1809 1139 2012 1191; x_wconf 86' lang='lat' dir='ltr'>pergeret</span> <span class='ocrx_word' id='word_1_107' title='bbox 2023 1147 2060 1177; x_wconf 68' lang='lat' dir='ltr'>io</span> 
     </span>
     <span class='ocr_line' id='line_1_12' title="bbox 215 1208 2011 1267; baseline -0.001 -14"><span class='ocrx_word' id='word_1_108' title='bbox 215 1209 473 1267; x_wconf 91' lang='lat' dir='ltr'>obsidioque</span> <span class='ocrx_word' id='word_1_109' title='bbox 512 1208 799 1253; x_wconf 86' lang='lat' dir='ltr'>circumdaret</span> <span class='ocrx_word' id='word_1_110' title='bbox 833 1208 1022 1266; x_wconf 86' lang='lat' dir='ltr'>agitavit,</span> <span class='ocrx_word' id='word_1_111' title='bbox 1062 1208 1331 1253; x_wconf 89' lang='lat' dir='ltr'>concessisse</span> <span class='ocrx_word' id='word_1_112' title='bbox 1361 1208 1462 1254; x_wconf 91' lang='lat' dir='ltr'>illuc</span> <span class='ocrx_word' id='word_1_113' title='bbox 1491 1209 1705 1253; x_wconf 87' lang='lat' dir='ltr'>Tiridaten</span> <span class='ocrx_word' id='word_1_114' title='bbox 1734 1218 1865 1253; x_wconf 87' lang='lat' dir='ltr'>ratus.</span> <span class='ocrx_word' id='word_1_115' title='bbox 1910 1208 2011 1252; x_wconf 90' lang='lat' dir='ltr'>dein</span> 
     </span>
     <span class='ocr_line' id='line_1_13' title="bbox 214 1284 2008 1344; baseline -0.001 -15"><span class='ocrx_word' id='word_1_116' title='bbox 214 1291 444 1344; x_wconf 88' lang='lat' dir='ltr'>postquam</span> <span class='ocrx_word' id='word_1_117' title='bbox 473 1284 766 1343; x_wconf 87' lang='lat' dir='ltr'>exploratores</span> <span class='ocrx_word' id='word_1_118' title='bbox 796 1284 975 1328; x_wconf 88' lang='lat' dir='ltr'>attulere</span> <span class='ocrx_word' id='word_1_119' title='bbox 1005 1284 1286 1342; x_wconf 90' lang='lat' dir='ltr'>longinquum</span> <span class='ocrx_word' id='word_1_120' title='bbox 1316 1285 1431 1342; x_wconf 87' lang='lat' dir='ltr'>regis</span> <span class='ocrx_word' id='word_1_121' title='bbox 1461 1284 1544 1328; x_wconf 90' lang='lat' dir='ltr'>iter</span> <span class='ocrx_word' id='word_1_122' title='bbox 1573 1291 1616 1329; x_wconf 93' lang='lat' dir='ltr'>et</span> <span class='ocrx_word' id='word_1_123' title='bbox 1643 1285 1755 1329; x_wconf 89' lang='lat' dir='ltr'>Medi</span> <span class='ocrx_word' id='word_1_124' title='bbox 1785 1299 1838 1328; x_wconf 92' lang='lat' dir='ltr'>an</span> <span class='ocrx_word' id='word_1_125' title='bbox 1861 1284 2008 1328; x_wconf 87' lang='lat' dir='ltr'>Albani</span> 
     </span>
     <span class='ocr_line' id='line_1_14' title="bbox 214 1360 2009 1420; baseline -0.001 -15"><span class='ocrx_word' id='word_1_126' title='bbox 214 1367 465 1420; x_wconf 89' lang='lat' dir='ltr'>peterentur</span> <span class='ocrx_word' id='word_1_127' title='bbox 500 1361 732 1411; x_wconf 87' lang='lat' dir='ltr'>incertum,</span> <span class='ocrx_word' id='word_1_128' title='bbox 770 1360 912 1404; x_wconf 88' lang='lat' dir='ltr'>lucem</span> <span class='ocrx_word' id='word_1_129' title='bbox 948 1360 1187 1418; x_wconf 90' lang='lat' dir='ltr'>opperitur,</span> <span class='ocrx_word' id='word_1_130' title='bbox 1230 1360 1467 1418; x_wconf 90' lang='lat' dir='ltr'>praemissa</span> <span class='ocrx_word' id='word_1_131' title='bbox 1507 1360 1590 1404; x_wconf 89' lang='lat' dir='ltr'>levi</span> <span class='ocrx_word' id='word_1_132' title='bbox 1622 1367 1854 1412; x_wconf 88' lang='lat' dir='ltr'>armatura,</span> <span class='ocrx_word' id='word_1_133' title='bbox 1896 1374 2009 1419; x_wconf 87' lang='lat' dir='ltr'>quae</span> 
     </span>
     <span class='ocr_line' id='line_1_15' title="bbox 214 1435 2007 1497; baseline -0.001 -17"><span class='ocrx_word' id='word_1_134' title='bbox 214 1450 361 1480; x_wconf 89' lang='lat' dir='ltr'>muros</span> <span class='ocrx_word' id='word_1_135' title='bbox 391 1436 559 1497; x_wconf 59' lang='lat' dir='ltr'>interim</span> <span class='ocrx_word' id='word_1_136' title='bbox 590 1436 771 1480; x_wconf 88' lang='lat' dir='ltr'>ambiret</span> <span class='ocrx_word' id='word_1_137' title='bbox 791 1435 1241 1494; x_wconf 81' lang='lat' dir='ltr'>oppugnationemque</span> <span class='ocrx_word' id='word_1_138' title='bbox 1262 1436 1429 1479; x_wconf 89' lang='lat' dir='ltr'>eminus</span> <span class='ocrx_word' id='word_1_139' title='bbox 1455 1436 1675 1494; x_wconf 86' lang='lat' dir='ltr'>inciperet.</span> <span class='ocrx_word' id='word_1_140' title='bbox 1707 1436 1786 1481; x_wconf 89' lang='lat' dir='ltr'>sed</span> <span class='ocrx_word' id='word_1_141' title='bbox 1805 1436 2007 1495; x_wconf 89' lang='lat' dir='ltr'>oppidani</span> 
     </span>
     <span class='ocr_line' id='line_1_16' title="bbox 213 1511 2059 1571; baseline -0.001 -15"><span class='ocrx_word' id='word_1_142' title='bbox 213 1513 347 1571; x_wconf 86' lang='lat' dir='ltr'>portis</span> <span class='ocrx_word' id='word_1_143' title='bbox 377 1518 530 1570; x_wconf 90' lang='lat' dir='ltr'>sponte</span> <span class='ocrx_word' id='word_1_144' title='bbox 559 1512 779 1570; x_wconf 87' lang='lat' dir='ltr'>patefactis</span> <span class='ocrx_word' id='word_1_145' title='bbox 801 1525 849 1555; x_wconf 89' lang='lat' dir='ltr'>se</span> <span class='ocrx_word' id='word_1_146' title='bbox 870 1525 1037 1569; x_wconf 90' lang='lat' dir='ltr'>suaque</span> <span class='ocrx_word' id='word_1_147' title='bbox 1057 1511 1258 1555; x_wconf 90' lang='lat' dir='ltr'>Romanis</span> <span class='ocrx_word' id='word_1_148' title='bbox 1277 1511 1530 1569; x_wconf 86' lang='lat' dir='ltr'>permisere.</span> <span class='ocrx_word' id='word_1_149' title='bbox 1562 1511 1680 1570; x_wconf 87' lang='lat' dir='ltr'>quod</span> <span class='ocrx_word' id='word_1_150' title='bbox 1701 1511 1882 1556; x_wconf 92' lang='lat' dir='ltr'>salutem</span> <span class='ocrx_word' id='word_1_151' title='bbox 1903 1512 2008 1569; x_wconf 90' lang='lat' dir='ltr'>ipsis</span> <span class='ocrx_word' id='word_1_152' title='bbox 2021 1524 2059 1555; x_wconf 73' lang='lat'>⁴³</span> 
     </span>
     <span class='ocr_line' id='line_1_17' title="bbox 214 1587 2008 1647; baseline 0 -15"><span class='ocrx_word' id='word_1_153' title='bbox 214 1588 327 1641; x_wconf 83' lang='lat' dir='ltr'>tulit;</span> <span class='ocrx_word' id='word_1_154' title='bbox 359 1587 566 1631; x_wconf 89' lang='lat' dir='ltr'>Artaxatis</span> <span class='ocrx_word' id='word_1_155' title='bbox 596 1587 705 1646; x_wconf 88' lang='lat' dir='ltr'>ignis</span> <span class='ocrx_word' id='word_1_156' title='bbox 734 1588 957 1638; x_wconf 91' lang='lat' dir='ltr'>inmissus,</span> <span class='ocrx_word' id='word_1_157' title='bbox 990 1588 1218 1646; x_wconf 87' lang='lat' dir='ltr'>deletaque</span> <span class='ocrx_word' id='word_1_158' title='bbox 1250 1595 1293 1631; x_wconf 91' lang='lat' dir='ltr'>et</span> <span class='ocrx_word' id='word_1_159' title='bbox 1321 1587 1415 1632; x_wconf 89' lang='lat' dir='ltr'>solo</span> <span class='ocrx_word' id='word_1_160' title='bbox 1444 1595 1629 1647; x_wconf 90' lang='lat' dir='ltr'>aequata</span> <span class='ocrx_word' id='word_1_161' title='bbox 1657 1594 1775 1639; x_wconf 90' lang='lat' dir='ltr'>sunt,</span> <span class='ocrx_word' id='word_1_162' title='bbox 1807 1588 1908 1646; x_wconf 88' lang='lat' dir='ltr'>quia</span> <span class='ocrx_word' id='word_1_163' title='bbox 1926 1601 2008 1632; x_wconf 89' lang='lat' dir='ltr'>nec</span> 
     </span>
     <span class='ocr_line' id='line_1_18' title="bbox 212 1662 2007 1721; baseline 0 -14"><span class='ocrx_word' id='word_1_164' title='bbox 212 1663 346 1708; x_wconf 90' lang='lat' dir='ltr'>teneri</span> <span class='ocrx_word' id='word_1_165' title='bbox 389 1664 482 1707; x_wconf 90' lang='lat' dir='ltr'>sine</span> <span class='ocrx_word' id='word_1_166' title='bbox 520 1662 662 1707; x_wconf 91' lang='lat' dir='ltr'>valido</span> <span class='ocrx_word' id='word_1_167' title='bbox 703 1662 919 1721; x_wconf 90' lang='lat' dir='ltr'>praesidio</span> <span class='ocrx_word' id='word_1_168' title='bbox 957 1663 1014 1708; x_wconf 93' lang='lat' dir='ltr'>ob</span> <span class='ocrx_word' id='word_1_169' title='bbox 1052 1664 1390 1721; x_wconf 87' lang='lat' dir='ltr'>magnitudinem</span> <span class='ocrx_word' id='word_1_170' title='bbox 1421 1663 1654 1715; x_wconf 90' lang='lat' dir='ltr'>moenium,</span> <span class='ocrx_word' id='word_1_171' title='bbox 1698 1677 1779 1707; x_wconf 89' lang='lat' dir='ltr'>nec</span> <span class='ocrx_word' id='word_1_172' title='bbox 1807 1662 1851 1706; x_wconf 92' lang='lat' dir='ltr'>id</span> <span class='ocrx_word' id='word_1_173' title='bbox 1880 1662 2007 1707; x_wconf 92' lang='lat' dir='ltr'>nobis</span> 
     </span>
     <span class='ocr_line' id='line_1_19' title="bbox 211 1738 2008 1798; baseline -0.001 -15"><span class='ocrx_word' id='word_1_174' title='bbox 211 1739 366 1783; x_wconf 90' lang='lat' dir='ltr'>virium</span> <span class='ocrx_word' id='word_1_175' title='bbox 396 1744 497 1790; x_wconf 89' lang='lat' dir='ltr'>erat,</span> <span class='ocrx_word' id='word_1_176' title='bbox 530 1738 646 1797; x_wconf 91' lang='lat' dir='ltr'>quod</span> <span class='ocrx_word' id='word_1_177' title='bbox 677 1738 887 1783; x_wconf 90' lang='lat' dir='ltr'>firmando</span> <span class='ocrx_word' id='word_1_178' title='bbox 908 1739 1126 1798; x_wconf 90' lang='lat' dir='ltr'>praesidio</span> <span class='ocrx_word' id='word_1_179' title='bbox 1152 1745 1195 1783; x_wconf 92' lang='lat' dir='ltr'>et</span> <span class='ocrx_word' id='word_1_180' title='bbox 1216 1738 1485 1797; x_wconf 90' lang='lat' dir='ltr'>capessendo</span> <span class='ocrx_word' id='word_1_181' title='bbox 1505 1738 1618 1783; x_wconf 90' lang='lat' dir='ltr'>bello</span> <span class='ocrx_word' id='word_1_182' title='bbox 1640 1739 1917 1791; x_wconf 87' lang='lat' dir='ltr'>divideretur,</span> <span class='ocrx_word' id='word_1_183' title='bbox 1938 1739 2008 1783; x_wconf 92' lang='lat' dir='ltr'>vel</span> 
     </span>
     <span class='ocr_line' id='line_1_20' title="bbox 212 1814 2007 1874; baseline -0.001 -15"><span class='ocrx_word' id='word_1_184' title='bbox 212 1815 453 1872; x_wconf 32' lang='lat' dir='ltr'>si‘integra</span> <span class='ocrx_word' id='word_1_185' title='bbox 494 1821 536 1858; x_wconf 92' lang='lat' dir='ltr'>et</span> <span class='ocrx_word' id='word_1_186' title='bbox 577 1815 835 1859; x_wconf 86' lang='lat' dir='ltr'>incustodita</span> <span class='ocrx_word' id='word_1_187' title='bbox 874 1814 1236 1874; x_wconf 87' lang='lat' dir='ltr'>relinquerentur,</span> <span class='ocrx_word' id='word_1_188' title='bbox 1283 1814 1399 1858; x_wconf 90' lang='lat' dir='ltr'>nulla</span> <span class='ocrx_word' id='word_1_189' title='bbox 1428 1815 1470 1857; x_wconf 92' lang='lat' dir='ltr'>in</span> <span class='ocrx_word' id='word_1_190' title='bbox 1502 1829 1555 1859; x_wconf 90' lang='lat' dir='ltr'>eo</span> <span class='ocrx_word' id='word_1_191' title='bbox 1583 1814 1741 1858; x_wconf 88' lang='lat' dir='ltr'>utilitas</span> <span class='ocrx_word' id='word_1_192' title='bbox 1770 1821 1844 1858; x_wconf 89' lang='lat' dir='ltr'>aut</span> <span class='ocrx_word' id='word_1_193' title='bbox 1871 1814 2007 1873; x_wconf 86' lang='lat' dir='ltr'>gloria</span> 
     </span>
     <span class='ocr_line' id='line_1_21' title="bbox 214 1889 2056 1949; baseline -0.001 -15"><span class='ocrx_word' id='word_1_194' title='bbox 214 1890 330 1949; x_wconf 89' lang='lat' dir='ltr'>quod</span> <span class='ocrx_word' id='word_1_195' title='bbox 357 1897 480 1949; x_wconf 90' lang='lat' dir='ltr'>capta</span> <span class='ocrx_word' id='word_1_196' title='bbox 502 1897 658 1934; x_wconf 90' lang='lat' dir='ltr'>essent.</span> <span class='ocrx_word' id='word_1_197' title='bbox 689 1890 872 1935; x_wconf 88' lang='lat' dir='ltr'>adicitur</span> <span class='ocrx_word' id='word_1_198' title='bbox 891 1890 1143 1935; x_wconf 87' lang='lat' dir='ltr'>miraculum</span> <span class='ocrx_word' id='word_1_199' title='bbox 1162 1891 1279 1934; x_wconf 90' lang='lat' dir='ltr'>velut</span> <span class='ocrx_word' id='word_1_200' title='bbox 1296 1890 1471 1935; x_wconf 89' lang='lat' dir='ltr'>numine</span> <span class='ocrx_word' id='word_1_201' title='bbox 1492 1889 1705 1934; x_wconf 88' lang='lat' dir='ltr'>oblatum:</span> <span class='ocrx_word' id='word_1_202' title='bbox 1735 1904 1834 1934; x_wconf 91' lang='lat' dir='ltr'>nam</span> <span class='ocrx_word' id='word_1_203' title='bbox 1854 1896 2056 1935; x_wconf 69' lang='lat' dir='ltr'>cunctam</span> 
     </span>
     <span class='ocr_line' id='line_1_22' title="bbox 213 1965 2006 2025; baseline -0.001 -14"><span class='ocrx_word' id='word_1_204' title='bbox 213 1973 333 2011; x_wconf 88' lang='lat' dir='ltr'>extra</span> <span class='ocrx_word' id='word_1_205' title='bbox 364 1966 503 2024; x_wconf 88' lang='lat' dir='ltr'>[tectis</span> <span class='ocrx_word' id='word_1_206' title='bbox 534 1965 754 2024; x_wconf 88' lang='lat' dir='ltr'>hactenus]</span> <span class='ocrx_word' id='word_1_207' title='bbox 788 1965 879 2010; x_wconf 89' lang='lat' dir='ltr'>sole</span> <span class='ocrx_word' id='word_1_208' title='bbox 899 1965 1078 2010; x_wconf 91' lang='lat' dir='ltr'>illustria</span> <span class='ocrx_word' id='word_1_209' title='bbox 1097 1966 1240 2019; x_wconf 84' lang='lat' dir='ltr'>fuere3</span> <span class='ocrx_word' id='word_1_210' title='bbox 1270 1965 1387 2025; x_wconf 92' lang='lat' dir='ltr'>quod</span> <span class='ocrx_word' id='word_1_211' title='bbox 1407 1965 1634 2010; x_wconf 92' lang='lat' dir='ltr'>moenibus</span> <span class='ocrx_word' id='word_1_212' title='bbox 1655 1966 1917 2023; x_wconf 87' lang='lat' dir='ltr'>cingebatur,</span> <span class='ocrx_word' id='word_1_213' title='bbox 1949 1966 2006 2009; x_wconf 86' lang='lat' dir='ltr'>ita</span> 
     </span>
    </p>
   </div>
   <div class='ocr_carea' id='block_1_3' title="bbox 206 2107 2010 2596">
    <p class='ocr_par' dir='ltr' id='par_1_3' title="bbox 206 2107 2010 2596">
     <span class='ocr_line' id='line_1_23' title="bbox 275 2107 2010 2154; baseline 0.001 -10"><span class='ocrx_word' id='word_1_214' title='bbox 275 2112 308 2145; x_wconf 89' lang='grc'>3.</span> <span class='ocrx_word' id='word_1_215' title='bbox 326 2112 542 2154; x_wconf 78' lang='lat' dir='ltr'>productiore</span> <span class='ocrx_word' id='word_1_216' title='bbox 562 2121 668 2144; x_wconf 86' lang='lat' dir='ltr'>cornu</span> <span class='ocrx_word' id='word_1_217' title='bbox 681 2112 816 2145; x_wconf 72' lang='lat' dir='ltr'>sinistro</span> <span class='ocrx_word' id='word_1_218' title='bbox 831 2112 911 2144; x_wconf 91' lang='lat' dir='ltr'>cod.</span> <span class='ocrx_word' id='word_1_219' title='bbox 930 2111 1112 2154; x_wconf 81' lang='lat' dir='ltr'>Agricolae</span> <span class='ocrx_word' id='word_1_220' title='bbox 1129 2113 1272 2154; x_wconf 83' lang='lat' dir='ltr'>(Ryckio</span> <span class='ocrx_word' id='word_1_221' title='bbox 1288 2107 1412 2154; x_wconf 81' lang='lat' dir='ltr'>teste):</span> <span class='ocrx_word' id='word_1_222' title='bbox 1435 2113 1649 2154; x_wconf 72' lang='lat' dir='ltr'>productiore</span> <span class='ocrx_word' id='word_1_223' title='bbox 1671 2120 1794 2145; x_wconf 72' lang='lat' dir='ltr'>cornus</span> <span class='ocrx_word' id='word_1_224' title='bbox 1814 2112 1851 2145; x_wconf 73' lang='lat' dir='ltr'>in</span> <span class='ocrx_word' id='word_1_225' title='bbox 1872 2112 2010 2148; x_wconf 72' lang='lat' dir='ltr'>sinistra</span> 
     </span>
     <span class='ocr_line' id='line_1_24' title="bbox 211 2168 2006 2212; baseline 0.001 -11"><span class='ocrx_word' id='word_1_226' title='bbox 211 2168 406 2211; x_wconf 84' lang='lat' dir='ltr'>(duplicatis</span> <span class='ocrx_word' id='word_1_227' title='bbox 429 2168 552 2202; x_wconf 87' lang='lat' dir='ltr'>litteris</span> <span class='ocrx_word' id='word_1_228' title='bbox 574 2169 636 2210; x_wconf 75' lang='lat' dir='ltr'>sin)</span> <span class='ocrx_word' id='word_1_229' title='bbox 659 2169 711 2207; x_wconf 87' lang='lat' dir='ltr'>M;</span> <span class='ocrx_word' id='word_1_230' title='bbox 733 2169 934 2210; x_wconf 77' lang='lat' dir='ltr'>productior</span> <span class='ocrx_word' id='word_1_231' title='bbox 954 2179 1061 2202; x_wconf 80' lang='lat' dir='ltr'>cornu</span> <span class='ocrx_word' id='word_1_232' title='bbox 1081 2170 1117 2202; x_wconf 74' lang='lat' dir='ltr'>in</span> <span class='ocrx_word' id='word_1_233' title='bbox 1138 2170 1274 2203; x_wconf 76' lang='lat' dir='ltr'>sinistro</span> <span class='ocrx_word' id='word_1_234' title='bbox 1290 2169 1366 2208; x_wconf 88' lang='lat' dir='ltr'>alii;</span> <span class='ocrx_word' id='word_1_235' title='bbox 1389 2171 1621 2212; x_wconf 77' lang='lat' dir='ltr'>productiores</span> <span class='ocrx_word' id='word_1_236' title='bbox 1641 2171 1677 2203; x_wconf 74' lang='lat' dir='ltr'>in</span> <span class='ocrx_word' id='word_1_237' title='bbox 1698 2170 1832 2202; x_wconf 71' lang='lat' dir='ltr'>sinistro</span> <span class='ocrx_word' id='word_1_238' title='bbox 1854 2169 2006 2212; x_wconf 79' lang='lat' dir='ltr'>Nipper-</span> 
     </span>
     <span class='ocr_line' id='line_1_25' title="bbox 209 2225 2003 2268; baseline 0.001 -11"><span class='ocrx_word' id='word_1_239' title='bbox 209 2225 293 2266; x_wconf 86' lang='lat' dir='ltr'>dey.</span> <span class='ocrx_word' id='word_1_240' title='bbox 321 2242 357 2248; x_wconf 90' lang='lat'>—</span> <span class='ocrx_word' id='word_1_241' title='bbox 382 2225 415 2257; x_wconf 80' lang='lat'>5.</span> <span class='ocrx_word' id='word_1_242' title='bbox 441 2225 486 2257; x_wconf 79' lang='lat' dir='ltr'>ad</span> <span class='ocrx_word' id='word_1_243' title='bbox 507 2225 610 2257; x_wconf 76' lang='lat' dir='ltr'>ictum</span> <span class='ocrx_word' id='word_1_244' title='bbox 632 2226 808 2258; x_wconf 88' lang='lat' dir='ltr'>Baiterus:</span> <span class='ocrx_word' id='word_1_245' title='bbox 835 2226 1006 2258; x_wconf 74' lang='lat' dir='ltr'>addictum</span> <span class='ocrx_word' id='word_1_246' title='bbox 1027 2226 1062 2259; x_wconf 89' lang='lat' dir='ltr'>M</span> <span class='ocrx_word' id='word_1_247' title='bbox 1076 2236 1084 2265; x_wconf 89' lang='lat'>;</span> <span class='ocrx_word' id='word_1_248' title='bbox 1110 2226 1155 2258; x_wconf 83' lang='lat' dir='ltr'>ad</span> <span class='ocrx_word' id='word_1_249' title='bbox 1175 2226 1303 2258; x_wconf 73' lang='lat' dir='ltr'>iactum</span> <span class='ocrx_word' id='word_1_250' title='bbox 1325 2225 1393 2259; x_wconf 87' lang='lat' dir='ltr'>alii.</span> <span class='ocrx_word' id='word_1_251' title='bbox 1423 2225 1475 2260; x_wconf 84' lang='lat' dir='ltr'>Cf.</span> <span class='ocrx_word' id='word_1_252' title='bbox 1501 2234 1533 2259; x_wconf 89' lang='lat' dir='ltr'>c.</span> <span class='ocrx_word' id='word_1_253' title='bbox 1559 2226 1613 2259; x_wconf 82' lang='lat'>39.</span> <span class='ocrx_word' id='word_1_254' title='bbox 1638 2226 1726 2259; x_wconf 85' lang='lat' dir='ltr'>Hist.</span> <span class='ocrx_word' id='word_1_255' title='bbox 1751 2226 1785 2268; x_wconf 79' lang='lat'>2,</span> <span class='ocrx_word' id='word_1_256' title='bbox 1809 2226 1864 2259; x_wconf 78' lang='lat'>22.</span> <span class='ocrx_word' id='word_1_257' title='bbox 1890 2225 1922 2266; x_wconf 90' lang='lat'>3,</span> <span class='ocrx_word' id='word_1_258' title='bbox 1947 2225 2003 2259; x_wconf 78' lang='lat'>23.</span> 
     </span>
     <span class='ocr_line' id='line_1_26' title="bbox 211 2281 2007 2323; baseline 0.001 -10"><span class='ocrx_word' id='word_1_259' title='bbox 211 2299 248 2305; x_wconf 97' lang='lat'><strong>—</strong></span> <span class='ocrx_word' id='word_1_260' title='bbox 273 2281 346 2313; x_wconf 75' lang='lat' dir='ltr'>telis</span> <span class='ocrx_word' id='word_1_261' title='bbox 366 2281 400 2314; x_wconf 88' lang='lat' dir='ltr'><strong>M</strong></span> <span class='ocrx_word' id='word_1_262' title='bbox 426 2299 463 2304; x_wconf 97' lang='lat'><strong>—</strong></span> <span class='ocrx_word' id='word_1_263' title='bbox 489 2281 521 2313; x_wconf 89' lang='grc'>6.</span> <span class='ocrx_word' id='word_1_264' title='bbox 546 2282 680 2314; x_wconf 71' lang='lat' dir='ltr'>diuerso</span> <span class='ocrx_word' id='word_1_265' title='bbox 701 2281 736 2314; x_wconf 98' lang='lat' dir='ltr'><strong>M</strong></span> <span class='ocrx_word' id='word_1_266' title='bbox 761 2299 798 2305; x_wconf 96' lang='lat'>—</span> <span class='ocrx_word' id='word_1_267' title='bbox 824 2281 856 2314; x_wconf 88' lang='lat'>7.</span> <span class='ocrx_word' id='word_1_268' title='bbox 881 2282 984 2314; x_wconf 76' lang='lat' dir='ltr'>nichil</span> <span class='ocrx_word' id='word_1_269' title='bbox 998 2283 1032 2314; x_wconf 90' lang='lat' dir='ltr'><strong>M</strong></span> <span class='ocrx_word' id='word_1_270' title='bbox 1050 2299 1087 2306; x_wconf 92' lang='lat'>—</span> <span class='ocrx_word' id='word_1_271' title='bbox 1107 2282 1162 2315; x_wconf 76' lang='lat'>⁴3.</span> <span class='ocrx_word' id='word_1_272' title='bbox 1182 2282 1371 2323; x_wconf 73' lang='lat' dir='ltr'>praemissa</span> <span class='ocrx_word' id='word_1_273' title='bbox 1392 2282 1456 2315; x_wconf 71' lang='lat' dir='ltr'>levi</span> <span class='ocrx_word' id='word_1_274' title='bbox 1471 2282 1652 2315; x_wconf 87' lang='lat' dir='ltr'>Heinsius:</span> <span class='ocrx_word' id='word_1_275' title='bbox 1673 2282 2007 2323; x_wconf 70' lang='lat' dir='ltr'>praemissaqueleui</span> 
     </span>
     <span class='ocr_line' id='line_1_27' title="bbox 208 2337 2002 2381; baseline 0 -11"><span class='ocrx_word' id='word_1_276' title='bbox 208 2339 260 2375; x_wconf 74' lang='lat' dir='ltr'>M3</span> <span class='ocrx_word' id='word_1_277' title='bbox 284 2337 535 2379; x_wconf 68' lang='lat' dir='ltr'>praemissaque</span> <span class='ocrx_word' id='word_1_278' title='bbox 560 2339 641 2371; x_wconf 77' lang='lat' dir='ltr'>lovis</span> <span class='ocrx_word' id='word_1_279' title='bbox 662 2337 730 2371; x_wconf 88' lang='lat' dir='ltr'>alii.</span> <span class='ocrx_word' id='word_1_280' title='bbox 758 2354 795 2362; x_wconf 93' lang='lat'><em>—</em></span> <span class='ocrx_word' id='word_1_281' title='bbox 830 2338 883 2372; x_wconf 85' lang='grc'>46.</span> <span class='ocrx_word' id='word_1_282' title='bbox 909 2340 1065 2372; x_wconf 60' lang='lat' dir='ltr'>artaxata</span> <span class='ocrx_word' id='word_1_283' title='bbox 1087 2340 1122 2373; x_wconf 92' lang='lat' dir='ltr'><strong>M</strong></span> <span class='ocrx_word' id='word_1_284' title='bbox 1146 2357 1182 2362; x_wconf 99' lang='lat'><strong>—</strong></span> <span class='ocrx_word' id='word_1_285' title='bbox 1209 2343 1334 2380; x_wconf 79' lang='lat' dir='ltr'>equata</span> <span class='ocrx_word' id='word_1_286' title='bbox 1356 2340 1389 2373; x_wconf 88' lang='lat' dir='ltr'><strong>M</strong></span> <span class='ocrx_word' id='word_1_287' title='bbox 1415 2357 1451 2363; x_wconf 91' lang='lat'>-</span> <span class='ocrx_word' id='word_1_288' title='bbox 1488 2339 1542 2372; x_wconf 78' lang='lat'>⁴7.</span> <span class='ocrx_word' id='word_1_289' title='bbox 1567 2342 1692 2372; x_wconf 57' lang='lat' dir='ltr'>teneres</span> <span class='ocrx_word' id='word_1_290' title='bbox 1719 2337 1936 2381; x_wconf 84' lang='lat' dir='ltr'>Nipperdey.</span> <span class='ocrx_word' id='word_1_291' title='bbox 1964 2356 2002 2363; x_wconf 92' lang='lat'>—</span> 
     </span>
     <span class='ocr_line' id='line_1_28' title="bbox 207 2394 2006 2438; baseline 0 -11"><span class='ocrx_word' id='word_1_292' title='bbox 207 2394 262 2427; x_wconf 77' lang='lat'>20.</span> <span class='ocrx_word' id='word_1_293' title='bbox 288 2397 412 2435; x_wconf 74' lang='lat' dir='ltr'>cappla</span> <span class='ocrx_word' id='word_1_294' title='bbox 433 2394 468 2427; x_wconf 91' lang='lat' dir='ltr'><strong>M</strong></span> <span class='ocrx_word' id='word_1_295' title='bbox 489 2412 522 2417; x_wconf 93' lang='lat'>—</span> <span class='ocrx_word' id='word_1_296' title='bbox 547 2394 647 2427; x_wconf 77' lang='lat' dir='ltr'>uelud</span> <span class='ocrx_word' id='word_1_297' title='bbox 669 2395 704 2427; x_wconf 92' lang='lat' dir='ltr'><strong>M</strong></span> <span class='ocrx_word' id='word_1_298' title='bbox 722 2413 758 2418; x_wconf 92' lang='lat'>—</span> <span class='ocrx_word' id='word_1_299' title='bbox 784 2398 903 2427; x_wconf 78' lang='lat' dir='ltr'>cuncta</span> <span class='ocrx_word' id='word_1_300' title='bbox 926 2398 1027 2428; x_wconf 64' lang='lat' dir='ltr'>atra</span> <span class='ocrx_word' id='word_1_301' title='bbox 1050 2395 1154 2438; x_wconf 78' lang='lat' dir='ltr'>[tectis</span> <span class='ocrx_word' id='word_1_302' title='bbox 1174 2395 1341 2438; x_wconf 76' lang='lat' dir='ltr'>haetenus]</span> <span class='ocrx_word' id='word_1_303' title='bbox 1363 2397 1431 2428; x_wconf 76' lang='lat' dir='ltr'>sole</span> <span class='ocrx_word' id='word_1_304' title='bbox 1452 2396 1624 2428; x_wconf 80' lang='lat' dir='ltr'>Ritterus:</span> <span class='ocrx_word' id='word_1_305' title='bbox 1649 2398 1770 2428; x_wconf 81' lang='lat' dir='ltr'>cuncta</span> <span class='ocrx_word' id='word_1_306' title='bbox 1790 2397 1892 2427; x_wconf 73' lang='lat' dir='ltr'>extra</span> <span class='ocrx_word' id='word_1_307' title='bbox 1913 2394 2006 2427; x_wconf 72' lang='lat' dir='ltr'>tectis</span> 
     </span>
     <span class='ocr_line' id='line_1_29' title="bbox 207 2451 2006 2496; baseline 0 -13"><span class='ocrx_word' id='word_1_308' title='bbox 207 2454 342 2483; x_wconf 82' lang='lat' dir='ltr'>actenus</span> <span class='ocrx_word' id='word_1_309' title='bbox 366 2451 433 2483; x_wconf 83' lang='lat' dir='ltr'>sole</span> <span class='ocrx_word' id='word_1_310' title='bbox 454 2451 506 2489; x_wconf 84' lang='lat' dir='ltr'>M;</span> <span class='ocrx_word' id='word_1_311' title='bbox 531 2455 652 2484; x_wconf 80' lang='lat' dir='ltr'>cuncta</span> <span class='ocrx_word' id='word_1_312' title='bbox 673 2455 792 2493; x_wconf 72' lang='lat' dir='ltr'>extra,</span> <span class='ocrx_word' id='word_1_313' title='bbox 817 2453 909 2485; x_wconf 77' lang='lat' dir='ltr'>tectis</span> <span class='ocrx_word' id='word_1_314' title='bbox 929 2456 1042 2494; x_wconf 79' lang='lat' dir='ltr'>tenus,</span> <span class='ocrx_word' id='word_1_315' title='bbox 1066 2454 1133 2486; x_wconf 81' lang='lat' dir='ltr'>sole</span> <span class='ocrx_word' id='word_1_316' title='bbox 1155 2453 1309 2496; x_wconf 80' lang='lat' dir='ltr'>Lipsius3</span> <span class='ocrx_word' id='word_1_317' title='bbox 1342 2456 1464 2485; x_wconf 81' lang='lat' dir='ltr'>cuncta</span> <span class='ocrx_word' id='word_1_318' title='bbox 1485 2455 1587 2486; x_wconf 77' lang='lat' dir='ltr'>extra</span> <span class='ocrx_word' id='word_1_319' title='bbox 1609 2452 1701 2485; x_wconf 72' lang='lat' dir='ltr'>tectis</span> <span class='ocrx_word' id='word_1_320' title='bbox 1722 2461 1764 2485; x_wconf 84' lang='lat' dir='ltr'>ac</span> <span class='ocrx_word' id='word_1_321' title='bbox 1781 2451 1890 2493; x_wconf 77' lang='lat' dir='ltr'>portis</span> <span class='ocrx_word' id='word_1_322' title='bbox 1911 2453 2006 2484; x_wconf 83' lang='lat' dir='ltr'>tenus</span> 
     </span>
     <span class='ocr_line' id='line_1_30' title="bbox 206 2506 2004 2552; baseline 0.001 -13"><span class='ocrx_word' id='word_1_323' title='bbox 206 2506 274 2539; x_wconf 81' lang='lat' dir='ltr'>sole</span> <span class='ocrx_word' id='word_1_324' title='bbox 294 2506 568 2547; x_wconf 87' lang='lat' dir='ltr'>Weissenborn;</span> <span class='ocrx_word' id='word_1_325' title='bbox 593 2510 714 2540; x_wconf 77' lang='lat' dir='ltr'>cuncta</span> <span class='ocrx_word' id='word_1_326' title='bbox 738 2507 850 2550; x_wconf 64' lang='lat' dir='ltr'>[aetra</span> <span class='ocrx_word' id='word_1_327' title='bbox 872 2508 973 2551; x_wconf 73' lang='lat' dir='ltr'>tectis]</span> <span class='ocrx_word' id='word_1_328' title='bbox 996 2509 1154 2544; x_wconf 76' lang='lat' dir='ltr'>hactenus</span> <span class='ocrx_word' id='word_1_329' title='bbox 1167 2509 1234 2542; x_wconf 81' lang='lat' dir='ltr'>sole</span> <span class='ocrx_word' id='word_1_330' title='bbox 1248 2508 1472 2552; x_wconf 79' lang='lat' dir='ltr'>Nipperdey3</span> <span class='ocrx_word' id='word_1_331' title='bbox 1497 2511 1619 2542; x_wconf 80' lang='lat' dir='ltr'>cuncta</span> <span class='ocrx_word' id='word_1_332' title='bbox 1641 2511 1760 2549; x_wconf 69' lang='lat' dir='ltr'>emera,</span> <span class='ocrx_word' id='word_1_333' title='bbox 1786 2511 1869 2541; x_wconf 73' lang='lat' dir='ltr'>tecto</span> <span class='ocrx_word' id='word_1_334' title='bbox 1889 2507 2004 2541; x_wconf 72' lang='lat' dir='ltr'>hacto—</span> 
     </span>
     <span class='ocr_line' id='line_1_31' title="bbox 207 2563 1293 2596; baseline 0 0"><span class='ocrx_word' id='word_1_335' title='bbox 207 2572 271 2596; x_wconf 82' lang='lat' dir='ltr'>nus</span> <span class='ocrx_word' id='word_1_336' title='bbox 291 2563 357 2596; x_wconf 84' lang='lat' dir='ltr'>sole</span> <span class='ocrx_word' id='word_1_337' title='bbox 379 2563 507 2596; x_wconf 86' lang='lat' dir='ltr'>Haase.</span> <span class='ocrx_word' id='word_1_338' title='bbox 1291 2584 1293 2586; x_wconf 95' lang='lat'>-</span> 
     </span>
    </p>
   </div>
   <div class='ocr_carea' id='block_1_4' title="bbox 0 0 68 3770">
    <p class='ocr_par' dir='ltr' id='par_1_4' title="bbox 0 0 68 3770">
     <span class='ocr_line' id='line_1_32' title="bbox 0 0 68 3770; baseline 0 0"><span class='ocrx_word' id='word_1_339' title='bbox 0 0 68 3770; x_wconf 95' lang='lat' dir='ltr'> </span> 
     </span>
    </p>
   </div>
   <div class='ocr_carea' id='block_1_5' title="bbox 205 2687 1085 3531">
    <p class='ocr_par' dir='ltr' id='par_1_5' title="bbox 207 2687 1083 2833">
     <span class='ocr_line' id='line_1_33' title="bbox 210 2687 1083 2733; baseline 0.003 -12"><span class='ocrx_word' id='word_1_340' title='bbox 210 2689 288 2721; x_wconf 84' lang='lat' dir='ltr'>erat</span> <span class='ocrx_word' id='word_1_341' title='bbox 308 2687 355 2721; x_wconf 90' lang='lat' dir='ltr'>ab</span> <span class='ocrx_word' id='word_1_342' title='bbox 378 2689 515 2722; x_wconf 79' lang='lat' dir='ltr'>Artaxia</span> <span class='ocrx_word' id='word_1_343' title='bbox 539 2698 635 2731; x_wconf 86' lang='lat' dir='ltr'>rege.</span> <span class='ocrx_word' id='word_1_344' title='bbox 661 2689 713 2723; x_wconf 84' lang='lat' dir='ltr'>Cf.</span> <span class='ocrx_word' id='word_1_345' title='bbox 739 2689 908 2732; x_wconf 84' lang='lat' dir='ltr'>Forbiger</span> <span class='ocrx_word' id='word_1_346' title='bbox 929 2691 1083 2733; x_wconf 74' lang='lat' dir='ltr'>Geoyra-</span> 
     </span>
     <span class='ocr_line' id='line_1_34' title="bbox 207 2739 1081 2783; baseline 0.003 -12"><span class='ocrx_word' id='word_1_347' title='bbox 207 2739 285 2779; x_wconf 74' lang='lat' dir='ltr'>phio</span> <span class='ocrx_word' id='word_1_348' title='bbox 306 2740 356 2779; x_wconf 91' lang='lat'>11,</span> <span class='ocrx_word' id='word_1_349' title='bbox 381 2748 417 2781; x_wconf 88' lang='lat' dir='ltr'>p.</span> <span class='ocrx_word' id='word_1_350' title='bbox 442 2740 518 2773; x_wconf 88' lang='grc'><strong>603.</strong></span> <span class='ocrx_word' id='word_1_351' title='bbox 543 2740 632 2773; x_wconf 88' lang='lat' dir='ltr'>Vide</span> <span class='ocrx_word' id='word_1_352' title='bbox 655 2740 702 2773; x_wconf 87' lang='lat' dir='ltr'>ad</span> <span class='ocrx_word' id='word_1_353' title='bbox 724 2741 763 2781; x_wconf 79' lang='lat'>2,</span> <span class='ocrx_word' id='word_1_354' title='bbox 788 2741 843 2774; x_wconf 80' lang='lat'>56.</span> <span class='ocrx_word' id='word_1_355' title='bbox 871 2758 907 2764; x_wconf 95' lang='lat'><strong>—</strong></span> <span class='ocrx_word' id='word_1_356' title='bbox 932 2741 1081 2783; x_wconf 71' lang='lat' dir='ltr'>Ara-ven]</span> 
     </span>
     <span class='ocr_line' id='line_1_35' title="bbox 211 2788 865 2833; baseline 0.005 -12"><span class='ocrx_word' id='word_1_357' title='bbox 211 2788 317 2822; x_wconf 87' lang='lat' dir='ltr'>hodie</span> <span class='ocrx_word' id='word_1_358' title='bbox 339 2789 440 2822; x_wconf 80' lang='lat' dir='ltr'>Aras.</span> <span class='ocrx_word' id='word_1_359' title='bbox 466 2789 634 2832; x_wconf 87' lang='lat' dir='ltr'>Forbiger</span> <span class='ocrx_word' id='word_1_360' title='bbox 655 2792 703 2830; x_wconf 84' lang='grc' dir='ltr'>Π,</span> <span class='ocrx_word' id='word_1_361' title='bbox 728 2799 763 2833; x_wconf 89' lang='lat' dir='ltr'>p.</span> <span class='ocrx_word' id='word_1_362' title='bbox 788 2791 865 2824; x_wconf 85' lang='grc'><strong>598.</strong></span> 
     </span>
    </p>

    <p class='ocr_par' dir='ltr' id='par_1_6' title="bbox 205 2838 1085 3531">
     <span class='ocr_line' id='line_1_36' title="bbox 252 2838 1083 2884; baseline 0.005 -13"><span class='ocrx_word' id='word_1_363' title='bbox 252 2838 307 2872; x_wconf 74' lang='lat'>40.</span> <span class='ocrx_word' id='word_1_364' title='bbox 331 2840 362 2871; x_wconf 72' lang='lat' dir='ltr'>si</span> <span class='ocrx_word' id='word_1_365' title='bbox 382 2841 587 2873; x_wconf 74' lang='lat' dir='ltr'>concessisset</span> <span class='ocrx_word' id='word_1_366' title='bbox 601 2840 737 2883; x_wconf 74' lang='lat' dir='ltr'>obsidio]</span> <span class='ocrx_word' id='word_1_367' title='bbox 754 2841 784 2873; x_wconf 88' lang='lat' dir='ltr'>si</span> <span class='ocrx_word' id='word_1_368' title='bbox 801 2840 959 2875; x_wconf 84' lang='lat' dir='ltr'>obsessis</span> <span class='ocrx_word' id='word_1_369' title='bbox 976 2849 1083 2884; x_wconf 88' lang='lat' dir='ltr'>opem</span> 
     </span>
     <span class='ocr_line' id='line_1_37' title="bbox 210 2887 1081 2933; baseline 0.003 -13"><span class='ocrx_word' id='word_1_370' title='bbox 210 2896 280 2921; x_wconf 90' lang='lat' dir='ltr'>uon</span> <span class='ocrx_word' id='word_1_371' title='bbox 307 2887 456 2922; x_wconf 78' lang='lat' dir='ltr'>tulisset.</span> <span class='ocrx_word' id='word_1_372' title='bbox 481 2890 563 2922; x_wconf 70' lang='lat' dir='ltr'>Eun.</span> <span class='ocrx_word' id='word_1_373' title='bbox 593 2908 626 2914; x_wconf 96' lang='lat'><em>-</em></span> <span class='ocrx_word' id='word_1_374' title='bbox 661 2891 740 2923; x_wconf 79' lang='lat' dir='ltr'>dato</span> <span class='ocrx_word' id='word_1_375' title='bbox 769 2890 837 2933; x_wconf 78' lang='lat' dir='ltr'>die]</span> <span class='ocrx_word' id='word_1_376' title='bbox 870 2893 1081 2933; x_wconf 86' lang='lat' dir='ltr'>opportuno,</span> 
     </span>
     <span class='ocr_line' id='line_1_38' title="bbox 209 2937 1084 2982; baseline 0.003 -12"><span class='ocrx_word' id='word_1_377' title='bbox 209 2939 250 2970; x_wconf 94' lang='lat' dir='ltr'>ut</span> <span class='ocrx_word' id='word_1_378' title='bbox 271 2937 310 2978; x_wconf 75' lang='lat'>4,</span> <span class='ocrx_word' id='word_1_379' title='bbox 335 2938 396 2972; x_wconf 72' lang='lat'>40:</span> <span class='ocrx_word' id='word_1_380' title='bbox 431 2940 509 2972; x_wconf 82' lang='lat' dir='ltr'>dato</span> <span class='ocrx_word' id='word_1_381' title='bbox 540 2943 695 2981; x_wconf 79' lang='lat' dir='ltr'>tempore.</span> <span class='ocrx_word' id='word_1_382' title='bbox 723 2959 760 2964; x_wconf 98' lang='lat'><strong>—</strong></span> <span class='ocrx_word' id='word_1_383' title='bbox 791 2941 868 2973; x_wconf 75' lang='lat' dir='ltr'>viae</span> <span class='ocrx_word' id='word_1_384' title='bbox 891 2942 1025 2982; x_wconf 69' lang='lat' dir='ltr'>pariter</span> <span class='ocrx_word' id='word_1_385' title='bbox 1053 2944 1084 2973; x_wconf 81' lang='lat' dir='ltr'>et</span> 
     </span>
     <span class='ocr_line' id='line_1_39' title="bbox 205 2987 1083 3032; baseline 0.002 -11"><span class='ocrx_word' id='word_1_386' title='bbox 205 2987 351 3030; x_wconf 69' lang='lat' dir='ltr'>puynae]</span> <span class='ocrx_word' id='word_1_387' title='bbox 377 2989 428 3022; x_wconf 85' lang='lat' dir='ltr'>Cf.</span> <span class='ocrx_word' id='word_1_388' title='bbox 447 2990 479 3029; x_wconf 79' lang='grc'>4,</span> <span class='ocrx_word' id='word_1_389' title='bbox 497 2990 534 3022; x_wconf 80' lang='grc'>54</span> <span class='ocrx_word' id='word_1_390' title='bbox 551 2999 559 3022; x_wconf 91' lang='lat'>:</span> <span class='ocrx_word' id='word_1_391' title='bbox 583 2990 779 3031; x_wconf 76' lang='lat' dir='ltr'>incessitque</span> <span class='ocrx_word' id='word_1_392' title='bbox 799 2991 912 3024; x_wconf 70' lang='lat' dir='ltr'>itineri</span> <span class='ocrx_word' id='word_1_393' title='bbox 932 2995 963 3023; x_wconf 80' lang='lat' dir='ltr'>ot</span> <span class='ocrx_word' id='word_1_394' title='bbox 981 3000 1083 3032; x_wconf 77' lang='lat' dir='ltr'>proe—</span> 
     </span>
     <span class='ocr_line' id='line_1_40' title="bbox 208 3039 1082 3080; baseline 0.002 -9"><span class='ocrx_word' id='word_1_395' title='bbox 208 3039 265 3071; x_wconf 70' lang='lat' dir='ltr'>lt&#39;o.</span> <span class='ocrx_word' id='word_1_396' title='bbox 287 3057 322 3063; x_wconf 93' lang='lat'><em>-</em></span> <span class='ocrx_word' id='word_1_397' title='bbox 340 3040 467 3080; x_wconf 76' lang='lat' dir='ltr'>mediis]</span> <span class='ocrx_word' id='word_1_398' title='bbox 488 3048 591 3073; x_wconf 78' lang='lat' dir='ltr'>«cum</span> <span class='ocrx_word' id='word_1_399' title='bbox 607 3040 714 3073; x_wconf 91' lang='lat' dir='ltr'>medii</span> <span class='ocrx_word' id='word_1_400' title='bbox 731 3042 855 3074; x_wconf 88' lang='lat' dir='ltr'>essent</span> <span class='ocrx_word' id='word_1_401' title='bbox 870 3050 911 3073; x_wconf 90' lang='lat' dir='ltr'>ex</span> <span class='ocrx_word' id='word_1_402' title='bbox 931 3040 1082 3073; x_wconf 87' lang='lat' dir='ltr'>decuma</span> 
     </span>
     <span class='ocr_line' id='line_1_41' title="bbox 210 3088 1084 3131; baseline 0.003 -10"><span class='ocrx_word' id='word_1_403' title='bbox 210 3088 347 3131; x_wconf 82' lang='lat' dir='ltr'>legione</span> <span class='ocrx_word' id='word_1_404' title='bbox 372 3088 519 3127; x_wconf 72' lang='lat' dir='ltr'>delecti:</span> <span class='ocrx_word' id='word_1_405' title='bbox 554 3098 636 3122; x_wconf 91' lang='lat' dir='ltr'>cum</span> <span class='ocrx_word' id='word_1_406' title='bbox 658 3090 798 3124; x_wconf 89' lang='lat' dir='ltr'>medios</span> <span class='ocrx_word' id='word_1_407' title='bbox 819 3091 996 3124; x_wconf 88' lang='lat' dir='ltr'>haberent</span> <span class='ocrx_word' id='word_1_408' title='bbox 1018 3091 1084 3124; x_wconf 91' lang='lat' dir='ltr'>de-</span> 
     </span>
     <span class='ocr_line' id='line_1_42' title="bbox 211 3138 1081 3183; baseline 0.002 -12"><span class='ocrx_word' id='word_1_409' title='bbox 211 3147 443 3172; x_wconf 83' lang='lat' dir='ltr'>cumanorum</span> <span class='ocrx_word' id='word_1_410' title='bbox 467 3138 661 3173; x_wconf 79' lang='lat' dir='ltr'>delectos.»</span> <span class='ocrx_word' id='word_1_411' title='bbox 688 3158 723 3163; x_wconf 93' lang='lat'>—</span> <span class='ocrx_word' id='word_1_412' title='bbox 753 3142 852 3182; x_wconf 76' lang='lat' dir='ltr'>pedes</span> <span class='ocrx_word' id='word_1_413' title='bbox 874 3140 1081 3183; x_wconf 58' lang='lat' dir='ltr'>sayictarius]</span> 
     </span>
     <span class='ocr_line' id='line_1_43' title="bbox 210 3189 1083 3233; baseline 0.002 -12"><span class='ocrx_word' id='word_1_414' title='bbox 210 3190 234 3222; x_wconf 90' lang='lat' dir='ltr'>i.</span> <span class='ocrx_word' id='word_1_415' title='bbox 259 3198 295 3230; x_wconf 89' lang='lat' dir='ltr'>q.</span> <span class='ocrx_word' id='word_1_416' title='bbox 319 3189 358 3230; x_wconf 75' lang='grc' dir='ltr'>Ξ,</span> <span class='ocrx_word' id='word_1_417' title='bbox 387 3189 429 3222; x_wconf 82' lang='grc'>46</span> <span class='ocrx_word' id='word_1_418' title='bbox 447 3190 573 3230; x_wconf 78' lang='lat' dir='ltr'>pedites</span> <span class='ocrx_word' id='word_1_419' title='bbox 593 3191 786 3232; x_wconf 70' lang='lat' dir='ltr'>saye‘ttarii,</span> <span class='ocrx_word' id='word_1_420' title='bbox 811 3192 871 3233; x_wconf 89' lang='lat' dir='ltr'>qui</span> <span class='ocrx_word' id='word_1_421' title='bbox 895 3199 1083 3233; x_wconf 88' lang='lat' dir='ltr'>opponun-</span> 
     </span>
     <span class='ocr_line' id='line_1_44' title="bbox 212 3240 1083 3283; baseline 0.001 -11"><span class='ocrx_word' id='word_1_422' title='bbox 212 3241 270 3272; x_wconf 84' lang='lat' dir='ltr'>tur</span> <span class='ocrx_word' id='word_1_423' title='bbox 284 3240 387 3280; x_wconf 76' lang='lat' dir='ltr'>equiti</span> <span class='ocrx_word' id='word_1_424' title='bbox 399 3240 632 3282; x_wconf 72' lang='lat' dir='ltr'>sayittan&#39;o.—</span> <span class='ocrx_word' id='word_1_425' title='bbox 647 3242 861 3281; x_wconf 68' lang='lat' dir='ltr'>productiore</span> <span class='ocrx_word' id='word_1_426' title='bbox 878 3250 908 3273; x_wconf 85' lang='lat' dir='ltr'>c.</span> <span class='ocrx_word' id='word_1_427' title='bbox 923 3241 966 3283; x_wconf 86' lang='lat' dir='ltr'>s.]</span> <span class='ocrx_word' id='word_1_428' title='bbox 981 3242 1028 3273; x_wconf 89' lang='lat' dir='ltr'>ita</span> <span class='ocrx_word' id='word_1_429' title='bbox 1044 3242 1083 3273; x_wconf 86' lang='lat' dir='ltr'>ut</span> 
     </span>
     <span class='ocr_line' id='line_1_45' title="bbox 213 3289 1084 3331; baseline 0.001 -9"><span class='ocrx_word' id='word_1_430' title='bbox 213 3297 340 3322; x_wconf 84' lang='lat' dir='ltr'>manus</span> <span class='ocrx_word' id='word_1_431' title='bbox 351 3290 510 3331; x_wconf 88' lang='lat' dir='ltr'>equitum</span> <span class='ocrx_word' id='word_1_432' title='bbox 525 3289 755 3331; x_wconf 77' lang='lat' dir='ltr'>peditumque</span> <span class='ocrx_word' id='word_1_433' title='bbox 769 3291 803 3323; x_wconf 92' lang='lat' dir='ltr'>in</span> <span class='ocrx_word' id='word_1_434' title='bbox 817 3291 1084 3323; x_wconf 87' lang='lat' dir='ltr'>sinistro-cornu</span> 
     </span>
     <span class='ocr_line' id='line_1_46' title="bbox 214 3339 1080 3380; baseline 0.001 -8"><span class='ocrx_word' id='word_1_435' title='bbox 214 3339 326 3380; x_wconf 84' lang='lat' dir='ltr'>magis</span> <span class='ocrx_word' id='word_1_436' title='bbox 349 3348 429 3372; x_wconf 88' lang='lat' dir='ltr'>sese</span> <span class='ocrx_word' id='word_1_437' title='bbox 452 3340 660 3372; x_wconf 83' lang='lat' dir='ltr'>extenderet</span> <span class='ocrx_word' id='word_1_438' title='bbox 683 3348 791 3380; x_wconf 88' lang='lat' dir='ltr'>quam</span> <span class='ocrx_word' id='word_1_439' title='bbox 818 3341 855 3373; x_wconf 91' lang='lat' dir='ltr'>in</span> <span class='ocrx_word' id='word_1_440' title='bbox 878 3340 1014 3373; x_wconf 89' lang='lat' dir='ltr'>dextro.</span> <span class='ocrx_word' id='word_1_441' title='bbox 1041 3357 1080 3364; x_wconf 98' lang='lat'>—</span> 
     </span>
     <span class='ocr_line' id='line_1_47' title="bbox 215 3387 1085 3431; baseline 0.002 -11"><span class='ocrx_word' id='word_1_442' title='bbox 215 3388 301 3430; x_wconf 69' lang='lat' dir='ltr'>sinu]</span> <span class='ocrx_word' id='word_1_443' title='bbox 324 3387 508 3429; x_wconf 85' lang='lat' dir='ltr'>lateribus,</span> <span class='ocrx_word' id='word_1_444' title='bbox 534 3390 717 3429; x_wconf 73' lang='lat' dir='ltr'>seitwarts,</span> <span class='ocrx_word' id='word_1_445' title='bbox 742 3390 783 3421; x_wconf 80' lang='lat' dir='ltr'>de</span> <span class='ocrx_word' id='word_1_446' title='bbox 798 3391 900 3431; x_wconf 76' lang='lat' dir='ltr'>stane.</span> <span class='ocrx_word' id='word_1_447' title='bbox 921 3407 958 3414; x_wconf 93' lang='lat'><strong>—</strong></span> <span class='ocrx_word' id='word_1_448' title='bbox 977 3398 1022 3422; x_wconf 76' lang='lat' dir='ltr'>ea:</span> <span class='ocrx_word' id='word_1_449' title='bbox 1035 3390 1085 3422; x_wconf 69' lang='lat' dir='ltr'>dt-</span> 
     </span>
     <span class='ocr_line' id='line_1_48' title="bbox 215 3437 1085 3480; baseline 0.003 -11"><span class='ocrx_word' id='word_1_450' title='bbox 215 3437 322 3479; x_wconf 81' lang='lat' dir='ltr'>verso]</span> <span class='ocrx_word' id='word_1_451' title='bbox 338 3447 358 3471; x_wconf 90' lang='lat' dir='ltr'>e</span> <span class='ocrx_word' id='word_1_452' title='bbox 373 3439 538 3480; x_wconf 78' lang='lat' dir='ltr'>regione:</span> <span class='ocrx_word' id='word_1_453' title='bbox 564 3447 661 3480; x_wconf 87' lang='lat' dir='ltr'>ergo,</span> <span class='ocrx_word' id='word_1_454' title='bbox 681 3447 702 3471; x_wconf 92' lang='lat' dir='ltr'>a</span> <span class='ocrx_word' id='word_1_455' title='bbox 718 3438 845 3472; x_wconf 76' lang='lat' dir='ltr'>fronte.</span> <span class='ocrx_word' id='word_1_456' title='bbox 864 3457 898 3463; x_wconf 93' lang='lat'>—</span> <span class='ocrx_word' id='word_1_457' title='bbox 916 3440 945 3472; x_wconf 74' lang='lat' dir='ltr'>si</span> <span class='ocrx_word' id='word_1_458' title='bbox 961 3440 1085 3472; x_wconf 70' lang='lat' dir='ltr'>laxare</span> 
     </span>
     <span class='ocr_line' id='line_1_49' title="bbox 217 3487 1084 3531; baseline 0.005 -12"><span class='ocrx_word' id='word_1_459' title='bbox 217 3504 267 3513; x_wconf 90' lang='lat'>--</span> <span class='ocrx_word' id='word_1_460' title='bbox 274 3487 399 3531; x_wconf 78' lang='lat' dir='ltr'>posset]</span> <span class='ocrx_word' id='word_1_461' title='bbox 431 3490 660 3531; x_wconf 86' lang='lat' dir='ltr'>experturus,</span> <span class='ocrx_word' id='word_1_462' title='bbox 693 3489 723 3522; x_wconf 86' lang='lat' dir='ltr'>si</span> <span class='ocrx_word' id='word_1_463' title='bbox 746 3488 919 3530; x_wconf 86' lang='lat' dir='ltr'>efficeret,</span> <span class='ocrx_word' id='word_1_464' title='bbox 954 3490 993 3523; x_wconf 87' lang='lat' dir='ltr'>ut</span> <span class='ocrx_word' id='word_1_465' title='bbox 1014 3490 1084 3523; x_wconf 86' lang='lat' dir='ltr'>Ro—</span> 
     </span>
    </p>
   </div>
   <div class='ocr_carea' id='block_1_6' title="bbox 1130 2688 2006 3534">
    <p class='ocr_par' dir='ltr' id='par_1_7' title="bbox 1132 2688 2006 2874">
     <span class='ocr_line' id='line_1_50' title="bbox 1133 2688 2006 2733; baseline -0.003 -8"><span class='ocrx_word' id='word_1_466' title='bbox 1133 2691 1228 2724; x_wconf 88' lang='lat' dir='ltr'>mani</span> <span class='ocrx_word' id='word_1_467' title='bbox 1261 2691 1406 2725; x_wconf 89' lang='lat' dir='ltr'>ordines</span> <span class='ocrx_word' id='word_1_468' title='bbox 1432 2690 1591 2724; x_wconf 84' lang='lat' dir='ltr'>laxarent</span> <span class='ocrx_word' id='word_1_469' title='bbox 1613 2699 1656 2724; x_wconf 87' lang='lat' dir='ltr'>ac</span> <span class='ocrx_word' id='word_1_470' title='bbox 1679 2690 1808 2724; x_wconf 90' lang='lat' dir='ltr'>deinde</span> <span class='ocrx_word' id='word_1_471' title='bbox 1830 2690 1907 2733; x_wconf 88' lang='lat' dir='ltr'>ipse</span> <span class='ocrx_word' id='word_1_472' title='bbox 1930 2688 2006 2722; x_wconf 90' lang='lat' dir='ltr'>dis-</span> 
     </span>
     <span class='ocr_line' id='line_1_51' title="bbox 1132 2740 2001 2783; baseline -0.003 -9"><span class='ocrx_word' id='word_1_473' title='bbox 1132 2742 1265 2775; x_wconf 86' lang='lat' dir='ltr'>tractos</span> <span class='ocrx_word' id='word_1_474' title='bbox 1294 2741 1464 2783; x_wconf 88' lang='lat' dir='ltr'>persequi</span> <span class='ocrx_word' id='word_1_475' title='bbox 1488 2742 1524 2774; x_wconf 91' lang='lat' dir='ltr'>et</span> <span class='ocrx_word' id='word_1_476' title='bbox 1547 2749 1676 2783; x_wconf 84' lang='lat' dir='ltr'>urgere</span> <span class='ocrx_word' id='word_1_477' title='bbox 1698 2741 1832 2783; x_wconf 88' lang='lat' dir='ltr'>posset.</span> <span class='ocrx_word' id='word_1_478' title='bbox 1857 2740 1938 2772; x_wconf 73' lang='lat' dir='ltr'>Eun.</span> <span class='ocrx_word' id='word_1_479' title='bbox 1964 2756 2001 2762; x_wconf 93' lang='lat'>—</span> 
     </span>
     <span class='ocr_line' id='line_1_52' title="bbox 1133 2789 2004 2832; baseline -0.002 -9"><span class='ocrx_word' id='word_1_480' title='bbox 1133 2792 1178 2823; x_wconf 82' lang='lat' dir='ltr'>ad</span> <span class='ocrx_word' id='word_1_481' title='bbox 1204 2790 1410 2832; x_wconf 78' lang='lat' dir='ltr'>obsequium]</span> <span class='ocrx_word' id='word_1_482' title='bbox 1446 2790 1623 2824; x_wconf 80' lang='lat' dir='ltr'>mandatis</span> <span class='ocrx_word' id='word_1_483' title='bbox 1655 2789 1866 2824; x_wconf 86' lang='lat' dir='ltr'>Corbulonis</span> <span class='ocrx_word' id='word_1_484' title='bbox 1895 2796 2004 2832; x_wconf 88' lang='lat' dir='ltr'>prae-</span> 
     </span>
     <span class='ocr_line' id='line_1_53' title="bbox 1132 2841 1311 2874; baseline 0 0"><span class='ocrx_word' id='word_1_485' title='bbox 1132 2841 1311 2874; x_wconf 87' lang='lat' dir='ltr'>standum.</span> 
     </span>
    </p>

    <p class='ocr_par' dir='ltr' id='par_1_8' title="bbox 1130 2889 2006 3534">
     <span class='ocr_line' id='line_1_54' title="bbox 1198 2889 2005 2934; baseline -0.004 -10"><span class='ocrx_word' id='word_1_486' title='bbox 1198 2891 1253 2925; x_wconf 77' lang='grc' dir='ltr'>Η.</span> <span class='ocrx_word' id='word_1_487' title='bbox 1278 2892 1315 2924; x_wconf 72' lang='lat' dir='ltr'>in</span> <span class='ocrx_word' id='word_1_488' title='bbox 1337 2891 1420 2934; x_wconf 85' lang='lat' dir='ltr'>loco]</span> <span class='ocrx_word' id='word_1_489' title='bbox 1443 2891 1532 2924; x_wconf 90' lang='lat' dir='ltr'>Vide</span> <span class='ocrx_word' id='word_1_490' title='bbox 1556 2891 1602 2925; x_wconf 89' lang='lat' dir='ltr'>ad</span> <span class='ocrx_word' id='word_1_491' title='bbox 1625 2892 1658 2931; x_wconf 81' lang='grc'>4,</span> <span class='ocrx_word' id='word_1_492' title='bbox 1679 2890 1733 2924; x_wconf 89' lang='grc'>63.</span> <span class='ocrx_word' id='word_1_493' title='bbox 1754 2908 1789 2915; x_wconf 93' lang='grc'><strong>-</strong></span> <span class='ocrx_word' id='word_1_494' title='bbox 1813 2889 1907 2931; x_wconf 73' lang='lat' dir='ltr'>ipsis]</span> <span class='ocrx_word' id='word_1_495' title='bbox 1931 2896 2005 2922; x_wconf 89' lang='lat' dir='ltr'>em-</span> 
     </span>
     <span class='ocr_line' id='line_1_55' title="bbox 1132 2939 2005 2985; baseline -0.003 -11"><span class='ocrx_word' id='word_1_496' title='bbox 1132 2943 1312 2985; x_wconf 88' lang='lat' dir='ltr'>phaticum</span> <span class='ocrx_word' id='word_1_497' title='bbox 1337 2943 1409 2983; x_wconf 85' lang='lat' dir='ltr'>est,</span> <span class='ocrx_word' id='word_1_498' title='bbox 1443 2943 1560 2975; x_wconf 66' lang='lat' dir='ltr'>incolis</span> <span class='ocrx_word' id='word_1_499' title='bbox 1582 2945 1731 2982; x_wconf 81' lang='lat' dir='ltr'>tantum,</span> <span class='ocrx_word' id='word_1_500' title='bbox 1762 2950 1830 2974; x_wconf 85' lang='lat' dir='ltr'>non</span> <span class='ocrx_word' id='word_1_501' title='bbox 1850 2939 1926 2972; x_wconf 73' lang='lat' dir='ltr'>urbi</span> <span class='ocrx_word' id='word_1_502' title='bbox 1947 2947 2005 2972; x_wconf 84' lang='lat' dir='ltr'>eo-</span> 
     </span>
     <span class='ocr_line' id='line_1_56' title="bbox 1130 2988 2006 3033; baseline -0.003 -9"><span class='ocrx_word' id='word_1_503' title='bbox 1130 3001 1226 3032; x_wconf 87' lang='lat' dir='ltr'>rum,</span> <span class='ocrx_word' id='word_1_504' title='bbox 1262 2993 1302 3025; x_wconf 88' lang='lat' dir='ltr'>ut</span> <span class='ocrx_word' id='word_1_505' title='bbox 1335 2993 1376 3025; x_wconf 91' lang='lat' dir='ltr'>H.</span> <span class='ocrx_word' id='word_1_506' title='bbox 1415 2992 1453 3033; x_wconf 87' lang='grc'>3,</span> <span class='ocrx_word' id='word_1_507' title='bbox 1483 2993 1547 3025; x_wconf 77' lang='lat'>57:</span> <span class='ocrx_word' id='word_1_508' title='bbox 1585 2993 1805 3025; x_wconf 71' lang='lat' dir='ltr'>Tarracinam</span> <span class='ocrx_word' id='word_1_509' title='bbox 1836 2988 2006 3023; x_wconf 75' lang='lat' dir='ltr'>moenibus</span> 
     </span>
     <span class='ocr_line' id='line_1_57' title="bbox 1131 3042 2001 3084; baseline -0.002 -10"><span class='ocrx_word' id='word_1_510' title='bbox 1131 3042 1261 3081; x_wconf 72' lang='lat' dir='ltr'>situque</span> <span class='ocrx_word' id='word_1_511' title='bbox 1290 3043 1400 3084; x_wconf 62' lang='lat' dir='ltr'>magis</span> <span class='ocrx_word' id='word_1_512' title='bbox 1430 3050 1533 3083; x_wconf 81' lang='lat' dir='ltr'>quam</span> <span class='ocrx_word' id='word_1_513' title='bbox 1557 3043 1707 3084; x_wconf 65' lang='lat' dir='ltr'>ipsomam</span> <span class='ocrx_word' id='word_1_514' title='bbox 1727 3042 1860 3083; x_wconf 67' lang='lat' dir='ltr'>ingenio</span> <span class='ocrx_word' id='word_1_515' title='bbox 1881 3042 2001 3073; x_wconf 67' lang='lat' dir='ltr'>Mam.</span> 
     </span>
     <span class='ocr_line' id='line_1_58' title="bbox 1134 3091 2000 3134; baseline -0.001 -11"><span class='ocrx_word' id='word_1_516' title='bbox 1134 3092 1248 3131; x_wconf 86' lang='lat' dir='ltr'>Quare</span> <span class='ocrx_word' id='word_1_517' title='bbox 1271 3093 1443 3133; x_wconf 89' lang='lat' dir='ltr'>punctum</span> <span class='ocrx_word' id='word_1_518' title='bbox 1467 3092 1594 3125; x_wconf 87' lang='lat' dir='ltr'>sustuli</span> <span class='ocrx_word' id='word_1_519' title='bbox 1616 3093 1698 3134; x_wconf 90' lang='lat' dir='ltr'>post</span> <span class='ocrx_word' id='word_1_520' title='bbox 1719 3092 1805 3124; x_wconf 78' lang='lat' dir='ltr'>tulit.</span> <span class='ocrx_word' id='word_1_521' title='bbox 1830 3091 1938 3123; x_wconf 78' lang='lat' dir='ltr'>Doun.</span> <span class='ocrx_word' id='word_1_522' title='bbox 1963 3106 2000 3112; x_wconf 90' lang='lat'>-</span> 
     </span>
     <span class='ocr_line' id='line_1_59' title="bbox 1132 3137 2005 3184; baseline -0.001 -11"><span class='ocrx_word' id='word_1_523' title='bbox 1132 3141 1202 3174; x_wconf 86' lang='lat' dir='ltr'>solo</span> <span class='ocrx_word' id='word_1_524' title='bbox 1224 3142 1381 3184; x_wconf 76' lang='lat' dir='ltr'>aequata]</span> <span class='ocrx_word' id='word_1_525' title='bbox 1407 3141 1458 3175; x_wconf 83' lang='lat' dir='ltr'>Cf.</span> <span class='ocrx_word' id='word_1_526' title='bbox 1477 3143 1510 3183; x_wconf 79' lang='grc'>4,</span> <span class='ocrx_word' id='word_1_527' title='bbox 1528 3143 1566 3175; x_wconf 78' lang='grc'>51</span> <span class='ocrx_word' id='word_1_528' title='bbox 1584 3151 1591 3174; x_wconf 89' lang='lat'>:</span> <span class='ocrx_word' id='word_1_529' title='bbox 1616 3141 1685 3175; x_wconf 87' lang='lat' dir='ltr'>solo</span> <span class='ocrx_word' id='word_1_530' title='bbox 1700 3143 1899 3181; x_wconf 77' lang='lat' dir='ltr'>aequantur.</span> <span class='ocrx_word' id='word_1_531' title='bbox 1924 3137 2005 3172; x_wconf 88' lang='lat' dir='ltr'>Vel-</span> 
     </span>
     <span class='ocr_line' id='line_1_60' title="bbox 1131 3189 2004 3232; baseline -0.002 -9"><span class='ocrx_word' id='word_1_532' title='bbox 1131 3190 1221 3224; x_wconf 91' lang='lat' dir='ltr'>leius</span> <span class='ocrx_word' id='word_1_533' title='bbox 1235 3191 1270 3231; x_wconf 76' lang='lat'>2,</span> <span class='ocrx_word' id='word_1_534' title='bbox 1289 3190 1329 3224; x_wconf 73' lang='lat'>4:</span> <span class='ocrx_word' id='word_1_535' title='bbox 1355 3191 1597 3224; x_wconf 73' lang='lat' dir='ltr'>circumdatam</span> <span class='ocrx_word' id='word_1_536' title='bbox 1614 3190 1767 3232; x_wconf 73' lang='lat' dir='ltr'>operibus</span> <span class='ocrx_word' id='word_1_537' title='bbox 1783 3189 2004 3222; x_wconf 73' lang='lat' dir='ltr'>Numantiam</span> 
     </span>
     <span class='ocr_line' id='line_1_61' title="bbox 1132 3239 2003 3283; baseline -0.002 -10"><span class='ocrx_word' id='word_1_538' title='bbox 1132 3240 1345 3282; x_wconf 75' lang='lat' dir='ltr'>eaecisamquo</span> <span class='ocrx_word' id='word_1_539' title='bbox 1359 3242 1519 3283; x_wconf 74' lang='lat' dir='ltr'>aequavit</span> <span class='ocrx_word' id='word_1_540' title='bbox 1533 3242 1614 3273; x_wconf 85' lang='lat' dir='ltr'>solo.</span> <span class='ocrx_word' id='word_1_541' title='bbox 1636 3259 1671 3264; x_wconf 88' lang='lat'>-</span> <span class='ocrx_word' id='word_1_542' title='bbox 1691 3239 1804 3281; x_wconf 77' lang='lat' dir='ltr'>teneri]</span> <span class='ocrx_word' id='word_1_543' title='bbox 1828 3247 1894 3281; x_wconf 89' lang='lat' dir='ltr'>per</span> <span class='ocrx_word' id='word_1_544' title='bbox 1915 3247 2003 3272; x_wconf 86' lang='lat' dir='ltr'>ana-</span> 
     </span>
     <span class='ocr_line' id='line_1_62' title="bbox 1134 3289 2003 3332; baseline 0 -10"><span class='ocrx_word' id='word_1_545' title='bbox 1134 3289 1300 3324; x_wconf 89' lang='lat' dir='ltr'>coluthon</span> <span class='ocrx_word' id='word_1_546' title='bbox 1317 3290 1464 3331; x_wconf 84' lang='lat' dir='ltr'>dictum,</span> <span class='ocrx_word' id='word_1_547' title='bbox 1489 3292 1673 3332; x_wconf 87' lang='lat' dir='ltr'>tamquam</span> <span class='ocrx_word' id='word_1_548' title='bbox 1690 3290 1919 3330; x_wconf 79' lang='lat' dir='ltr'>sequeretur:</span> <span class='ocrx_word' id='word_1_549' title='bbox 1942 3298 2003 3322; x_wconf 76' lang='lat' dir='ltr'>nec</span> 
     </span>
     <span class='ocr_line' id='line_1_63' title="bbox 1132 3339 1998 3381; baseline -0.001 -9"><span class='ocrx_word' id='word_1_550' title='bbox 1132 3340 1219 3373; x_wconf 72' lang='lat' dir='ltr'>vires</span> <span class='ocrx_word' id='word_1_551' title='bbox 1245 3344 1447 3374; x_wconf 81' lang='lat' dir='ltr'>nostrae--</span> <span class='ocrx_word' id='word_1_552' title='bbox 1464 3341 1567 3373; x_wconf 59' lang='lat' dir='ltr'>dandi</span> <span class='ocrx_word' id='word_1_553' title='bbox 1585 3342 1802 3381; x_wconf 75' lang='lat' dir='ltr'>poterant.</span> <span class='ocrx_word' id='word_1_554' title='bbox 1828 3339 1936 3372; x_wconf 73' lang='lat' dir='ltr'>Donn.</span> <span class='ocrx_word' id='word_1_555' title='bbox 1961 3357 1998 3364; x_wconf 97' lang='lat'>—</span> 
     </span>
     <span class='ocr_line' id='line_1_64' title="bbox 1130 3389 2002 3432; baseline -0.001 -8"><span class='ocrx_word' id='word_1_556' title='bbox 1130 3391 1297 3432; x_wconf 69' lang='lat' dir='ltr'>firmando</span> <span class='ocrx_word' id='word_1_557' title='bbox 1314 3392 1487 3432; x_wconf 70' lang='lat' dir='ltr'>praesidio</span> <span class='ocrx_word' id='word_1_558' title='bbox 1510 3394 1541 3423; x_wconf 77' lang='lat' dir='ltr'>et</span> <span class='ocrx_word' id='word_1_559' title='bbox 1563 3390 1759 3431; x_wconf 79' lang='lat' dir='ltr'>capessendo</span> <span class='ocrx_word' id='word_1_560' title='bbox 1781 3389 1873 3431; x_wconf 76' lang='lat' dir='ltr'>bello]</span> <span class='ocrx_word' id='word_1_561' title='bbox 1904 3390 1934 3423; x_wconf 86' lang='lat' dir='ltr'>si</span> <span class='ocrx_word' id='word_1_562' title='bbox 1957 3399 2002 3423; x_wconf 86' lang='lat' dir='ltr'>ex</span> 
     </span>
     <span class='ocr_line' id='line_1_65' title="bbox 1133 3441 2001 3484; baseline -0.002 -10"><span class='ocrx_word' id='word_1_563' title='bbox 1133 3449 1204 3474; x_wconf 88' lang='lat' dir='ltr'>una</span> <span class='ocrx_word' id='word_1_564' title='bbox 1233 3443 1335 3484; x_wconf 88' lang='lat' dir='ltr'>parte</span> <span class='ocrx_word' id='word_1_565' title='bbox 1364 3441 1507 3474; x_wconf 86' lang='lat' dir='ltr'>firmum</span> <span class='ocrx_word' id='word_1_566' title='bbox 1538 3442 1575 3473; x_wconf 87' lang='lat' dir='ltr'>et</span> <span class='ocrx_word' id='word_1_567' title='bbox 1603 3447 1835 3473; x_wconf 86' lang='lat' dir='ltr'>numerosum</span> <span class='ocrx_word' id='word_1_568' title='bbox 1861 3441 2001 3482; x_wconf 85' lang='lat' dir='ltr'>praesi-</span> 
     </span>
     <span class='ocr_line' id='line_1_66' title="bbox 1133 3489 1999 3534; baseline 0 -10"><span class='ocrx_word' id='word_1_569' title='bbox 1133 3489 1231 3525; x_wconf 82' lang='lat' dir='ltr'>dium</span> <span class='ocrx_word' id='word_1_570' title='bbox 1253 3491 1427 3526; x_wconf 85' lang='lat' dir='ltr'>Artaxatis</span> <span class='ocrx_word' id='word_1_571' title='bbox 1449 3491 1654 3534; x_wconf 83' lang='lat' dir='ltr'>imponere,</span> <span class='ocrx_word' id='word_1_572' title='bbox 1679 3499 1724 3524; x_wconf 86' lang='lat' dir='ltr'>ex</span> <span class='ocrx_word' id='word_1_573' title='bbox 1737 3489 1846 3524; x_wconf 79' lang='lat' dir='ltr'>altera</span> <span class='ocrx_word' id='word_1_574' title='bbox 1861 3490 1896 3524; x_wconf 89' lang='lat' dir='ltr'>in</span> <span class='ocrx_word' id='word_1_575' title='bbox 1911 3489 1999 3524; x_wconf 87' lang='lat' dir='ltr'>locis</span> 
     </span>
    </p>
   </div>
  </div>
 </body>
</html>
