2254 3770
756 279 912 324 LIBER
940 279 1006 324 IV.
1049 277 1150 337 Cap.
1181 279 1251 324 22.
1280 280 1349 324 23.
1379 279 1448 324 24.
1475 280 1544 324 25.
1949 277 2024 322 22⁴

254 384 446 435 cederet,
489 384 567 428 sed
604 385 746 429 missis
774 385 941 430 levibus
970 386 1122 444 copiis,
1161 400 1274 444 quae
1304 401 1358 431 ex
1385 386 1617 445 longinquo
1647 386 1690 428 in
1718 385 1856 429 maius
1885 385 2034 429 audie-

250 459 425 512 bantur;
464 459 644 518 ipsaque
673 475 698 504 e
727 462 962 519 provincia,
998 467 1046 505 ut
1074 462 1171 520 quis
1200 462 1392 506 fortunae
1421 462 1563 520 inops,
1602 461 1794 505 moribus
1822 460 2031 512 turbidus,

247 535 486 593 promptius
513 535 704 586 ruebant,
736 536 837 594 quia
857 537 1016 580 Caesar
1042 543 1141 595 post
1167 550 1238 581 res
1258 551 1284 581 a
1302 537 1455 581 Blaeso
1476 543 1629 596 gestas,
1660 537 1785 595 quasi
1805 535 1929 580 nullis
1949 536 2032 579 iam

246 609 289 653 in
319 610 456 655 Africa
483 609 696 661 hostibus,
737 612 945 669 reportari
977 626 1131 656 nonam
1163 613 1374 671 legionem
1402 613 1600 663 iusserat,
1639 626 1720 656 nec
1748 626 1827 669 pro
1856 611 2034 655 consule

247 685 340 730 eius
378 686 476 729 anni
513 686 558 730 P.
589 685 808 731 Dolabella
834 687 1020 731 retinere
1050 701 1181 731 ausus
1212 693 1319 737 erat,
1360 688 1477 731 iussa
1504 687 1709 746 principis
1737 687 1874 745 magis
1903 694 2064 745 quam5

245 761 408 806 incerta
434 761 536 805 belli
564 768 773 805 metuens.
814 762 895 819 (24)
927 763 1053 819 igitur
1073 762 1311 807 Tacfarinas
1332 763 1530 821 disperso
1559 777 1730 808 rumore
1760 777 1852 807 rem
1880 764 2034 807 Roma-

244 850 342 881 nam
362 836 456 881 aliis
476 850 652 895 quoque
676 836 730 881 ab
760 837 1002 881 nationibus
1030 837 1222 888 lacerari,
1254 852 1396 897 eoque
1424 838 1626 896 paulatim
1646 838 1785 883 Africa
1804 838 2031 890 decedere,

244 925 296 956 ac
323 925 454 970 posse
484 911 675 970 reliquos
705 912 1017 964 circumveniri,
1056 913 1092 956 si
1123 914 1262 958 cuncti
1292 914 1451 972 quibus
1485 913 1661 958 libertas
1691 914 1864 958 servitio
1892 913 2033 972 potior

245 988 549 1039 incubuissent,
580 995 709 1046 auget
736 989 862 1039 vires,
893 988 1132 1047 positisque
1153 989 1303 1033 castris
1333 988 1605 1033 Thubuscum
1625 989 1830 1047 oppidum
1849 990 2034 1033 circum-

245 1062 366 1107 sidet.
410 1069 453 1107 at
481 1062 700 1108 Dolabella
720 1070 935 1108 contracto
956 1063 1071 1122 quod
1094 1070 1185 1109 erat
1212 1063 1404 1115 militum,
1436 1071 1601 1108 terrore
1630 1065 1812 1108 nominis
1840 1065 2082 1117 Romani,⁴⁰

245 1145 288 1183 et
306 1139 408 1197 quia
435 1138 643 1183 Numidae
672 1139 863 1198 peditum
893 1140 1031 1184 aciem
1050 1139 1161 1184 ferre
1191 1146 1420 1199 nequeunt,
1451 1140 1590 1198 primo
1620 1140 1686 1183 sui
1716 1140 1888 1184 incessu
1907 1140 2034 1184 solvit

244 1213 459 1258 obsidium
486 1213 768 1273 locorumque
788 1222 1028 1273 opportuna
1056 1216 1333 1273 permunivit3
1365 1214 1489 1259 simul
1518 1215 1735 1273 principes
1760 1215 2033 1259 Musulamio-

243 1303 339 1332 rum
358 1289 640 1334 defectionem
661 1297 907 1349 coeptantes
938 1291 1079 1335 securi
1109 1291 1303 1349 percutit.
1337 1290 1438 1335 dein
1459 1291 1562 1349 quia
1588 1290 1782 1349 pluribus
1802 1290 2032 1335 adversum

243 1365 545 1410 Tacfarinatem
584 1366 928 1424 expeditionibus
967 1367 1182 1424 cognitum
1218 1381 1305 1411 non
1341 1366 1458 1424 gravi
1492 1380 1574 1411 nec
1608 1380 1695 1410 uno
1725 1366 1901 1411 incursu
1929 1380 2032 1411 con-

242 1440 492 1485 sectandum
511 1441 677 1486 hostem
692 1456 859 1499 vagum,
883 1442 1021 1486 excito
1037 1456 1134 1486 cum
1153 1442 1434 1500 popularibus
1455 1456 1556 1500 rege
1572 1441 1816 1487 Ptolemaeo
1833 1449 2032 1501 quattuor
2043 1449 2081 1479 ⁴5

241 1516 410 1574 agmina
437 1524 575 1574 parat,
608 1531 720 1575 quae
750 1516 901 1575 legatis
930 1525 1003 1560 aut
1030 1518 1210 1562 tribunis
1240 1518 1355 1570 data;
1387 1524 1430 1562 et
1458 1517 1752 1576 praedatorias
1783 1532 1934 1562 manus
1955 1518 2032 1563 de-

241 1591 338 1636 lecti
376 1593 619 1636 Maurorum
650 1593 835 1636 duxere:
874 1593 969 1651 ipse
999 1593 1217 1637 consultor
1245 1593 1394 1637 aderat
1422 1593 1633 1637 omnibus.
1679 1594 1759 1651 (25)
1789 1607 1871 1638 nec
1898 1594 2031 1638 multo

241 1674 339 1725 post
368 1667 556 1712 adfertur
583 1667 787 1712 Numidas
817 1675 920 1726 aput
948 1668 1167 1712 castellum
1197 1669 1466 1719 semirutum,
1499 1668 1552 1712 ab
1584 1669 1689 1727 ipsis
1720 1668 1939 1727 quondam
1967 1670 2031 1713 in-

243 1756 431 1795 censum,
463 1744 531 1787 cui
561 1757 716 1788 nomen
737 1745 892 1795 Auzea,
923 1744 1074 1802 positis
1102 1744 1341 1802 mapalibus
1361 1744 1625 1795 consedisse,
1656 1744 1760 1788 fisos
1790 1744 1896 1797 loco,
1928 1746 2031 1803 quia

238 1819 373 1863 ⁷vastis
393 1819 554 1863 circum
582 1819 759 1863 saltibus
780 1819 1069 1863 claudebatur.
1102 1826 1190 1863 tum
1212 1819 1437 1877 expeditae
1457 1819 1654 1864 cohortes
1674 1819 1868 1878 alaeque,
1900 1825 2079 1880 quam²⁰

242 1894 285 1937 in
313 1900 479 1952 partem
508 1894 767 1938 ducerentur
794 1895 983 1952 ignarae,
1021 1895 1104 1938 cito
1134 1895 1302 1952 agmine
1331 1895 1564 1953 rapiuntur.
1609 1895 1821 1953 simulque
1850 1903 2029 1955 coeptus

241 1969 347 2020 dies,
379 1976 422 2014 et
450 1976 659 2014 concentu
686 1969 885 2014 tubarum
914 1984 965 2014 ac
994 1970 1102 2014 truci
1125 1969 1310 2014 clamore
1340 1970 1518 2014 aderant
1546 1971 1828 2015 semisomnos
1858 1972 1901 2015 in
1929 1972 2029 2016 bar-

242 2044 388 2096 baros,
430 2045 690 2104 praepeditis
718 2046 998 2089 Numidarum
1027 2045 1151 2103 equis
1181 2052 1253 2102 aut
1282 2045 1477 2090 diversos
1505 2052 1654 2104 pastus
1690 2047 2028 2104 per-errantibus.

305 2161 339 2193 2.
362 2161 496 2203 fortune
513 2161 547 2194 M
566 2178 603 2184 —
629 2160 682 2193 40,
707 2161 754 2203 at]
778 2161 824 2193 ad
844 2169 898 2203 pr.
916 2162 950 2194 M
966 2179 1001 2184 —
1028 2161 1082 2194 44.
1099 2161 1165 2202 sui]
1182 2161 1295 2194 statim
1308 2159 1495 2194 Acidalius.
1517 2179 1554 2184 —
1572 2161 1626 2194 ⁴2.
1643 2161 1911 2195 Musulamorum
1925 2163 2028 2196 Boet-

241 2216 364 2250 ticher.
393 2235 430 2241 -
456 2216 509 2250 43.
533 2220 675 2259 ceptates
697 2217 769 2260 (sic)
793 2218 827 2251 Μ
851 2235 886 2240 -
915 2217 968 2250 45.
989 2217 1209 2259 popularibus
1228 2219 1359 2259 recepto
1382 2217 1505 2250 leameo
1527 2218 1561 2251 Μ
1586 2234 1620 2241 -
1646 2217 1701 2250 24,
1725 2218 1845 2259 ι’ρπανε
1866 2219 1911 2252 Μ.

240 2316 397 2350 honorem
417 2319 450 2349 et
471 2316 632 2358 quidquid
647 2325 714 2358 pro
735 2317 904 2358 triumpho
926 2318 1029 2350 datur
1050 2318 1109 2351 de-

241 2368 333 2400 cerni
357 2368 392 2400 in
419 2371 537 2400 senatu
566 2366 665 2400 iubet.
699 2385 735 2390 —-
767 2368 966 2410 Ptolemaeo]
1000 2377 1107 2410 quem

242 2419 323 2459 post
350 2425 501 2459 regnum
522 2417 582 2450 XX
610 2425 783 2450 annorum
806 2418 911 2451 Gaius
934 2418 1110 2451 interfecit

242 2475 275 2499 a.
293 2466 368 2500 793.
394 2467 537 2499 sueton.
557 2465 662 2508 Calig.
681 2467 742 2500 26:
768 2467 1006 2508 Ptolemaeum,
1022 2468 1110 2510 regis

241 2517 342 2550 Iubae
359 2517 483 2559 filium,
519 2517 751 2550 consobrinum
780 2526 896 2559 suum,
926 2522 1001 2552 erat
1023 2520 1110 2552 enim

241 2571 274 2601 et
294 2567 322 2599 is
342 2567 390 2600 Μ.
413 2566 548 2599 Antonii
576 2576 621 2600 ex
644 2566 864 2610 (Cleopatra)
899 2568 1011 2601 Selene
1035 2569 1110 2611 fllia

240 2626 356 2659 nepos,
389 2617 564 2659 interfecit.
610 2618 674 2650 Dio
705 2618 767 2658 59,
802 2619 855 2651 25.
897 2619 1032 2652 Seneca
1063 2619 1108 2652 de

241 2668 369 2708 Tranq.
396 2667 453 2699 ⁴⁴:
478 2667 715 2708 Ptolemaeum,
740 2676 850 2710 reqem
871 2668 1022 2710 Africae,
1048 2668 1110 2702 Mi—

241 2717 418 2750 thridatem
437 2716 630 2758 Armeniae,
659 2719 747 2750 inter
770 2718 920 2751 Gaianas
941 2720 1110 2752 custodias

240 2768 397 2800 vidimus.
431 2766 523 2800 Alter
544 2767 580 2799 in
601 2767 758 2800 exsilium
779 2769 900 2800 missus
924 2772 992 2801 est:
1024 2769 1111 2802 aller

240 2819 279 2849 ut
304 2817 438 2849 meliore
463 2817 528 2859 fide
548 2817 753 2857 mitteretur,
778 2817 922 2858 optabat.
955 2819 1005 2851 Ex
1026 2827 1110 2851 ver-

241 2865 297 2898 bis
313 2866 469 2898 Senecae
489 2868 638 2908 apparet
656 2866 842 2900 dimissum
854 2866 1107 2908 Ptolemaeum,

242 2915 308 2948 sed
335 2924 400 2957 per
422 2915 514 2948 viam
535 2916 634 2949 iussu
657 2917 728 2948 Gaii
751 2916 987 2950 interfectum.
1019 2917 1106 2950 Lips.

245 2982 280 2988 -
304 2965 414 3008 Iubae]
438 2965 526 2999 vide
550 2967 597 2999 ad
615 2965 649 3006 4,
667 2968 699 3000 5.
720 2985 755 2990 —
782 2967 864 3000 bello
885 2967 1108 3009 mutauerant]

243 3014 441 3049 maluerant
461 3015 545 3049 belli
573 3015 729 3058 pericula
755 3017 875 3050 subire
905 3025 1013 3059 quam
1036 3026 1110 3051 ser-

241 3064 301 3098 vili
322 3063 532 3098 libertorum
554 3066 703 3108 imperio
726 3067 888 3100 subesse.
923 3068 1013 3099 Nam
1034 3075 1108 3099 ser-

241 3114 325 3147 vilia
344 3114 488 3156 imperia
510 3116 592 3148 sunt
610 3114 834 3155 libertorum,
860 3115 989 3157 quihus
1004 3116 1108 3148 nimi·

242 3171 305 3196 um
320 3165 503 3206 potestatis
519 3165 731 3206 permiserat
745 3164 978 3204 Ptolemaeus,
995 3165 1030 3197 et
1043 3173 1110 3206 per

244 3215 489 3257 contemptum
511 3218 605 3248 servi
627 3217 818 3255 vocantur,
842 3217 882 3247 ut
903 3213 996 3247 alibi.
1025 3215 1106 3247 ERN.

248 3280 284 3287 —
308 3271 326 3297 e
341 3264 535 3306 provincia]
565 3264 679 3297 Africa
700 3265 867 3297 Romana.
896 3282 932 3288 -
958 3266 1036 3304 post
1057 3272 1111 3296 res

246 3321 270 3344 a
289 3313 407 3346 Blaeso
427 3313 548 3356 aestas]
573 3313 624 3347 Cf.
649 3315 687 3354 2,
712 3313 754 3346 73
777 3322 833 3355 sq.
857 3330 892 3335 —
917 3322 1040 3345 nonam
1061 3313 1110 3346 le-

244 3361 384 3405 nionem]
409 3362 461 3396 Cf.
485 3364 517 3405 3,
538 3364 570 3397 9.
587 3362 621 3404 4,
638 3365 671 3397 5.
691 3379 728 3387 —
754 3364 789 3396 P.
812 3361 996 3404 Dolabella]
1020 3361 1107 3395 Vide

244 3408 290 3441 ad
311 3409 344 3451 3,
360 3410 402 3444 47
426 3413 462 3446 et
483 3412 576 3446 adde
592 3420 781 3446 nummum
796 3411 923 3446 Tiberii
941 3412 977 3445 iu
991 3410 1107 3446 Africa

1158 2318 1349 2359 signatum,
1374 2317 1410 2349 in
1433 2316 1534 2350 cuius
1555 2325 1680 2350 aversa
1703 2317 1799 2350 Livia
1822 2317 1952 2352 sedens
1967 2328 2028 2352 ve-

1157 2366 1227 2400 lata
1251 2375 1332 2400 cum
1357 2366 1548 2409 epigraphe
1571 2367 1769 2400 PERMISsu
1790 2368 1825 2400 P.
1843 2368 2030 2402 CORNELI

1157 2415 1441 2450 DOLABELLAE
1468 2416 1638 2450 PROGOS.
1670 2415 1803 2450 Eckhel
1832 2417 1875 2450 D.
1900 2419 1941 2452 N.
1965 2418 2023 2451 IV.

1201 2515 1255 2549 24.
1295 2515 1515 2559 Thubuscum]
1550 2517 1624 2550 sive
1660 2516 1893 2558 Thubusieum,
1928 2516 2025 2551 idem

1158 2565 1255 2608 quod
1279 2565 1526 2606 stubursicum,
1551 2565 1736 2599 Numidiae
1754 2566 1935 2608 oppidum.
1972 2567 2023 2600 Cf.

1157 2616 1335 2658 Boecking
1366 2617 1471 2649 Notit.
1497 2615 1590 2657 dign.
1615 2625 1652 2658 p.
1677 2616 1741 2649 646
1764 2625 1800 2649 n.
1827 2634 1865 2641 —
1895 2618 1949 2650 sui
1969 2619 2026 2650 in-

1157 2668 1260 2707 cessu]
1286 2666 1337 2700 Cf.
1362 2667 1395 2706 2,
1422 2666 1481 2699 ⁴3:
1514 2667 1568 2699 sui
1587 2667 1694 2708 fama.
1719 2667 1751 2708 6,
1777 2668 1815 2700 7:
1851 2668 1898 2700 ad
1917 2667 2026 2700 subsi-

1158 2718 1251 2751 dium
1271 2717 1334 2750 sui.
1369 2717 1513 2749 Sueton.
1537 2718 1625 2758 Aug.
1651 2716 1712 2750 94:
1738 2717 1938 2751 adeaeilium
1958 2719 2022 2751 sui.

1157 2767 1257 2800 Idem
1286 2767 1387 2799 Caes.
1413 2765 1455 2799 30
1484 2767 1520 2799 in
1547 2766 1669 2800 codice
1692 2765 1928 2800 Salmasiauo:
1960 2769 2024 2800 ad—

1157 2819 1258 2850 ventu
1289 2816 1352 2848 sui.
1395 2815 1580 2858 Emphasis
1609 2816 1787 2858 quaedam
1818 2818 1910 2851 inest
1940 2818 2023 2851 huic

1158 2866 1265 2900 modo
1287 2866 1400 2908 ipsam
1422 2874 1614 2907 personam
1636 2868 1801 2908 agentem
1823 2867 2025 2909 significan-

1158 2918 1227 2950 tius
1258 2916 1416 2949 indicans
1445 2924 1554 2957 quam
1581 2918 1789 2959 pronomine
1819 2918 2022 2959 possessivo

1159 2967 1334 2999 actionem
1357 2964 1550 2999 dumtaxat.
1576 2983 1613 2990 —
1644 2966 1938 3007 Mmulaoniorum]
1969 2966 2020 3000 Cf.

1201 3066 1255 3098 25.
1279 3064 1413 3106 Auzea]
1440 3065 1477 3098 in
1505 3066 1651 3108 regione
1681 3066 1814 3108 Syrtica
1846 3065 1938 3098 inter
1959 3067 2024 3100 Le-

1157 3114 1246 3157 ptim
1267 3122 1434 3156 magnam
1457 3115 1493 3148 et
1516 3115 1730 3158 cinyphum.
1756 3132 1792 3138 -
1822 3115 2021 3160 mapalibus]

1159 3164 1210 3198 Cf.
1235 3164 1268 3204 3,
1292 3164 1347 3198 74.
1372 3181 1409 3188 —
1428 3165 1650 3207 praepeditis]
1683 3164 1895 3207 compediti,
1927 3164 2023 3208 ligati

1159 3214 1260 3247 erant
1285 3214 1434 3256 pedicis,
1470 3224 1515 3248 ne
1544 3215 1578 3248 in
1609 3214 1787 3256 pascendo
1811 3214 1894 3256 equi
1914 3217 2023 3249 noctu

1157 3261 1293 3305 longius
1316 3265 1565 3306 evagarentur,
1590 3266 1629 3296 ut
1651 3262 1696 3296 de
1718 3263 1836 3296 Persis
1857 3264 2019 3308 Xenoph.

1157 3313 1269 3346 Anah.
1294 3314 1326 3355 3,
1351 3315 1413 3347 2⁴:
1451 3313 1530 3347 οῖ’-τε
1558 3309 1631 3359 γὰρ
1660 3311 1770 3345 ἵπποι
1798 3309 1932 3356 αὐτοῖς
1960 3313 2021 3349 δέ-

1157 3359 1283 3396 δενται
1314 3363 1380 3396 καὶ
1415 3359 1468 3404 ὥς
1505 3358 1709 3395 sucronem
1748 3361 2020 3407 πεποδισμένοι

1157 3411 1252 3454 εἰσι,
1281 3410 1351 3446 τοῦ
1380 3411 1453 3455 μὲν
1475 3408 1629 3455 φεύγειν
1651 3406 1780 3454 ἕνεκα,
1807 3413 1845 3446 εἰ
1863 3410 2019 3457 λυθείη-
