2254 3770
814 263 970 315 LIBER
997 262 1062 316 lv,
1122 262 1224 320 cap.
1254 262 1322 305 73.
1351 261 1420 305 74.
1917 258 2001 306 259

217 373 490 426 auxiliorum,
521 371 660 415 tradit.
706 377 835 429 atque
864 369 934 413 ille
965 369 1096 413 dubia
1125 382 1301 412 suorum
1331 382 1378 412 re
1408 368 1450 410 in
1481 380 1641 425 anceps
1671 371 1830 411 tractus
1858 364 2001 413 missis

216 449 373 497 nuntiis
402 449 488 491 vim
518 446 734 506 legionum
763 445 1013 503 inplorabat.
1057 451 1339 502 prorumpunt
1367 443 1558 501 quintani
1587 447 1684 486 ante
1713 441 1820 493 alios
1850 446 1893 484 et
1915 440 2001 484 acri

216 538 358 582 pugna
392 523 514 566 hoste
553 522 679 580 pulso
715 521 926 579 recipiunt
963 519 1150 566 cohortis
1179 518 1355 576 alasque
1386 518 1522 562 fessas
1551 517 1814 567 vulneribus.
1861 528 2004 573 neque

217 599 304 651 dux
331 600 547 647 Romanus
577 597 712 650 ultum
744 597 789 640 iit
818 602 890 646 aut
919 608 1100 653 corpora
1131 594 1334 644 humavit,
1374 607 1636 651 quamquam
1665 591 1786 639 multi
1815 591 2007 638 tribuno-

216 689 311 728 rum
341 673 741 732 praefectorumque
774 679 815 715 ct
845 671 1045 728 insignes
1065 669 1340 714 centuriones
1370 669 1641 713 cecidissent.
1681 682 1780 721 mox
1810 678 2038 724 comper-5

217 756 305 801 tum
335 763 360 793 a
391 747 616 805 transfugis
645 752 882 804 nongentos
910 747 1198 795 Romanorum
1225 744 1339 802 apud
1368 743 1529 795 lucum,
1563 757 1694 802 quem
1718 741 2008 792 Baduhennae

220 830 393 874 vocant,
426 837 569 882 pugna
599 824 640 866 in
670 829 891 881 posterum
921 827 1110 866 extracta
1131 820 1358 870 confectos,
1391 826 1434 863 et
1453 819 1579 863 aliam
1600 818 2009 877 quadringentorum

221 914 393 944 manum
422 896 631 956 occupata
661 897 923 956 Cruptoricis
953 896 1171 955 quondam
1209 895 1459 953 stipendiari
1489 894 1603 947 villa,
1643 901 1874 953 postquam
1909 906 2010 952 pro-

222 975 325 1019 ditio
355 974 643 1023 metuebatur,
674 973 834 1016 mutuis
863 971 1016 1016 ictibus
1037 971 1345 1029 ‘procubu1sse.

337 1049 418 1107 (74)
458 1049 627 1093 Clarum
657 1048 755 1092 inde
786 1048 897 1091 inter
925 1047 1160 1091 Germanos
1190 1046 1371 1090 Frisium
1402 1059 1580 1098 nomen,
1619 1045 1914 1090 dissimulante
1943 1044 2060 1095 'ii-ao

223 1126 345 1171 herio
376 1125 550 1174 damna,
591 1138 645 1168 ne
676 1124 744 1167 eui
774 1123 934 1166 bellum
962 1122 1238 1180 permitteret.
1269 1135 1413 1180 neque
1444 1128 1618 1166 senatus
1649 1122 1690 1164 in
1721 1135 1774 1165 eo
1805 1135 1925 1171 cura,
1958 1134 2011 1163 an

224 1202 389 1260 imperii
426 1206 616 1245 extrema
655 1198 1063 1242 dehonestarentur:
1105 1211 1240 1255 pavor
1277 1198 1470 1241 internus
1508 1204 1796 1255 occupaverat
1833 1196 2010 1246 animos,

224 1277 293 1322 cui
335 1276 575 1321 remedium
618 1274 861 1318 adulatione
901 1273 1204 1332 quaerebatur.
1259 1273 1316 1317 ita
1360 1286 1624 1332 quamquam
1660 1272 1843 1316 diversis
1881 1285 2014 1330 super

224 1353 356 1397 rebus
386 1350 730 1403 consulerentur,
762 1364 879 1393 aram
906 1348 1175 1396 clementiae.
1208 1362 1325 1392 aram
1347 1349 1558 1393 amicitiae
1579 1348 1832 1407 effigiesque
1852 1348 2014 1392 circum

225 1427 421 1473 Caesaris
452 1440 504 1470 ac
534 1425 676 1470 Seiani
707 1438 939 1477 censuere3
979 1424 1232 1482 crebrisque
1261 1423 1466 1482 precibus
1496 1423 1801 1482 efflagitabant,
1846 1422 2013 1468 visendi
2026 1435 2064 1466 ⁴5

225 1503 292 1547 sui
327 1502 497 1560 copiam
533 1501 734 1544 facerent.
785 1514 870 1544 non
906 1499 963 1542 illi
1004 1506 1147 1543 tamen
1185 1500 1228 1542 in
1258 1500 1410 1543 urbem
1440 1507 1512 1543 aut
1539 1500 1783 1558 propinqua
1810 1499 1908 1543 urbi
1938 1499 2015 1543 de-

225 1578 364 1636 gressi
393 1583 511 1620 sunt:
543 1577 646 1620 satis
666 1576 804 1619 visum
825 1575 1021 1619 omittere
1042 1574 1226 1619 insulam
1246 1582 1288 1619 et
1307 1575 1349 1618 in
1370 1575 1564 1633 proximo
1586 1576 1844 1634 Campaniae
1865 1575 2013 1634 aspici.

227 1668 281 1698 eo
310 1652 457 1697 venire
487 1658 649 1710 patres,
682 1665 837 1709 eques,
869 1665 1023 1709 magna
1051 1665 1152 1709 pars
1180 1650 1336 1708 plebis,
1369 1651 1481 1695 anxii
1511 1665 1615 1710 erga
1638 1652 1859 1700 Seianum,
1891 1651 2014 1695 cuius

228 1729 377 1781 durior
405 1741 685 1785 congressus,
717 1733 845 1785 atque
875 1740 928 1770 eo
958 1740 1037 1784 per
1066 1726 1271 1770 ambitum
1301 1733 1343 1770 et
1362 1727 1567 1771 societate
1587 1727 1860 1772 consiliorum
1889 1741 2015 1788 para-

228 1804 366 1849 batur.
413 1803 517 1847 satis
547 1802 770 1847 constabat
797 1808 967 1846 auctam
996 1802 1036 1846 ei
1067 1801 1360 1860 adrogantiam
1380 1802 1554 1847 foedum
1581 1803 1685 1847 illud
1716 1804 1759 1847 in
1787 1803 2015 1862 propatulo
2027 1816 2066 1846 πο

230 1879 450 1924 servitium
479 1877 700 1936 spectanti.
745 1877 906 1936 quippe
935 1879 1096 1921 Romae
1121 1878 1230 1922 sueti
1251 1878 1490 1930 discursuS‚
1523 1885 1566 1923 et
1584 1879 1875 1937 magnitudine
1894 1879 2015 1923 urbis

229 1955 439 1999 incertum
468 1953 587 2012 quod
607 1953 793 2011 quisque
823 1952 878 1996 ad
898 1953 1114 2010 negotium
1134 1960 1309 2012 pergat:
1339 1953 1398 1997 ibi
1420 1967 1571 2012 campo
1592 1961 1665 1998 aut
1683 1954 1806 2000 litore
1827 1957 2016 1999 iacentes

232 2029 348 2074 nullo
385 2028 652 2081 discrimine,
699 2034 870 2073 noctem
910 2042 962 2073 ac
998 2028 1115 2073 diem
1151 2029 1266 2072 iuxta
1301 2030 1480 2087 gratiam
1516 2037 1590 2074 aut
1624 2030 1758 2076 fastus
1787 2032 2015 2076 ianitorum

291 2188 327 2222 2.
351 2189 428 2231 aori
449 2187 484 2222 M
507 2204 543 2211 -
581 2187 613 2220 3.
633 2186 734 2229 pulsa
754 2186 789 2221 M
816 2204 850 2210 —
879 2187 983 2233 fessas
1004 2187 1038 2221 M
1063 2204 1101 2211 —
1132 2187 1165 2221 7.
1190 2187 1346 2230 consonos
1366 2189 1400 2223 M
1426 2206 1462 2213 -
1493 2188 1525 2222 8.
1551 2188 1761 2232 eruptorsyis
1781 2190 1817 2223 F.
1842 2191 1899 2224 W.
1924 2190 2014 2231 Otto,

228 2245 285 2278 cui
308 2243 477 2278 Gallicum
499 2243 641 2277 videtur
662 2251 805 2276 nomen.
834 2261 870 2267 —
903 2244 957 2276 ⁴2.
981 2245 1128 2277 internos
1149 2244 1183 2278 M
1209 2262 1245 2268 —-
1279 2245 1331 2277 45.
1350 2244 1530 2286 praecibus
1550 2254 1605 2288 pr.
1629 2247 1664 2280 M
1688 2263 1723 2269 —
1751 2247 1804 2280 49.
1829 2256 1866 2280 eo
1889 2255 2017 2290 super-

229 2301 359 2342 fluum,
395 2300 588 2335 obscurum
618 2302 654 2333 et
682 2300 832 2334 fortasse
862 2309 906 2333 ex
935 2301 1120 2343 superiore
1143 2310 1250 2335 versu
1273 2300 1367 2335 male
1393 2302 1584 2345 repetitum
1606 2303 1707 2346 putat
1728 2302 1950 2337 Doederlein.
1978 2320 2012 2326 —

230 2358 284 2391 20.
307 2358 403 2391 illum
424 2357 458 2392 M
481 2357 576 2399 (illud
596 2357 731 2399 margo)
757 2374 793 2380 -—
815 2356 1030 2399 propatibulo
1052 2358 1087 2391 M
1113 2375 1147 2381 —
1172 2358 1228 2391 2⁴.
1252 2359 1479 2401 maym‘tudini
1500 2359 1545 2393 M.

231 2507 286 2548 45,
310 2506 366 2540 40.
392 2523 429 2529 -
455 2506 590 2547 quintae
610 2506 761 2549 leatania]
793 2515 885 2549 quae
907 2506 1101 2541 vocabatur

1147 2508 1231 2550 ptus
1243 2517 1250 2539 :
1270 2507 1320 2540 TI.
1334 2507 1506 2541 CAESAR.
1518 2508 1620 2542 DIVI.
1630 2508 1729 2542 AVG.
1739 2509 1777 2542 F.
1786 2508 2016 2542 AVGVSTVS.

230 2557 390 2590 Alaudae.
416 2555 468 2589 Cf.
487 2556 519 2597 4,
536 2555 591 2589 34.
610 2574 646 2581 -
665 2557 738 2590 dux
752 2557 930 2599 Romanus]
946 2558 1100 2591 Pichena

1147 2557 1234 2590 IMP.
1260 2557 1326 2590 VII.
1354 2558 1478 2600 (caput
1499 2557 1671 2599 nudum):
1702 2559 1739 2591 in
1768 2560 1870 2601 parte
1893 2567 2019 2591 aversa

230 2605 387 2640 malebat
401 2607 585 2645 Romamn
603 2606 668 2639 sed
680 2607 818 2640 Tacitus
833 2606 1100 2649 reprehendere

230 2655 341 2689 voluit
355 2657 392 2689 L.
409 2656 552 2698 Apronii
572 2655 774 2689 socordiam
789 2657 896 2697 atque
912 2657 1098 2698 ignaviam,

231 2708 389 2741 Romano
421 2705 512 2739 duce
536 2714 682 2748 prorsus
705 2706 896 2748 indignam.
924 2723 960 2730 —
985 2707 1103 2739 Badu-

230 2755 368 2798 hennae]
393 2756 444 2788 De
460 2755 612 2788 nominis
628 2755 881 2798 significatione
898 2757 934 2789 et
949 2755 1019 2790 luci
1034 2757 1102 2789 situ

232 2805 318 2839 nihil
347 2807 495 2839 constat.
531 2805 583 2839 Cf.
608 2806 714 2840 Ukert
737 2806 937 2840 Germanum
964 2815 999 2849 p.
1025 2806 1100 2839 420.

234 2855 423 2889 Grimmius
446 2855 591 2898 quidem
607 2855 759 2889 Gramm.
776 2857 808 2897 Ι,
829 2866 865 2899 p.
882 2857 954 2890 XLI
975 2864 1102 2889 vocem

234 2905 457 2938 'theotiscam
480 2905 570 2937 badu
592 2904 743 2947 explicat
761 2906 948 2947 proelium,
971 2905 1102 2945 bollum,

234 2955 330 2988 unde
352 2956 471 2997 pateat
497 2955 592 2988 hunc
620 2954 741 2989 lucum
764 2956 810 2989 ad
831 2955 958 2989 bellica
980 2955 1104 2997 impri-

236 3004 304 3038 mis
320 3004 491 3038 sacrificia
506 3004 614 3038 fuisse
629 3004 855 3039 destinatum.
874 3005 924 3039 Ct’.
938 3004 1105 3039 Muellen-

236 3053 314 3087 hoff
331 3054 486 3087 zeitschr.
509 3053 534 3095 f.
551 3054 717 3087 deutsches
736 3055 872 3088 Auerth.
894 3055 951 3095 IX,
967 3053 1045 3087 240.
1064 3071 1100 3077 —

237 3103 447 3146 stipendiari]
483 3103 544 3145 qui
576 3104 748 3146 stipendia
778 3104 862 3137 olim
888 3105 924 3137 in
947 3104 1104 3137 exercitu

238 3154 477 3187 Romanorum
511 3154 714 3194 meruerat;
749 3153 813 3186 fuit
841 3153 918 3187 sine
947 3152 1056 3186 dubio
1083 3161 1103 3185 e

239 3202 430 3237 Frisiorum
452 3201 683 3244 principibus.

283 3252 339 3286 74.
356 3260 562 3293 quamquam
575 3251 711 3285 divorsis
726 3251 808 3294 cet]
832 3252 884 3284 De
907 3250 982 3284 aliis
996 3250 1105 3284 rebus

242 3299 393 3335 relatum
416 3302 508 3342 erat,
540 3300 606 3334 sed
631 3310 697 3344 per
719 3296 961 3343 egressionem
984 3301 1029 3334 de
1052 3301 1106 3334 his

244 3348 439 3384 honoribus
472 3358 658 3384 censuere.
696 3369 733 3375 —
768 3359 868 3384 aram
899 3350 1107 3393 clementiae]

245 3397 467 3435 Praeluserat
494 3399 577 3435 huie
605 3409 689 3435 arae
720 3408 887 3435 nummus
909 3400 962 3435 sic
982 3400 1109 3435 inscri-

1150 2607 1436 2640 CLEMENTIAE.
1455 2607 1490 2640 S.
1502 2608 1536 2640 C.
1557 2607 1714 2650 (clipeus,
1733 2609 1788 2641 cui
1804 2607 2018 2650 insculptum

1149 2657 1342 2690 adversum
1365 2659 1471 2700 caput
1487 2657 1729 2700 Clementiae.)
1751 2657 1881 2692 Eckhel
1896 2659 1959 2698 VI,
1980 2667 2015 2699 p.

1150 2706 1226 2739 487.
1263 2706 1314 2739 Cf.
1346 2707 1453 2739 etiam
1483 2716 1584 2740 aram
1612 2708 1801 2748 adoptionis
1829 2708 1864 2748 4,
1898 2707 1951 2740 44.
1979 2723 2014 2730 -·

1149 2756 1248 2789 anoeii
1261 2765 1343 2798 crya
1355 2757 1524 2798 Seianm]
1542 2757 1644 2790 anxie
1661 2758 1736 2790 eius
1753 2758 1899 2799 gratiam
1913 2765 2020 2799 quae-

1150 2807 1284 2846 rentes,
1302 2806 1424 2839 odium
1439 2807 1606 2846 vitantes.
1625 2801 1724 2839 ὥστε
1738 2808 1804 2840 καὶ
1817 2804 1909 2848 τοὺς
1924 2805 2018 2846 βου-

1150 2852 1285 2895 λευτὰς
1313 2856 1380 2888 καὶ
1413 2852 1505 2897 τούς
1537 2852 1680 2897 ἄλλους
1709 2856 1839 2901 ἐκείνῳ
1871 2855 1943 2899 μὲν
1966 2853 2018 2896 ὥς

1151 2906 1217 2938 καὶ
1239 2901 1494 2952 αὐτοκράτορι
1516 2906 1737 2953 προσέχειν,
1760 2903 1829 2939 τὸν
1851 2904 1891 2939 δὲ
1908 2904 2018 2945 Τιβέ-

1150 2964 1234 3002 ριον
1257 2954 1298 2987 ἐν
1321 2951 1501 3002 ὀλιγωρίᾳ
1523 2956 1720 2989 ποιεῖσθαι
1744 2957 1819 2998 (1)ὶο
1842 2956 1895 2995 58,
1913 2955 1958 2996 4).
1979 2973 2015 2978 —

1150 3008 1251 3044 atque
1265 3013 1302 3037 eo
1311 3013 1376 3046 per
1389 3004 1549 3038 ‹unbitmn
1564 3005 1646 3048 cet.]
1669 3007 1815 3048 propter
1834 3005 1870 3037 id
1886 3005 2017 3047 ipsum,

1152 3053 1249 3095 quod
1277 3053 1424 3087 difficilis
1454 3063 1497 3088 ac
1526 3056 1596 3088 rari
1619 3056 1735 3088 aditus
1758 3055 1904 3088 Seianus
1929 3056 2016 3094 erat,

1151 3112 1218 3146 per
1246 3103 1419 3137 ambitum
1446 3104 1632 3138 clientibus
1655 3106 1730 3138 eius
1754 3106 1789 3137 et
1812 3103 2019 3137 ianitoribus

1153 3151 1329 3186 adulando
1374 3155 1480 3195 atque
1525 3153 1753 3196 gratificando
1792 3153 2019 3195 quaerendus

1154 3203 1241 3236 erat.
1269 3220 1306 3226 —-
1340 3204 1495 3238 societate
1522 3202 1751 3244 consiliorum]
1787 3203 1834 3234 ita
1863 3203 1902 3235 ut
1936 3211 2020 3236 eum

1154 3251 1362 3286 adiuvarent
1379 3253 1416 3286 in
1431 3253 1564 3286 insidiis
1580 3251 1783 3286 hominibus
1793 3277 1801 3292 ,
1826 3260 1916 3294 quos
1931 3252 2021 3285 ode-

1154 3302 1227 3343 rat,
1252 3302 1441 3336 struendis.
1465 3302 1530 3335 Alii
1553 3301 1793 3335 Freinshemio
1809 3300 1900 3334 duce
1921 3301 2021 3334 intel-

1155 3349 1266 3393 ligunt
1287 3351 1332 3385 de
1356 3352 1525 3386 societate
1549 3349 1792 3391 consiliorum,
1823 3358 1931 3393 quem
1953 3351 2021 3384 ho-

1155 3401 1271 3436 mines
1304 3401 1421 3436 Seiani
1454 3399 1687 3435 conveniendi
1716 3398 1853 3443 cupidi,
1887 3401 1928 3434 ut
1952 3400 2022 3434 hoe
