2254 3770
785 298 940 342 Lmen
968 298 1033 342 vl.
1071 297 1171 356 Cap.
1202 297 1269 342 2ο.
1300 297 1368 342 24.
1397 297 1465 342 22.

1932 296 2016 340 285

233 409 445 468 perium,»
486 419 627 451 seram
656 419 708 450 ac
736 406 912 450 brevem
939 403 1172 462 potentiam
1200 403 1461 461 significans,
1502 402 1678 448 scientia
1707 402 2018 448 Chaldaeorum

235 485 355 536 artis,
385 483 508 528 cuius
537 480 797 540 apiscendae
826 481 960 524 otium
990 485 1093 538 aput
1121 478 1336 530 Rhodum,
1374 479 1623 537 magistrum
1651 478 1916 523 Thrasullum
1944 479 2021 522 ha-

236 560 344 610 buit,
374 558 570 616 peritiam
601 557 694 601 eius
724 555 806 600 hoc
835 556 964 599 modo
995 561 1209 613 expertus.
1247 553 1330 610 (2⁴)
1360 555 1558 612 quotiens
1587 569 1720 613 super
1747 554 1818 599 tali
1849 554 2018 612 negotio

235 633 513 685 consultaret,
555 632 670 677 edita
698 632 852 676 domus
887 637 1008 689 parte
1039 644 1090 674 ac
1117 629 1255 674 liberti
1284 630 1410 673 unius
1440 630 1700 675 conscientia
1727 629 1939 675 utebatur.
1983 630 2019 673 is

234 700 469 754 litterarum
498 709 690 766 ignarus,
723 721 905 765 corpore
934 705 1102 757 valido,
1137 719 1217 763 per
1244 705 1340 749 avia
1368 719 1418 749 ac
1448 705 1630 763 derupta
1658 707 1770 763 (nam
1798 706 1913 749 saxis
1942 705 2050 748 do-zs

235 798 330 829 mus
358 785 562 841 imminet)
592 782 788 842 praeibat
816 797 937 833 eum,
970 782 1092 826 cuius
1121 787 1255 825 artem
1285 781 1471 838 experiri
1496 781 1690 825 Tiberius
1718 781 1946 832 statuisset,
1978 787 2022 825 et

235 860 566 919 regredientem,
598 859 634 902 si
663 858 857 903 vanitatis
889 864 962 901 aut
990 856 1188 901 fraudum
1217 857 1407 914 suspicio
1438 857 1686 908 incesserat,
1717 858 1760 900 in
1780 857 2020 901 subiectum

235 950 353 981 mare
391 935 716 995 praecipitabat,
762 948 816 978 ne
852 932 981 977 index
1015 934 1159 977 arcani
1189 933 1404 977 existeret.
1453 932 1580 989 igitur
1609 932 1854 976 Thrasullus
1882 932 2022 976 isdem

234 1011 412 1070 rupibus
443 1010 640 1055 inductus
670 1016 896 1068 postquam
926 1014 1276 1067 percunctantem
1294 1014 1600 1058 commoverat,
1631 1009 1859 1066 imperium
1878 1003 1959 1065 ipsi
1980 1014 2023 1052 et

236 1088 376 1132 futura
404 1086 600 1131 sollerter
628 1085 910 1144 patefaciens,
940 1085 1223 1142 interrogatur
1251 1097 1306 1127 an
1335 1096 1458 1127 suam
1486 1097 1660 1141 quoque
1690 1083 1917 1141 genitalem
1945 1083 2024 1127 ho-
2035 1099 2072 1129 ιο

237 1178 329 1209 ram
356 1162 658 1221 comperisset;
695 1175 824 1219 quem
855 1167 943 1204 tum
971 1174 1148 1210 annum,
1180 1159 1353 1218 qualem
1381 1159 1497 1203 diem
1525 1158 1714 1204 haberet.
1758 1158 1828 1203 ille
1858 1159 2022 1217 positus

238 1239 428 1284 siderum
456 1253 507 1283 ac
535 1237 672 1296 spatia
698 1237 919 1281 dimensus
948 1235 1128 1280 haerere
1157 1235 1314 1292 primo,
1347 1234 1447 1284 dein
1475 1248 1723 1293 pavescere,
1756 1241 1798 1279 et
1817 1242 2023 1292 quantum

239 1315 552 1373 introspiceret,
593 1313 729 1370 magis
764 1325 816 1356 ac
843 1311 979 1369 magis
1007 1310 1198 1369 trepidus
1227 1310 1519 1355 admirationis
1549 1317 1593 1355 et
1618 1316 1774 1361 metus,
1806 1317 2023 1368 postremo

239 1390 447 1436 exclamat
474 1389 721 1447 ambiguum
748 1387 829 1431 sibi
859 1401 911 1431 ac
938 1400 1076 1444 prope
1105 1386 1300 1430 ultimum
1328 1385 1557 1431 discrimen
1588 1386 1759 1430 instare.
1795 1392 1883 1429 tum
1907 1400 2025 1430 com·-

239 1467 391 1525 plexus
420 1479 520 1510 eum
549 1464 742 1508 Tiberius
771 1462 1015 1521 praescium
1042 1461 1332 1520 periculorum
1361 1468 1404 1506 et
1432 1461 1690 1506 incolumem
1707 1461 1798 1506 fore
1819 1468 2023 1519 gratatur3
2038 1477 2075 1508 ⁴5

240 1555 440 1601 quaeque
470 1540 633 1584 dixerat
662 1538 792 1583 oracli
824 1539 916 1583 vice
946 1538 1162 1596 accipiens
1192 1538 1302 1582 inter
1330 1537 1501 1581 intimos
1532 1538 1767 1582 amicorum
1794 1543 1922 1581 tenet.

352 1617 434 1674 (22)
465 1615 553 1661 Sed
580 1614 682 1659 mihi
712 1614 818 1659 haec
849 1628 900 1658 ac
927 1613 1027 1658 talia
1054 1613 1243 1658 audienti
1272 1614 1317 1656 in
1346 1613 1508 1658 incerto
1537 1613 1743 1657 iudicium
1768 1619 1853 1665 est,
1883 1613 2024 1657 fatone

304 1726 337 1759 3.
367 1734 466 1766 super
492 1724 554 1757 tali
580 1723 751 1757 Pichena:
786 1726 922 1764 superte
950 1724 983 1757 M
1016 1740 1051 1746 —
1088 1723 1121 1756 8.

1154 1723 1442 1755 thrasullumsdem
1467 1731 1522 1764 pr.
1548 1723 1582 1756 M
1617 1740 1653 1747 -
1691 1723 1744 1755 40.
1769 1722 1906 1755 solerter
1927 1722 1961 1756 M
1986 1740 2022 1746 —

230 1782 294 1816 7⁴2.
318 1781 434 1823 spacia
455 1781 490 1815 M
513 1798 549 1803 —
575 1788 752 1822 pavescere
773 1778 983 1812 Beroaldus:
1008 1783 1205 1829 pauescente
1226 1780 1276 1818 M3
1305 1787 1485 1820 pavescens
1509 1779 1579 1812 Iac.
1606 1779 1813 1813 Gronovius.
1840 1796 1877 1803 —
1902 1782 2027 1820 quanto

239 1836 427 1871 Acidalius.
454 1855 490 1861 —

241 1938 373 1972 ferens.
422 1938 501 1971 Dies
535 1938 630 1970 enim
663 1937 834 1979 accipitur
870 1945 934 1978 pro
969 1937 1108 1970 fortuna

242 1997 351 2031 quam
374 1988 443 2021 fert
465 1989 501 2020 et
524 1995 587 2030 pro
610 1988 779 2020 varietate
802 1986 856 2019 illa
880 1987 972 2019 vitae
997 1988 1032 2019 et
1046 1987 1110 2019 hu-

241 2047 428 2072 manorum
462 2038 746 2080 propositorum,
787 2045 878 2079 quae
913 2037 1001 2070 indit
1033 2037 1109 2070 dies

240 2090 438 2130 mutatque.
471 2089 600 2120 Notum
629 2086 714 2120 illud
743 2087 886 2120 Homeri
917 2087 1044 2128 Odyss.
1070 2096 1108 2128 a,

242 2139 323 2172 436:
351 2140 458 2179 τοῖος
480 2134 554 2184 γὰρ
569 2134 662 2179 νόος
676 2136 780 2170 ἐστὶν
795 2136 1026 2176 ἐπιχθονίων
1041 2132 1110 2169 ἀν-

240 2188 424 2236 θρώπων,
449 2183 533 2220 οἷον
555 2186 610 2221 ἐπ’
635 2180 741 2234 ἦμαρ
763 2183 882 2235 ἄγησι
897 2184 1022 2234 πατὴρ
1041 2183 1111 2219 ἀν-

242 2238 341 2287 δρῶν
363 2249 404 2273 τε
418 2236 520 2272 θεῶν
534 2247 586 2271 τε.
610 2239 636 2271 1.
657 2239 692 2271 F
710 2240 814 2271 Gnou.
839 2238 904 2280 (On
920 2239 1024 2271 dirait
1038 2238 1111 2271 bien

242 2299 283 2325 en
297 2290 464 2332 franc-ais,
488 2298 529 2322 en
538 2288 680 2330 parlant
695 2289 734 2320 de
747 2288 768 2320 l’
771 2288 911 2320 humeur
924 2289 970 2320 du
980 2288 1110 2329 prince,

241 2343 319 2375 c'est
339 2349 398 2374 son
429 2339 492 2372 bon
511 2339 613 2380 Jour,
648 2339 724 2371 c’est
750 2347 810 2371 son
836 2339 991 2371 mauvais
1013 2339 1109 2379 jour,

242 2393 319 2425 c’est
334 2400 393 2424 son
406 2391 490 2431 jour
504 2390 653 2431 d’oraye,
670 2389 710 2422 de
723 2388 928 2428 melancolie,
947 2389 986 2422 de
999 2390 1110 2430 yalte,·

244 2451 295 2483 or,
317 2451 385 2483 par
400 2440 444 2474 ou
463 2449 502 2473 en
517 2438 724 2482 juqe-t-on?
741 2448 809 2480 par
823 2439 1017 2472 t'eoeterieur
1031 2439 1114 2480 qu’il

243 2494 355 2533 revel,
375 2500 464 2533 pour
485 2491 573 2524 ainsi
588 2490 677 2530 dire,
701 2492 734 2523 et
754 2490 794 2522 de
814 2493 894 2522 cette
915 2490 988 2523 ideo
1009 2490 1033 2522 ὰ
1054 2490 1111 2523 in—

245 2542 356 2576 duere
379 2541 475 2574 diem
496 2541 522 2573 il
542 2540 599 2581 n'y
621 2549 645 2573 a
663 2540 739 2581 plus
760 2540 840 2573 loin.
864 2539 1106 2580 Batinetis.)-

244 2592 390 2626 Passieni
420 2589 579 2632 oratoris]
613 2588 742 2624 Plinius
770 2590 812 2622 N.
837 2589 877 2622 H.
912 2588 953 2621 46
982 2589 1002 2631 g
1025 2588 1108 2622 242:

246 2643 282 2677 G.
305 2642 477 2676 Passienus
499 2641 632 2682 Crispus
653 2640 702 2672 bis
722 2640 835 2672 consul
858 2639 998 2684 (iterum
1020 2648 1051 2671 a.
1068 2648 1104 2672 u.

246 2693 322 2727 797.
347 2694 476 2726 Inscrr.
500 2692 588 2724 Latt.
613 2700 648 2723 n.
669 2689 772 2724 52⁴4:
797 2699 885 2723 anno
909 2690 943 2723 C.
967 2690 1112 2722 Passieni

247 2743 355 2784 Crispi
369 2744 404 2776 ΙΙ
418 2743 450 2776 T.
469 2742 601 2775 Statilio
618 2742 729 2774 Tauro
743 2749 810 2774 cos.
827 2740 872 2774 cf.
890 2741 954 2774 Dio
971 2741 1024 2780 60,
1042 2740 1109 2781 23),

247 2796 383 2834 orator,
406 2792 610 2835 Agrippinae
629 2791 845 2824 matrimonio
868 2790 923 2831 (cf.
943 2789 995 2830 43,
1014 2790 1065 2829 49)
1082 2793 1112 2822 et

245 2844 377 2877 Nerone
404 2842 562 2884 privigno
594 2841 721 2874 clarior
751 2843 878 2881 postea.
926 2839 1112 2872 Suetonius

246 2894 328 2926 Ner.
353 2892 392 2924 6:
418 2891 557 2925 Claudio
578 2891 754 2932 imperium
775 2890 894 2931 adepto
914 2898 982 2922 non
1008 2889 1113 2921 solum

243 2946 404 2984 paternas
425 2950 500 2983 opes
521 2941 730 2982 recuperavit
747 2939 882 2982 (Nero),
907 2939 962 2971 sed
983 2941 1015 2971 et
1037 2938 1112 2971 Cri-

247 2991 334 3032 spini
355 2991 499 3024 Passieni
518 2991 630 3024 vitrici
651 2990 704 3023 sul
719 2989 897 3023 hereditate
914 2988 1040 3020 ditattls
1052 2990 1110 3020 est.

248 3042 383 3075 Seneca
406 3042 482 3074 Nat.
508 3042 666 3080 Quaestt.
692 3039 724 3074 4.
749 3038 859 3082 praef.
877 3038 896 3079 S
913 3038 951 3070 6:
978 3038 1113 3078 Crispus

247 3092 438 3131 Passienus,
473 3099 538 3132 quo
560 3099 620 3133 eqo
641 3091 691 3123 nil
710 3090 790 3122 novi
809 3088 962 3121 wbtilius
981 3089 1018 3120 in
1040 3096 1114 3120 om-

247 3141 346 3175 nibus
364 3140 479 3181 rebus,
507 3140 658 3172 maxime
684 3139 721 3171 in
742 3137 980 3180 distinguendis
1001 3139 1033 3169 et
1053 3145 1113 3168 cu—

250 3191 368 3224 randis
387 3190 487 3223 vitiis.
513 3189 565 3222 Cf.
591 3187 727 3228 Quintil.
754 3188 786 3227 6,
812 3188 844 3226 4,
870 3186 924 3219 50.
950 3186 983 3226 6,
1007 3185 1040 3225 3,
1057 3184 1111 3219 74.

254 3259 290 3265 —
310 3241 528 3283 praesagium
551 3237 670 3272 Tiberii
692 3237 774 3279 cet.]
796 3235 906 3269 Aliter
927 3235 1115 3268 Suetonius

253 3289 352 3323 Galb.
376 3289 416 3323 4:
446 3289 580 3323 constat
599 3287 784 3330 Augustum
802 3293 906 3327 puero
928 3284 1036 3316 adhuc
1056 3293 1116 3316 sa-

253 3339 373 3372 lutanti
404 3347 438 3372 se
466 3339 553 3372 inter
575 3337 730 3379 aequales
754 3335 959 3377 apprehensa
979 3334 1117 3367 buccula

257 3388 396 3422 dimisse:
421 3388 496 3422 Καὶ
511 3385 579 3429 σύ,
602 3388 755 3426 τέκνον,
777 3383 847 3428 τῆς
867 3380 991 3432 ἀρχῆς
1005 3379 1116 3427 ἡμῶν

258 3435 495 3486 παρατρῶξῃ.
519 3438 585 3473 Sed
597 3440 631 3472 et
644 3431 791 3471 Tiberius
795 3458 808 3477 ,
823 3443 899 3469 cum
912 3435 1118 3475 comperisset

517 1837 571 1870 46.
594 1836 833 1878 uicieiccipiens
855 1837 889 1870 M
912 1836 994 1877 (uice
1016 1836 1178 1878 accipiens
1200 1835 1346 1878 margo).

1157 1937 1402 1978 imperaturum
1423 1944 1518 1976 eum,
1545 1944 1662 1968 verum
1683 1936 1719 1968 in
1740 1939 1882 1977 senecta,
1907 1937 2028 1970 «Vivat

1158 1996 1258 2020 sane»
1274 1988 1336 2026 ait,
1353 1987 1538 2028 quandoid
1553 1987 1598 2019 ad
1612 1995 1672 2020 nos
1685 1987 1769 2020 nihil
1776 1987 1954 2028 pertinet.»
1971 1987 2023 2021 Cf.

1160 2038 1224 2070 Dio
1232 2037 1286 2077 57,
1296 2037 1349 2070 49·
1361 2030 1462 2069 οὕτω
1474 2032 1519 2069 τὸ
1532 2037 1780 2094 πεπρωμένον
1790 2034 1939 2082 ἑκάστῳ
1950 2035 2027 2070 τῶν

1160 2085 1319 2135 πρώτων
1329 2088 1395 2120 καὶ
1407 2085 1562 2130 ἐξήταζε
1572 2088 1637 2120 καὶ
1650 2083 1840 2131 ἠπίστατο
1851 2098 1951 2121 ωστε
1961 2088 2027 2121 καὶ

1159 2136 1211 2181 τῷ
1244 2136 1376 2183 Γάλβᾳ
1404 2135 1456 2182 τῷ
1478 2133 1576 2181 μετὰ
1598 2135 1719 2171 ταῦτα
1740 2133 2028 2186 αὖταρχήσαντι

1159 2183 1406 2231 ἀπαντήσας,
1431 2189 1596 2231 γυναῖκα
1609 2186 1884 2232 ἐγγεγυημένῳ,
1909 2190 2028 2222 εἰπεῖν

1161 2233 1221 2272 ὅτι
1252 2239 1335 2272 «καὶ
1367 2235 1416 2272 σύ
1440 2248 1532 2271 ποτε
1554 2236 1622 2282 τῆς
1643 2234 1852 2283 ἡγεμονίας
1873 2238 2004 2299 γεύσῃ,
2011 2252 2028 2271 n

1161 2289 1345 2332 ἐφείσατο
1371 2286 1445 2353 γὰρ
1475 2285 1616 2330 αὐτοῦ,
1647 2285 1700 2331 ὥς
1721 2290 1794 2333 μὲν
1816 2288 1890 2350 ἐγώ
1911 2289 2026 2333 δοκῶ,

1162 2336 1222 2375 ὅτι
1243 2342 1309 2375 καὶ
1330 2340 1431 2375 τοῦτ’
1455 2336 1559 2385 αὐτῷ
1582 2340 1813 2387 εἱμαρμένον
1835 2335 1900 2384 ἦν,
1924 2338 1977 2384 ὥς
1995 2340 2027 2375 δ

1161 2388 1280 2433 αὐτὸς
1301 2387 1446 2436 ελεγεν,
1479 2386 1540 2424 ὅτι
1569 2391 1634 2424 καὶ
1657 2390 1699 2424 ἐν
1720 2389 1821 2438 γήρᾳ
1843 2393 1909 2425 καὶ
1929 2389 2028 2435 μετὰ

1162 2440 1258 2476 πολὺ
1292 2441 1362 2486 τῆς
1388 2440 1565 2485 τελευτῆς
1592 2437 1712 2476 αὐτοῦ
1743 2438 1930 2490 ἄρξοι.-
1957 2447 2028 2476 tum

1160 2492 1304 2535 consule]
1338 2492 1389 2526 Cf.
1415 2502 1446 2526 c.
1474 2494 1526 2526 45.
1554 2510 1591 2516 -
1619 2501 1730 2525 seram
1751 2501 1793 2525 ac
1814 2493 1944 2526 brevem
1962 2502 2028 2535 po-

1160 2542 1315 2585 tentiam]
1347 2551 1467 2576 seram
1491 2542 1698 2584 significavit
1718 2551 1806 2575 voce
1831 2544 2028 2584 quandoque

1163 2594 1209 2635 (h.
1235 2603 1268 2627 e.
1289 2593 1593 2634 quandocumque),
1618 2592 1768 2626 brevem
1788 2593 1901 2626 verbo
1924 2594 2028 2636 dequ-

1159 2645 1272 2678 stabis.
1297 2645 1431 2678 Rirren.
1451 2660 1487 2667 -
1514 2643 1767 2684 Chaldaeorum]
1793 2643 1844 2677 Cf.
1862 2643 1895 2684 3,
1912 2644 1966 2677 22.
1987 2661 2024 2667 —

1161 2697 1243 2735 aput
1265 2693 1420 2735 Rhodum]
1446 2693 1498 2727 Cf.
1521 2694 1554 2733 4,
1578 2692 1611 2726 4.
1638 2709 1676 2717 —
1708 2693 1934 2734 Thrasullum]
1967 2694 2027 2735 qui

1162 2746 1269 2778 etiam
1291 2744 1336 2777 de
1359 2753 1399 2776 re
1421 2743 1560 2776 medica
1582 2743 1691 2776 libros
1714 2745 1959 2786 composuisse
1973 2744 2028 2776 vi—

1162 2794 1266 2827 detur
1295 2793 1460 2826 laudante
1490 2792 1598 2826 Plinio
1627 2791 1706 2835 plus
1729 2802 1800 2826 uno
1822 2792 1912 2826 loco.
1937 2794 2025 2826 LirS.

1163 2844 1214 2876 Cf.
1240 2844 1383 2876 Sueton.
1409 2842 1484 2875 Tib.
1511 2842 1564 2875 44.
1588 2843 1653 2875 Dio
1675 2843 1729 2883 55,
1749 2843 1803 2875 44.
1828 2841 1943 2875 Schol.
1967 2843 2027 2874 Iu—

1162 2902 1242 2926 ven.
1277 2892 1323 2925 ad
1357 2893 1394 2932 6,
1425 2892 1501 2924 576.
1536 2892 1575 2925 C.
1605 2891 1641 2924 F.
1670 2892 1862 2925 Hermanni
1896 2892 2025 2933 disput.

1162 2941 1207 2975 de
1236 2940 1418 2982 Thrasyllo
1451 2941 1682 2983 grammatico
1710 2943 1747 2975 et
1776 2940 2027 2974 mathematico

1162 2993 1311 3033 Gotting.
1337 2992 1434 3025 ⁴852.

1205 3061 1259 3093 24.
1285 3068 1383 3101 super
1403 3060 1463 3092 tali
1483 3059 1630 3103 neyotio]
1663 3059 1760 3102 quod
1782 3058 1958 3092 eiusmodi
1978 3057 2026 3092 illi

1162 3110 1358 3150 videretur,
1392 3111 1433 3143 ut
1465 3109 1510 3143 de
1541 3118 1585 3144 eo
1615 3109 1855 3143 mathematici
1885 3107 2027 3142 consul-

1162 3160 1260 3193 tandi
1275 3161 1406 3194 essent.
1418 3177 1454 3183 —
1473 3161 1705 3201 commoverat]
1722 3159 1766 3192 ad
1781 3158 1909 3192 laetam
1924 3167 2026 3201 spem

1165 3204 1388 3243 excitaverat.
1417 3228 1453 3234 —
1482 3211 1674 3252 praescium
1696 3208 1777 3250 cet]
1801 3207 2026 3251 brachylogia

1164 3269 1229 3303 pro
1253 3260 1474 3303 «praescium
1497 3269 1576 3294 esse
1600 3258 1838 3302 periculorum
1854 3257 2027 3292 exclamat

1166 3312 1270 3352 atque
1293 3309 1374 3342 ideo
1396 3308 1611 3343 incolumem
1634 3308 1708 3341 fore
1731 3309 1920 3349 gratatur.»

1208 3384 1263 3417 22.
1293 3384 1405 3426 fatone
1432 3392 1486 3416 res
1515 3382 1706 3416 mortalium
1736 3381 1825 3425 cet]
1861 3382 1912 3416 Cf.
1943 3390 2027 3416 cum

1166 3434 1284 3468 Tacito
1312 3433 1485 3477 imprimis
1514 3431 1660 3466 Plinium
1687 3432 1728 3465 N.
1753 3432 1795 3465 Η.
1819 3432 1841 3466 2
1863 3431 1883 3475 S
1905 3432 1948 3466 22
1969 3440 2024 3474 sq.
