2254 3770
289 302 372 347 244
766 307 810 350 P.
844 306 1093 351 CORNELII
1121 308 1291 353 TACITI
1319 310 1587 357 ANNALIUM

289 416 498 467 regnaret.
541 411 720 456 Pulchra
741 419 790 467 >et
819 409 1000 458 Furnius
1031 414 1296 460 damnantur.
1335 417 1431 462 Afer
1459 419 1718 476 primoribus
1747 428 1964 466 oratorum
1997 421 2072 466 ad-

287 485 416 538 ditus,
449 487 663 545 divulgato
694 488 862 545 ingenio
894 495 935 533 et
965 497 1112 535 secuta
1141 492 1467 538 adseveratione
1499 494 1715 548 Caesaris,
1753 511 1839 555 qua
1868 511 1948 540 suo
1978 496 2071 542 iure

287 561 494 607 disertum
532 578 630 608 eum
671 564 911 622 appellavit.
956 580 1053 610 mox
1093 567 1371 625 capessendis
1401 571 1745 616 accusationibus
1776 579 1849 616 aut
1876 586 1976 616 reos
2005 578 2072 616 tu-

285 639 413 683 tando
450 640 724 698 prosperiore
764 639 1033 699 eloquentiae
1064 657 1194 700 quam
1223 657 1391 687 morum
1420 644 1530 689 fama
1560 646 1656 699 fuit,
1696 647 1775 692 nisi
1807 647 1921 706 quod
1953 654 2071 692 aetas

251 720 473 761 sextrema
516 715 697 759 multum
735 716 862 760 etiam
899 716 1170 776 eloquentiae
1210 718 1409 777 dempsit,
1457 720 1558 765 dum
1596 721 1708 766 fessa
1744 730 1888 768 mente
1918 723 2072 768 retinet

281 790 436 835 silentii
466 791 768 850 inpatientiam.

395 867 475 924 (53)
507 869 557 911 At
593 867 825 926 Agrippina
861 868 1062 926 pervicax
1103 869 1191 913 irae
1222 876 1263 913 et
1292 869 1443 914 morbo
1475 872 1667 929 corporis
1698 872 1930 931 implicata,
1973 887 2070 918 cum

279 942 438 986 viseret
474 957 570 987 eam
609 944 785 996 Caesar,
829 944 1015 1001 profusis
1049 944 1122 988 diu
1153 959 1202 989 ac
1233 959 1311 1003 per
1341 945 1555 990 silentium
1585 947 1787 1001 lacrimis,
1827 963 1926 993 mox
1963 949 2073 993 invi-

279 1016 393 1061 diam
422 1024 464 1062 et
498 1033 652 1077 preces
692 1019 876 1063 orditur:
918 1019 1167 1064 subveniret
1204 1020 1438 1073 solitudini,
1473 1021 1594 1067 daret
1621 1024 1841 1078 maritum3
1882 1023 2069 1069 habilem

228 1109 263 1139 ιο
277 1093 417 1138 adhuc
446 1094 662 1139 iuventam
692 1095 795 1147 sibi,
827 1109 970 1154 neque
1000 1096 1103 1139 aliut
1131 1096 1278 1154 probis
1299 1112 1430 1155 quam
1459 1112 1513 1142 ex
1541 1100 1808 1144 matrimonio
1838 1099 2067 1154 solacium3

277 1183 375 1214 esse
406 1170 448 1213 in
478 1171 646 1215 civitate
668 1172 765 1196 *³¹²*
797 1171 1036 1216 Germanici
1069 1172 1294 1230 coniugem
1325 1187 1375 1217 ac
1404 1173 1563 1218 liberos
1585 1175 1678 1218 eius
1704 1175 1897 1233 recipere
1918 1175 2068 1235 digna-

275 1252 433 1290 rentur.
479 1248 557 1291 sed
589 1248 746 1292 Caesar
776 1261 861 1291 non
897 1248 1069 1305 ignarus
1101 1254 1307 1306 quantum
1346 1263 1399 1292 ex
1439 1263 1486 1293 re
1524 1249 1695 1308 publica
1732 1257 1970 1309 peteretur,
2010 1265 2065 1297 ne

274 1328 416 1367 tamen
445 1323 692 1367 offensionis
724 1330 796 1367 aut
825 1329 964 1367 metus
994 1323 1241 1367 manifestus
1271 1324 1398 1375 foret,
1440 1325 1532 1368 sine
1564 1339 1775 1384 responso
1805 1341 2067 1386 quamquam

273 1400 501 1444 instantem
538 1399 721 1458 reliquit.
768 1399 810 1442 id
850 1413 947 1457 ego,
990 1414 1014 1443 a
1045 1399 1326 1457 scriptoribus
1356 1399 1569 1444 annalium
1600 1415 1684 1445 non
1714 1401 1934 1454 traditum,
1967 1417 2065 1461 rep-

223 1489 259 1520 ⁴5
272 1476 366 1534 peri
407 1477 450 1520 in
487 1475 802 1522 commentariis
842 1475 1099 1533 Agrippinae
1136 1474 1271 1529 filiae,
1315 1489 1426 1534 quae
1466 1477 1646 1520 Neronis
1685 1476 1889 1536 principis
1928 1485 2065 1523 mater

271 1553 402 1597 vitam
430 1567 553 1597 suam
583 1558 624 1597 et
654 1565 779 1596 casus
811 1565 987 1595 suorum
1017 1550 1201 1609 posteris
1233 1551 1494 1595 memoravit.
1549 1552 1630 1610 (54)
1662 1559 1852 1597 ceterum
1883 1554 2064 1598 Seianus

270 1636 535 1674 maerentem
566 1635 608 1673 et
637 1627 904 1687 inprovidam
934 1626 1058 1671 altius
1089 1626 1287 1684 perculit,
1319 1627 1520 1671 immissis
1542 1628 1613 1686 qui
1646 1643 1724 1686 per
1746 1629 1938 1687 speciem
1957 1629 2064 1674 ami-

270 1706 394 1750 citiae
424 1711 647 1750 monerent
675 1710 869 1762 paratum
900 1703 940 1747 ei
972 1716 1199 1753 venenum,
1231 1702 1423 1747 vitandas
1455 1704 1594 1748 soceri
1626 1704 1789 1762 epulas.
1834 1711 1963 1763 atque
1992 1705 2062 1750 illa

270 1781 585 1826 simulationum
617 1781 780 1833 nescia,
814 1794 910 1824 cum
943 1784 1117 1836 propter
1147 1778 1458 1830 discumberet,
1492 1793 1576 1823 non
1608 1779 1726 1823 vultu
1756 1786 1829 1824 aut
1859 1795 2058 1826 sermone

217 1856 404 1910 aoflecti,
452 1857 591 1901 nullos
632 1857 837 1914 attingere
875 1854 1014 1903 cibos,
1062 1853 1201 1897 donec
1241 1854 1422 1898 advertit
1461 1855 1671 1907 Tiberius,
1718 1855 1824 1900 forte
1864 1870 1917 1900 an
1957 1857 2060 1916 quia

267 1933 513 1987 audiverat3
544 1933 676 1991 idque
707 1946 793 1991 quo
824 1930 964 1975 acrius
996 1929 1282 1987 experiretur,
1313 1944 1462 1988 poma,
1494 1936 1541 1973 ut
1571 1937 1691 1975 erant
1719 1931 1935 1990 adposita,
1966 1932 2058 1977 lau-

331 2094 362 2127 3.
389 2095 552 2128 desertum
575 2102 629 2136 pr.
647 2093 681 2127 M
700 2109 734 2115 —
754 2089 1036 2124 accussationibus
1059 2090 1093 2123 M
1118 2106 1153 2112 —
1180 2089 1212 2122 ὅ.
1237 2092 1422 2122 extremam
1444 2098 1496 2131 pr.
1514 2090 1548 2123 M
1568 2107 1602 2113 —
1630 2090 1683 2122 ⁴0.
1703 2090 1839 2131 probris
1862 2091 1893 2133 (a
1916 2090 2055 2134 Tiberio

264 2152 476 2194 Agrippinae
500 2151 625 2193 inlatis)
650 2151 831 2184 Petersen.
858 2167 900 2173 —
933 2149 986 2181 Μ.
1012 2148 1154 2188 civitate]
1179 2148 1261 2180 Post
1283 2147 1375 2179 hanc
1398 2155 1524 2180 vocem
1547 2147 1582 2179 in
1607 2147 1676 2180 fine
1699 2156 1825 2180 versus
1849 2146 2057 2181 exciderunt

265 2209 405 2241 circiter
420 2207 705 2250 quattuordecim
729 2207 882 2247 litterae;
909 2206 965 2247 qui
982 2205 1048 2239 divi
1066 2204 1204 2247 Auqusti
1226 2207 1353 2245 neptem
1369 2203 1544 2246 supplevit
1562 2203 1720 2245 Crollius,
1747 2206 1804 2246 qui
1819 2204 1894 2237 divo
1908 2204 2056 2247 Augusto

265 2268 375 2299 ortam
397 2266 524 2299 Haase.
553 2282 589 2289 -
623 2265 676 2298 42.
702 2273 745 2298 ex
767 2272 801 2298 se
818 2265 990 2305 peteretur
1012 2261 1193 2295 Wurmius
1218 2259 1351 2303 (Philol.
1378 2259 1595 2294 Schneidew.
1620 2260 1713 2302 VIII,
1739 2260 1826 2303 362).

263 2417 384 2450 masP»
420 2416 488 2449 Nec
516 2416 584 2448 ullo
614 2424 697 2447 mox
726 2423 873 2447 sermone
896 2414 1053 2456 diynatus
1075 2416 1132 2445 est.

263 2466 381 2499 Verba
404 2475 532 2507 graeca
556 2464 657 2498 nobis
677 2465 795 2507 ignota
812 2465 905 2498 sunt.
926 2482 962 2488 —
987 2472 1046 2496 suo
1061 2464 1135 2496 iure

263 2515 438 2557 disertum]
465 2516 632 2558 «proprio
656 2515 796 2557 ingenio
820 2523 861 2547 ac
885 2514 1028 2555 natura,
1062 2522 1133 2546 non

263 2567 448 2599 hominum
466 2565 709 2605 concessione,
733 2574 804 2597 non
820 2565 1017 2606 precario.»
1042 2565 1131 2596 Sane

263 2616 466 2658 magnificat
494 2616 686 2649 Domitium
720 2615 852 2656 ubique
888 2613 1129 2654 Quintilianus,

264 2676 373 2709 quem
396 2675 520 2700 senem
544 2665 588 2699 ab
614 2674 653 2699 se
677 2664 904 2698 adolescente
930 2663 1063 2697 cultum
1086 2664 1134 2696 ait

263 2718 296 2757 5,
322 2718 354 2758 7,
380 2717 411 2750 7.
437 2716 536 2749 Idem
561 2716 613 2756 ⁴0,
640 2716 671 2756 4,
698 2716 776 2749 448:
802 2715 949 2753 Eorum,
975 2722 1057 2756 quos
1078 2714 1134 2747 vi-

264 2767 386 2807 derim,
411 2766 577 2799 Domitius
590 2766 668 2807 Afer
683 2768 714 2798 et
727 2765 833 2797 Iulius
846 2764 1024 2806 Africanus
1038 2764 1134 2805 lonae

257 2816 552 2858 praestantissimi.
590 2815 670 2848 Arte
698 2815 753 2847 ille
781 2818 812 2847 et
839 2817 905 2847 toto
932 2822 1050 2856 yenere
1079 2814 1130 2846 di-

263 2867 355 2900 cendi
372 2866 610 2908 praeferendus
627 2868 657 2898 et
673 2873 769 2906 quem
784 2865 819 2897 in
834 2872 972 2897 numero
986 2866 1134 2896 veterum

263 2917 375 2950 locare
394 2917 611 2949 non-timeas.
643 2915 702 2955 42,
721 2915 775 2955 Μ,
794 2914 833 2947 3:
861 2914 934 2947 Vidi
957 2922 1016 2956 eyo
1038 2913 1134 2954 lonye

263 2968 426 3007 omnium,
452 2975 532 3007 quos
553 2965 633 2998 mihi
657 2973 851 3006 cognoscere
865 2964 1020 3006 contigit,
1045 2971 1134 2996 swm-

262 3026 354 3050 mum
376 3019 561 3056 oratorem,
592 3015 776 3048 Domitium
797 3014 933 3056 Afrum,
963 3013 1060 3046 valde
1081 3021 1133 3046 se-

263 3075 337 3100 nem
366 3067 484 3100 cotidie
511 3064 641 3106 aliquid
671 3072 716 3097 eoe
738 3072 794 3105 ea,
828 3072 929 3105 quam
949 3065 1132 3104 meruerat,

263 3118 463 3150 auctoritate
480 3116 682 3158 perdentem,
705 3122 782 3146 cum
803 3117 920 3156 ayente
942 3114 1011 3155 illo,
1037 3122 1134 3155 quem

257 3169 445 3209 principem
473 3166 573 3209 fuisse
602 3164 769 3207 quondam
795 3164 863 3205 fori
884 3172 951 3196 non
973 3167 1047 3197 erat
1069 3164 1134 3196 du-

263 3217 370 3258 bium,
396 3217 467 3258 alii,
493 3215 580 3257 quod
594 3215 769 3256 indiqnum
782 3214 949 3253 videatur,
973 3214 1131 3253 riderent,

263 3267 324 3299 alii
356 3267 598 3305 erubescerent‚·
631 3272 717 3306 quae
750 3263 878 3295 occasio
910 3263 974 3304 suit
1006 3262 1133 3295 dicendi

261 3317 361 3350 malle
381 3325 456 3350 eum
478 3316 613 3359 deficere
631 3321 736 3357 quam
750 3312 906 3346 desinere.
933 3311 983 3345 Cf.
1003 3312 1056 3353 ⁴4,
1075 3312 1128 3345 49.

261 3365 360 3450 ugk
374 3366 548 3458 ΐονέιῗαω
568 3413 651 3457 erae]
677 3412 728 3447 cr.
746 3411 832 3445 nist.
851 3409 883 3451 4,
903 3411 943 3443 δε
963 3411 1132 3451 pervicax

1184 2410 1333 2453 habilem]
1358 2410 1479 2444 liberis
1499 2410 1675 2445 creandis.
1696 2428 1731 2435 -
1751 2410 1879 2454 probis]
1902 2410 2052 2454 pudicis,

1184 2460 1374 2502 modestis,
1412 2461 1626 2494 verecundis
1657 2461 1843 2503 (feminis).
1879 2459 2054 2504 Improbis

1183 2511 1354 2545 solacium
1379 2514 1433 2546 est
1457 2522 1500 2546 ex
1525 2512 1708 2546 adulteris.
1745 2512 1796 2546 Cf.
1822 2511 1957 2547 Sallust.
1985 2513 2054 2547 Ca-

1184 2561 1231 2595 til.
1258 2563 1318 2596 25:
1342 2563 1502 2604 psaltere,
1527 2563 1653 2596 saltare
1675 2563 1856 2605 elegantius
1869 2571 1972 2604 quam
1991 2571 2054 2596 ne-

1182 2620 1268 2645 cesse
1289 2616 1336 2646 est
1352 2612 1490 2654 probae.
1519 2631 1556 2637 —
1595 2622 1640 2646 ea>
1660 2622 1699 2646 re
1721 2613 1872 2655 publica]
1908 2613 1965 2646 cni
1994 2611 2052 2646 illo

1183 2663 1344 2705 coniugio
1375 2672 1458 2696 cum
1481 2664 1626 2706 Augusti
1653 2665 1758 2706 nepte
1781 2662 1879 2696 velut
1901 2661 2051 2696 alterum

1183 2714 1290 2755 caput
1305 2713 1466 2747 dabatur.
1488 2713 1572 2746 Ideo
1588 2713 1633 2747 de
1648 2716 1739 2747 metu
1752 2714 1925 2756 sequitur,
1942 2720 2052 2755 quem

1183 2761 1321 2796 silentio
1345 2762 1591 2797 dissimulavit.
1617 2764 1704 2797 Lirs.
1726 2781 1762 2786 —
1786 2763 1989 2805 Aqrippinao
2006 2763 2052 2806 fl-

1181 2812 1256 2854 tiae]
1282 2812 1411 2847 Plinius
1434 2814 1469 2846 in
1491 2813 1607 2846 indice
1631 2811 1710 2845 libri
1730 2813 1749 2845 7
1773 2814 1813 2846 Ν.
1832 2813 1873 2846 Η.
1892 2821 1972 2846 eam
1985 2821 2053 2846 vo-

1183 2864 1240 2895 cat
1268 2862 1488 2905 Agrippinam
1511 2863 1652 2896 Claudii.
1681 2862 1779 2896 Idem
1803 2863 1823 2895 7
1846 2862 1865 2904 S
1889 2862 1950 2896 46:
1981 2863 2053 2896 Ne-

1181 2921 1296 2946 ronem
1309 2913 1506 2954 --pedibus
1529 2913 1677 2955 genitum
1699 2912 1813 2945 scribit
1832 2921 1961 2954 parens
1982 2913 2053 2947 eius

1181 2962 1378 3005 Ayrippina.

1225 3061 1279 3096 54.
1303 3071 1371 3095 non
1391 3061 1496 3105 vultu]
1520 3060 1594 3095 scil.
1619 3070 1703 3099 suo;
1731 3062 1819 3104 flecti
1840 3062 1979 3104 autem,
2004 3059 2051 3097 ad

1183 3112 1393 3146 hilaritatem
1427 3112 1595 3146 conviviis
1630 3112 1811 3154 usitatam,
1848 3114 1888 3146 ut
1914 3113 1954 3154 3,
1986 3112 2047 3146 ⁴6:

1181 3164 1271 3205 flexo
1293 3163 1329 3195 in
1350 3162 1550 3195 maestitiam
1572 3170 1640 3195 ore.
1665 3162 1757 3203 Ergo
1773 3161 1885 3204 rigido
1900 3159 1999 3195 vultu
2013 3162 2051 3195 et

1183 3212 1355 3246 constanti
1377 3211 1514 3245 silentio
1538 3210 1747 3244 accubabat.
1778 3210 1842 3244 Alii
1865 3211 1911 3245 de
1927 3211 2050 3244 convi-

1181 3263 1340 3295 vantium
1367 3261 1464 3295 vultu
1492 3270 1534 3295 ac
1565 3269 1730 3295 sermone
1759 3261 2045 3304 interpretantur.

1181 3311 1288 3345 Doen.
1317 3329 1353 3335 —
1378 3314 1418 3344 ut
1437 3313 1536 3345 erant
1557 3310 1718 3353 adposita]
1746 3310 1864 3344 statim
1887 3311 1922 3342 et
1944 3311 2047 3344 aute-

1181 3370 1290 3403 quam
1312 3362 1387 3404 ipse
1411 3361 1625 3404 degustarat.
1649 3361 1759 3394 Domi.
1780 3377 1815 3385 -
1838 3359 1968 3393 intacta
1989 3368 2047 3394 oro

1181 3411 1262 3453 cet]
1287 3412 1430 3445 sueton.
1456 3410 1530 3444 Tib.
1555 3411 1614 3444 53:
1643 3410 1815 3451 Quondam
1827 3409 2046 3444 inter-cenam

261 3467 354 3502 recti.
382 3483 419 3491 —
455 3464 619 3502 invidiam
652 3466 683 3502 et
707 3459 838 3506 preces]
875 3459 927 3493 Cf.
952 3459 984 3502 3,
1010 3460 1062 3494 67.
1091 3476 1127 3486 -
1172 3464 1332 3502 porrecta
1353 3469 1377 3494 a
1397 3468 1431 3495 se
1445 3468 1552 3504 poma
1571 3462 1707 3504 ammo
1726 3468 1794 3494 non
1811 3467 1931 3495 ausam
1944 3459 2045 3495 etim
