2254 3770
679 250 838 296 man
866 251 916 294 11.
948 251 1047 309 eap.
1077 250 1145 294 47.
1176 251 1243 296 48.
1274 251 1341 296 ⁴9.
1371 253 1440 299 20.

1904 252 1959 296 85

173 359 353 419 perinde
382 358 617 403 Germanos
651 356 850 408 vulnera,
894 357 1050 410 luctus,
1091 357 1259 402 excidia
1287 373 1417 417 quam
1446 373 1499 403 ea
1534 359 1702 417 species
1733 358 1883 401 dolore
1913 364 1956 402 et

171 436 236 479 ira
262 434 428 479 adfecit.
470 433 544 491 qui
574 431 703 476 modo
743 432 863 476 abire
893 433 1090 484 sedibus,
1131 439 1247 477 trans
1275 433 1415 477 Albim
1452 433 1692 478 concedere
1732 433 1950 491 parabant,

170 523 355 569 pugnam
382 507 546 559 volunt,
590 521 708 552 arma
737 507 928 565 rapiunt;
960 507 1111 566 plebes
1140 508 1373 566 primores,
1413 510 1611 553 iuventus
1641 522 1768 552 senes
1798 522 1952 565 agmen

169 587 405 630 Romanum
431 589 609 641 repente
638 583 874 635 incursant,
916 582 1098 627 turbant.
1130 590 1349 642 postremo
1379 583 1569 642 deligunt
1606 583 1749 627 locum
1777 582 1952 627 flumine

169 664 214 704 et
239 657 356 702 silvis
386 657 600 710 clausum,
639 664 731 702 arta
758 658 872 702 intus
900 657 1073 717 planitie
1104 664 1146 702 et
1174 659 1343 703 umida:
1382 659 1509 703 silvas
1539 672 1713 718 quoque
1742 657 1982 716 profundas

167 733 291 792 palus
320 733 526 784 ambibat,
565 733 646 777 nisi
677 732 796 792 quod
823 733 933 778 latus
961 748 1095 778 unum
1122 734 1357 792 Angrivarii
1391 734 1476 778 lato
1515 748 1673 793 aggere
1702 733 1950 786 extulerant,

168 823 256 868 quo
275 822 301 853 a
317 808 544 854 Cheruscis
565 808 879 853 dirimerentur.
909 808 978 853 hic
997 808 1134 867 pedes
1153 809 1332 853 adstitit:
1364 811 1553 868 equitem
1570 809 1822 868 propinquis
1842 808 1951 853 lucis

167 891 333 936 texere,
375 890 420 928 ut
459 884 665 941 ingressis
703 883 854 930 silvam
887 883 1126 942 legionibus
1154 898 1181 928 a
1210 891 1332 942 tergo
1361 885 1482 930 foret.
1541 886 1623 942 (20)
1652 884 1754 928 nihil
1796 898 1849 928 ex
1885 883 1951 928 his

168 960 341 1005 Caesari
371 960 650 1017 incognitum:
695 959 871 1004 consilia
900 958 1038 1011 locos,
1080 966 1277 1018 prompta
1307 960 1473 1005 occulta
1510 966 1705 1010 noverat,
1746 965 1952 1018 astusque

166 1035 354 1079 hostium
374 1035 416 1078 in
436 1035 674 1093 perniciem
699 1035 806 1093 ipsis
825 1034 1031 1079 vertebat.
1076 1035 1177 1079 Seio
1199 1034 1410 1079 Tuberoni
1441 1036 1578 1093 legato
1608 1035 1735 1079 tradit
1763 1035 1952 1094 equitem
1964 1045 2001 1075 io

167 1124 472 1169 campumque;
503 1110 698 1168 peditum
727 1110 863 1154 aciem
894 1111 951 1154 ita
970 1110 1178 1164 ,instruxit
1206 1117 1253 1154 ut
1280 1125 1382 1169 pars
1400 1103 1552 1169 'aequo
1582 1111 1625 1154 in
1655 1110 1804 1154 silvam
1833 1110 1951 1154 aditu

167 1185 400 1237 incederet,
431 1199 532 1243 pars
552 1185 769 1230 obiectum
787 1199 989 1244 aggerem
1008 1186 1264 1240 eniteretur3
1296 1187 1414 1245 quod
1443 1187 1642 1238 arduum,
1675 1186 1774 1236 sibi,
1808 1192 1951 1230 cetera

164 1261 315 1319 legatis
329 1261 534 1319 permisit.
565 1261 722 1320 quibus
738 1260 863 1319 plana
879 1268 1127 1316 evenerant,
1146 1262 1270 1307 facile
1291 1263 1514 1320 inrupere:
1537 1262 1634 1320 quis
1652 1261 1950 1319 inpugnandus

166 1350 318 1395 agger,
346 1343 393 1380 ut
413 1337 449 1381 si
469 1351 640 1381 murum
659 1336 961 1389 succederent,
985 1337 1186 1395 gravibus
1207 1351 1393 1396 superne
1412 1337 1566 1382 ictibus
1587 1336 1950 1381 conflictabantur.

167 1412 303 1456 sensit
333 1412 421 1455 dux
459 1412 654 1470 inparem
683 1412 920 1457 comminus
960 1427 1146 1471 pugnam
1193 1414 1457 1472 remotisque
1496 1412 1670 1471 paulum
1710 1412 1950 1470 legionibus
1964 1423 2000 1452 ⁴5

231 1528 264 1560 ⁴.
288 1528 407 1567 speties
426 1526 462 1559 Μ
486 1543 523 1549 -
548 1527 580 1558 5.
599 1526 792 1572 planitiem
811 1544 846 1550 —
864 1527 898 1559 7.
922 1527 1077 1559 adstitit
1098 1528 1132 1561 M
1162 1535 1264 1560 erasa
1286 1536 1356 1560 una
1379 1527 1436 1560 vel
1458 1527 1598 1560 duabus
1619 1526 1755 1561 litteris.
1783 1545 1820 1551 -
1845 1527 1878 1561 8.
1901 1528 1952 1560 liis

165 1581 368 1616 Oberlinus:
392 1583 437 1616 iis
457 1582 492 1615 Μ
508 1600 545 1608 —-
572 1582 626 1615 ⁴0.
647 1583 834 1624 permitiem
855 1583 889 1617 Μ
911 1599 948 1606 -
974 1583 1115 1616 tradidit
1135 1582 1304 1616 Halmius.
1331 1600 1367 1607 —
1393 1585 1408 1616 4
1416 1583 1447 1616 3.
1472 1584 1578 1629 plane
1600 1587 1762 1617 uenerant
1782 1585 1816 1618 Μ
1831 1583 1952 1627 (plana

164 1641 344 1674 euenerant
364 1637 516 1680 margo).

167 1740 264 1772 Grut.
288 1738 367 1779 226,
391 1738 412 1770 7
441 1739 477 1770 et
504 1737 603 1770 titulo
630 1746 735 1771 arcus
757 1738 916 1780 Segusini
940 1739 1034 1782 apud

168 1789 344 1823 Matreium
368 1789 454 1822 Mus.
483 1789 556 1821 Ver.
581 1797 617 1830 p.
642 1788 717 1822 234.

211 1839 264 1871 ⁴9.
289 1839 397 1870 locum
416 1838 555 1880 flumine
569 1841 599 1870 et
612 1838 703 1871 silvis
717 1839 878 1881 clausum]
903 1840 1033 1872 Omnes

165 1889 234 1921 hoc
255 1888 391 1931 flumine
412 1888 588 1928 Visurgim
618 1887 805 1929 significari
833 1889 1031 1931 opinantur,

165 1938 262 1980 quod
284 1937 410 1971 falsum
434 1946 513 1971 esse
536 1937 702 1979 liquebit,
725 1938 787 1971 ubi
809 1939 899 1973 haec
921 1939 1033 1972 verba

164 1987 270 2032 paulo
293 1989 491 2022 accuratius
508 1989 863 2023 consideraverimus.
897 1989 1032 2023 Proelio

165 2039 282 2081 priore
306 2040 418 2072 noctis
441 2040 642 2072 interventu
665 2040 762 2072 finito
775 2042 945 2082 proximis
962 2041 1034 2073 die-

163 2088 232 2121 bus
270 2097 437 2130 aggerem
470 2090 597 2122 struxit
629 2090 807 2123 exercitus
839 2091 1029 2131 Romanus,

163 2146 272 2180 quem
305 2146 377 2171 non
410 2147 522 2181 prope
561 2138 607 2171 ad
637 2139 813 2180 Visurgim
848 2141 1032 2181 aggestum

164 2196 262 2228 esse,
288 2187 352 2220 sed
374 2188 410 2220 in
433 2187 511 2220 loco
528 2188 623 2220 edito
642 2189 678 2221 et
693 2197 713 2221 a
729 2189 875 2222 flumine
892 2190 1031 2231 Visurgi

162 2236 308 2280 paulum
330 2239 487 2279 remoto,
513 2238 594 2271 inde
620 2238 784 2281 colligere
807 2239 905 2281 licet,
936 2239 1031 2282 quod

164 2288 335 2321 Cherusci
364 2294 445 2320 ante
469 2297 576 2330 quam
600 2289 695 2322 hunc
717 2290 916 2331 aspicerent
938 2294 1033 2323 trans

161 2337 269 2371 Albim
291 2337 490 2370 concedere
521 2339 556 2371 et
577 2347 684 2381 porro
709 2339 883 2380 ingruenti
906 2342 1032 2373 Roma-

163 2396 291 2420 norum
325 2389 494 2421 exercitui
527 2397 567 2421 se
604 2389 806 2423 subducere
843 2390 1028 2433 parabant.

162 2437 232 2470 Sed
255 2438 401 2491 aspectu
425 2436 483 2470 illo
507 2439 675 2471 commoti
702 2449 823 2482 aymen
844 2441 1031 2474 Romanum

163 2487 218 2528 (ex
229 2488 373 2529 agminis
384 2490 526 2521 nomine
539 2490 638 2530 patet
650 2490 897 2523 Germanicum
912 2500 1028 2533 pugna

161 2537 206 2570 ad
241 2538 415 2579 Visurgim
449 2541 602 2580 pugnata
635 2548 763 2573 versus
795 2540 912 2574 Albim
944 2551 1029 2584 pro-

160 2595 322 2628 gressum
340 2589 432 2629 esse)
458 2592 590 2629 repente
611 2589 786 2623 incursant
807 2591 1025 2633 turbantque,

160 2645 203 2669 ac
230 2639 411 2679 postremo
439 2637 557 2672 locum
580 2639 804 2681 insederunt,
840 2641 935 2675 unde
958 2643 1028 2675 Ro-

159 2696 284 2721 manos
314 2688 473 2721 cohiberi
504 2689 549 2722 ab
582 2690 707 2723 itinere
742 2690 832 2724 ultra
866 2692 1026 2726 faciendo

159 2746 265 2780 posse
280 2738 484 2780 sperabant.
517 2740 614 2779 Quae
630 2741 747 2773 omnia
764 2742 925 2783 quamvis
941 2751 1027 2784 pau-

160 2788 210 2820 cis
237 2787 358 2821 verbis
389 2791 627 2831 exponantur,
663 2791 771 2824 Taciti
800 2793 920 2825 tamen
943 2801 1026 2825 con-

159 2836 311 2870 suetudo
342 2838 378 2870 et
407 2839 484 2880 ipsa
507 2840 558 2871 rei
589 2842 714 2874 natura
738 2841 909 2882 ostendit,
942 2843 1026 2875 Ger-

159 2895 346 2920 manorum
369 2889 581 2930 exercitum,
614 2891 695 2923 ante
724 2890 856 2933 aliquot
882 2891 959 2925 dies
989 2892 1024 2925 in

159 2936 281 2969 dextra
314 2937 470 2979 Visurgis
503 2940 578 2982 ripa
613 2940 659 2972 ad
697 2941 873 2974 excidium
909 2951 1022 2983 usque

158 2995 321 3026 caesum,
347 2987 382 3020 in
404 2997 571 3030 regressu
594 2999 705 3023 novas
720 2990 888 3033 paulatim
903 2993 1023 3034 copias

158 3037 414 3078 assumpsisse,
454 3040 494 3070 ut
529 3040 675 3073 tandem
713 3040 903 3083 (postremo)
939 3050 1023 3084 pro—

157 3086 330 3128 gredienti
359 3086 457 3119 militi
479 3088 636 3121 Romano
659 3090 726 3122 iter
748 3090 934 3123 obstruere
961 3099 1023 3123 co-

157 3137 338 3168 narentur.
385 3137 507 3178 ltaque
528 3139 651 3180 fiumen
679 3139 764 3172 illud
791 3149 861 3172 non
885 3142 940 3172 est
960 3141 1022 3172 Vi-

157 3187 290 3227 surgis,
321 3186 386 3219 sed
409 3189 464 3219 est
486 3187 619 3221 flumen
644 3189 736 3222 inter
757 3190 933 3231 Visurgim
957 3190 1022 3223 de—

158 3244 306 3269 currens
329 3237 366 3269 et
378 3236 513 3277 Albim,
539 3239 638 3271 cuius
661 3247 791 3272 nomen
807 3241 945 3273 Tacitus
961 3243 1022 3273 aut

157 3284 328 3325 ignoravit
359 3288 420 3319 aut
454 3295 587 3328 ponere
619 3287 781 3329 neglexit.
822 3290 897 3322 Fuit
928 3299 1018 3331 quae

158 3333 254 3368 zaim
282 3345 376 3369 nunc
402 3337 500 3370 audit
529 3340 590 3371 aut
610 3339 715 3379 Aller‚
746 3340 843 3372 certe
870 3349 940 3373 non
964 3341 1021 3373 Vi-

158 3384 284 3425 surgis.
307 3386 381 3419 Iam
396 3386 495 3421 vides
510 3387 648 3421 titulum
664 3397 695 3422 c.
710 3389 752 3422 22
768 3392 1016 3432 memoratum,

1082 1738 1250 1772 debellatis
1275 1740 1363 1772 inter
1393 1739 1537 1772 Rhenum
1563 1739 1734 1781 Albimque
1761 1741 1952 1775 nationibus

1083 1791 1166 1827 cet..
1200 1797 1281 1822 esse
1311 1789 1457 1831 quidem
1486 1790 1680 1830 superbum,
1713 1791 1777 1824 sed
1806 1792 1949 1825 inanem

1082 1838 1279 1880 falsumque
1309 1848 1380 1872 non
1410 1848 1510 1879 esse,
1547 1842 1583 1872 et
1615 1849 1701 1873 sane
1735 1840 1813 1874 talis
1844 1841 1950 1875 decet

1082 1890 1349 1929 Germanicum,
1384 1890 1567 1923 hominem
1597 1900 1617 1923 a
1649 1892 1748 1925 vanis
1781 1891 1948 1926 alienum.

1082 1940 1194 1972 Etiam
1226 1940 1378 1972 concinit
1406 1939 1502 1981 quod
1531 1939 1681 1981 legimus
1704 1942 1736 1982 2,
1762 1940 1799 1974 4⁴
1828 1943 1951 1976 trium-

1082 1989 1212 2031 phasse
1237 1989 1485 2022 Germanicum
1513 1989 1558 2022 de
1583 1990 1717 2024 Chattis
1741 1991 1950 2025 Cheruscis-

1082 2047 1160 2079 quev
1181 2040 1216 2071 et
1243 2040 1476 2080 Angrivariis,
1508 2049 1656 2080 quaeque
1686 2040 1775 2073 aliae
1801 2042 1951 2075 nationes

1080 2097 1182 2129 usque
1204 2089 1249 2120 ad
1262 2088 1369 2121 Albim
1390 2089 1511 2122 colunt.
1548 2091 1653 2131 Atqui
1675 2091 1742 2123 hac
1758 2100 1827 2124 una
1845 2101 1950 2134 expe-

1081 2138 1212 2171 ditione
1234 2147 1346 2180 prope
1368 2138 1485 2171 Albim
1511 2141 1730 2181 penetravit:
1761 2141 1797 2173 in
1821 2142 1948 2175 ceteris

1081 2197 1126 2221 ne
1157 2188 1334 2230 Visurgim
1362 2189 1507 2231 quidem
1538 2192 1780 2232 superaverat.
1811 2193 1956 2225 Rirrnn..

1083 2255 1119 2262 —
1143 2238 1348 2281 Angrivarii]
1377 2239 1465 2272 Vide
1490 2239 1535 2272 ad
1559 2241 1638 2273 c.-8
1662 2242 1698 2273 et
1719 2240 1774 2273 24.
1814 2242 1947 2275 Eorum

1080 2287 1185 2320 sedes
1209 2289 1284 2320 tum
1300 2290 1401 2321 erant
1422 2290 1457 2322 in
1473 2290 1609 2331 campis
1625 2290 1946 2325 Brunoviceusibus

1081 2339 1116 2370 et
1139 2338 1392 2371 Hanoveranis.

1121 2439 1175 2472 20.
1201 2439 1275 2472 Seio
1301 2439 1470 2481 Tuberoni]
1500 2440 1600 2473 Conf.
1625 2440 1666 2480 4,
1691 2441 1745 2474 29.
1782 2442 1818 2474 L.
1845 2442 1945 2475 Seius

1079 2488 1217 2522 Tubero
1236 2489 1358 2522 consul
1375 2493 1451 2523 erat
1466 2490 1605 2523 Tiberio
1622 2491 1792 2525 suffectus
1807 2493 1944 2526 incerto

1078 2539 1233 2581 quodam
1263 2540 1320 2573 die
1349 2542 1482 2574 mensis
1510 2542 1660 2574 Ianuarii
1690 2551 1721 2575 a.
1747 2552 1782 2575 u.
1809 2552 1840 2575 c.
1866 2544 1943 2576 77⁴.

1077 2590 1164 2622 Vide
1195 2591 1339 2623 Henzen
1369 2592 1415 2624 ad
1443 2593 1572 2625 Inscrr.
1597 2593 1685 2625 Latt.
1717 2602 1752 2625 n.
1779 2592 1875 2626 6442.
1904 2612 1941 2617 —

1076 2640 1147 2681 sibi]
1179 2641 1229 2673 Ex
1256 2641 1369 2674 verbo
1391 2643 1544 2683 permisit
1577 2651 1643 2685 per
1674 2651 1824 2685 zeugma
1855 2643 1942 2677 elice

1075 2691 1229 2732 sumpsit,
1262 2693 1454 2725 reservavit.
1503 2693 1629 2726 Mirum
1652 2693 1756 2726 huius
1779 2692 1942 2735 syllepsis

1077 2739 1279 2782 exemplum
1294 2741 1396 2774 affert
1410 2741 1570 2775 Walther
1593 2751 1636 2774 ex
1651 2742 1781 2775 Herod.
1799 2742 1831 2783 4,
1859 2743 1939 2775 406:

1075 2789 1222 2833 ἐσθῆτα
1244 2790 1285 2824 δὲ
1308 2792 1497 2838 φορέουσι
1518 2790 1565 2840 τῇ
1589 2791 1760 2840 Σκυθικῇ
1785 2790 1938 2836 ὁμοίαν,

1073 2839 1253 2884 γλῶσσαν
1281 2840 1322 2875 δὲ
1354 2841 1464 2885 ἰδίην.
1492 2861 1527 2866 -
1560 2852 1695 2876 murum
1722 2843 1940 2885 succederent]

1073 2891 1169 2924 idem
1198 2900 1284 2924 sane
1306 2892 1341 2925 h.
1367 2891 1389 2925 l.
1417 2894 1521 2934 atque
1553 2894 1807 2935 impugnarent,
1842 2894 1940 2925 scalis

1072 2942 1285 2974 eniterentur.
1330 2943 1487 2975 Muretus
1526 2943 1601 2976 sine
1640 2953 1747 2977 causa
1783 2942 1939 2976 malebat

1071 3000 1183 3031 mur0;
1208 2993 1358 3034 utraque
1375 2994 1586 3026 constructio
1601 2997 1710 3028 recta.
1740 2995 1938 3028 Discrimen

1070 3050 1174 3081 vern,
1201 3042 1295 3083 quod
1318 3044 1474 3076 statuunt
1491 3044 1662 3085 Ryckius‚
1687 3043 1853 3083 Wolfius,
1878 3044 1936 3078 alii

1071 3101 1204 3124 murum
1240 3094 1411 3127 succedere
1448 3102 1527 3127 esse
1566 3094 1707 3135 subire,
1748 3093 1932 3136 scandere,

1070 3150 1167 3174 muro
1181 3143 1350 3175 succedere
1372 3144 1563 3185 accedere,
1589 3153 1658 3177 non
1674 3152 1933 3185 usquequaque

1070 3199 1196 3224 verum
1227 3194 1297 3225 est:
1335 3194 1467 3226 etenim
1497 3194 1592 3236 apud
1614 3194 1747 3226 Livium
1775 3192 1828 3233 38,
1854 3193 1886 3233 9,
1911 3194 1931 3226 7

1069 3242 1239 3274 succedens
1254 3252 1388 3276 murum
1409 3243 1494 3276 nihil
1516 3243 1610 3276 aliud
1627 3244 1680 3275 est
1695 3251 1803 3283 quam
1818 3251 1930 3285 prope

1069 3292 1265 3332 accedens;
1291 3294 1395 3335 atque
1418 3293 1552 3326 ibidem
1575 3302 1605 3325 c.
1630 3292 1671 3325 45
1692 3293 1932 3326 succedentium

1066 3350 1197 3383 muros,
1222 3343 1575 3385 appropinquantium
1598 3341 1643 3374 ad
1665 3350 1797 3375 muros.
1833 3342 1930 3376 Alte-

1066 3391 1140 3426 rius
1163 3393 1432 3426 constructionis
1449 3391 1650 3435 exemplum
1668 3391 1817 3435 praebet
1832 3393 1927 3427 idem
