2254 3770
314 332 367 375 68

787 334 831 376 P.
864 331 1113 376 CORNELII
1144 332 1313 377 TACITI
1343 332 1611 378 ANNALIUM

314 451 391 482 nes
421 438 651 490 sociorum,
684 438 757 497 qui
789 451 910 482 sacra
940 445 982 482 et
1010 438 1130 483 lucos
1152 446 1194 483 et
1213 452 1308 483 aras
1327 439 1475 497 patriis
1496 439 1692 484 amnibus
1713 439 1960 484 dicaverint.
1990 440 2092 498 quin

313 515 455 573 ipsum
475 515 687 559 Tiberium
717 513 828 558 nolle
858 528 1033 572 prorsus
1053 514 1210 559 accolis
1231 514 1370 558 fluviis
1392 514 1587 559 orbatum
1607 515 1771 559 minore
1792 515 1924 574 gloria
1943 515 2092 561 fluere.

315 605 393 635 seu
423 605 572 649 preces
603 590 864 635 coloniarum
892 604 970 634 seu
1001 590 1224 634 difficultas
1255 604 1434 648 operum
1463 591 1553 635 sive
1584 591 1828 648 superstitio
1858 591 2008 644 valuit,
2048 597 2095 636 ut

314 666 356 709 in
388 667 638 710 sententiam
668 665 833 709 Pisonis
865 665 1185 717 concederetur,

1218 666 1291 724 qui
1322 665 1380 709 nil
1408 665 1658 710 mutandum
1687 674 1924 711 censuerat.

282 752 302 782 5
427 742 507 799 (80)
538 743 793 799 Prorogatur
822 742 1023 799 Poppaeo
1054 741 1212 785 Sabino
1243 742 1462 799 provincia
1480 742 1657 794 Moesia,
1690 742 1845 787 additis
1865 743 2021 788 Achaia
2042 757 2094 788 ac

313 817 572 861 Macedonia.
612 817 655 860 id
676 830 850 875 quoque
871 831 1038 860 morum
1058 816 1213 861 Tiberii
1235 817 1327 870 suit,
1360 817 1608 864 continuare
1640 819 1821 876 imperia
1848 832 1899 863 ac
1927 819 2094 878 pleros,-

313 906 398 951 que
427 892 482 936 ad
512 892 639 936 finem
668 893 779 936 vitae
810 893 853 935 in
877 892 1015 936 isdem
1036 892 1291 937 exercitibus
1312 899 1384 936 aut
1403 893 1767 938 iurisdictionibus
1786 893 1962 940 habere.
1992 909 2093 940 cau-

313 982 386 1012 sae
416 968 558 1012 variae
588 968 829 1012 traduntur:
862 968 930 1012 alii
960 969 1101 1013 taedio
1131 983 1267 1013 novae
1297 982 1425 1013 curae
1457 969 1590 1013 semel
1619 969 1775 1028 placita
1804 984 1882 1029 pro
1907 972 2092 1016 aeternis

312 1044 573 1096 servavisse,
606 1044 780 1102 quidam
808 1044 985 1095 invidia,
1017 1059 1071 1088 ne
1094 1043 1236 1102 plures
1258 1044 1510 1089 fruerentur.
1543 1053 1641 1089 sunt
1660 1046 1734 1104 qui
1756 1047 2014 1100 existiment,
2045 1054 2092 1092 ut

261 1129 298 1160 4ο
312 1119 509 1164 callidum
539 1119 631 1163 eius
661 1120 897 1177 ingenium,
929 1120 987 1164 ita
1013 1120 1183 1164 anxium
1212 1120 1427 1164 iudicium.
1463 1134 1605 1179 neque
1627 1122 1741 1166 enim
1762 1122 1987 1167 eminentis
2005 1123 2091 1167 vir-

310 1202 420 1240 tutes
452 1195 713 1246 sectabatur,
755 1202 798 1239 et
826 1209 995 1238 rursum
1025 1196 1125 1240 vitia
1156 1196 1323 1240 oderat:
1363 1211 1417 1241 ex
1446 1197 1617 1255 optimis
1653 1197 1894 1256 periculum
1923 1198 2024 1252 sibi,
2064 1213 2090 1244 a

308 1272 506 1329 pessimis
537 1271 728 1315 dedecus
758 1270 976 1328 publicum
1007 1271 1234 1315 metuebat.
1274 1285 1359 1330 qua
1378 1271 1657 1317 haesitatione
1677 1279 1896 1332 postremo
1917 1289 1970 1319 eo
1990 1289 2090 1334 pro-

308 1354 456 1391 vectus
486 1353 552 1391 est
580 1353 627 1390 ut
655 1345 919 1391 mandaverit
948 1346 1207 1404 quibusdam
1238 1348 1498 1405 provincias,
1542 1363 1652 1407 quos
1691 1349 1838 1408 egredi
1867 1351 1975 1396 urbe
2004 1365 2090 1396 non

307 1429 398 1467 erat
426 1436 642 1481 passurus.

256 1507 292 1538 45
419 1499 499 1555 (84)
530 1499 592 1542 De
633 1497 811 1542 comitiis
851 1496 1164 1549 consularibus,
1209 1512 1321 1556 quae
1358 1505 1448 1543 tum
1483 1500 1669 1558 primum
1705 1500 1776 1545 illo
1817 1501 2010 1561 principe
2039 1516 2092 1547 ac

305 1574 509 1632 deinceps
539 1574 672 1621 fuere.
717 1573 786 1617 vix
815 1574 1045 1632 quicquam
1082 1573 1253 1618 firmare
1292 1575 1448 1619 ausim:
1489 1576 1599 1620 adeo
1630 1577 1802 1621 diversa
1837 1591 1922 1622 non
1960 1578 2090 1622 modo

304 1655 406 1708 aput
443 1655 640 1694 auctores
680 1649 756 1693 sed
799 1649 841 1691 in
885 1649 1021 1706 ipsius
1061 1650 1324 1694 orationibus
1363 1651 1647 1709 reperiuntur.
1696 1652 1826 1697 modo
1864 1652 2089 1699 subtractis

345 1811 376 1844 4.
400 1811 566 1843 sociorum
587 1810 637 1843 M:
661 1809 830 1841 maiorum
852 1808 1066 1851 Nipperdey.
1085 1825 1121 1832 -
1147 1808 1179 1842 3.
1198 1817 1338 1850 praeces
1360 1809 1486 1853 (littera
1501 1819 1525 1842 a
1539 1811 1671 1853 puncto
1687 1810 1820 1853 notata)
1842 1812 1876 1846 M
1893 1829 1929 1836 -
1955 1811 1988 1846 4.
2005 1821 2088 1846 con·

299 1867 469 1900 cederetur
489 1867 641 1909 Lipsius:
665 1867 852 1899 concederet
873 1867 924 1904 M;
950 1867 1159 1899 concederent
1173 1866 1318 1908 (patres)
1341 1866 1564 1900 Doederlein.
1591 1867 1642 1901 Cf.
1668 1877 1743 1901 var.
1768 1867 1849 1902 lect.
1875 1869 1928 1910 43,
1950 1870 2004 1903 46.
2030 1869 2085 1912 44,

300 1924 332 1957 7.
356 1923 410 1957 48.
436 1923 489 1962 46,
513 1922 546 1956 4.
577 1923 663 1955 Hist.
690 1923 720 1963 4,
747 1922 799 1955 34.
824 1922 861 1963 4,
885 1923 939 1955 55.
957 1922 1011 1956 86.
1032 1941 1067 1946 —
1091 1923 1124 1956 7.
1148 1923 1243 1955 istem
1265 1924 1298 1957 M
1323 1941 1358 1946 -
1385 1924 1417 1957 8.
1440 1925 1535 1956 varie
1557 1925 1611 1957 Fr.
1637 1925 1764 1958 Haase.
1791 1942 1827 1949 -
1853 1925 1886 1958 9.
1911 1926 2088 1967 fuerentur

298 1989 351 2022 pr.
376 1981 410 2014 M
434 1997 471 2003 —-
497 1981 550 2012 40.
574 1980 710 2012 uirtutis
731 1988 783 2021 pr.
809 1979 842 2013 M
863 1996 898 2002 -
926 1980 979 2012 44.
1004 1979 1064 2012 sibi
1085 1979 1147 2014 sibi
1169 1980 1202 2014 M
1227 1998 1263 2003 —
1289 1981 1342 2014 43.
1368 1981 1581 2022 quibustdam
1603 1980 1730 2024 (littera
1753 1986 1766 2015 t
1788 1982 1926 2024 punctis
1949 1983 2084 2024 notata)

297 2037 332 2071 M
356 2054 391 2060 —
418 2037 471 2070 47.
496 2039 628 2069 autores
650 2037 683 2070 M
708 2054 744 2061 —
768 2036 1001 2076 repperiuntur
1021 2037 1066 2070 M.

298 2182 425 2214 eosdem
447 2181 608 2213 conditus.
637 2197 672 2202 —
704 2187 804 2211 sacra
819 2196 867 2203 --
883 2179 1079 2221 dicaverint]
1112 2179 1162 2213 Cf.

299 2231 383 2265 Plin.
416 2231 503 2274 Epp.
534 2231 574 2271 8,
599 2230 619 2263 8
650 2229 695 2262 de
726 2230 888 2263 Clitumna
918 2229 986 2263 deo
1017 2230 1164 2271 eiusque

299 2281 406 2315 cultu.

341 2332 395 2365 80.
421 2331 628 2371 Prorogatur
656 2330 803 2370 Poppaeo
831 2329 955 2362 Sabino
985 2329 1067 2371 cet.]
1098 2338 1165 2362 avo

300 2383 458 2415 materno
474 2382 658 2422 Poppaeae
674 2379 842 2419 Sabinae,
864 2380 1012 2412 Neronis
1028 2379 1163 2422 pelicis.

299 2432 350 2466 Cf.
369 2433 475 2465 etiam
491 2430 523 2470 4,
549 2429 603 2463 46.
621 2431 653 2469 5,
673 2430 723 2462 40.
750 2430 782 2470 6,
800 2430 853 2462 39.
879 2429 933 2469 43,
950 2429 1003 2463 45.
1029 2431 1092 2463 Dio
1109 2431 1163 2471 58,

297 2483 358 2515 25:
398 2480 602 2520 Ποππαϊος
637 2477 803 2519 Σαβῖνος
835 2477 904 2522 τῆς
937 2488 978 2511 τε
1014 2478 1165 2520 Μυσίας

297 2531 478 2578 ἑκατέρας
499 2531 566 2563 καὶ
589 2530 743 2576 προσέτι
766 2529 830 2562 καὶ
845 2527 914 2571 τῆς
928 2527 1165 2571 Μακεδονίας

298 2582 338 2624 ἐς
360 2582 485 2616 ἐκεῖνο
507 2579 576 2614 τοῦ
599 2575 742 2627 χρόνου
762 2580 803 2621 (a.
821 2588 856 2612 u.
874 2580 948 2620 787)
966 2576 1069 2627 παρὰ
1091 2578 1165 2613 πᾶ-

298 2643 372 2666 σαν
405 2627 457 2673 ὥς
490 2632 607 2664 εἰπεῖν
640 2627 711 2671 τὴν
738 2628 807 2663 τοῦ
839 2628 1013 2675 Τιβερίου
1041 2626 1165 2677 ἀρχὴν

298 2678 561 2727 ἡγεμονεύσας
597 2673 735 2723 ἥδιστα
767 2676 1042 2724 προαπηλλάγη
1078 2680 1164 2726 πρίν

298 2742 383 2766 τινα
406 2731 532 2764 αἰτίαν
554 2728 695 2769 λαβεῖν.
721 2728 760 2761 In
783 2729 880 2761 fastis
905 2728 1106 2771 Capitolinis
1129 2738 1162 2762 a.

298 2791 333 2815 u.
359 2782 416 2814 764
444 2781 592 2814 vocatur
619 2779 653 2812 C.
678 2780 846 2819 Poppaeus
869 2778 906 2819 Q.
930 2778 955 2819 f.
982 2779 1020 2819 Q.
1043 2788 1078 2810 n.
1103 2778 1165 2811 Sa-

299 2832 406 2865 binus.
432 2847 468 2854 -
502 2831 624 2863 additis
650 2829 777 2862 Achaia
806 2837 848 2861 ac
877 2827 1085 2869 Macedonia]
1110 2828 1161 2861 Cf.

299 2891 330 2915 c.
357 2881 411 2914 76.
438 2897 475 2903 —
501 2881 696 2912 continuare
716 2879 858 2919 imperia
881 2877 961 2919 cet.]
987 2877 1038 2911 Cf.
1063 2877 1095 2918 4,
1123 2878 1161 2910 6:

299 2933 359 2965 Res
379 2939 458 2963 suas
479 2930 603 2963 Caesar
620 2929 858 2970 spectatissimo
874 2929 1004 2968 cuique,
1029 2927 1166 2969 quibus-

299 2983 377 3015 dam
395 2982 520 3023 iynotis
540 2989 585 3012 ecc
597 2980 692 3020 fama
705 2978 902 3018 mandabat,
926 2979 1086 3019 semelque
1101 2979 1165 3011 ad-

299 3032 419 3072 sumpti
452 3029 645 3062 tenebantur
671 3037 814 3069 prorsus
845 3029 915 3060 sine
942 3029 1055 3069 modo,
1090 3036 1166 3060 cum

294 3082 446 3122 plerique
476 3080 580 3112 isdem
607 3079 748 3120 neyotiis
779 3078 1026 3110 insenescerent.
1061 3094 1097 3101 -
1128 3078 1165 3110 in

297 3130 400 3163 isdem
413 3127 614 3162 excercitibus
623 3130 685 3160 aut
695 3126 989 3168 iurisdictionibus]
1005 3125 1165 3169 Intelligit

300 3179 460 3213 Caesaris
490 3179 616 3220 legatos
645 3179 680 3210 et
708 3179 946 3217 procuratores
975 3177 1163 3210 inermium

300 3230 573 3270 provinciarum.
614 3227 665 3261 Cf.
696 3227 783 3260 Hist.
814 3228 851 3266 4,
884 3228 936 3259 44.
969 3244 1004 3250 -
1041 3236 1164 3261 causae

297 3279 425 3322 variae]
455 3280 599 3312 sueton.
629 3277 703 3310 Tib.
728 3277 764 3310 44
798 3276 899 3309 affert
931 3277 1104 3318 ignaviam
1127 3279 1163 3311 et

299 3328 544 3370 negligentiam
576 3327 629 3360 rei
661 3325 846 3369 publicae;
882 3326 1052 3368 Iosephus
1080 3327 1158 3360 Aut.

298 3377 373 3409 Iud.
400 3377 452 3417 48,
477 3378 509 3418 6,
535 3377 554 3419 S
577 3378 597 3410 5
626 3376 780 3410 studium
808 3375 970 3418 placendi
998 3376 1102 3409 sociis
1126 3378 1162 3409 et

298 3426 588 3468 provincialibus;
623 3427 687 3460 Dio
719 3426 780 3466 58,
809 3425 852 3459 23
882 3425 986 3458 tradit
1013 3425 1046 3458 id
1079 3434 1158 3459 esse

297 3475 430 3509 factum
451 3472 592 3523 ἀπορίᾳ
611 3474 687 3509 τῶν
709 3471 983 3519 διαδεξομένων
1005 3470 1157 3516 αὐτούς.

1216 2180 1266 2213 Cf.
1285 2181 1318 2221 6,
1342 2181 1404 2213 27:
1427 2180 1546 2213 Flacco
1569 2181 1763 2222 Pomponio,
1787 2182 1908 2222 Syriae
1923 2191 2087 2224 proprae-

1215 2233 1302 2271 tore,
1338 2231 1490 2271 desuncto
1505 2231 1744 2264 --incusabat
1777 2231 1959 2273 (Tiberius)
1993 2242 2085 2276 epre-

1213 2282 1307 2322 9ium
1329 2288 1488 2321 quemque
1503 2283 1534 2312 et
1547 2282 1700 2322 regendis
1713 2281 1916 2315 exercitibus
1928 2283 2087 2316 idoneum

1215 2330 1359 2363 abnuere
1379 2331 1416 2364 id
1436 2339 1575 2371 munus,
1601 2340 1697 2372 seque
1719 2341 1760 2364 ea
1780 2334 2019 2366 necessitudine
2040 2333 2086 2367 ad

1208 2389 1324 2420 preces
1345 2381 1421 2422 aqi,
1451 2389 1515 2421 per
1537 2389 1621 2421 quas
1643 2382 1871 2415 consularium
1900 2383 2007 2424 aliqui
2029 2391 2086 2416 ca-

1208 2438 1341 2470 passere
1355 2430 1554 2471 provincias
1576 2431 1802 2472 adigerentur.
1830 2450 1866 2455 —
1895 2433 1992 2466 semel
2006 2433 2085 2474 pla-

1213 2480 1282 2512 cita
1287 2487 1353 2520 pro
1364 2480 1507 2515 aeternis
1519 2480 1714 2523 servavisse]
1732 2481 1888 2515 Eandem
1902 2490 2084 2516 morosam

1215 2529 1452 2561 constantiam
1481 2529 1624 2562 retinuit
1652 2531 1758 2563 etiam
1787 2531 1823 2563 in
1845 2533 1931 2574 typo
1954 2531 2084 2565 eodem

1215 2577 1443 2611 denariorum
1463 2586 1653 2612 aureorum
1676 2582 1712 2612 et
1727 2583 1976 2622 argenteorum
1999 2581 2083 2615 inde

1214 2627 1259 2660 ab
1276 2636 1308 2660 a.
1327 2628 1390 2661 768
1414 2636 1527 2670 usque
1551 2628 1597 2661 ad
1612 2631 1765 2663 mortem
1780 2630 1969 2664 servando.
1993 2630 2082 2664 Vide

1215 2676 1344 2710 Eckhel
1367 2677 1408 2710 D.
1432 2678 1475 2711 N.
1501 2678 1555 2711 VI.
1581 2687 1616 2721 p.
1643 2679 1718 2713 488.
1747 2697 1783 2703 -
1811 2683 1852 2713 ut
1870 2681 2086 2713 ntandaverit

1214 2726 1411 2768 quibusdam
1426 2729 1623 2767 provincias
1645 2729 1726 2770 cet.]
1750 2730 1893 2763 Sueton.
1917 2729 1993 2764 Tib.
2018 2730 2080 2764 63:

1217 2778 1322 2809 Unum
1350 2780 1382 2810 et
1411 2777 1555 2810 alterum
1576 2780 1767 2811 consulares
1802 2780 1922 2813 oblatis
1945 2781 2083 2821 provin-

1214 2827 1274 2859 ciis
1301 2835 1368 2859 non
1398 2835 1502 2859 ausus
1529 2837 1552 2860 a
1579 2836 1612 2860 se
1640 2829 1805 2862 dimittere
1840 2838 1945 2871 usque
1969 2838 2007 2862 eo
2028 2831 2083 2863 do-

1213 2877 1331 2916 tinuit,
1363 2876 1464 2909 donec
1492 2886 1692 2911 successores
1719 2882 1794 2919 post
1821 2880 1951 2920 aliquot
1977 2888 2082 2912 annos

1206 2925 1436 2966 praesentibus
1474 2927 1595 2967 daret,
1637 2936 1713 2960 cum
1751 2930 1888 2961 interim
1928 2932 2082 2962 manente

1212 2977 1312 3018 officii
1335 2976 1431 3009 titulo
1454 2979 1554 3010 etiam
1574 2977 1740 3019 delegaret
1755 2979 1910 3019 plurima
1931 2980 2075 3020 assidue,

1213 3035 1298 3068 quae
1326 3027 1376 3060 illi
1399 3035 1464 3068 per
1493 3027 1619 3070 legatos
1647 3030 1679 3060 et
1701 3028 1872 3062 adiutores
1891 3037 1968 3062 suos
1988 3038 2081 3064 exse-

1212 3077 1343 3118 quenda
1366 3081 1534 3111 curarent.
1572 3077 1623 3111 Cf.
1649 3078 1668 3110 6
1682 3103 1690 3118 ,
1714 3078 1776 3111 27:
1812 3079 1932 3113 oblitus
1951 3080 2079 3114 Anum

1212 3129 1313 3169 timu,
1349 3137 1390 3161 ne
1421 3129 1458 3162 in
1485 3128 1684 3169 Hispaniam
1710 3133 1883 3171 pergeret,
1916 3131 2079 3165 decinam

1209 3178 1280 3210 iam
1301 3186 1429 3211 annum
1449 3178 1598 3211 attinent

1254 3277 1309 3310 84.
1345 3279 1415 3310 tum
1431 3277 1591 3321 primum]
1625 3277 1783 3311 secundo
1812 3286 1905 3312 anno
1935 3279 2074 3320 Tiberii,

1211 3335 1280 3368 quo
1303 3327 1457 3369 primum
1480 3327 1675 3369 designavit
1690 3326 1872 3366 consules:
1898 3337 1981 3363 nam
1997 3339 2077 3373 pro·

1209 3377 1302 3410 xime
1326 3377 1442 3418 priore
1458 3376 1696 3410 destinaverat
1710 3377 1904 3419 Augustus:
1930 3379 2078 3422 deinceps

1208 3425 1358 3468 intellige
1382 3426 1427 3459 de
1449 3426 1594 3469 reliquis
1616 3427 1716 3460 annis
1746 3427 1907 3462 eiusdem
1932 3428 2072 3472 Tiberii,

1207 3483 1279 3509 non
1302 3475 1347 3510 de
1370 3472 1638 3512 successoribus
1662 3476 1752 3511 eius.
1789 3477 1840 3512 Cf.
1857 3478 1922 3513 Dio
1937 3480 1992 3523 68,
2016 3479 2072 3514 20.
