2254 3770
332 309 414 353 580
751 311 1124 358 MONUMENTUM
1152 311 1471 357 ANCYRANUM
1500 312 1700 357 LATINE.

301 427 321 456 5
390 416 521 461 aedes
553 418 594 461 in
624 417 829 476 Capitolio
859 419 970 463 Iovis
1001 419 1162 463 Feretri
1193 425 1234 463 et
1267 419 1379 462 Iovis
1408 418 1622 470 Tonantis,
1655 417 1807 462 aedem
1836 419 2022 472 Quirini,

389 493 520 537 aedes
548 493 761 538 Minervae
793 501 835 537 et
863 494 1035 537 Iunonis
1066 494 1251 551 Reginae
1283 500 1325 537 et
1354 493 1465 537 Iovis
1495 492 1717 537 Libertatis
1749 493 1790 536 in
1818 495 2035 547 Aventino,

389 568 542 618 aedem
579 570 734 612 Larum
765 570 807 612 in
836 583 1001 613 summa
1031 569 1161 614 Sacra
1189 569 1279 620 via,
1321 568 1472 612 aedem
1504 568 1634 612 deum
1661 569 1881 613 Penatium
1911 570 1953 612 in
1982 568 2110 621 Velia,

388 643 541 687 aedem
570 644 814 696 Iuventatis,
847 645 999 688 aedem
1030 645 1171 688 Matris
1201 657 1381 702 magnae
1412 644 1454 686 in
1484 643 1642 687 Palatio
1672 643 1765 688 feci.

334 718 584 776 Capitolium
615 727 657 764 et
683 720 968 779 Pompei[um]
995 720 1205 765 theatrum
1224 726 1453 777 utrumque
1474 733 1583 777 opus
1604 718 1797 777 impensa
1816 719 1965 777 grandi
1985 719 2114 764 refeci

283 806 319 835 ιο
388 794 480 838 sine
519 794 606 838 ulla
635 795 911 854 inscriptione
943 796 1124 839 nominis
1155 795 1250 839 mei.
1295 795 1423 839 Rivos
1452 808 1661 853 aquarum
1691 794 1981 852 compluribus
2009 794 2115 840 locis

387 876 595 914 vetustate
634 870 826 915 labentes
862 871 1013 924 refeci,
1051 879 1093 915 et
1123 884 1278 929 aquam
1308 884 1419 928 quae
1449 868 1605 915 Marcia
1636 869 1874 928 appellatur
1903 869 2116 929 duplicavi

388 944 501 989 sonte
532 960 644 990 novo
674 946 717 989 in
746 946 882 990 rivum
914 947 1006 990 eius
1030 946 1226 1003 inmisso.
1273 947 1427 989 Forum
1457 944 1609 989 Iulium
1639 951 1681 989 et
1709 944 1941 998 basilicam,

389 1034 502 1079 quae
537 1021 614 1065 fuit
647 1022 757 1066 inter
794 1022 948 1065 aedem
983 1021 1171 1065 Castoris
1200 1028 1242 1065 et
1270 1020 1423 1065 aedem
1452 1021 1639 1072 Saturni,
1686 1027 1838 1079 coepta
1872 1020 2117 1079 profligata-

387 1109 473 1153 que
503 1110 637 1154 opera
666 1110 691 1141 a
720 1103 841 1155 patre
871 1110 980 1148 me0,
1011 1096 1170 1155 perfeci
1201 1103 1243 1141 et
1271 1097 1455 1140 eandem
1482 1095 1701 1140 basilicam
1728 1103 2021 1155 consumptam
2051 1097 2117 1142 in-

282 1183 319 1213 ⁴5
388 1171 541 1215 cendio
582 1171 781 1230 ampliato
823 1172 916 1216 eius
956 1171 1048 1216 solo
1084 1172 1165 1216 sub
1203 1171 1323 1215 titulo
1361 1171 1542 1215 nominis
1571 1170 1755 1215 filiorum
1782 1185 1969 1216 meorum
1996 1172 2116 1218 inco-

389 1246 484 1290 havi
515 1254 573 1299 et‚
606 1247 641 1290 si
671 1248 793 1291 vivus
826 1261 908 1291 non
938 1247 1233 1305 perfecissem,
1266 1246 1413 1305 perfici
1444 1246 1498 1290 ab
1528 1246 1759 1291 heredibus
1786 1248 1887 1291 meis
1913 1248 2025 1292 iussi.

389 1322 983 1389 Duowetchhtogivntfflaffltffiqrppla
1013 1323 1141 1368 deum
1162 1323 1217 1381 'ip
1246 1322 1352 1366 urbe
1383 1321 1531 1378 consul
1559 1329 1724 1366 seoetum
1753 1337 1807 1367 em
1834 1323 1993 1367 decreto

386 1378 556 1442 {Jiiatus
579 1398 880 1463 ffifssffllffl
910 1385 1213 1456 praetermisso
1244 1398 1359 1456 quod
1390 1404 1503 1442 vetus
1532 1398 1733 1456 templum
1760 1398 1916 1455 fuisset.

391 1624 540 1669 Consul
567 1626 783 1684 septimum
813 1626 924 1668 viam
955 1638 1061 1683 quae
1089 1624 1297 1668 Flaminia
1326 1623 1560 1682 appellatur
1588 1623 1674 1682 ipse
1701 1638 1794 1668 mea
1818 1624 2004 1682 pecunia,

281 1713 318 1744 πο
388 1702 440 1745 ab
469 1702 562 1746 aliis
590 1701 948 1760 praetermissam,
978 1702 1138 1759 sumpsi
1164 1699 1441 1744 muniendam.

333 1927 500 1971 Privato
531 1926 623 1970 solo
653 1934 788 1985 empto
820 1927 962 1971 Martis
992 1926 1145 1972 Ultoris
1174 1926 1377 1985 templum
1408 1926 1631 1985 forumque
1660 1927 1897 1984 Augustum
1927 1932 1970 1969 et

386 2002 596 2046 theatrum
626 2003 681 2047 ad
711 2003 865 2047 aedem
894 2001 1097 2061 Apollinis
1127 2002 1171 2045 in
1202 2001 1294 2046 solo
1324 2015 1477 2060 magna
1506 2015 1559 2046 ex
1588 2007 1708 2059 parte
1737 2014 1762 2044 a
1783 2002 1962 2059 privatis

388 2086 530 2138 empto
561 2079 660 2131 feci,
703 2079 821 2137 quod
861 2078 941 2122 sub
972 2078 1143 2123 nomine
1173 2078 1224 2122 M.
1249 2077 1434 2123 Marcelli
1464 2077 1610 2136 generi
1639 2077 1717 2120 mei
1748 2083 1875 2122 esset.
1920 2077 2041 2120 Dona
2068 2075 2119 2120 de

387 2230 584 2274 manibiis
614 2229 657 2273 in
679 2230 888 2288 Capitolio
919 2236 962 2274 et
990 2230 1034 2272 in
1063 2229 1172 2274 aede
1201 2229 1287 2273 divi
1317 2228 1396 2272 Iuli
1426 2235 1468 2273 et
1496 2229 1538 2271 in
1565 2227 1674 2272 aede
1692 2227 1897 2287 Apollinis
1917 2234 1960 2272 et
1984 2228 2026 2272 in
2046 2241 2119 2272 ae-

281 2393 319 2425 25
389 2381 443 2425 de
478 2382 630 2426 Vestae
670 2388 712 2426 et
751 2381 794 2424 in
831 2380 991 2439 templo
1021 2380 1164 2424 Martis
1193 2379 1349 2425 Ultoris
1379 2380 1648 2431 consacravi,
1689 2392 1804 2437 quae
1832 2378 1934 2423 mihi
1964 2377 2120 2423 consti-

389 2539 528 2577 terunt
571 2532 639 2576 HS
686 2532 856 2576 circiter
898 2531 1092 2576 milliens.
1138 2531 1237 2575 Auri
1283 2531 1478 2575 coronari
1520 2530 1665 2589 pondo
1710 2529 1877 2588 triginta
1915 2535 1958 2574 et
1995 2528 2119 2587 quin—

420 2674 453 2705 5.
476 2673 563 2706 Iovis
580 2671 745 2714 Tonantis]
770 2671 956 2704 Suetonius
972 2673 1059 2713 Aug.
1077 2671 1138 2705 29:
1165 2672 1305 2704 Tonanti
1326 2671 1397 2704 Iovi
1419 2670 1533 2704 aedem
1546 2669 1761 2711 consecravit,
1783 2668 1940 2703 liberatus
1955 2668 2120 2710 periendo,

333 2738 409 2762 cwm
430 2729 635 2770 expeditione
658 2728 860 2762 Cantabrica
876 2737 940 2769 per
960 2732 1160 2761 nocturnum
1181 2728 1246 2761 iter
1260 2728 1410 2761 lecticam
1424 2727 1494 2760 eius
1506 2727 1623 2769 fulqui-
1638 2726 1910 2768 praescr-inmissa
1924 2732 2123 2766 serumque

328 2785 573 2827 praelucentem
594 2786 829 2818 exanimasset.
856 2785 905 2818 Cf.
932 2794 963 2818 c.
989 2785 1044 2818 94.
1072 2785 1240 2818 Dedicata
1264 2785 1318 2818 est
1340 2793 1371 2817 a.
1396 2793 1432 2816 u.
1458 2783 1521 2816 732
1546 2783 1620 2825 (Dio
1643 2782 1698 2823 54,
1722 2782 1773 2824 4),
1798 2781 1872 2815 Kal.
1897 2780 2119 2824 septembri-

335 2842 416 2879 bus.
441 2840 596 2884 (Kalend.
621 2843 806 2883 Amitern.)
841 2860 876 2865 —
909 2843 1023 2875 aedem
1053 2842 1198 2883 Quirini]
1222 2850 1253 2874 a.
1279 2850 1315 2874 u.
1339 2840 1414 2874 738.
1450 2839 1501 2873 Cf.
1526 2840 1590 2872 Dio
1613 2839 1668 2880 54,
1694 2839 1746 2872 49.
1781 2855 1817 2862 -
1849 2838 1882 2871 9.
1907 2835 2119 2880 Capitolium]

335 2899 398 2931 Dio
421 2899 475 2939 54,
501 2899 514 2931 4
544 2898 600 2941 (ad
624 2907 755 2932 annum
778 2907 813 2931 u.
831 2897 926 2942 745):
953 2897 1086 2931 πολλοὶ
1110 2897 1151 2931 δὲ
1173 2898 1239 2931 καὶ
1261 2897 1349 2931 ναοὶ
1371 2893 1614 2944 ἐφθάρησαν,
1639 2889 1739 2928 ὥστε
1760 2894 1827 2928 καὶ
1848 2891 1917 2927 τὸν
1937 2891 2006 2927 τοῦ
2029 2890 2122 2935 Διὸς

334 2952 402 2988 τοῦ
425 2953 688 2988 Καπιτωλίνου
712 2952 788 2987 τῶν
810 2964 850 2987 τε
874 2952 1049 2988 συνναίων
1071 2951 1191 2989 αῦτοῦ
1214 2952 1450 2997 κακωθῆναι.
1472 2971 1507 2977 -
1526 2953 1712 2994 Pompeium
1726 2950 1900 2993 theatrum]
1924 2950 2016 2984 Infra
2031 2948 2118 2984 Τοῦ.

335 3011 392 3051 VI,
410 3011 452 3044 38
475 3011 605 3044 rectius
626 3012 775 3044 vocatur
796 3011 962 3044 theatrum
976 3012 1117 3054 Pompei.
1134 3029 1170 3040 —
1190 3012 1243 3045 40.
1263 3011 1360 3044 Rivos
1382 3018 1552 3051 aquarum
1565 3026 1615 3034 --
1628 3008 1739 3051 refeci]
1762 3009 1890 3041 Inscrr.
1908 3007 1997 3040 Lati.
2013 3015 2049 3040 n.
2061 3006 2117 3040 5⁴:

334 3067 417 3109 Imp.
443 3068 534 3101 Caes.
560 3068 628 3100 divi
650 3067 714 3100 Iuli
736 3067 761 3109 f.
784 3067 970 3110 Augustus,
996 3068 1151 3110 pontifeoe
1171 3069 1354 3109 maximus,
1379 3075 1444 3100 cos.
1460 3074 1523 3106 ιιι,
1548 3065 1703 3099 tribunic.
1716 3067 1834 3106 potest.
1850 3070 1922 3104 111,
1946 3064 2024 3105 imp.
2040 3069 2120 3096 1111!

336 3124 378 3165 (a.
396 3133 431 3156 u.
450 3123 524 3165 749)
548 3125 640 3156 rivos
662 3132 832 3164 aquarum
855 3124 1001 3157 omnium
1018 3125 1142 3166 refecit.
1164 3143 1199 3148 —
1226 3125 1280 3157 44.
1299 3132 1426 3165 aquam
1439 3140 1458 3147 -
1469 3140 1488 3147 -
1504 3121 1681 3164 duplicavi]
1698 3121 1883 3154 Frontinus
1898 3119 1942 3153 de
1956 3117 2117 3161 Aquaed.

335 3180 397 3212 ⁴2:
422 3180 511 3213 Idem
532 3179 699 3222 Λυρκείας
720 3179 756 3212 in
770 3180 1028 3221 supplementum
1043 3181 1206 3221 Marciae,
1232 3180 1380 3222 quotiens
1394 3180 1558 3212 siccitates
1571 3181 1702 3221 egerent
1716 3177 1859 3217 auxilio,
1875 3175 1980 3209 aliam
1992 3182 2120 3216 aquam

334 3235 477 3268 eiusdem
510 3235 664 3268 bonitatis
696 3244 794 3277 opere
826 3235 1037 3269 subterraneo
1066 3236 1230 3278 perduxit
1257 3244 1361 3277 usque
1382 3236 1427 3268 ad
1449 3235 1600 3269 Marciae
1620 3235 1750 3274 vivum,
1780 3241 1867 3277 quae
1887 3231 1930 3265 ab
1949 3232 2120 3265 inventore

334 3291 522 3332 adpellatur
543 3292 703 3334 Augusta.
732 3310 767 3316 -
795 3292 848 3324 45.
873 3292 931 3324 sub
954 3292 1048 3325 titulo
1070 3293 1214 3326 nominis
1232 3291 1391 3335 filiorum]
1423 3291 1609 3325 Suetonius
1631 3292 1720 3332 Aug.
1739 3289 1800 3322 29:
1827 3288 1997 3330 Quaedam
2017 3287 2119 3320 etiam

334 3355 437 3387 opera
457 3347 516 3379 sub
537 3348 668 3381 nomine
689 3348 819 3389 alieno,
843 3350 998 3389 nepotum
1019 3349 1140 3382 scilicet
1160 3352 1191 3382 et
1212 3349 1332 3381 uxoris
1345 3349 1550 3389 sororisque,
1573 3347 1667 3389 fecit,
1691 3349 1728 3378 ut
1744 3345 1913 3387 porticum
1927 3343 2115 3376 basilicam-

336 3411 397 3443 que
420 3403 485 3435 Gai
508 3406 539 3435 et
560 3404 658 3444 Luci,
682 3404 760 3437 item
777 3405 929 3445 porticus
943 3404 1057 3437 Liviae
1078 3408 1108 3437 et
1132 3404 1288 3437 Octaviae
1310 3405 1538 3445 theatrumque
1559 3402 1721 3436 Marcelli.
1742 3418 1778 3424 —
1802 3401 1857 3434 47.
1876 3400 1953 3433 Duo
1974 3402 2006 3432 et
2026 3402 2118 3432 octo-

333 3459 430 3500 qinta
444 3459 566 3500 templa
583 3458 664 3501 cet.]
689 3460 876 3493 Suetonius
891 3461 978 3502 Aug.
993 3461 1051 3495 30:
1076 3460 1178 3494 Aedes
1198 3469 1315 3494 sacras
1327 3462 1488 3494 vetustate
1503 3459 1677 3499 conlapsas
1690 3459 1750 3490 aut
1762 3456 1912 3490 mencio
1926 3455 2119 3498 absumtos
