2254 3770
631 584 686 633 P.
731 582 1153 633 CORNELII
1197 582 1504 635 TACITI

510 695 1636 759 ANNALIUM

719 814 784 853 AB
810 813 1046 854 EXCESSU
1070 814 1173 854 DIVI
1197 814 1414 855 AUGUSTI

829 909 1022 953 LIBER
1059 910 1305 954 PRIMUS.

745 1077 1166 1118 BREVIARIUM
1199 1078 1389 1118 LIBRI.

180 1152 255 1191 Cap.
276 1154 303 1184 4.
343 1152 400 1183 Rei
424 1153 588 1182 Romanae
613 1155 715 1182 status
740 1156 815 1182 ante
840 1153 1030 1189 Augustum.
1069 1155 1098 1185 2.
1119 1155 1196 1183 Eius
1223 1156 1309 1183 artes
1335 1157 1368 1183 et
1392 1154 1445 1184 via
1472 1153 1513 1182 ad
1538 1153 1720 1190 imperium.
1759 1155 1789 1185 3.
1809 1154 1894 1185 Varii
1914 1157 1955 1186 ab

215 1199 359 1235 Augusto
387 1197 534 1226 destinati
563 1204 787 1226 successores.
827 1195 855 1226 4.
877 1197 984 1227 Status
1009 1206 1119 1227 rerum
1145 1201 1177 1227 et
1203 1199 1339 1227 affectus
1359 1198 1478 1227 civium
1498 1198 1559 1226 sub
1579 1199 1732 1234 Augusto.
1772 1199 1894 1229 Iudicia
1914 1200 1956 1229 de

215 1242 476 1272 successoribus.
506 1241 535 1270 5.
551 1241 682 1271 Morbus
696 1241 839 1277 Augusti,
861 1244 894 1270 et
907 1249 997 1270 mors
1009 1243 1123 1271 celata.
1143 1242 1274 1271 Accitus
1287 1242 1328 1271 ad
1341 1242 1587 1271 successionem
1601 1242 1758 1273 Tiberius.
1788 1243 1816 1273 6.
1832 1244 1956 1273 caedes

218 1285 363 1315 Postumi
389 1285 557 1322 Agrippae.
602 1284 631 1315 7.
658 1285 758 1314 Roma
784 1292 886 1321 prona
910 1286 944 1314 in
971 1286 1169 1315 servitutem.
1210 1286 1353 1315 luratum
1382 1287 1415 1315 in
1442 1286 1542 1316 verba
1571 1287 1646 1316 novi
1675 1288 1840 1324 principis.
1878 1287 1955 1316 Eius

214 1330 329 1359 callida
354 1329 588 1365 tergiversatio.
627 1329 654 1359 8.
680 1329 1069 1366 Augustitestamentum
1098 1333 1132 1359 et
1158 1331 1300 1359 honores
1329 1329 1438 1359 eximii
1466 1330 1499 1358 in
1525 1331 1650 1359 funere.
1689 1330 1717 1359 9.
1738 1331 1785 1360 De
1811 1331 1955 1368 Augusto

214 1373 334 1402 iudicia
359 1373 393 1401 in
421 1375 591 1410 utramque
615 1376 752 1410 partem.
792 1374 834 1403 40.
864 1374 989 1403 Iudicia
1018 1375 1182 1410 sequiora.
1221 1375 1266 1405 44.
1293 1374 1440 1403 Tiberius
1468 1375 1640 1410 imperium
1670 1375 1809 1404 subdole
1836 1376 1954 1413 renuit,

214 1419 353 1454 urgente
372 1419 496 1446 senatu.
535 1417 752 1446 Rationarium
776 1418 914 1454 imperii.
953 1419 1000 1447 42.
1021 1417 1130 1447 Asinio
1155 1419 1254 1447 iratus
1281 1418 1438 1447 Tiberius.
1478 1418 1526 1447 43.
1546 1418 1619 1447 Mox
1637 1418 1799 1456 Arruntio,
1826 1418 1955 1449 Haterio

214 1464 247 1490 et
267 1462 400 1491 Scauro.
439 1459 485 1490 44.
508 1461 644 1490 Senatus
664 1461 803 1490 adulatio
825 1462 857 1490 in
876 1461 1015 1499 Liviam,
1038 1469 1058 1491 a
1077 1462 1204 1491 Tiberio
1224 1465 1413 1498 temperata.
1453 1462 1500 1491 45.
1520 1461 1611 1491 Ratio
1632 1464 1846 1492 comitiorum.
1876 1463 1956 1493 Ludi

214 1505 416 1543 Augustales.
456 1503 503 1534 46.
524 1504 644 1534 Seditio
664 1505 920 1534 Pannonicarum
938 1505 1122 1543 legionum,
1143 1505 1220 1535 VIII.
1234 1505 1284 1535 IX.
1299 1505 1364 1535 XV.
1379 1506 1526 1534 Concitor
1537 1506 1748 1537 Percennius.
1785 1507 1831 1537 47.
1853 1507 1955 1538 Huius

214 1550 390 1580 seditiosae
409 1549 587 1579 contiones.
627 1549 674 1578 48.
695 1549 782 1578 Furit
800 1543 894 1578 miles
906 1572 914 1587 ‚
941 1556 1040 1585 quem
1066 1550 1228 1579 moderari
1253 1553 1388 1578 conatur
1405 1549 1551 1580 Blaesus.
1589 1550 1636 1581 49.
1656 1550 1785 1588 Legatio
1804 1551 1846 1581 ad
1865 1553 1955 1589 prin—

213 1595 330 1630 cipem.
367 1593 417 1623 20.
438 1592 649 1622 Recrudescit
677 1593 803 1622 seditio.
842 1594 889 1623 24.
916 1593 1052 1623 Blaesus
1076 1594 1193 1623 frustra
1220 1594 1381 1623 obnititur.
1426 1594 1472 1623 22.
1499 1593 1647 1623 Vibuleni
1676 1595 1782 1624 fallaci
1810 1596 1954 1626 facinore

213 1645 319 1675 paene
332 1644 522 1674 oppressus.
555 1636 602 1666 23.
619 1635 749 1665 Tribuni
763 1637 830 1666 mil.
846 1637 947 1675 pulsi,
968 1637 1111 1667 Lucilius
1125 1644 1256 1667 caesus.
1287 1636 1335 1667 24.
1349 1638 1474 1667 Drusus
1487 1638 1638 1667 seditioni
1652 1639 1818 1669 sedandae
1831 1641 1953 1670 missus

213 1689 233 1712 a
252 1682 392 1711 Tiberio.
430 1681 477 1711 25.
498 1679 623 1709 Drusus
642 1680 766 1710 litteras
786 1681 904 1710 Tiberii
922 1683 1046 1710 recitat.
1085 1681 1132 1712 26.
1154 1682 1290 1710 Militum
1314 1682 1472 1718 postulata
1491 1682 1607 1712 differt.
1630 1682 1765 1714 Clamor.
1803 1684 1851 1715 27.
1874 1685 1954 1715 Hinc

214 1727 370 1755 tumultus
391 1726 507 1755 acrior.
545 1723 670 1753 Lentuli
690 1725 883 1761 periculum.
922 1726 970 1756 28.
990 1725 1101 1755 Lunae
1121 1726 1260 1755 delectio
1273 1726 1446 1755 seditiosos
1460 1728 1578 1764 terret,
1599 1734 1662 1756 nec
1678 1727 1772 1757 deest
1785 1729 1952 1759 occasioni

211 1770 348 1799 Drusus.
386 1769 434 1800 29.
454 1769 545 1798 Miles
565 1767 654 1804 ponit
672 1769 835 1800 ferociam.
873 1769 920 1799 30.
942 1769 1049 1806 Capita
1073 1771 1232 1799 tumultus
1247 1776 1354 1798 caesa.
1379 1769 1538 1806 Legiones
1550 1771 1697 1801 hibernis
1711 1773 1780 1802 suls
1793 1773 1950 1803 redditae.

211 1813 260 1847 34.
281 1813 414 1843 Gravior
432 1814 533 1842 oritur
550 1811 668 1847 seditio
681 1813 843 1849 legionum
858 1816 932 1842 octo
947 1813 1222 1844 Germanicarum.
1262 1813 1311 1843 32.
1333 1813 1474 1843 Saevitia
1487 1815 1519 1843 in
1534 1816 1755 1845 centuriones.
1787 1816 1953 1847 Chaereae

211 1859 348 1888 facinus.
385 1856 431 1886 33.
454 1856 663 1885 Germanicus
684 1856 801 1886 Caesar
819 1858 860 1887 ad
878 1858 1023 1894 legiones
1043 1865 1062 1886 e
1082 1858 1183 1887 Gallia
1201 1860 1368 1894 properat:
1412 1856 1460 1887 34.
1482 1858 1568 1893 Quas
1589 1859 1629 1888 ad
1642 1859 1740 1888 fldem
1755 1861 1950 1890 cohortatur.

212 1902 260 1932 35.
281 1901 347 1930 Eae
366 1900 518 1937 querelas
537 1902 707 1936 promunt:
738 1907 814 1936 pars
841 1901 1014 1938 imperium
1039 1902 1178 1931 offerunt
1205 1903 1320 1931 acriter
1346 1903 1510 1931 abnuenti.
1550 1902 1597 1932 36.
1618 1902 1772 1932 Remedia
1791 1905 1950 1940 quaesita.

210 1946 258 1976 37.
279 1946 391 1975 Oblata
409 1945 521 1974 missio
541 1946 573 1973 et
585 1944 742 1980 pecunia:
763 1945 813 1973 sic
826 1946 972 1981 paullum
986 1952 1143 1982 oppressa
1156 1945 1282 1975 seditio.
1321 1944 1368 1975 38.
1390 1945 1552 1975 vexillarii
1566 1946 1711 1976 turbant:
1732 1954 1815 1983 quos
1827 1948 1952 1978 sortiter

211 1992 344 2019 coercet
355 1989 406 2019 Μ’.
421 1989 554 2018 Ennius.
576 1987 623 2017 39.
636 1987 749 2017 Denuo
762 1989 908 2024 legiones
921 1989 944 2018 1.
966 1992 999 2018 et
1010 1989 1074 2018 XX.
1090 1990 1228 2018 turbant.
1259 1989 1387 2019 Caesari
1398 1990 1481 2027 vim,
1501 1989 1619 2019 Planco
1633 1993 1770 2020 mortem
1783 1992 1950 2021 intentant.

209 2032 258 2063 40.
284 2033 512 2070 Germanicus,
541 2032 607 2061 filio
634 2035 667 2061 et
692 2039 796 2062 uxore
823 2033 983 2071 dimissis,
1022 2032 1070 2074 44.
1096 2034 1188 2063 militi
1217 2034 1448 2070 paenitentiam
1476 2034 1589 2063 inlicit.
1628 2033 1675 2065 42.
1695 2034 1743 2064 43.
1774 2035 1853 2066 Tum
1874 2045 1951 2067 eum

210 2078 350 2107 facunda
368 2077 512 2107 oratione
531 2075 714 2111 alloquitur.
753 2075 800 2106 44.
819 2076 930 2105 Mutati
948 2084 1072 2113 poenas
1092 2077 1124 2106 in
1144 2085 1182 2106 se
1200 2078 1285 2106 ultro
1305 2079 1461 2114 poscunt,
1482 2078 1598 2107 noxios
1611 2078 1673 2115 ipsi
1685 2079 1833 2115 puniunt.
1867 2080 1951 2110 Cen-

210 2122 354 2151 turiones
374 2122 449 2151 novi
468 2120 607 2149 suffecti.
647 2118 694 2149 45.
714 2120 750 2150 In
771 2121 916 2150 turbidos
934 2122 984 2151 vis
1004 2121 1114 2150 adhuc
1132 2124 1271 2157 paratur.
1304 2120 1352 2150 46.
1368 2121 1524 2157 Trepidae
1537 2122 1627 2151 urbis
1640 2130 1799 2153 rumores.
1832 2122 1880 2153 47.
1895 2125 1949 2154 Ti-

208 2166 322 2195 berius
341 2167 402 2196 iter
420 2165 559 2194 simulat.
599 2163 646 2194 48.
669 2164 851 2194 Germanici
870 2165 986 2194 minae.
1027 2165 1073 2195 49.
1094 2165 1187 2194 Miles
1206 2173 1285 2194 suos
1297 2165 1481 2194 turbatores
1493 2165 1564 2202 ipse
1577 2167 1693 2197 caedit.
1728 2167 1774 2198 50.
1795 2169 1950 2199 Furorem

209 2210 367 2247 expiaturi
387 2211 421 2239 in
439 2211 567 2238 hostem
586 2211 674 2238 eunt.
705 2209 800 2238 Marsi
822 2210 981 2246 oppressi.
1020 2209 1067 2238 54.
1089 2208 1260 2238 Tamfanae
1279 2210 1437 2246 templum
1455 2209 1606 2239 dirutum.
1636 2210 1778 2241 Insidiae
1797 2213 1830 2242 in
1843 2213 1950 2242 reditu

210 2254 330 2284 irritae.
369 2254 416 2285 52.
439 2253 588 2283 Tiberius
606 2253 746 2289 maligne
759 2253 870 2282 laudat
884 2253 1121 2282 Germanicum.
1162 2253 1209 2282 53.
1230 2252 1328 2283 luliae
1341 2260 1430 2282 mors
1443 2255 1477 2283 et
1487 2261 1606 2284 mores.
1637 2255 1804 2286 Gracchus
1818 2263 1947 2287 caesuS.

205 2297 254 2328 54.
277 2298 411 2328 Sodales
429 2297 622 2334 Augustales
642 2297 860 2326 instituuntur.
900 2297 1113 2326 Histrionales
1133 2298 1258 2326 turbae.

244 2340 292 2371 55.
313 2341 460 2370 Proximo
481 2348 564 2370 anno
585 2341 618 2369 in
637 2340 764 2370 Chattos
785 2347 952 2370 excursus.
986 2341 1158 2370 Arminius.
1192 2340 1354 2377 Segestes.
1394 2341 1442 2371 56.
1463 2341 1567 2371 Chatti
1586 2342 1763 2379 improviso
1784 2345 1945 2382 oppressi,

207 2386 353 2418 Mattium
372 2386 556 2414 incensum.
593 2384 640 2413 57.
664 2383 834 2420 Segestem
852 2385 1026 2414 obsessum
1046 2385 1162 2414 liberat
1182 2384 1404 2414 Germanicus.
1435 2386 1520 2415 Uxor
1532 2386 1663 2415 Arminii
1678 2390 1781 2424 capta.
1820 2388 1867 2418 58.
1885 2389 1947 2419 Se-

207 2430 307 2466 gestis
326 2429 437 2459 oratio.
467 2428 618 2463 Segestes
637 2434 713 2457 cum
733 2429 802 2457 suis
820 2429 962 2465 benigne
979 2429 1121 2458 habitus.
1160 2429 1207 2458 59.
1227 2429 1390 2458 Arminius
1409 2430 1442 2458 in
1462 2438 1537 2459 eum
1552 2432 1585 2459 et
1596 2430 1759 2461 Romanos
1772 2432 1945 2463 invehitur.

207 2473 254 2503 60.
275 2472 429 2503 Cherusci
447 2472 568 2507 aliique
586 2472 695 2508 populi
715 2472 880 2501 rebellant.
917 2472 1059 2502 Bructeri
1079 2473 1152 2502 tusi.
1194 2472 1239 2501 64.
1262 2472 1469 2503 Monumenta
1488 2474 1589 2503 cladis
1607 2473 1774 2504 Varianae.
1814 2476 1861 2506 62.
1880 2477 1946 2507 Re—

205 2516 327 2552 liquiae
356 2517 445 2546 illius
472 2516 574 2545 cladis
602 2516 795 2552 tumulatae,
822 2517 1026 2553 improbante
1045 2515 1183 2545 Tiberio.
1222 2515 1270 2545 63.
1290 2516 1400 2554 Pugna
1419 2524 1496 2546 cum
1513 2517 1666 2546 Arminio.
1706 2518 1753 2548 64.
1775 2519 1946 2550 Caecinam

206 2560 280 2590 loco
305 2561 416 2597 iniquo
443 2559 625 2596 aggreditur
651 2560 812 2590 Arminius
838 2560 1044 2596 intrepidum.
1084 2559 1132 2590 65.
1152 2560 1269 2589 Milites
1289 2562 1496 2591 consternati.
1535 2560 1692 2590 Caecinae
1711 2564 1875 2592 somnium
1893 2567 1947 2593 in-

206 2604 360 2634 faustum.
399 2603 490 2633 Caesi
516 2611 622 2641 paene
646 2605 790 2634 Romani.
830 2604 877 2634 66.
897 2604 1036 2633 Panicus
1059 2607 1163 2633 terror
1180 2607 1216 2633 ut
1240 2612 1422 2641 repressus.
1463 2604 1508 2636 67.
1531 2605 1704 2635 Consilium
1725 2606 1882 2637 Caecinae
1905 2609 1947 2637 de

205 2654 354 2677 recessu.
403 2647 449 2677 68.
480 2646 570 2677 Felix
599 2649 736 2685 eruptio.
783 2647 1017 2677 Germanorum
1046 2648 1165 2677 clades.
1215 2647 1260 2677 69.
1292 2648 1483 2685 Agrippinae
1511 2649 1620 2678 viriles
1652 2657 1751 2680 curae
1783 2651 1946 2680 Tiberium

206 2691 385 2721 offendunt.
422 2690 470 2720 70.
496 2691 653 2729 Legiones
682 2694 776 2721 aestu
802 2692 900 2721 maris
927 2698 1002 2720 cum
1029 2692 1175 2728 periculo
1205 2695 1369 2722 revectae.
1408 2692 1457 2722 74.
1484 2693 1668 2729 Segimerus
1697 2694 1729 2723 in
1748 2694 1946 2724 deditionem

205 2739 370 2772 acceptus.
407 2735 577 2764 Exercitus
606 2735 722 2764 damna
749 2736 907 2772 suppleta.
945 2735 992 2765 72.
1026 2735 1142 2765 Tiberii
1167 2735 1241 2764 fleta
1266 2736 1434 2766 modestia.
1480 2735 1547 2766 Lex
1574 2737 1753 2767 maiestatis
1780 2742 1943 2767 revocata.

203 2776 252 2806 73.
278 2778 317 2807 Bt
340 2779 374 2808 ln
399 2779 543 2808 minimis
569 2779 765 2815 quibusdam
791 2778 943 2808 exercita.
982 2779 1188 2808 Delationum
1212 2780 1314 2815 pestis
1343 2780 1470 2816 ingruit.
1508 2779 1556 2809 74.
1576 2780 1747 2811 Marcellus
1767 2783 1944 2811 maiestatis

205 2823 393 2858 postulatus.
426 2822 462 2851 In
480 2829 556 2852 eum
576 2824 624 2852 ira
638 2823 754 2852 Tiberii
772 2823 942 2852 incautior.
979 2822 1027 2851 75.
1049 2823 1165 2851 Tiberii
1178 2823 1365 2852 liberalitas.
1404 2823 1452 2852 76.
1474 2823 1599 2853 Tiberis
1612 2825 1790 2854 inundatio.
1823 2825 1943 2854 Achaia

206 2867 240 2895 et
266 2865 457 2896 Macedonia
484 2867 620 2897 levatae.
658 2867 755 2896 Drusi
783 2874 913 2896 munus.
952 2866 999 2895 77.
1029 2866 1153 2896 Theatri
1182 2866 1311 2896 licentia
1338 2867 1487 2896 coercita.
1525 2866 1573 2896 78.
1601 2867 1769 2904 Templum
1796 2868 1940 2904 Augusti.

205 2908 396 2940 Centeslma.
440 2910 488 2940 79.
519 2911 568 2940 An
600 2917 705 2947 aquae
734 2910 840 2940 Tiberi
869 2910 1115 2940 subducendae.
1161 2909 1207 2939 80.
1238 2909 1385 2939 Tiberius
1413 2917 1473 2939 cur
1500 2911 1670 2948 praesides
1697 2918 1770 2941 raro
1801 2912 1940 2941 mutarit.

204 2952 251 2983 84.
276 2953 484 2984 comitiorum
503 2955 638 2984 contusa
656 2955 747 2984 ratio.

243 2998 332 3028 Haec
361 2999 430 3028 lere
457 2997 588 3027 biennio
617 3000 727 3035 gesta,
761 2997 849 3027 Coss.
880 2997 955 3027 Sex.
987 2997 1141 3034 Pompeio
1170 2999 1202 3026 et
1230 2996 1304 3027 Sex.
1336 2997 1488 3036 Apuleio,
1517 2998 1647 3029 Nerone
1675 2998 1807 3028 Claudio
1836 2998 1939 3027 Druso

204 3041 343 3072 Caesare
361 3044 396 3071 et
414 3041 447 3071 C.
466 3040 635 3078 Norbano,
657 3049 686 3071 a.
706 3049 739 3071 u.
761 3049 790 3071 c.
811 3041 877 3072 767.
898 3044 932 3071 et
949 3040 1031 3079 768.,
1051 3043 1127 3078 post
1145 3040 1216 3070 Chr.
1237 3039 1283 3070 44.
1304 3044 1339 3071 et
1356 3042 1402 3071 45.

253 3131 286 3164 4.
310 3130 346 3162 P.
370 3129 571 3162 CORNELII
590 3128 725 3162 TACITI
743 3129 778 3162 in
800 3137 940 3162 summo
963 3129 1120 3170 margine
1143 3129 1187 3162 Μ.
1233 3129 1271 3162 ln
1295 3131 1459 3163 contextu
1481 3131 1556 3173 ipso
1579 3140 1703 3165 versus
1725 3131 1859 3173 primus
1881 3130 1939 3163 hic

168 3186 240 3219 est:
263 3185 320 3219 ΑΒ
340 3185 535 3219 EXCESSU
552 3186 648 3218 DIVI
665 3185 762 3218 AVG.
791 3185 938 3218 URBEM
957 3185 1115 3218 ROMAM
1129 3185 1156 3218 A
1171 3186 1375 3219 PRINCIPIO
1397 3187 1464 3220 RE.
1510 3190 1730 3220 praenomen
1743 3187 1778 3219 P.
1796 3186 1939 3220 exhibet

167 3242 272 3275 etiam
294 3240 507 3285 subscriptio
536 3240 709 3274 librorum
730 3243 756 3274 1.
781 3242 822 3274 11.
845 3242 902 3274 111.
950 3242 1072 3274 Gaium
1093 3241 1243 3284 appellat
1265 3243 1424 3277 Sidonius
1446 3243 1652 3286 Apollinaris
1674 3243 1728 3284 IV,
1759 3242 1800 3276 44
1823 3244 1858 3276 et
1879 3243 1934 3276 22.

165 3299 236 3332 Nos
266 3306 374 3340 quam
406 3299 444 3333 in
475 3298 595 3332 verbis
630 3299 810 3341 scriptoris
838 3299 1090 3332 constituendis
1117 3299 1228 3334 solam
1258 3301 1502 3333 auctoritatem
1531 3299 1736 3341 agnovimus
1765 3299 1872 3332 etiam
1899 3299 1936 3332 in

167 3352 243 3387 eins
270 3354 413 3388 nomine
440 3362 564 3388 sumus
592 3355 716 3389 secuti.
761 3354 938 3388 Annalium
966 3353 1084 3388 titulus
1106 3356 1225 3389 nititur
1246 3356 1354 3398 ipsius
1376 3357 1482 3390 Taciti
1506 3355 1623 3389 verbis
1645 3356 1735 3389 Ann.
1759 3354 1796 3396 3,
1822 3355 1875 3387 65.
1899 3353 1932 3395 4,

166 3405 221 3441 32.
255 3407 314 3450 43,
338 3409 392 3443 34.

251 3469 392 3506 heims
412 3471 441 3506 1.
1572 3470 1590 3514 Ἰ
