2254 3770
751 251 907 297 LIBER
934 251 1018 298 xv.
1063 251 1163 310 Cap.
1194 251 1262 296 46.
1292 251 1360 296 47.
1884 248 1959 294 52⁴

184 361 408 419 eruptione
435 359 653 418 praesidio
683 359 846 410 militis,
877 359 950 417 qui
982 364 1127 403 custos
1157 358 1349 410 adesset,
1382 358 1555 403 co'erciti
1584 363 1702 408 sunt,
1736 357 1819 401 iam
1840 357 1969 415 Spar-

183 443 325 481 tacum
354 442 396 479 et
422 443 570 480 vetera
599 435 710 479 mala
739 433 984 478 rumoribus
1014 433 1176 478 serente
1205 433 1383 492 populo,
1418 439 1466 477 ut
1494 439 1560 478 est
1587 447 1793 477 novarum
1824 447 1968 477 rerum

184 512 362 570 cupiens
390 510 673 570 pavidusque.
704 524 784 555 nec
803 509 935 553 multo
954 515 1052 568 post
1071 509 1216 554 clades
1238 510 1299 553 rei
1322 509 1483 553 navalis
1504 509 1721 567 accipitur,
1753 522 1838 552 non
1858 507 1970 552 bello

184 587 360 646 (quippe
389 586 501 630 haud
533 586 637 631 alias
665 592 751 630 tam
781 585 953 629 immota
982 585 1100 643 pax);
1132 584 1210 628 sed
1239 591 1402 629 certum
1423 584 1477 629 ad
1498 583 1613 629 diem
1634 585 1677 627 in
1697 583 1970 642 Campaniam

183 662 325 707 redire
355 661 539 706 classem
567 663 680 706 Nero
711 661 904 711 iusserat,
937 674 1023 704 non
1052 660 1243 718 exceptis
1267 660 1397 704 maris
1418 660 1602 704 casibus.
1633 673 1737 718 ergo
1758 658 2001 717 guberna-5

183 744 316 788 tores,
348 737 543 800 quamvis
573 737 790 781 saeviente
814 735 985 794 pelago,
1018 749 1042 779 a
1063 736 1243 779 Formiis
1263 750 1463 788 movere;
1494 742 1536 779 et
1555 735 1674 793 gravi
1694 735 1845 787 Africo,
1867 734 1971 778 dum

181 813 523 872 promunturium
567 812 716 856 Miseni
755 825 962 870 superare
1002 810 1284 862 contendunt,
1331 811 1530 856 Cumanis
1575 809 1769 855 litoribus
1813 809 1969 868 inpacti

182 888 419 932 triremium
447 887 677 946 plerasque
710 894 753 931 et
782 887 944 931 minora
974 887 1141 944 navigia
1170 887 1332 944 passim
1360 887 1605 930 amiserunt.

295 963 376 1020 (47)
410 963 511 1007 Fine
540 963 639 1006 anni
661 962 882 1021 volgantur
910 962 1122 1020 prodigia,
1156 962 1464 1005 imminentium
1484 961 1694 1005 malorum
1717 960 1875 1004 nuntia.
1906 960 1971 1003 vis

186 1036 397 1096 fulgurum
428 1050 513 1080 non
543 1036 647 1080 alias
677 1036 886 1087 crebrior,
918 1044 960 1081 et
989 1037 1109 1081 sidus
1139 1043 1350 1089 cometeS‚
1383 1037 1590 1095 sanguine
1621 1036 1770 1079 illustri
1801 1047 2019 1093 semperio

181 1112 338 1156 Neroni
369 1112 606 1170 expiatum;
637 1111 832 1170 bicipites
862 1112 1082 1156 hominum
1116 1112 1352 1156 aliorumve
1379 1112 1622 1156 animalium
1651 1118 1798 1170 partus
1819 1110 1972 1155 abiecti

185 1187 226 1230 in
253 1187 473 1246 publicum
503 1193 576 1231 aut
604 1187 646 1230 in
676 1177 914 1239 sacrificiis,
947 1188 1105 1246 quibus
1134 1187 1333 1246 gravidas
1361 1188 1521 1231 hostias
1555 1186 1760 1231 inmolare
1780 1200 1874 1230 mos
1894 1192 1972 1237 est,

184 1262 356 1320 reperti.
402 1269 445 1306 et
482 1265 523 1305 in
557 1276 661 1321 agro
690 1262 936 1312 Placentino
965 1263 1078 1306 viam
1107 1270 1283 1321 propter
1311 1269 1436 1307 natus
1465 1263 1641 1314 vitulus,
1675 1262 1743 1306 cui
1774 1267 1903 1320 caput
1931 1261 1974 1304 in

183 1351 310 1382 crure
341 1345 476 1391 esset3
508 1345 745 1397 secutaque
774 1338 1051 1396 haruspicum
1082 1339 1393 1397 interpretatio,
1427 1339 1566 1396 parari
1597 1353 1743 1382 rerum
1767 1336 1975 1380 humana-

183 1427 277 1457 rum
307 1412 423 1457 aliud
452 1420 599 1472 caput,
640 1414 717 1458 sed
748 1428 834 1457 non
862 1414 952 1458 fore
985 1413 1169 1458 validum
1202 1428 1348 1473 neque
1378 1414 1610 1463 occultum,
1649 1414 1751 1471 quia
1779 1413 1821 1456 in
1851 1419 2022 1457 utero⁴5

184 1502 433 1549 repressum
462 1496 535 1533 aut
565 1490 645 1534 iter
673 1489 788 1534 iuxta
817 1489 978 1533 editum
1009 1490 1074 1534 sit.

248 1610 281 1643 ⁴.
305 1610 430 1643 adesset
452 1610 503 1643 M:
529 1611 648 1643 aderat
671 1609 746 1649 alii;
772 1611 864 1643 adest
885 1610 1101 1653 Nipperdey.
1123 1628 1159 1633 —-
1185 1610 1218 1643 2.
1235 1611 1406 1643 malarum
1419 1610 1567 1643 mor-ibus
1580 1610 1614 1643 M
1632 1628 1668 1633 —
1695 1609 1726 1642 6.
1743 1609 1925 1642 saeuientes
1939 1609 1973 1642 M

185 1684 221 1689 —
245 1667 365 1708 formis
386 1667 420 1700 M
445 1684 480 1689 -
507 1667 539 1699 7.
559 1667 834 1708 promunturium
849 1668 900 1699 M:
924 1668 1197 1707 promuntorium
1213 1666 1327 1708 vulgo.
1351 1667 1440 1700 Vide
1457 1666 1502 1699 ad
1517 1675 1552 1708 p.
1570 1666 1647 1706 253,
1665 1667 1717 1698 47.
1739 1683 1774 1688 —
1794 1666 1847 1699 42.
1864 1666 1975 1698 inmo-

183 1723 252 1756 lari
274 1722 442 1756 Halmius.
463 1740 498 1747 —
526 1723 578 1756 43.
603 1724 714 1764 capud
728 1724 762 1757 M
776 1741 811 1747 -
832 1723 884 1757 ⁴4.
900 1721 1094 1764 interptatio
1109 1724 1143 1758 M
1166 1741 1196 1746 —
1223 1723 1275 1756 46.
1294 1726 1354 1756 aut
1369 1723 1420 1757 M:
1444 1725 1477 1756 et
1491 1722 1683 1756 Ernestius.
1699 1721 1788 1755 Vide
1805 1721 1849 1754 ad
1866 1723 1899 1762 2,
1917 1721 1972 1755 47.

184 1843 221 1875 in
254 1841 383 1875 urbem
418 1843 539 1875 autem
573 1842 867 1886 arcessebantur,
911 1842 1054 1885 quando

185 1891 314 1925 edendi
345 1893 446 1925 erant
475 1891 547 1924 ludi
579 1891 783 1933 gladiatorii.
815 1911 851 1916 —
884 1893 1054 1934 praesidio

1103 1850 1237 1875 nervae.
1260 1841 1433 1875 Libabant
1448 1850 1532 1883 ergo
1547 1840 1766 1883 procellosae
1782 1839 1830 1873 illi
1845 1838 1974 1873 Palladi

1105 1894 1249 1931 nautae,
1283 1891 1442 1934 periculo
1473 1892 1581 1924 maris
1605 1890 1795 1924 defuncti.»
1819 1891 1906 1923 Lirs.
1936 1907 1971 1913 -

182 1943 312 1982 militis,
337 1942 394 1983 qni
415 1945 524 1974 custos
543 1942 679 1984 adesset]
702 1943 724 1975 i.
743 1951 776 1975 e.
793 1942 969 1985 praesidio
985 1943 1053 1975 mi-

183 1991 276 2024 litiae
307 1992 341 2024 in
372 1991 502 2033 oppido
536 1994 725 2025 Praeneste
755 1992 798 2024 ad
831 2002 914 2025 eum
944 1992 1052 2025 finem

182 2041 380 2079 tendentis.
405 2043 444 2073 ut
466 2040 676 2082 gladiatores
698 2042 901 2075 custodiret.
921 2060 957 2066 -
983 2044 1054 2075 iam

185 2109 228 2116 --
239 2092 430 2124 rumoribus
442 2093 566 2133 ferente
578 2091 748 2134 populum]
766 2092 966 2125 Admodum
983 2094 1052 2124 cito

183 2142 253 2175 hoc
275 2142 352 2175 fieri
376 2143 515 2184 poterat
538 2144 684 2184 propter
699 2144 862 2184 exiguam
883 2143 975 2175 inter
990 2143 1054 2175 Ro-

183 2201 279 2226 mam
298 2195 334 2225 et
357 2193 548 2225 Praeneste
570 2192 783 2225 distantiam.
804 2210 839 2216 -
866 2202 933 2225 non
954 2201 1054 2225 eacce-

180 2243 247 2285 ptis
267 2242 373 2275 maris
387 2242 527 2284 casibus]
552 2251 622 2275 non
637 2243 755 2275 addita
772 2244 935 2276 cautione
947 2243 1052 2275 hodie

184 2292 278 2335 apud
297 2290 401 2325 Italos
422 2291 705 2334 frequentissima
729 2296 836 2333 tempo
856 2296 1055 2334 permetten-

185 2342 268 2374 dolo.
290 2358 325 2365 -
346 2342 479 2384 pelago]
503 2341 723 2375 Vocabulum
740 2344 912 2375 Graecum
929 2351 948 2375 a
966 2343 1055 2375 scri—

184 2391 345 2434 ptoribus
368 2394 577 2433 argenteae,
602 2401 710 2433 quam
730 2392 868 2431 dicunt,
894 2392 967 2425 fere
991 2402 1055 2425 ae-

185 2442 265 2475 tatis
288 2443 493 2483 receptum,
527 2451 597 2484 quo
622 2443 838 2475 immensum
861 2444 968 2475 maris
992 2452 1055 2475 ae-

185 2501 276 2534 quor
298 2492 514 2534 exprimitur.
541 2492 591 2525 Cf.
612 2492 820 2525 Doederlein
838 2493 962 2533 synon.
981 2494 1052 2533 llll,

185 2551 220 2585 p.
239 2541 293 2574 73.
318 2542 422 2574 BAcu.
455 2542 637 2583 Restringe
660 2542 729 2574 hoc
752 2542 797 2574 ad
820 2542 954 2576 solutae
979 2552 1056 2575 ora-

185 2593 289 2626 tionis
312 2592 526 2634 scriptores;
559 2601 642 2625 nam
664 2592 760 2634 apud
783 2595 906 2634 poetas
928 2594 1011 2626 inde
1035 2602 1055 2625 a

186 2642 347 2675 Lucretio
370 2641 562 2683 (pelayeque
583 2643 710 2684 severa)
734 2644 789 2675 est
815 2642 1056 2684 frequentissi-

186 2701 302 2731 mum,
327 2691 501 2734 imprimis
525 2691 617 2734 apud
642 2692 814 2725 Ovidium.
841 2710 876 2715 —
901 2692 1054 2734 Formiis]

185 2741 316 2784 oppido
346 2742 451 2781 Latii,
484 2742 519 2774 in
552 2742 655 2774 Terra
677 2743 711 2774 di
737 2742 886 2780 Lavoro;
917 2751 982 2784 pro
1011 2751 1054 2775 eo

185 2791 350 2832 habetur,
368 2791 463 2833 quod
479 2791 585 2824 hodie
598 2792 686 2825 Molo
699 2793 732 2823 di
744 2792 863 2825 Gaeta.
880 2809 916 2815 -
930 2791 1054 2834 Africo]

186 2841 247 2874 Est
265 2839 362 2882 Λίψ,
386 2841 569 2880 Libecchio,
593 2842 775 2874 sud—ouest.
795 2859 830 2865 ——
853 2846 1056 2883 promuntu-

186 2891 276 2923 rium
291 2890 420 2929 Miseni]
443 2890 504 2922 ubi
527 2890 650 2924 classis
670 2892 842 2931 Romana,
867 2900 975 2933 quam
998 2900 1056 2924 oc-

189 2939 402 2973 cidentalem
437 2940 585 2980 dixeris,
622 2929 834 2973 ordinaiiam
853 2942 1056 2974 stationem

188 2989 364 3028 hahebat,
398 2994 435 3022 ut
457 2990 634 3023 orientalis
657 2991 854 3023 Ravennae.
887 2991 939 3024 Cf.
964 2991 996 3029 4,
1021 2992 1055 3023 5.

190 3040 493 3073 .promont0rium
515 3040 583 3072 hoc
605 3040 734 3072 infame
758 3040 962 3082 naufragiis;
993 3041 1057 3073 Se-

190 3099 279 3123 neca
314 3089 422 3131 Epist.
448 3089 488 3121 77
525 3089 570 3122 de
607 3089 850 3122 Alexandrinis
884 3089 1053 3123 navibus:

190 3140 272 3172 Cmn
292 3139 461 3171 intravere
483 3138 628 3180 Capreas
650 3142 680 3171 et
703 3140 988 3179 promontorium,
1013 3148 1057 3172 ex

189 3197 256 3231 quo
269 3188 343 3222 Alta
361 3187 557 3231 procelloso
574 3188 776 3230 speculatur
787 3189 919 3221 vertice
932 3187 1054 3228 Pallas,

189 3242 317 3272 ceterae
336 3239 408 3271 velo
429 3238 582 3271 iubentur
603 3247 669 3271 esse
690 3242 883 3271 contentae:
906 3232 1057 3278 siparum

189 3289 496 3321 Alacandrinarum
521 3289 650 3329 insigne
671 3291 728 3320 est.
765 3289 893 3321 Statius
916 3287 996 3320 Silv.
1022 3287 1054 3327 3,

191 3338 226 3377 2,
251 3339 311 3371 23:
348 3339 461 3371 Prima
490 3338 650 3370 salutavit
680 3337 827 3378 Capreas
852 3341 882 3369 et
903 3338 1057 3379 maryine

191 3387 309 3421 dextro
330 3388 464 3430 Sparsit
481 3387 669 3428 Tyrrhenae
689 3387 874 3420 Mareotica
893 3388 975 3420 vina
988 3387 1057 3420 Mi-

1104 1942 1271 1984 Gumanis]
1297 1942 1508 1980 Cumarum,
1534 1941 1653 1984 oppidi
1677 1941 1844 1973 maritimi
1867 1940 1975 1973 Cam-

1103 1994 1250 2035 paniae,
1275 2001 1307 2025 a.
1324 1991 1408 2024 4203
1432 1991 1535 2033 plane
1559 1991 1676 2024 diruti.

1147 2042 1201 2076 47.
1226 2051 1353 2083 semper
1370 2041 1497 2074 Neroni
1518 2041 1702 2083 expiatum]
1728 2041 1887 2073 «Grotius
1910 2039 1976 2072 de-

1103 2092 1200 2125 lebat
1222 2101 1360 2132 semper,
1386 2092 1483 2134 quod
1506 2101 1586 2124 raro
1605 2092 1767 2124 cometae
1790 2092 1973 2132 apparent.

1102 2145 1176 2176 Nec
1199 2143 1264 2175 nisi
1280 2141 1392 2175 semel
1408 2144 1488 2175 ante
1506 2142 1721 2184 apparuerat
1736 2139 1836 2174 stella
1852 2141 1976 2173 crinita

1103 2193 1170 2226 sub
1187 2193 1334 2226 Neronis
1351 2193 1499 2235 imperio
1517 2194 1559 2232 (a.
1578 2201 1613 2224 u.
1631 2191 1720 2232 813).
1746 2192 1818 2232 Ego
1834 2190 1975 2224 mallem

1102 2244 1228 2276 Neroni
1258 2242 1377 2276 delere
1407 2244 1467 2275 aut
1492 2251 1558 2285 pro
1589 2251 1632 2275 eo
1663 2242 1817 2282 tyrannis
1842 2240 1974 2282 legere,

1105 2294 1200 2335 quod
1216 2292 1355 2327 melius.
1378 2295 1508 2326 Auctor
1522 2293 1606 2326 mihi
1620 2293 1807 2326 Suetonius
1823 2293 1905 2324 Ner.
1920 2291 1974 2332 36,

1104 2343 1166 2376 ubi
1190 2344 1235 2376 de
1259 2344 1389 2376 eodem
1412 2345 1551 2376 cometa
1572 2343 1703 2384 agitur:
1729 2343 1858 2375 Anxius
1872 2350 1913 2374 ea
1925 2350 1975 2381 re,

1104 2398 1142 2426 ut
1170 2403 1214 2426 ea:
1244 2394 1384 2426 Balbillo
1408 2393 1575 2434 astrologo
1597 2394 1729 2433 didicit,
1762 2393 1864 2425 solere
1885 2400 1978 2433 reyes

1104 2445 1188 2476 talia
1210 2447 1337 2476 ostenta
1359 2444 1458 2476 caede
1480 2443 1598 2483 aliqua
1618 2443 1740 2475 illustri
1763 2443 1903 2483 expiare
1920 2444 1976 2473 at-

1105 2503 1168 2535 que
1200 2503 1223 2526 a
1254 2497 1352 2526 semet
1385 2494 1421 2525 in
1454 2493 1567 2534 capita
1600 2502 1776 2534 procerum
1806 2492 1975 2533 depellere,

1103 2544 1302 2577 nobilissimo
1336 2543 1455 2584 cuique
1487 2544 1629 2575 exitium
1663 2543 1848 2576 destinavit.
1892 2542 1974 2574 Em«.

1104 2593 1322 2626 Adverbium
1350 2602 1477 2633 semper
1505 2601 1574 2625 non
1605 2592 1651 2625 ad
1680 2592 1867 2625 obrussam
1902 2592 1977 2624 exi-

1105 2644 1261 2685 gendum
1285 2645 1357 2683 est,
1383 2643 1447 2676 sed
1465 2642 1655 2684 significat:
1684 2643 1843 2684 «quoties
1859 2650 1977 2674 come-

1105 2696 1159 2726 tes
1189 2694 1399 2735 apparuit3n
1429 2693 1503 2725 sive
1535 2691 1668 2734 pluries
1693 2692 1767 2725 sive
1791 2692 1846 2724 bis
1870 2691 1976 2723 dum—

1105 2744 1198 2775 taxat
1223 2742 1259 2774 id
1283 2742 1421 2775 accidit.
1451 2742 1502 2775 Cf.
1529 2741 1582 2781 ⁴4,
1604 2742 1658 2774 22.
1675 2759 1708 2764 -—
1736 2741 1896 2783 gravidas
1915 2740 1977 2772 ho-

1103 2792 1194 2833 stias]
1213 2793 1352 2824 Festus:
1379 2792 1514 2833 Confeta
1528 2800 1584 2824 sus
1596 2791 1777 2831 dicebatur,
1795 2799 1884 2833 quae
1901 2799 1976 2823 cum

1105 2843 1195 2875 omni
1223 2842 1293 2882 fetu
1322 2842 1538 2874 adhibebatur
1561 2843 1606 2874 ad
1628 2842 1841 2883 sacrificium.
1876 2840 1975 2873 ldem

1105 2893 1140 2924 in
1170 2901 1204 2924 ν.
1228 2892 1361 2924 Horda:
1393 2893 1508 2924 Horda
1535 2901 1746 2933 praegnans,
1781 2892 1868 2923 ande
1895 2891 1975 2930 dies,

1106 2950 1172 2982 quo
1182 2941 1346 2982 gravidae
1357 2941 1478 2974 bestiae
1489 2941 1762 2981 immolabantur,
1779 2940 1974 2973 hordicidia.

1108 3008 1143 3013 —
1171 2991 1261 3032 esset]
1287 2991 1322 3023 id
1346 2993 1416 3031 est,
1451 3000 1531 3024 esse
1555 2991 1746 3024 ferebatur.
1775 3009 1810 3013 —
1837 2990 1919 3030 quia
1940 2990 1975 3021 in
2001 3000 2014 3005 ·

1106 3043 1200 3072 utero
1229 3040 1430 3083 repressam]
1467 3042 1548 3082 quia
1580 3042 1686 3082 caput
1713 3041 1783 3072 iam
1811 3040 1846 3071 in
1874 3040 1975 3071 utero

1106 3089 1184 3122 loco
1218 3099 1283 3122 suo
1313 3093 1449 3123 motum
1483 3093 1518 3124 et
1548 3092 1643 3123 retro
1668 3098 1810 3122 versum
1839 3089 1901 3127 sit,
1937 3090 1977 3121 ut

1108 3147 1190 3171 cum
1213 3148 1317 3172 crure
1341 3140 1487 3172 demum
1511 3140 1692 3181 prodierit.
1723 3139 1794 3171 Cic.
1821 3139 1916 3171 Brut.
1934 3137 1973 3170 4:

1104 3189 1190 3230 fetus
1213 3189 1374 3231 (frugum)
1398 3198 1566 3230 repressus
1582 3191 1649 3222 cet.
1676 3189 1756 3221 Em«.
1777 3206 1812 3212 —
1839 3191 1899 3220 aut
1912 3188 1977 3220 iter

1107 3238 1189 3280 cet]
1224 3240 1321 3272 Prior
1350 3240 1498 3281 prodigii
1530 3239 1676 3271 huiusce
1706 3246 1789 3279 pars
1818 3238 1854 3270 in
1881 3241 1975 3270 atero

1105 3298 1291 3329 repressum
1312 3290 1465 3322 refertur
1487 3289 1532 3320 ad
1559 3290 1655 3330 prius
1678 3289 1975 3329 interpretationis

1108 3338 1311 3372 membrum
1332 3349 1398 3372 non
1415 3340 1487 3381 fore
1500 3339 1668 3378 validum,
1694 3337 1802 3371 altera
1819 3346 1900 3380 pars
1915 3342 1975 3371 aut

1104 3387 1170 3422 iter
1190 3388 1291 3422 iaxta
1311 3390 1436 3423 editum
1450 3388 1495 3421 ad
1515 3387 1666 3421 alterum
1679 3396 1784 3429 neque
1797 3388 1971 3421 occultam.
