2254 3770
237 248 318 300 282
339 272 341 275 v

240 354 469 411 adversum
499 355 613 398 cives
644 356 869 397 Romanos.
915 361 956 397 et
986 354 1168 397 amisere
1200 353 1447 404 libertatem,
1480 366 1609 412 quam
1639 352 1750 397 bello
1777 351 2027 397 Mithridatis

240 435 484 485 meruerant
513 429 782 473 circumsessi
813 429 1062 484 neclminus
1092 442 1170 472 sua
1199 429 1431 471 constantia
1461 442 1591 486 quam
1619 428 1833 486 praesidio
1864 426 2026 471 Luculli

240 503 373 562 pulso.
395 518 510 562 rege.
557 510 599 547 at
629 503 828 547 Fonteius
860 504 1026 562 Capito,
1066 503 1398 563 qui-proconsul
1431 503 1573 547 Asiam
1603 509 1842 554 curaverat,
1885 502 2028 546 absol-

242 580 363 633 vitur,
397 585 600 636 conperto
629 578 726 623 ficta
756 579 798 621 in
829 593 926 623 eum
957 580 1131 623 crimina
1160 593 1239 636 per
1268 579 1434 622 Vibium
1455 580 1674 622 Serenum.
1716 592 1855 636 neque
1886 584 2027 622 tamen

211 654 289 710 aid
317 655 479 711 Sereno
510 667 658 711 noxae.
678 654 768 702 fuit.
806 668 935 712 quem
965 655 1109 698 odium
1147 654 1364 712 publicum
1394 655 1593 698 tutiorem
1621 654 1812 698 faciebat.
1859 667 1955 696 nam
1984 658 2031 696 ut

244 730 340 787 quis
362 729 602 786 destrictior
622 736 854 780 accusator,
886 730 1001 773 velut
1021 736 1318 774 sacrosanctus
1340 737 1449 774 erat:
1483 729 1610 781 leves,
1643 729 1850 787 ignobiles
1881 728 2030 786 poenis

244 804 563 849 adliciebantur.

680 302 682 305 .
710 250 755 292 Ρ.
788 248 1036 308 CORNELII
1065 247 1235 291 TACITI
1265 246 1529 292 ANNALIUM

326 880 444 937 Ἰ,(37)
474 881 555 922 Per
595 879 710 923 idem
746 886 914 938 tempus
954 876 1366 937 Hispania‘ulterior
1401 881 1543 924 missis
1573 880 1626 924 ad
1646 886 1853 924 ,senatum
1884 879 2031 937 legatis

248 956 382 1009 oravit
413 961 456 998 ut
477 955 672 1012 exemplo
694 955 821 999 Asiae
841 955 1067 999 delubrum
1097 956 1263 999 Tiberio
1294 957 1503 1014 matrique
1534 957 1627 1000 eius
1658 962 1905 1000 exstrueret.
1947 968 2032 1013 qua

200 1044 234 1078 io
249 1031 475 1077 occasione
498 1029 666 1080 Caesar,
698 1030 864 1074 validus
895 1030 1054 1088 alioqui
1085 1031 1335 1088 spernendis
1359 1032 1588 1075 honoribus
1611 1038 1653 1075 et
1685 1029 2033 1088 respondendum

249 1113 364 1161 ratus
394 1106 456 1156 iis,
480 1120 662 1163 quorum
686 1120 858 1162 rumore
881 1106 1137 1163 arguebatur
1162 1107 1203 1148 in
1229 1107 1501 1150 ambitionem
1521 1106 1703 1155 flexisse,
1738 1104 2031 1150 huiuscemodi

250 1174 485 1238 orationem
506 1181 667 1239 coepit:
704 1182 836 1232 «scio,
868 1188 1010 1238 patres
1031 1182 1273 1239 conscripti,
1307 1183 1583 1226 constantiam
1603 1196 1744 1225 meam
1764 1195 1793 1241 >a
1817 1180 2033 1240 plerisque

251 1258 547 1307 desideratam,
580 1257 697 1319 quod
718 1257 841 1300 Asiae
863 1257 1102 1301 civitatibus
1133 1271 1270 1314 nuper
1298 1258 1414 1300 idem
1444 1257 1554 1300 istud
1587 1257 1829 1314 petentibus
1850 1270 1933 1299 non
1955 1256 2035 1299 sim

251 1333 516 1379 adversatus.
562 1346 664 1389 ergo
695 1333 919 1389 etprioris
950 1332 1102 1376 silentii
1133 1332 1435 1382 defensionem,
1468 1339 1509 1375 et
1538 1333 1640 1390 quid
1672 1332 1714 1374 in
1746 1332 1930 1382 futurum
1951 1338 2035 1374 sta-

203 1421 238 1450 ⁴5
251 1407 416 1458 tue-rim,
436 1407 574 1450 simul
603 1408 804 1465 aperiam.
852 1421 950 1451 cum
970 1407 1093 1451 divus
1114 1409 1326 1465 Augustus
1349 1408 1428 1450 sibi
1460 1414 1588 1466 atque
1616 1407 1712 1451 urbi
1743 1408 1900 1450 Romae
1929 1413 2049 1450 tem-'-

251 1483 368 1541 plum
405 1483 519 1540 apud
554 1484 809 1539 Pergamum
847 1483 936 1526 sisti
969 1497 1051 1526 non
1081 1483 1386 1540 prohibuisset,
1424 1483 1496 1541 qui
1531 1483 1671 1526 omnia
1703 1483 1808 1526 facta
1839 1482 2036 1540 dictaque

253 1560 346 1609 eius
367 1559 459 1602 vice
480 1558 585 1615 legis
606 1558 845 1607 observem,
877 1558 1076 1616 placitum
1096 1559 1179 1602 iam
1200 1558 1442 1615 exemplum
1465 1558 1701 1616 promptius
1731 1565 1903 1602 secutus
1929 1572 2034 1605 sum.

253 1635 354 1693 quia
383 1633 638 1678 cultuimeo
659 1635 875 1677 veneratio
896 1641 1068 1677 senatus
1093 1634 1411 1690 adiungebatur.
1457 1641 1647 1677 ceterum
1676 1640 1722 1676 ut
1751 1633 1883 1677 semel
1915 1647 2038 1676 rece-

253 1708 371 1768 pisse
402 1709 568 1753 veniam
601 1709 814 1769 habuerit,
835 1709 893 1752 ita
922 1710 1058 1752 omnis
1089 1724 1167 1767 per
1195 1710 1436 1767 provincias
1459 1708 1597 1766 effigie
1627 1709 1848 1753 numinum
1877 1708 2052 1752 sacrari·

204 1802 241 1832 20
254 1785 536 1833 ambitiosum,
570 1784 823 1842 superbum,
855 1791 897 1828 et
916 1792 1116 1829 vanescet
1137 1785 1310 1842 Augusti
1337 1785 1480 1836 honor,
1514 1785 1547 1826 si
1578 1785 1801 1842 promiscis
1831 1784 2039 1827 adulatio-

255 1856 380 1904 nibus
410 1859 614 1917 vulgatur.
664 1860 743 1916 (38)
777 1874 856 1916 ego
887 1874 973 1910 me,
1013 1867 1152 1918 patres
1183 1860 1423 1917 conscripti,
1454 1860 1675 1903 mortalem
1706 1874 1802 1903 esse
1834 1866 1875 1902 et
1904 1859 2039 1902 homi-

256 1951 357 1979 num
387 1935 528 1979 officia
554 1935 668 1993 fungi
699 1935 888 1993 satisque
919 1935 1093 1986 habere,
1133 1936 1167 1978 si
1198 1936 1339 1979 locum
1370 1936 1604 1993 principem
1634 1935 1849 1993 impleam,
1891 1943 1934 1978 et
1963 1949 2039 1978 vos

256 2011 388 2055 t‘estor
417 2017 459 2054 et
487 2010 732 2054 meminisse
763 2017 959 2068 posteros
997 2010 1107 2059 volo,
1151 2011 1223 2069 qui
1262 2012 1363 2054 satis
1402 2025 1617 2069 superque
1658 2011 1888 2054 memoriae
1919 2023 2039 2054 meae

222 2126 225 2130 .
256 2087 458 2136 tribuent,
496 2093 540 2129 ut
568 2086 800 2129 maioribus
828 2086 936 2129 meis
967 2086 1158 2143 dignum,
1200 2101 1339 2130 rerum
1378 2094 1613 2130 vestrarum
1652 2086 1895 2143 providum,
1939 2099 2040 2129 con-

267 2208 269 2210 ·
323 2203 353 2234 l.
372 2210 467 2242 quem
481 2209 534 2243 pr.
552 2201 586 2234 M
603 2218 638 2224 —
656 2201 870 2233 milhiridatis
885 2202 917 2233 M
935 2219 971 2225 -
991 2202 1020 2233 6.
1041 2201 1225 2234 destrictior
1239 2211 1291 2243 pr.
1312 2202 1361 2235 M:
1388 2201 1570 2234 districtior
1585 2209 1675 2233 corr.
1691 2201 1742 2238 M;
1769 2200 1811 2233 cf.
1832 2201 1864 2239 l,
1878 2200 1932 2232 32.
1950 2200 2037 2233 Vide

257 2251 431 2292 Halmium
455 2258 490 2290 in
513 2258 621 2290 Iahnii
637 2257 769 2290 Annall.
789 2257 950 2300 philolog.
972 2259 1007 2290 et
1029 2259 1219 2300 paedagog.
1238 2257 1306 2290 vol.
1326 2259 1367 2291 56
1384 2267 1417 2300 p.
1436 2259 1475 2290 37
1494 2267 1572 2300 sqq.
1591 2259 1626 2290 et
1649 2257 1847 2299 Kempfium
1864 2257 1909 2289 ad
1921 2256 2036 2290 Valer.

258 2316 346 2348 Max.
363 2316 395 2354 2,
415 2315 447 2353 9,
466 2315 497 2347 6.
518 2333 554 2337 -
581 2315 633 2346 42.
661 2315 694 2346 P.
714 2315 747 2347 C.
767 2316 799 2347 M
826 2333 861 2338 —-
889 2315 940 2347 ⁴6.
967 2312 1043 2347 ema
1065 2316 1097 2348 M
1125 2334 1159 2339 —-
1185 2316 1275 2356 facta
1300 2325 1390 2348 corr.
1416 2316 1470 2347 M:
1493 2316 1571 2357 ficta
1594 2323 1647 2356 pr.
1666 2315 1698 2347 M
1724 2331 1758 2336 -
1781 2313 1831 2346 ⁴9.
1851 2322 1960 2345 omnes
1979 2322 2040 2354 per

254 2363 446 2418 provincias
477 2369 593 2411 (solito
617 2370 712 2411 apud
735 2371 892 2403 Tacitum
916 2371 1109 2404 verborum
1133 2371 1270 2412 ordine)
1295 2371 1516 2413 Nipperdey:
1545 2380 1606 2411 per
1629 2368 1698 2402 <mis
1720 2378 1781 2410 per
1804 2368 2037 2412 (compendio)

254 2427 450 2468 prouincias
472 2435 524 2468 pr.
545 2428 595 2465 M;
617 2436 680 2467 per
696 2424 763 2458 onis
783 2428 977 2467 prouincias
993 2437 1082 2459 corr.
1103 2429 1134 2461 M
1155 2447 1190 2452 —
1209 2429 1341 2460 sacrari
1358 2428 1509 2469 Lipsius:
1536 2436 1636 2458 sacra
1654 2427 1698 2468 (in
1714 2426 1784 2459 fine
1802 2425 1935 2467 versus)
1954 2427 1985 2458 M
2000 2444 2036 2449 —

257 2483 509 2523 20.1promiscis
531 2484 581 2515 M:
604 2484 803 2523 promiscuis
827 2492 958 2524 margo.
988 2501 1023 2507 —
1049 2485 1102 2516 24.
1127 2485 1162 2516 P.
1181 2484 1216 2517 G.
1235 2485 1268 2517 M
1295 2502 1330 2507 —
1357 2492 1423 2516 esse
1445 2487 1474 2515 et
1491 2484 1625 2525 (versus
1642 2483 1729 2523 finis)
1754 2486 1785 2515 et
1805 2483 1973 2515 hominum
1992 2483 2036 2515 M.

256 2593 330 2616 sum
344 2584 431 2615 cives
447 2582 495 2624 R]
521 2584 668 2624 Propter
684 2583 834 2616 similem
852 2592 996 2616 causam
1012 2593 1043 2615 a.
1060 2584 1122 2616 734Γ
1176 2584 1246 2615 Lat.
1273 2593 1306 2616 n.
1334 2584 1414 2615 606:
1441 2583 1598 2616 ROMAE.
1623 2584 1689 2615 ET.
1714 2582 1917 2615 AVGVSTO.
1945 2582 2041 2615 CAE—

257 2633 456 2670 libertatem
489 2633 529 2665 iis
561 2632 743 2665 ademerat
767 2635 940 2674 Augustus
966 2635 1043 2674 (Dio
1068 2632 1121 2671 54,
1174 2635 1277 2667 SARI.
1302 2636 1404 2667 DIVI.
1429 2636 1465 2667 F.
1493 2635 1620 2667 PATRI.
1645 2634 1830 2667 PATRIAE'.
1858 2632 1974 2666 Polae.
1999 2634 2037 2666 In

257 2683 305 2724 7),
330 2683 397 2721 >sed
422 2683 622 2715 restituerat
645 2692 676 2715 a.
696 2683 758 2714 739
777 2683 875 2724 (Ihid.
894 2683 959 2724 23).
982 2701 1017 2706 —
1044 2683 1124 2714 bello
1174 2693 1318 2716 nummo
1343 2685 1437 2726 apud
1453 2684 1581 2716 Eckhel
1598 2686 1638 2716 D.
1657 2685 1752 2716 N.11.
1773 2692 1805 2724 p.
1824 2682 1904 2715 466:
1932 2683 2040 2715 COM-

258 2732 472 2774 Mithridatis]
489 2732 635 2773 Appian.
652 2733 689 2764 B.
705 2733 818 2765 Mithr.
834 2734 874 2764 7⁶2.
888 2742 966 2774 sqq.
981 2751 1016 2771 -.
1037 2733 1123 2764 Fon·

258 2781 491 2823 leiusCapito]
517 2781 637 2815 consul
663 2791 743 2814 cum
769 2783 976 2815 Germanico
999 2792 1030 2815 a.
1046 2783 1120 2815 765.

258 2833 294 2872 In
327 2832 422 2869 fastis
454 2831 655 2873 Capitolinis
688 2833 888 2864 nominatur
912 2833 946 2865 C.
973 2833 1125 2865 Fonteius

259 2882 293 2915 C.
311 2882 335 2922 f.
354 2881 389 2914 C.
406 2891 439 2912 η.
459 2878 585 2921 Capito.
605 2899 640 2904 —-
662 2882 790 2914 Vibium
805 2882 975 2923 Serenum]
997 2881 1121 2919 filium;

257 2930 338 2971 vide
362 2939 468 2972 supra
486 2939 515 2962 c.
535 2931 587 2963 28.
611 2949 643 2953 —
664 2931 860 2973 destrictior]
878 2932 1003 2971 acrior,
1029 2934 1124 2964 atro-

259 2981 349 3019 cior,
382 2981 420 3021 ut
449 2981 639 3012 destrictam
664 2981 895 3021 feneratricem
917 2983 1019 3013 vocat
1043 2982 1124 3013 Ota-

260 3030 373 3067 ciliam
399 3029 578 3071 quandam
595 3028 752 3061 Valerius
774 3031 860 3063 Max.
880 3032 917 3070 8,
936 3032 973 3069 2,
993 3032 1023 3063 Ξ.
1051 3032 1124 3063 Me-

259 3080 405 3122 taphora
437 3079 623 3123 desumpta
655 3080 707 3111 est
736 3088 754 3110 a
786 3079 907 3120 gladiis
935 3080 1122 3121 destrictis,

260 3130 318 3170 qui
343 3130 443 3170 proni
467 3130 548 3161 sunt
570 3128 615 3161 ad
638 3129 855 3162 irruendum.

303 3179 530 3220 37.·eaeemplo
552 3178 664 3220 Asiae]
692 3179 741 3211 Cf.
769 3188 799 3210 c.
829 3181 879 3211 ⁴5.
909 3198 944 3203 —-
978 3181 1122 3222 alioqui]

261 3226 342 3261 nos:
377 3230 461 3261 auch
492 3232 598 3270 sonst,
630 3229 778 3261 ohnehin.
816 3229 865 3261 Cf.
894 3230 977 3262 Hist.
1005 3231 1036 3268 3,
1062 3231 1123 3263 32:

261 3281 358 3311 ditem
391 3279 518 3321 alioqui
552 3281 716 3312 coloniam
748 3279 874 3311 maiore
907 3289 1003 3319 opum
1024 3282 1127 3320 specie

262 3329 510 3373 complebatqf
534 3330 595 3362 sibi
619 3334 717 3370 atque
739 3328 815 3369 urbi
836 3330 967 3370 Romae]
994 3331 1031 3362 ln
1049 3339 1126 3362 mo-

1172 2743 1270 2766 mune
1297 2734 1432 2766 ASIAE.
1467 2734 1568 2766 ROM.
1594 2734 1659 2765 ET.
1683 2733 1780 2765 AVG.
1819 2732 1868 2764 Cf.
1894 2732 2036 2765 Sueton.

1174 2785 1258 2824 Aug.
1286 2784 1339 2815 52.
1383 2784 1447 2816 Dio
1478 2785 1538 2821 51,
1564 2784 1617 2816 20.
1654 2800 1689 2806 —
1725 2783 1780 2822 qui
1811 2783 1923 2814 omnia
1947 2783 2040 2822 facta

1173 2834 1324 2873 dictaque
1359 2833 1439 2874 cet]
1476 2832 1599 2864 Strabo
1635 2833 1674 2870 6,
1710 2831 1747 2870 4,
1773 2832 1812 2863 2:
1852 2830 2036 2877 Τιβέριος,

1173 2880 1319 2915 κανόνα
1345 2881 1413 2925 τῆς
1435 2879 1659 2924 διοικήσεως
1682 2882 1748 2913 καὶ
1771 2880 1846 2913 τῶν
1870 2891 2039 2927 προστα-

1173 2931 1326 2976 γμάτων
1350 2930 1580 2974 ποιούμενος
1603 2931 1749 2964 ἐκεῖνον
1774 2932 2003 2972 (Augustum).

1217 2983 1268 3015 38.
1295 2983 1406 3024 officia
1419 2981 1525 3023 fungi]
1552 2981 1602 3014 Cf.
1622 2982 1653 3019 3,
1671 2982 1710 3012 2:
1737 2985 1773 3012 ul
1795 2990 1937 3014 munera
1956 2982 2039 3022 fun-

1173 3035 1340 3074 gerentur.
1362 3050 1396 3055 —-
1416 3032 1576 3070 tribuent,
1603 3035 1639 3062 ut
1655 3049 1671 3054 -
1685 3048 1702 3054 —
1718 3031 1866 3071 credant]
1884 3032 1903 3064 i.
1924 3041 1955 3064 e.
1973 3033 2038 3064 tri-

1174 3083 1289 3121 buent,
1315 3083 1343 3114 si
1368 3081 1402 3114 id
1426 3081 1597 3116 tribuent.
1623 3081 1658 3112 id
1682 3080 1884 3120 tribuendo,
1911 3084 1947 3112 ul
1967 3083 2034 3114 cet.

1178 3150 1213 3155 —
1233 3141 1298 3172 pro
1321 3130 1513 3172 sepulchris]
1547 3139 1615 3163 non
1646 3139 1750 3163 secus
1773 3139 1814 3162 ac
1837 3130 2034 3172 sepulchra.

1175 3183 1332 3223 Propert.
1361 3183 1393 3221 4,
1417 3182 1468 3218 40.
1486 3180 1546 3213 24:
1573 3181 1644 3212 Neu
1666 3180 1723 3212 tibi
1741 3189 1806 3221 pro
1828 3189 1915 3212 vano
1937 3181 2039 3213 verba

1176 3231 1316 3272 beniqna
1345 3232 1478 3263 cadant.
1517 3230 1612 3262 Ovid.
1640 3230 1722 3262 Her.
1748 3230 1780 3268 3.
1806 3230 1866 3262 98:
1901 3231 1941 3262 At
1963 3239 2039 3262 mea

1172 3289 1235 3320 pro
1251 3281 1342 3312 nullo
1358 3281 1504 3320 pondere
1519 3279 1620 3312 verba
1636 3280 1770 3311 cadunt.
1790 3280 1930 3311 Sueton.
1950 3282 2035 3320 Aug.

1176 3331 1232 3362 70:
1254 3339 1319 3371 pro
1342 3331 1489 3370 Apolline
1504 3333 1652 3362 ornatus.
1680 3330 1802 3361 Cicero
1819 3338 1882 3371 pro
1901 3328 2038 3361 Plancio

262 3380 437 3422 numentis
462 3379 611 3421 publicis
630 3381 793 3433 *inversus
809 3380 873 3422 est
892 3378 990 3411 ordo,
1016 3380 1123 3411 Inscr.
1176 3380 1195 3423 5
1219 3381 1278 3415 95:
1313 3381 1455 3420 lapidem
1477 3389 1494 3412 e
1515 3380 1683 3421 sepulchro
1705 3380 1859 3412 venerari
1878 3388 1943 3421 pro
1966 3380 2035 3412 deo.
