2254 3770
791 283 948 327 LIBER
975 283 1044 325 ΠΙ.
1084 282 1184 339 Cap.
1215 281 1282 324 57.
1312 281 1380 324 58.
1410 281 1478 324 59.

1936 283 2018 326 1189

232 394 345 438 visse
375 392 615 450 religiones.
660 390 777 449 quod
798 391 834 433 si
864 404 942 448 per
971 395 1032 433 tot
1060 401 1195 432 annos
1225 389 1360 445 possit
1389 402 1474 431 non
1501 387 1638 431 creari
1659 387 1775 430 nullo
1796 401 2018 432 sacrorum

231 468 399 517 damno.
430 473 589 525 quanto
618 466 781 510 facilius
811 465 1025 508 afuturum
1054 463 1107 506 ad
1140 463 1265 506 unius
1296 464 1392 505 anni
1422 462 1730 521 proconsulare
1759 463 2017 521 imperium?

230 543 404 601 privatis
433 542 534 585 olim
563 540 846 585 simultatibus
869 540 1069 584 effectum
1097 546 1144 582 ut
1172 553 1197 582 a
1226 538 1499 596 pontificibus
1527 538 1722 581 maximis
1754 538 1815 581 ire
1845 539 1887 581 in
1916 553 2017 596 pro-

229 618 390 662 vincias
428 617 779 675 prohiberentur:
822 629 937 659 nunc
972 615 1102 658 deum
1142 627 1321 657 munere
1355 628 1569 657 summum
1605 613 1853 671 pontificum
1888 614 2017 657 etiam

229 708 443 738 summum
462 692 682 736 hominum
701 705 812 741 esse,
843 704 928 734 non
948 689 1233 739 aemulationi,
1256 703 1341 732 non
1362 689 1461 732 odio
1482 696 1555 732 aut
1573 689 1748 747 privatis
1769 688 2048 735 adfectioni-zs

230 769 310 812 bus
348 768 592 813 obnoxium.
637 767 718 823 (59)
757 766 965 809 adversus
1002 778 1116 823 quae
1150 779 1249 808 cum
1284 777 1423 822 augur
1459 764 1664 808 Lentulus
1702 764 1860 822 aliique
1898 765 2015 808 varie

229 844 502 893 dissererent,
534 857 587 886 eo
607 842 840 886 decursum
859 848 925 885 est
944 846 991 883 ut
1009 840 1221 898 pontificis
1243 840 1411 882 maximi
1433 841 1685 884 sententiam
1702 841 2014 898 opperirentur.

229 918 424 963 Tiberius
452 917 580 962 dilata
619 918 790 960 notione
820 916 875 959 de
914 916 1007 959 iure
1037 914 1237 966 flaminis,
1278 915 1474 959 decretas
1505 915 1560 958 ob
1590 915 1857 960 tribuniciam
1887 916 2015 959 Drusi

229 1001 483 1054 potestatem
513 993 795 1037 caerimonias
826 991 1095 1048 temperavit,
1128 990 1374 1034 nominatim
1405 1004 1590 1048 arguens
1620 990 1887 1034 insolentiam
1918 1005 2017 1035 sen-

230 1071 386 1114 tentiae
430 1082 672 1126 aureasque
715 1067 876 1110 litteras
916 1072 1063 1110 contra
1106 1066 1292 1123 patrium
1332 1079 1510 1109 morem.
1560 1066 1760 1110 recitatae
1805 1074 1847 1110 et
1889 1067 2017 1110 Drusi
2030 1082 2067 1112 io

229 1145 450 1203 epistulae,
482 1157 744 1202 quamquam
764 1141 819 1186 ad
838 1142 1095 1185 modestiam
1114 1140 1262 1192 flexae,
1294 1155 1374 1198 pro
1394 1140 1715 1199 superbissimis
1736 1142 2015 1200 accipiuntur.

227 1221 313 1265 huc
341 1220 557 1264 decidisse
587 1225 738 1263 cuncta
767 1225 814 1261 ut
841 1231 896 1261 ne
925 1217 1092 1260 iuvenis
1122 1216 1299 1274 quidem
1335 1222 1450 1259 tanto
1479 1216 1643 1260 honore
1673 1225 1852 1274 accepto
1882 1217 2018 1261 adiret

229 1295 347 1339 urbis
386 1295 510 1344 deos,
554 1294 851 1352 ingrederetur
885 1299 1099 1343 senatum,
1140 1291 1332 1349 auspicia
1369 1291 1518 1335 saltem
1556 1292 1712 1349 gentile
1742 1299 1845 1350 aput
1878 1292 2017 1336 solum

230 1371 448 1429 inciperet.
497 1368 655 1413 bellum
685 1354 870 1419 scilicet,
896 1374 969 1411 aut
997 1367 1168 1411 diverso
1200 1373 1409 1410 terrarum
1439 1367 1643 1417 distineri,
1675 1367 1797 1411 litora
1827 1375 1869 1412 et
1897 1367 2016 1412 lacus

229 1446 486 1504 Campaniae
517 1458 615 1489 cum
653 1444 833 1487 maxime
870 1449 1181 1501 peragrantem.
1230 1443 1293 1486 sic
1328 1443 1462 1486 imbui
1496 1449 1709 1486 rectorem
1737 1443 1907 1501 generis
1937 1443 2017 1486 hu-
2029 1459 2067 1489 as

229 1522 363 1575 mani;
394 1521 437 1564 id
467 1521 652 1579 primum
672 1534 696 1563 e
723 1519 912 1577 paternis
942 1517 1131 1562 consiliis
1157 1517 1341 1561 discere.
1380 1532 1484 1562 sane
1515 1526 1766 1576 gravaretur
1794 1526 2015 1577 aspectum

294 1673 327 1705 2.
352 1672 528 1714 astiturum
548 1681 605 1715 pr.
622 1673 674 1706 M:
700 1671 894 1713 abfutunmv
916 1679 1008 1705 corr.
1025 1671 1058 1704 Μ
1077 1689 1112 1694 —-
1139 1671 1172 1702 5.
1189 1670 1406 1703 aemulationi
1428 1671 1600 1703 Muretus:
1626 1671 1847 1705 aemulatione
1861 1673 1895 1705 M
1920 1691 1956 1696 —
1981 1673 2013 1706 7.

230 1730 469 1762 desserererent
488 1729 522 1763 M
546 1747 583 1753 ——-
614 1729 647 1762 8.
672 1729 784 1761 delata
811 1729 969 1761 notitione
992 1737 1044 1770 pr.
1071 1728 1105 1761 Μ
1130 1745 1164 1752 -
1192 1728 1400 1760 tribunitiam
1422 1728 1456 1761 M
1489 1745 1524 1751 —
1555 1727 1587 1760 9.
1612 1729 1812 1761 cerimonias
1832 1729 1866 1762 M
1892 1747 1927 1753 -
1961 1730 2012 1762 42.

231 1787 387 1819 decidisse
407 1795 441 1819 se
463 1790 583 1819 cuncta
603 1795 659 1828 pr.
676 1786 710 1819 M
737 1803 769 1810 —
797 1785 852 1819 ⁴4.
877 1785 996 1818 bellum
1017 1785 1068 1818 M:
1096 1784 1177 1817 bello
1200 1785 1354 1827 Lipsius;
1379 1784 1460 1817 bello
1482 1793 1558 1817 eum
1579 1785 1743 1817 Pichena.
1773 1803 1808 1808 —
1834 1786 1967 1818 diversa
1989 1789 2012 1819 t.

198 1863 211 1865 ι
230 1843 384 1876 distinere
405 1843 581 1876 Heinsius.

229 1975 329 2007 cuius
350 1974 482 2007 flamen
498 1976 592 2014 erat,
617 1974 663 2007 ob
680 1974 813 2007 Cinnae
833 1973 987 2007 facinora
1002 1982 1097 2006 mor-

228 2026 302 2057 tem
326 2024 393 2058 sibi
417 2025 598 2057 conscivit.
624 2023 744 2057 Vellei.
768 2024 807 2063 2,
832 2025 886 2056 22.
922 2023 1096 2057 Suffectus

230 2076 286 2107 est
314 2075 446 2107 flamen
475 2083 588 2108 novus
615 2074 660 2107 ab
683 2076 839 2116 Augusto
863 2083 895 2107 a.
920 2073 995 2106 743.
1034 2075 1096 2107 Dio

229 2123 291 2163 54,
316 2124 378 2156 36:
407 2119 491 2157 Κάν
513 2122 564 2168 τῷ
589 2120 692 2168 αὐτῷ
715 2121 837 2168 τούτῳ
861 2121 987 2170 χρόνῳ
1011 2119 1035 2155 ὅ
1056 2133 1097 2156 τε

230 2170 352 2219 ἱερεὺς
385 2172 454 2207 τοῦ
484 2171 576 2216 Διὸς
609 2172 758 2220 πρῶτον
790 2171 889 2216 μετὰ
925 2171 993 2206 τὸν
1018 2173 1096 2206 Με-

229 2221 372 2271 ρούλαν
393 2220 613 2268 ἀπεδείχθη.
640 2226 785 2257 Sueton.
811 2226 898 2266 Aug.
916 2224 952 2256 3⁴
972 2234 980 2256 ε
1004 2226 1098 2258 Non-

229 2275 323 2307 nulla
344 2275 444 2308 etiam
465 2285 510 2308 ea:
531 2276 679 2315 antiquis
699 2275 911 2308 caerimoniis
927 2276 1099 2315 paulatim

228 2324 354 2357 abolita
374 2325 533 2365 restituit,
564 2328 604 2357 ut
624 2325 750 2357 Salutis
771 2325 969 2366 augurium,
1002 2326 1100 2357 Diale

228 2374 426 2415 flaminium.
452 2374 505 2406 Cf.
523 2375 595 2407 Gai.
616 2375 649 2415 I,
675 2374 694 2416 g
713 2375 787 2407 ⁴36.
816 2376 1099 2407 lntercesserunt

229 2424 333 2464 igitur
354 2424 446 2457 inter
467 2423 620 2457 Merulae
644 2424 793 2457 caedem
816 2426 851 2457 et
866 2425 964 2458 Diale
987 2425 1098 2457 flami-

230 2474 328 2506 nium
358 2474 559 2507 restitutum
582 2483 653 2507 non
675 2475 705 2507 ΙῙ
728 2476 764 2507 et
785 2474 891 2514 LXX,
922 2474 986 2507 sed
1009 2475 1040 2506 V
1063 2476 1098 2507 et

230 2523 346 2556 LXXII
369 2524 469 2563 anni,
500 2524 560 2566 qui
590 2524 730 2557 numeri
753 2532 861 2566 quam
885 2523 984 2557 facile
1007 2525 1099 2557 inter

230 2581 269 2605 se
292 2573 487 2614 permutari
510 2575 688 2615 potuerint
709 2574 752 2616 (11
775 2575 811 2606 et
831 2573 869 2615 u)
888 2574 1014 2616 sponte
1038 2582 1098 2616 ap-

230 2624 343 2665 paret.
363 2642 399 2647 —
424 2633 588 2656 summum
607 2625 800 2666 pontificum
818 2625 920 2657 etiam
933 2633 1098 2657 summum

228 2673 409 2716 hominum]
433 2674 518 2707 lude
538 2675 584 2707 ab
603 2676 760 2716 Augusto
783 2674 1005 2717 pontificatus
1025 2684 1099 2708 ma-

229 2724 344 2757 ximus
374 2732 396 2756 a
425 2726 551 2758 senatu
574 2725 847 2767 imperatoribus
870 2724 1007 2758 delatus
1031 2727 1097 2759 est.

229 2772 390 2806 Tiberius
426 2782 509 2807 eum
542 2774 717 2807 honorem
747 2774 897 2808 obtinuit
924 2776 1039 2808 Druso
1063 2776 1100 2807 et

229 2823 394 2857 Norbano
424 2833 497 2858 cos.
524 2826 566 2867 (a.
592 2834 628 2857 u.
654 2825 729 2866 768)
764 2826 806 2858 VI
836 2825 918 2858 Idus
941 2826 1095 2859 Martias.

231 2872 318 2906 Vide
335 2873 543 2907 Kalendaria
559 2875 827 2908 Praenestinum
842 2876 879 2907 et
888 2875 1097 2907 Vaticanum

232 2922 359 2956 Inscrr.
385 2925 473 2956 Latt.
499 2923 574 2957 Vol.
599 2925 641 2957 ΙΙ.
666 2933 701 2966 p.
727 2924 790 2957 386
814 2933 868 2967 sq.
901 2926 937 2957 et
959 2924 1097 2957 titulum

231 2971 471 3006 Florentinum
502 2983 538 3006 n.
564 2974 646 3007 686:
680 2974 723 3006 VI
739 2975 818 3006 Idus
838 2975 1001 3015 Martias,
1031 2983 1099 3015 qua

231 3021 284 3054 die
306 3022 354 3055 Ti.
381 3023 505 3056 Caesar
523 3023 643 3066 pontif.
666 3024 838 3056 maa-imus
855 3024 1040 3065 felicissime
1054 3026 1100 3056 est

233 3075 377 3104 creatus.
792 3080 794 3082 '

273 3123 328 3155 59.
354 3131 466 3165 auyur
486 3123 652 3164 Lentulus]
676 3121 798 3156 consul
822 3132 854 3155 a.
872 3132 907 3155 u.
926 3122 1002 3156 740.
1026 3123 1099 3155 Au-

230 3173 375 3213 guratus
406 3173 439 3205 ei
468 3181 534 3214 pro
565 3173 774 3214 cognomine
802 3172 909 3205 fuisse
941 3172 1096 3210 videtum

230 3231 312 3254 nam
336 3223 443 3256 etiam
465 3223 501 3255 in
523 3223 750 3256 Monumento
766 3223 952 3263 Ancyrano
968 3222 1031 3260 111,
1055 3221 1097 3254 23

229 3270 377 3313 legitur:
412 3272 598 3305 consulibus
620 3273 679 3313 [M.
705 3272 834 3304 Crasso
858 3271 904 3313 et]
929 3271 987 3304 Cn.
1012 3271 1099 3303 Len-

231 3321 299 3353 tulo
321 3330 468 3364 augure,
491 3321 586 3355 unde
610 3322 645 3354 in
667 3321 795 3353 Baiteri
818 3320 915 3354 fastis
935 3321 1099 3353 nomina—

232 3371 289 3402 tur
312 3371 370 3404 On.
396 3372 565 3405 Cornelius
587 3371 645 3405 Cn.
669 3371 695 3411 f.
719 3371 875 3403 Lentulus
889 3370 1017 3412 Auqur.
1043 3370 1095 3403 Cf.

1145 1975 1280 2006 Seneca
1315 1973 1360 2006 de
1396 1973 1516 2007 Benef.
1548 1975 1590 2014 2,
1615 1975 1669 2016 27,
1700 1976 1733 2008 l:
1771 1973 1828 2008 Cn.
1861 1975 2017 2008 Lentulus

1146 2033 1275 2066 augur,
1300 2024 1495 2056 divitiarum
1516 2025 1707 2057 maximum
1727 2025 1931 2066 exemplum,
1956 2035 2017 2058 an-

1147 2077 1279 2114 tequam
1300 2074 1394 2106 illam
1416 2074 1559 2106 libertini
1577 2083 1761 2116 pauperem
1780 2075 1940 2117 facerent,
1962 2068 1982 2101 ·'
1997 2093 2017 2099 -

1145 2124 1269 2165 inqenii
1293 2124 1358 2165 fuit
1385 2124 1520 2163 sterilis,
1550 2128 1620 2157 tam
1639 2126 1751 2166 pusilli
1773 2133 1876 2165 quam
1897 2126 2014 2159 animi.

1148 2173 1229 2206 Cum
1257 2177 1337 2206 esset
1362 2174 1599 2214 avarissimus,
1630 2184 1782 2208 nummos
1803 2177 1900 2208 citius
1920 2176 2018 2208 emit-

1147 2223 1235 2255 lebat
1255 2233 1357 2264 quam
1377 2224 1499 2256 verba:
1522 2228 1621 2257 tanta
1643 2226 1692 2258 illi
1713 2227 1829 2267 inopia
1850 2230 1923 2259 erat
1944 2236 2016 2259 ser-

1146 2273 1263 2305 monis.
1309 2274 1452 2306 Sueton.
1485 2274 1561 2307 Tib.
1585 2274 1645 2308 49:
1683 2276 1773 2308 Satis
1799 2280 1927 2308 constat
1955 2277 2013 2310 Gn.

1147 2325 1320 2357 Lentulum
1334 2334 1515 2366 auyurem,
1540 2327 1595 2358 cui
1617 2336 1732 2359 census
1749 2329 1922 2360 maaeimus
1940 2328 2017 2369 fue-

1146 2376 1209 2414 rit,
1244 2379 1333 2407 melu
1359 2379 1390 2407 et
1424 2385 1550 2418 anyore
1577 2378 1622 2409 ad
1647 2378 1820 2419 fastidium
1852 2380 1942 2411 vilae
1973 2379 2016 2411 ab

1147 2434 1184 2457 eo
1214 2426 1250 2466 (a
1274 2425 1434 2467 Tiberio)
1465 2430 1578 2459 actum
1598 2430 1630 2460 et
1651 2431 1690 2460 ut
1710 2438 1752 2461 ne
1774 2437 1838 2469 quo
1860 2429 1924 2461 nisi
1944 2430 2016 2470 ipso

1146 2474 1262 2507 herede
1293 2479 1490 2509 moreretur.
1535 2495 1571 2499 —
1612 2477 1760 2520 notione]
1799 2487 1864 2521 pro
1900 2480 2017 2521 cogni-

1147 2523 1250 2564 tione,
1275 2526 1315 2557 ut
1337 2526 1369 2565 6,
1388 2526 1447 2563 42:
1474 2526 1559 2558 item
1581 2535 1715 2560 noscere
1735 2537 1802 2570 pro
1824 2537 2018 2571 cognoscere

1149 2574 1210 2614 42,
1243 2575 1296 2607 60.
1334 2575 1433 2608 Conf.
1459 2576 1532 2608 Cic.
1557 2575 1603 2609 ad
1625 2577 1695 2609 Att.
1719 2578 1773 2617 Η,
1798 2579 1860 2619 20,
1884 2580 1924 2612 2:
1953 2588 2017 2611 no·—

1147 2624 1268 2656 tionem
1297 2625 1441 2666 differre.
1483 2625 1528 2658 de
1561 2626 1667 2659 domo
1698 2635 1763 2660 sua
1787 2628 1807 2670 5
1831 2628 1895 2661 35;
1932 2638 2017 2669 quae

1147 2674 1254 2706 omnis
1273 2676 1364 2707 notio
1382 2676 1578 2717 pontificum
1599 2685 1665 2709 esse
1681 2678 1801 2710 debuit.
1832 2679 1896 2718 Qui
1912 2679 2016 2711 huius

1148 2725 1298 2757 notionis
1323 2725 1426 2757 fuerit
1449 2726 1580 2766 exitus,
1615 2727 1693 2760 vide
1717 2737 1748 2760 c.
1774 2729 1829 2761 74.
1857 2747 1894 2751 -
1925 2730 2017 2761 inso-

1147 2773 1283 2806 lentiam
1304 2774 1491 2816 sententiae]
1516 2776 1556 2815 Q.
1582 2776 1731 2816 Haterii;
1755 2778 1837 2811 vide
1854 2787 1885 2811 c.
1904 2779 1959 2811 57.
1977 2796 2014 2802 —-

1146 2824 1210 2856 huc
1232 2824 1396 2866 decidisse]
1428 2825 1484 2857 Sic
1507 2826 1651 2858 Sueton.
1677 2826 1798 2861 Claud.
1824 2828 1863 2861 9:
1893 2829 1938 2860 ad
1959 2836 2017 2860 eas

1147 2876 1197 2906 rei
1217 2874 1398 2915 familiaris
1413 2876 1587 2917 angustias
1602 2877 1731 2910 decidit.
1756 2879 1818 2911 Est
1838 2880 1898 2911 «in
1913 2880 2015 2921 peius

1149 2924 1310 2956 mutari.»
1336 2941 1372 2947 -
1406 2925 1558 2965 auspicia
1581 2925 1666 2967 cet.]
1694 2927 1811 2960 Livius
1834 2929 1892 2967 22,
1918 2929 1932 2960 4
1968 2928 2014 2960 de

1149 2974 1187 3005 C.
1215 2972 1399 3013 Flaminio,
1438 2975 1498 3016 qui
1527 2977 1607 3007 ante
1638 2976 1763 3009 initum
1794 2976 2015 3010 consulatum

1147 3022 1326 3064 profectus
1351 3025 1406 3056 est
1423 3023 1468 3056 ab
1485 3024 1594 3057 urbe:
1621 3026 1715 3067 Quod
1729 3027 1815 3059 enim
1829 3027 1878 3059 illi
1893 3027 2015 3060 iustum

1147 3073 1343 3113 imperium,
1368 3075 1456 3114 quod
1478 3075 1666 3115 auspicium
1684 3078 1775 3109 esse?
1796 3077 2016 3119 Mayistratus

1147 3123 1182 3154 id
1211 3132 1235 3155 a
1263 3124 1378 3164 domo,
1417 3124 1558 3165 publicis
1588 3127 1798 3167 privatisque
1826 3127 2013 3169 penatibus,

1147 3173 1275 3205 Latinis
1286 3173 1380 3215 feriis
1394 3175 1490 3215 actis,
1507 3176 1670 3217 sacrificio
1684 3177 1720 3207 in
1732 3179 1841 3208 monte
1855 3175 2012 3219 (Albano)

1144 3223 1306 3264 perfecte,
1342 3225 1427 3256 votis
1454 3225 1518 3257 rite
1545 3226 1581 3257 in
1611 3225 1773 3265 Capitolio
1801 3228 2013 3268 nuncupatis,

1147 3280 1255 3305 secum
1285 3273 1398 3314 serre,·
1430 3283 1490 3306 nec
1517 3275 1691 3315 privatum
1722 3276 1873 3316 auspicia
1900 3279 2012 3319 sequi,

1146 3331 1207 3354 nec
1227 3323 1297 3355 sine
1317 3324 1474 3364 auspiciis
1488 3324 1674 3364 profectum
1688 3324 1724 3356 in
1739 3328 1876 3359 externo
1890 3335 1931 3360 ea
1945 3327 2014 3359 solo

1146 3381 1234 3405 nova
1256 3377 1356 3412 atque
1375 3374 1507 3415 integra
1522 3373 1692 3414 concipere
1702 3383 1809 3415 posse.
1835 3375 1887 3410 Cf.
1904 3376 1937 3417 4,
1955 3377 2010 3409 36.

231 3419 352 3454 Marini
383 3423 453 3455 Atti
486 3421 541 3455 de'
563 3419 702 3455 Fratelli
736 3419 853 3454 Arvali
885 3419 971 3454 Tab.
995 3421 1027 3462 1,
1061 3421 1095 3454 2.
1149 3438 1185 3446 -
1203 3423 1324 3464 aeneae
1338 3424 1431 3464 apud
1442 3422 1558 3464 solum]
1581 3423 1618 3456 in
1632 3424 1745 3466 patrio
1760 3423 1849 3468 solo,
1864 3427 2008 3475 Romae.
