2254 3770
231 253 264 281 X

232 345 411 403 ingenio
458 345 641 390 Victorii
691 347 943 402 profectae,
999 361 1108 405 quas
1160 350 1233 391 ille
1277 361 1304 391 a
1347 349 1584 392 collatione
1624 349 1723 393 libri
1766 349 2012 392 Florentini

233 419 434 462 distinxit
465 423 720 477 praeposito
743 426 783 465 οὓ
806 417 879 475 (h.
899 436 935 466 e.
956 418 1177 479 corriye).
1228 422 1364 476 Quam
1395 423 1729 481 diligentissime
1749 426 1894 468 autem
1920 425 2011 469 fieri

234 497 399 552 potuit,
428 496 613 539 Victorii
643 500 774 540 notas
804 500 1031 554 expressi,
1060 512 1116 541 ne
1147 500 1330 541 minimis
1361 498 1531 554 quidem
1563 500 1773 542 omissis.»

344 570 491 614 Probe
522 584 630 630 ergo
661 572 896 615 tenendum
927 574 1166 616 Victorium
1197 574 1391 617 codicem
1422 573 1543 616 Med.
1575 575 1608 616 Ι.
1637 587 1726 617 non
1757 576 2011 624 contulisse,

234 659 453 702 nunquam
482 646 663 690 vidisse.
708 647 771 690 At
803 650 984 704 propter
1014 650 1199 691 omnium
1230 649 1380 691 harum
1409 648 1689 691 collationum
1710 648 2012 694 diversitatem

234 720 349 763 haud
377 721 699 777 infrequentem
722 724 767 765 et
787 725 972 779 propter
991 724 1210 766 silentium
1231 723 1358 766 modo
1379 723 1616 779 Pichenae,
1637 723 1764 767 modo
1786 724 2014 782 GronovH,

235 795 362 838 modo
393 795 465 838 del
496 797 657 840 Furiae
688 800 733 840 et
762 798 806 840 in
837 798 991 842 codice
1022 799 1081 841 ΙΙ.
1110 800 1294 841 maxime
1324 799 1511 842 Victorii
1541 799 1706 842 factum
1736 802 1828 853 est,
1864 803 1914 843 ut
1940 802 2016 844 vel

236 873 337 926 post
366 870 590 914 Waltheri
628 884 682 915 ac
719 872 915 916 Bekkeri
946 873 1183 932 diligentes
1213 886 1343 916 curas
1373 873 1517 916 adhuc
1547 875 1667 916 nullo
1698 877 1821 918 certo
1850 874 2015 918 funda-

234 948 381 989 mento
411 947 650 999 niteretur,
679 947 760 990 sed
789 947 1019 990 admodum
1047 948 1282 992 fluctuaret
1312 950 1407 991 tota
1439 948 1580 991 Taciti
1612 950 1765 992 critica
1795 951 2017 994 tractatio.

236 1020 456 1076 Quocirca
495 1034 631 1078 saepe
669 1022 752 1065 iam
797 1035 823 1065 a
869 1023 1105 1083 philologis
1145 1022 1440 1066 desideratum
1479 1026 1571 1078 est,
1613 1026 1660 1066 ut
1689 1037 1807 1067 nova
1838 1025 2016 1069 collatio

236 1109 363 1154 quam
389 1097 719 1141 accuratissima
750 1098 1070 1151 institueretur,
1101 1111 1212 1154 quae
1242 1100 1433 1155 priorum
1455 1099 1565 1141 vitia
1584 1100 1852 1155 corrigeret,
1882 1100 2017 1143 omis-

235 1173 385 1216 siones
422 1173 673 1229 suppleret,
715 1176 972 1229 perpetuam
1002 1175 1213 1216 rationem
1246 1175 1374 1217 etiam
1405 1175 1653 1230 scripturae
1682 1173 1890 1232 haberet3
1930 1188 2030 1232 quo·

237 1247 412 1291 tandem
451 1249 496 1289 in
534 1247 617 1291 hac
657 1249 812 1290 saltem
844 1251 971 1304 parte
1001 1248 1298 1305 diplomatica,
1332 1261 1456 1304 quam
1486 1261 1604 1293 nunc
1635 1248 1805 1303 dieunt,
1834 1251 2018 1307 acquie-

237 1336 363 1367 scere
393 1325 548 1367 liceret
577 1336 721 1380 neque
750 1325 831 1366 iam
862 1327 1054 1367 restaret
1091 1325 1174 1367 nisi
1205 1325 1536 1381 coniecturalis,
1576 1325 1645 1368 cui
1676 1337 1784 1367 sane
1815 1326 1943 1368 etiam
1973 1327 2019 1369 ln

239 1401 462 1455 posterum
492 1411 678 1456 magnus
707 1400 791 1442 erit
821 1411 1014 1456 campus.

352 1475 442 1516 lam
472 1473 588 1529 quod
618 1475 820 1529 permulti
852 1477 1082 1532 optarant,
1118 1487 1203 1530 ego
1235 1487 1314 1530 pro
1346 1475 1461 1516 virili
1492 1476 1618 1531 parte
1649 1476 1830 1532 exsequi
1861 1475 2019 1531 statui3

240 1563 325 1606 quo
355 1551 400 1591 in
430 1550 614 1593 consilio
645 1550 828 1608 egregie
858 1549 1033 1592 adiutus
1063 1563 1155 1592 sum
1186 1551 1349 1592 auxilio
1381 1551 1530 1605 optimi
1559 1550 1705 1604 amici,
1737 1552 1805 1594 cui
1837 1552 2016 1606 praeci-

239 1637 347 1683 pue,
378 1624 585 1680 quidquid
616 1625 717 1667 boni
750 1626 865 1667 inest
885 1638 1028 1668 novae
1050 1624 1149 1669 huic
1169 1638 1315 1682 curae,
1347 1625 1568 1669 debebunt
1598 1626 1801 1668 lectores.
1844 1625 2021 1670 Etenim

239 1701 560 1744 honestissimis
597 1700 949 1756 redemptoribus
983 1704 1183 1756 sumptus
1213 1700 1329 1742 haud
1360 1702 1547 1759 exiguos
1576 1701 1880 1744 liberalissime
1910 1702 2021 1746 sub-

241 1760 601 1829 ministrantibUS,
632 1776 694 1818 Io.
716 1776 938 1833 Georgius
966 1776 1187 1831 Baiterus,
1213 1777 1388 1834 collega
1410 1788 1544 1832 meus,
1572 1777 1699 1818 annis
1720 1777 2022 1832 superioribus

241 1854 307 1896 bis
331 1852 600 1895 Florentiam
630 1852 859 1908 profectus
881 1853 950 1894 est
974 1851 1118 1907 ibique
1139 1850 1331 1894 codicem
1353 1852 1581 1907 utrumque
1604 1851 1855 1895 Mediceum
1878 1851 2021 1896 denuo

242 1929 459 1980 excussit,
489 1929 660 1986 ingenti
691 1928 841 1970 labore
874 1928 1130 1980 praesertim
1160 1927 1205 1968 in
1236 1926 1494 1969 extricanda
1519 1926 1770 1970 difficillima
1800 1928 1875 1970 illa
1905 1928 2022 1972 scri-

242 2006 373 2060 ptura
410 2002 749 2062 Langobardica
789 2001 955 2046 codicis
984 2002 1044 2044 11.
1076 2003 1119 2043 et
1160 2000 1424 2058 indagandis
1457 2003 1702 2044 litterarum
1733 2001 2022 2046 evanidarum

243 2080 450 2138 vestigiis
490 2078 727 2135 exhausto,
767 2090 819 2120 ac
858 2090 1031 2133 semper
1069 2078 1334 2132 comparatis
1373 2078 1487 2118 inter
1526 2089 1575 2119 se
1614 2076 1838 2120 Waltheri
1877 2080 1921 2121 et
1951 2077 2023 2122 del

213 2195 216 2197 ,
244 2154 406 2198 Furiae
435 2154 708 2209 testimoniis,
738 2155 969 2208 antequam
991 2151 1169 2195 codices
1198 2154 1319 2207 ipsos
1339 2153 1621 2194 examinaret.
1667 2151 1764 2206 Quo
1785 2155 1931 2195 autem
1950 2165 2024 2196 res

245 2231 380 2274 semel
418 2230 743 2286 transigeretur
781 2240 923 2283 neque
957 2226 1227 2283 postmodum
1259 2239 1430 2269 moroso
1463 2227 1590 2270 alicui
1623 2229 1872 2271 cavillatori
1901 2229 2026 2272 locus

246 2306 363 2348 foret
394 2306 577 2361 propter
606 2304 854 2346 levissimas
883 2302 1090 2359 quasdam
1112 2302 1369 2345 omissiones
1389 2304 1525 2345 totam
1546 2315 1692 2346 curam
1713 2304 1861 2359 inique
1881 2302 2026 2346 addu-

248 2379 415 2425 bitandi
445 2382 577 2435 atque
608 2377 885 2437 exagitandi,
916 2390 1086 2433 quoque
1109 2378 1234 2419 simul
1254 2379 1349 2419 tota
1368 2379 1616 2434 scripturae
1636 2379 1750 2421 ratio
1771 2381 2025 2435 appareret,

249 2456 379 2499 valde
395 2467 503 2498 sane
519 2453 737 2497 fluctuans
756 2454 1012 2509 praesertim
1030 2454 1074 2494 in
1091 2453 1477 2496 assimilationibus
1490 2454 1825 2496 consonantium
1840 2454 2026 2512 inritus,

247 2535 429 2590 irritus,
460 2542 513 2573 ac
534 2530 764 2582 similibus,
794 2529 1061 2587 singularum
1088 2530 1329 2570 litterarum
1350 2529 1500 2583 apices
1520 2533 1700 2572 strenue
1724 2530 2028 2585 perscrutatus

250 2610 331 2652 est.
386 2607 485 2665 Ego
515 2618 623 2648 vero
653 2605 856 2666 religioni
892 2603 1021 2647 habui
1049 2604 1225 2646 silentio
1258 2604 1499 2658 praeterire
1531 2605 1602 2645 vel
1634 2616 1760 2646 unam
1791 2605 2026 2647 litterulam

251 2685 306 2729 ab
346 2683 484 2725 amico
527 2682 762 2723 enotatam.
820 2680 924 2735 Ipse
965 2682 1108 2721 tamen
1150 2680 1303 2721 merito
1350 2678 1406 2720 ad
1451 2679 1805 2737 investigandam
1850 2680 2029 2735 primam

250 2759 416 2804 librarii
446 2769 615 2799 manum
646 2755 965 2798 attentissimus
994 2755 1247 2809 plerumque
1277 2755 1416 2796 noluit
1447 2765 1687 2809 excerpere
1709 2755 1835 2796 etiam
1867 2766 2029 2797 recen-

254 2836 445 2877 tissimas
473 2832 776 2876 correctiones
805 2829 1013 2872 Beroaldi
1043 2831 1312 2886 aliorumque
1344 2829 1535 2871 fortasse
1565 2841 1694 2870 manu
1735 2830 1890 2884 partim
1921 2841 2030 2872 ver..

254 2911 377 2954 sibus
405 2908 732 2962 superscriptas
763 2906 918 2962 partim
949 2906 993 2947 in
1023 2905 1221 2962 margine
1247 2904 1443 2961 additas3
1474 2917 1571 2946 nam
1592 2905 1629 2946 si
1650 2903 1751 2959 quid
1772 2903 1875 2947 boni
1896 2915 2030 2959 prae-

255 2987 382 3038 bent,
412 2981 657 3026 iamdudum
687 2983 818 3024 notae
849 2982 953 3023 sunt
983 2982 1027 3023 et
1058 2980 1197 3023 falsas
1216 2980 1436 3023 cumulare
1466 2979 1571 3021 nihil
1599 2991 1779 3035 prorsus
1798 2979 2028 3022 attinebat.

368 3060 608 3103 Praeterea
647 3057 882 3099 nonnullas
921 3056 1201 3099 coniecturas
1240 3056 1378 3098 amico
1409 3054 1570 3107 debeo,
1600 3055 1671 3111 qui
1701 3056 1882 3110 insuper
1909 3055 2030 3098 stre-

259 3148 385 3179 nuam
417 3145 594 3190 operam
625 3132 855 3187 insumpsit
884 3132 928 3172 in
959 3129 1224 3189 corrigenda
1254 3143 1418 3174 mecum
1449 3142 1678 3186 operarum
1714 3130 1920 3185 pericula.

370 3229 518 3273 Turici
545 3226 647 3272 Kal.
674 3226 811 3270 Maiis
839 3224 905 3269 M.
923 3221 1090 3269 DCCC.
1109 3223 1273 3267 XLVI.

968 3338 1007 3375 ἢ»
1120 3358 1158 3395 ἦ
1270 3337 1308 3373 ⁴*
