2254 3770
728 248 882 295 LIBER
911 248 1018 313 XIII.
1064 248 1164 306 Cap.
1195 247 1263 292 ⁴2.
1293 248 1360 292 43.
1390 248 1457 292 44.
1896 249 1979 293 399

192 372 278 417 que
307 357 498 402 foediora
529 355 831 415 exprobrabat,
873 355 1014 400 acrius
1053 355 1309 408 accendere,
1349 355 1488 401 donec
1516 359 1557 400 vi
1589 356 1746 400 amoris
1776 356 1979 401 subactus

192 439 370 488 exueret
398 432 656 490 obsequium
688 431 729 477 in
758 438 939 476 matrem
964 445 1099 490 seque
1122 431 1314 475 Senecae
1335 423 1613 490 permitteret,
1646 445 1699 476 ex
1719 431 1841 476 cuius
1861 432 1981 476 fami-

190 508 364 554 liaribus
395 509 595 553 Annaeus
626 507 814 551 Serenus
847 505 1116 550 simulatione
1150 507 1308 550 amoris
1338 507 1547 551 adversus
1574 506 1757 552 eandem
1786 507 1981 551 libertam

191 585 351 643 primas
395 582 684 628 adulescentis
715 581 938 640 cupidines
968 581 1184 626 velaverat
1212 582 1558 641 praebueratque
1587 597 1763 635 nomen,
1795 590 1841 626 ut
1869 596 1981 641 quae

189 659 392 718 princeps
424 658 566 702 furtim
595 656 874 702 mulierculae
904 656 1135 709 tribuebat,
1167 656 1237 700 ille
1267 657 1405 715 palam
1436 658 1672 717 largiretur.
1717 664 1807 702 tum
1835 658 2013 717 Agrip-5

190 736 291 794 pina
320 734 459 779 versis
489 733 652 778 artibus
683 747 761 792 per
789 732 1080 776 blandimenta
1110 732 1307 777 iuvenem
1338 733 1534 791 adgredi,
1574 737 1699 778 suum
1737 734 1879 792 potius
1908 747 1982 778 cu-

190 809 380 855 biculum
421 823 473 854 ac
504 809 644 854 sinum
674 808 830 853 offerre
863 807 1142 865 contegendis
1173 822 1286 866 quae
1319 809 1456 866 prima
1486 816 1604 853 aetas
1635 817 1677 854 et
1705 824 1871 854 summa
1899 809 1985 853 for-

194 892 297 930 tuna
327 891 589 944 expeterent.
633 884 736 943 quin
766 890 809 928 et
837 883 1046 927 fatebatur
1076 883 1416 942 intempestivam
1447 885 1718 929 severitatem
1745 892 1787 930 et
1809 899 1985 929 suarum

193 975 340 1020 opum,
374 973 487 1021 quae
516 959 631 1005 haud
661 959 810 1018 procul
844 960 1130 1018 imperatoriis
1151 959 1347 1011 aberant,
1381 960 1528 1018 copias
1549 960 1759 1012 tradebat,
1791 967 1838 1004 ut
1856 960 1985 1004 nimIa

194 1051 332 1095 nuper
361 1035 602 1081 coercendo
631 1035 736 1086 filio,
775 1035 832 1079 ita
861 1049 1032 1079 rursum
1062 1036 1394 1094 intemperanter
1423 1035 1623 1080 demissa.
1667 1050 1779 1095 quae
1809 1036 2033 1080 mutatioio

196 1126 338 1171 neque
367 1113 580 1156 Neronem
608 1110 771 1163 fefellit,
805 1117 848 1155 et
875 1111 1056 1169 proximi
1087 1110 1320 1155 amicorum
1350 1111 1598 1155 metuebant
1620 1111 1884 1170 orabantque
1914 1126 1984 1157 ca-

194 1202 296 1233 vere
341 1187 518 1232 insidias
555 1186 745 1230 mulieris
787 1200 960 1244 semper
999 1186 1175 1239 atrocis,
1222 1193 1311 1230 tum
1340 1193 1383 1230 et
1410 1186 1555 1231 falsae.
1585 1187 1690 1232 forte
1720 1187 1801 1231 illis
1832 1188 1984 1232 diebus

196 1264 355 1308 Caesar
383 1263 577 1321 inspecto
607 1267 771 1314 ornatu,
803 1276 890 1320 quo
920 1262 1162 1320 principum
1192 1262 1398 1320 coniuges
1428 1276 1476 1306 ac
1504 1269 1705 1321 parentes
1725 1263 1982 1316 effulserant,

195 1339 342 1398 deligit
369 1345 533 1383 vestem
562 1344 604 1382 et
633 1351 823 1396 gemmas
854 1337 1054 1396 misitque
1085 1337 1245 1382 donum
1265 1338 1404 1390 matri,
1438 1337 1554 1382 nulla
1574 1339 1854 1397 parsimonia,
1886 1354 1984 1385 cum

194 1414 427 1474 praecipua
466 1420 508 1458 et
544 1413 687 1471 cupita
729 1412 823 1456 aliis
860 1413 978 1471 prior
1008 1412 1204 1457 deferret.
1251 1413 1328 1458 sed
1358 1413 1591 1472 Agrippina
1620 1429 1705 1458 non
1739 1414 1805 1459 his
1835 1415 1983 1459 instrui
1997 1424 2034 1454 ⁴⁵

196 1491 336 1548 cultus
366 1504 491 1540 suos,
528 1488 606 1533 sed
637 1489 791 1533 ceteris
821 1489 958 1533 arceri
988 1488 1225 1547 proclamat
1254 1496 1297 1533 et
1326 1489 1521 1533 dividere
1550 1489 1704 1540 filium.
1737 1505 1849 1549 quae
1880 1505 1985 1535 cun—

198 1574 264 1612 cta
294 1581 348 1611 ex
376 1566 471 1624 ipsa
499 1564 689 1609 haberet.
736 1564 819 1621 (⁴4)
850 1578 932 1609 nec
961 1563 1137 1609 defuere
1168 1565 1240 1624 qui
1271 1565 1314 1608 in
1345 1564 1534 1609 deterius
1560 1566 1780 1611 referrent.
1811 1573 1854 1610 et
1872 1568 1984 1611 Nero

198 1642 388 1687 infensus
419 1642 492 1693 iis,
534 1639 692 1699 qu‘ibus
722 1639 928 1698 superbia
956 1634 1176 1684 muliebris
1206 1640 1484 1693 innitebatur,
1524 1640 1725 1686 demovet
1753 1642 1984 1687 Pallantem

264 1789 295 1821 4.
319 1787 450 1834 Γςάἱονα
471 1787 505 1820 Μ
531 1805 566 1810 -
592 1787 769 1819 accendere
791 1785 1022 1820 Puteolanus:
1048 1788 1238 1821 accenderet
1259 1788 1293 1820 M
1312 1804 1347 1811 —
1373 1787 1405 1820 2.
1431 1791 1583 1821 exsueret
1606 1789 1639 1821 M
1665 1806 1701 1812 -
1725 1797 1823 1830 seque
1844 1789 1986 1823 Senecae

198 1844 355 1887 Lipsius:
380 1852 478 1885 seque
499 1852 581 1876 nece·
599 1843 632 1877 M
657 1861 694 1866 —
726 1842 759 1876 4.
784 1843 956 1876 uelaberat
977 1844 1011 1877 M
1037 1861 1070 1868 —
1106 1844 1138 1877 8.
1163 1844 1424 1885 intempestivam
1446 1843 1675 1878 Puteolanus:
1700 1843 1928 1887 intempestate
1951 1847 1985 1880 M

201 1918 237 1924 —
262 1899 295 1932 9.
321 1899 496 1933 tradebant
518 1908 608 1932 corr.
634 1898 679 1932 ab
704 1898 832 1932 eadem
854 1908 962 1933 mauu
984 1900 1020 1932 in
1043 1900 1197 1934 tradebat
1219 1901 1253 1934 M
1271 1918 1307 1924 --
1334 1900 1387 1933 44.
1413 1908 1532 1934 cauere
1554 1900 1608 1934 M:
1633 1904 1768 1935 caveret
1781 1903 1983 1937 Rhenanus.

201 1975 237 1982 —
261 1958 316 1991 42.
341 1956 490 1990 atrocius
511 1957 545 1991 M
571 1973 606 1980 -
631 1956 712 1999 false
735 1957 769 1991 M
792 1974 835 1981 ·—-
858 1957 911 1991 43.
937 1957 1116 2000 efulserant
1138 1958 1184 1991 M.

197 2091 266 2123 tur.
286 2107 322 2113 —
346 2088 543 2122 muliercula
557 2104 606 2112 --
621 2088 781 2131 explente]
805 2087 987 2122 Ablativus
1008 2098 1067 2122 ex·

196 2139 317 2183 primit
350 2139 540 2180 rationem,
585 2147 649 2171 cur
682 2138 857 2172 adversati
893 2148 963 2172 non
998 2140 1067 2172 sint

197 2190 333 2223 Seneca
365 2189 400 2221 et
430 2189 561 2222 Burrus
584 2190 690 2222 Actae
719 2189 918 2231 inrepenti:
957 2197 1066 2222 «cum

198 2238 405 2273 muliercula
420 2256 468 2262 --
485 2237 680 2281 expleret.»
706 2256 742 2261 —
768 2247 878 2272 uoeore
900 2239 942 2272 ab
966 2240 1066 2272 Octa-

198 2289 267 2332 via]
291 2288 380 2321 Vide
403 2288 449 2321 ad
473 2289 526 2328 44,
553 2287 606 2321 44.

1114 2089 1205 2132 num]
1222 2090 1433 2132 Agrippinae
1447 2089 1606 2123 moribus
1622 2090 1718 2124 haud
1730 2090 1883 2126 alienum
1896 2094 1984 2134 erat,

1115 2141 1290 2174 incestum
1325 2149 1406 2173 eam
1441 2149 1524 2174 cum
1554 2139 1624 2174 filio
1654 2143 1793 2175 Nerone
1816 2143 1887 2176 iam
1910 2146 1986 2177 tum

1116 2191 1255 2224 secreta
1278 2191 1397 2223 mente
1422 2191 1584 2232 agitasse.
1623 2192 1667 2224 At
1688 2191 1743 2225 his
1766 2192 1901 2233 verbis,
1926 2203 1987 2226 cu-

1116 2240 1261 2273 biculum
1284 2249 1326 2272 ac
1347 2240 1475 2280 sinum,
1508 2240 1662 2274 eandem
1684 2243 1758 2274 vim
1780 2243 1915 2283 inesse,
1948 2246 1988 2277 ut

1116 2289 1228 2323 filium
1251 2290 1296 2322 ad
1319 2290 1355 2323 id
1379 2289 1497 2323 scelus
1521 2292 1643 2333 aperte
1667 2291 1805 2332 invitet,
1838 2302 1909 2326 non
1933 2295 1988 2327 est

243 2339 295 2373 43.
331 2347 456 2371 nurum
489 2338 664 2381 ancillam]
707 2339 850 2371 Sueton.
885 2340 967 2372 Ner.
1002 2339 1064 2373 28:

199 2390 299 2423 Acten
321 2389 474 2421 libertwm
499 2389 642 2429 paulum
670 2388 758 2430 afuit
779 2389 859 2430 quin
880 2389 966 2421 iusto
988 2398 1067 2421 ma-

199 2441 354 2474 trimonio
375 2439 436 2472 sibi
458 2440 686 2481 coniunyeret,
722 2439 889 2472 submissis
911 2440 1067 2472 consula-

200 2491 293 2524 ribus
314 2490 408 2529 viris,
433 2490 490 2530 qui
504 2489 597 2531 reyio
611 2497 729 2531 genere
745 2492 854 2522 ortam
865 2490 1064 2530 peierarent.

201 2541 299 2584 (Vide
323 2540 369 2573 ad
392 2549 422 2573 c.
449 2539 515 2580 42.)
545 2539 710 2572 Ancillam
731 2540 851 2572 autem
874 2540 918 2572 de
941 2539 1067 2572 liberta

199 2591 371 2625 invidiose
395 2590 548 2630 dictum,
572 2591 612 2622 ut
633 2589 771 2623 Sallust.
795 2591 849 2624 Fr.
875 2591 907 2631 4,
932 2590 986 2630 49,
1004 2590 1064 2624 23:

200 2642 343 2674 Tarulae
370 2641 567 2681 Scirroque,
595 2641 757 2680 pessumis
785 2648 974 2680 servorum,
1007 2641 1067 2681 qui

198 2689 316 2724 liberti
345 2691 462 2729 erant3
498 2690 584 2723 item
614 2688 702 2721 infra
727 2688 785 2729 44,
817 2688 870 2722 39.
900 2691 935 2712 ’-
971 2698 1069 2730 seque

199 2742 341 2775 Senecae
356 2739 573 2782 permitteret]
597 2739 661 2772 Dio
686 2739 739 2778 64,
761 2738 799 2772 4
806 2738 851 2771 de
874 2739 1009 2772 Seneca
1032 2740 1068 2772 et

199 2792 327 2824 Burro:
363 2785 475 2823 αὐτοὶ
507 2786 578 2832 τὴν
610 2783 736 2835 ἀρχὴν
764 2783 920 2821 ἅπασαν
951 2789 1067 2835 παρέ-

199 2840 322 2882 λαβον
344 2841 409 2873 καὶ
431 2836 644 2884 διῳκησαν,
669 2838 728 2880 ἐφ’
752 2832 848 2872 ὅσον
871 2834 1067 2883 ἠδυνήθη-

201 2903 293 2932 σαν,
328 2887 477 2951 ἄριστα
501 2891 567 2923 καὶ
598 2888 842 2923 δικαιότατα·
880 2886 904 2922 ὅ
932 2899 973 2922 τε
995 2887 1068 2936 γὰρ

200 2943 331 3002 Νέρων
355 2937 433 2975 ovt'
450 2935 574 2982 ἄλλως
577 2939 922 2999 φιλοπραγματίας
938 2934 987 2984 ἧν
1002 2941 1067 2974 καὶ

203 3003 353 3040 εχαιρεν
385 2991 427 3025 ἐν
460 2987 636 3038 ῥαστώνῃ
669 2989 821 3035 διάγων.
849 3009 885 3015 -
916 2991 1070 3024 Annaeus

202 3042 354 3084 Serenus]
390 3041 589 3084 praefectus
622 3040 782 3083 vigilum,
818 3041 932 3082 fungis
961 3039 1068 3074 suillis

203 3093 455 3134 interemptus:
488 3089 574 3124 Plin.
598 3091 639 3123 N.
664 3091 706 3123 H.
731 3091 773 3123 22
797 3090 816 3131 5
840 3090 894 3122 96.
928 3089 980 3122 Cf.
1005 3090 1070 3122 Se-

204 3152 294 3176 neca
317 3143 390 3185 (qui
413 3141 446 3174 ei
472 3140 648 3183 inscripsit
673 3139 783 3173 libros
807 3140 851 3173 de
876 3140 1069 3172 constantia

205 3192 392 3235 sapientis,
424 3191 468 3224 de
493 3190 581 3229 otio,
612 3189 657 3222 de
680 3187 927 3231 tranquillitate
951 3189 1068 3231 animi)

205 3242 268 3284 Ep.
287 3241 340 3282 63,
358 3240 419 3274 ⁴4:
443 3240 533 3273 Haec
554 3239 611 3272 tibi
632 3238 738 3271 scribo
757 3239 803 3278 is,
828 3238 885 3279 qui
899 3237 1071 3271 Annaeum

206 3291 365 3324 Serenum
386 3290 596 3323 carissimum
616 3288 698 3321 mihi
712 3291 781 3321 tam
795 3287 967 3320 immodice
980 3289 1069 3330 flevi,

726 3338 814 3370 inter
834 3336 987 3377 eoeernpla
1008 3337 1071 3369 sim

755 3385 939 3420 cubiculum
961 3393 1002 3419 ac
1023 3387 1070 3419 si-

206 3343 262 3380 ut,
297 3340 384 3382 quod
409 3340 543 3373 minime
575 3338 692 3378 velim,

208 3397 339 3431 eor-iun,
363 3397 446 3431 quos
467 3388 562 3423 dolor
582 3387 673 3422 eicit.
693 3404 730 3413 ·—

1116 2341 1191 2373 veri
1215 2339 1340 2373 simile.
1366 2341 1454 2373 Nam
1471 2340 1530 2380 44,
1548 2341 1569 2373 2
1586 2341 1654 2373 hoc
1670 2341 1787 2383 ipsum
1803 2343 1986 2377 Cornelius

1116 2391 1299 2430 tamquam
1323 2397 1456 2421 novum
1473 2391 1508 2422 et
1522 2390 1676 2423 immane
1693 2390 1828 2425 facinus
1844 2401 1885 2425 ex
1904 2392 1987 2426 Clu-

1116 2440 1164 2473 vii
1185 2440 1331 2473 historia
1355 2440 1461 2472 tradit
1484 2441 1591 2482 atque
1608 2443 1823 2476 exsecratur.
1849 2443 1987 2477 Censeo

1116 2490 1235 2531 itaque
1251 2490 1497 2532 Agrippinam,
1522 2490 1762 2532 indulgentem
1784 2493 1856 2525 iam
1879 2495 1915 2526 et
1937 2494 1988 2526 in-

1117 2540 1360 2581 temperanter
1382 2539 1591 2581 demissam‚
1626 2540 1847 2576 simulavisse
1870 2542 1987 2576 libidi-

1118 2589 1221 2622 nibus
1237 2598 1276 2622 se
1292 2589 1351 2622 filii
1368 2599 1439 2622 non
1457 2590 1602 2632 quidem
1617 2591 1817 2633 adversari,
1842 2594 1908 2627 sed
1923 2595 1988 2627 im-

1117 2640 1270 2682 peratori
1293 2641 1438 2673 minime
1455 2640 1627 2674 decorum
1644 2650 1723 2675 esse
1740 2643 1986 2677 huiuscemodi

1117 2688 1341 2722 mulierculas
1370 2689 1488 2731 palam
1516 2690 1650 2724 habere
1666 2717 1674 2731 ,
1708 2693 1745 2725 et
1773 2693 1853 2726 ideo
1881 2693 1926 2726 ad
1950 2694 1987 2727 id

1118 2739 1280 2772 cubicula
1303 2738 1529 2782 latebrasque
1545 2742 1705 2784 proprias
1721 2742 1904 2777 offerebat.
1930 2746 1988 2777 P1-

1118 2798 1238 2822 cmm.
1256 2791 1364 2823 Recte
1380 2790 1540 2823 Freund:
1565 2791 1616 2824 die
1637 2793 1887 2836 Verboryenheit
1901 2795 1989 2828 ihres

1117 2840 1408 2882 Schlafyemaches.
1442 2858 1478 2864 —
1516 2843 1722 2885 expeterent]
1757 2844 1870 2878 Nolim
1905 2853 1987 2878 cum

1118 2888 1291 2922 nonnullis
1314 2889 1480 2931 supplere
1505 2892 1703 2933 «contegi»;
1731 2894 1847 2936 potius
1867 2893 1912 2927 de
1929 2903 1988 2927 ex-

1117 2938 1255 2981 plendis
1272 2939 1496 2981 cupidinibus
1517 2941 1700 2984 intelligas.
1721 2961 1757 2967 —
1783 2944 1989 2986 orabantque

1118 2989 1246 3031 cavere]
1269 2989 1404 3022 Eadem
1427 2993 1688 3026 constructione
1713 2993 1767 3034 42,
1792 2994 1852 3028 46ε
1880 2998 1989 3028 monet

1120 3038 1276 3071 celerare.
1303 3039 1357 3081 43,
1382 3038 1442 3072 37:
1466 3044 1574 3075 monet
1589 3045 1712 3083 petere.
1740 3043 1794 3084 46,
1820 3044 1880 3076 44;
1904 3052 1989 3077 nun-

1120 3088 1184 3120 tiat
1206 3087 1346 3121 abicere.

1156 3136 1208 3170 44.
1225 3136 1263 3170 in
1277 3138 1429 3180 deterius]
1448 3141 1484 3173 et
1494 3142 1633 3174 narrata
1647 3143 1682 3174 et
1696 3142 1937 3184 interpretata.
1947 3161 1983 3168 —

1119 3187 1266 3220 amovet
1279 3188 1461 3222 Pallantem
1475 3199 1561 3223 cura
1574 3199 1689 3223 rerum
1700 3192 1784 3232 cet]
1799 3192 1826 3224 A
1841 3194 1988 3226 rationi-

1120 3235 1188 3268 bus
1211 3235 1346 3270 Claudii
1367 3238 1430 3271 fuit
1453 3248 1497 3272 ex
1518 3240 1660 3272 Sueton.
1686 3239 1807 3274 Claud
1834 3249 1866 3275 c.
1886 3243 1928 3276 28
1952 3244 1989 3275 et

1119 3286 1229 3318 Inscr.
1246 3287 1319 3320 Lat.
1337 3297 1372 3321 n
1390 3288 1451 3321 32:
1475 3288 1665 3321 PALLANS
1687 3289 1803 3323 CAES.
1824 3291 1868 3324 N.
1892 3292 1985 3326 SER.

1118 3334 1302 3370 ADIVTOR
1337 3338 1365 3371 Δ
1402 3339 1664 3373 RATIONIBVS.
1704 3341 1829 3375 Zonar.
1857 3343 1916 3384 44,
1944 3344 1985 3377 9.

1119 3382 1285 3430 Πάλλας,
1311 3380 1342 3432 ᾧ
1357 3383 1382 3431 ἤ
1401 3386 1477 3421 τῶν
1491 3385 1698 3436 χρημάτων
1711 3387 1902 3435 διοίκησις
1917 3391 1987 3436 ἐμ-
