2254 3770
786 285 830 329 P.
862 284 1111 331 CORNELII
1139 286 1309 332 TACITI
1338 287 1605 333 ANNALIUM

310 390 442 436 sidias
470 392 669 444 serviles,
701 405 810 451 quas
840 405 966 437 nemo
997 391 1211 450 prohibuit
1241 399 1313 438 aut
1331 393 1534 452 prodidit,
1564 394 1760 452 quamvis
1781 394 1968 439 nondum
1987 407 2091 439 eon·

311 479 439 512 cusso
469 474 642 513 senatus
672 467 885 520 consulto,
916 467 1033 526 quod
1053 467 1309 526 supplicium
1330 470 1405 513 toti
1427 468 1607 514 familiae
1627 469 1911 514 minitabatur.
1939 469 2091 514 decer-

310 542 399 587 nite
417 542 600 587 Hercule
621 543 918 601 inpunitatem:
951 551 994 588 at
1012 558 1140 603 quem
1163 544 1343 603 dignitas
1364 559 1442 590 sua
1461 545 1679 598 desendet,
1708 559 1805 591 cum
1824 544 2092 603 praetectum

310 617 429 662 urbis
460 632 545 663 non
574 618 810 676 profuerit?
847 633 978 678 quem
1008 633 1210 664 numerus
1240 634 1464 665 servorum
1493 621 1700 673 tuebitur,
1731 635 1829 666 cum
1858 619 2092 665 Pedanium

278 693 556 742 sSecundum
595 693 893 753 quadringenti
933 709 1018 739 non
1054 695 1348 754 protexerint?
1385 696 1454 740 cui
1485 696 1640 741 familia
1669 710 1797 755 opem
1824 696 1948 748 feret,
1979 708 2093 754 quae

309 782 363 814 ne
394 769 436 812 in
464 775 580 814 metu
610 769 787 828 quidem
815 771 1006 829 pericula
1034 778 1179 816 nostra
1209 771 1421 816 advertit?
1450 786 1525 824 an,
1555 778 1601 816 ut
1625 772 1799 830 quidam
1827 771 1987 829 fingere
2008 784 2094 815 non

310 845 586 897 erubescunt,
619 845 795 891 iniurias
825 859 927 890 suas
956 846 1069 891 ultus
1099 853 1165 891 est
1197 847 1460 900 interiector,
1492 847 1593 906 quia
1621 847 1677 892 de
1705 853 1883 906 paterna
1910 846 2118 905 pecunia,

310 927 572 979 transegerat
603 927 675 967 aut
703 921 862 966 avitum
890 923 1148 980 mancipium
1178 921 1511 967 detrahebatur?
1541 923 1864 980 pronuntiemus
1886 921 1996 966 ultro
2018 921 2094 967 do-

309 997 470 1041 minum
500 997 592 1041 iure
624 1010 799 1043 caesum
827 997 976 1042 videri.
1023 998 1105 1055 (44)
1134 997 1238 1042 libet
1267 1004 1517 1056 argumenta
1536 998 1788 1057 conquirere
1818 997 1861 1042 in
1881 1011 1946 1049 eo,
1977 996 2094 1056 quod

260 1090 297 1122 io
311 1072 640 1131 sapientioribus
670 1072 953 1117 deliberatum
983 1074 1080 1118 est?
1123 1074 1201 1118 sed
1231 1080 1273 1118 et
1302 1074 1337 1117 si
1366 1088 1480 1118 nunc
1510 1073 1693 1132 primum
1722 1073 1994 1118 statuendum
2021 1072 2097 1118 ba-

311 1148 530 1201 beremus‚
564 1148 794 1194 creditisne
826 1163 998 1193 servum
1028 1149 1309 1195 interficiendi
1341 1149 1499 1194 domini
1522 1150 1708 1194 animum
1728 1148 2020 1207 insumpsisse,
2051 1154 2098 1194 ut

309 1238 396 1268 non
420 1238 502 1269 vox
530 1224 674 1269 minax
694 1224 931 1277 excideret,
963 1225 1064 1270 nihil
1086 1239 1162 1283 per
1186 1225 1464 1270 temeritatem
1486 1224 1840 1283 proloqueretur?
1871 1237 1976 1269 sane
1994 1236 2097 1269 con-

310 1299 451 1345 silium
480 1299 683 1352 occuluit,
714 1299 846 1346 telum
875 1300 985 1344 inter
1013 1300 1183 1358 ignaros
1213 1301 1396 1358 paravit:
1430 1316 1530 1345 num
1550 1299 1753 1346 excubias
1782 1299 1991 1351 transiret,
2021 1313 2096 1345 cu·-

310 1375 439 1420 biculi
469 1375 582 1421 fores
607 1375 868 1428 recluderet,
900 1376 1044 1421 lumen
1066 1376 1255 1428 inferret,
1288 1375 1464 1421 caedem
1485 1382 1672 1434 patraret
1690 1375 1887 1420 omnibus
1909 1374 2097 1420 nesciis?

261 1451 443 1497 tumulta
480 1451 655 1495 sceleris
695 1450 851 1496 indicia
890 1451 1191 1510 praeveniunt:
1231 1452 1343 1496 servi
1374 1453 1410 1495 si
1438 1451 1641 1510 prodant,
1684 1463 1915 1509 possumus
1945 1449 2098 1509 singuli

310 1527 421 1572 inter
451 1525 614 1585 plures,
657 1527 733 1571 tuti
763 1526 873 1571 inter
901 1527 1066 1579 anxios,
1112 1533 1348 1586 postremo,
1391 1527 1427 1571 si
1456 1525 1726 1586 pereundum
1754 1526 1824 1578 sit,
1866 1540 1951 1570 non
1980 1524 2099 1570 inulti

308 282 391 328 47⁰

377 1649 408 1681 4.
430 1648 556 1689 prodiit
578 1648 612 1682 Μ
637 1665 672 1671 -
707 1647 739 1681 3.
765 1651 802 1681 at
816 1666 866 1672 --
882 1648 1028 1690 defendet
1049 1648 1279 1683 Puteolanus:
1311 1653 1348 1683 ut
1362 1667 1411 1674 --
1427 1650 1578 1692 defendat
1600 1650 1634 1683 Μ
1659 1666 1694 1671 -
1728 1657 1803 1681 cum
1821 1647 2037 1690 praefectura
2051 1664 2102 1671 --

307 1704 472 1747 profuerit
495 1703 725 1737 Puteolanus:
751 1706 806 1739 cui
822 1705 1013 1747 praefectus
1028 1706 1221 1747 ——profuit
1242 1706 1276 1740 M
1300 1723 1336 1730 -
1363 1706 1395 1740 4.
1421 1706 1565 1740 tuebitur
1586 1707 1638 1739 M:
1666 1708 1801 1738 tueatur
1821 1702 2038 1748 Nipperdey.
2059 1721 2098 1728 —

310 1762 344 1794 ὅ,
368 1762 450 1803 feret
472 1759 702 1794 Puteolanus:
726 1761 815 1803 ferat
837 1762 871 1795 M
897 1780 933 1785 —
959 1762 991 1795 8.
1016 1763 1167 1795 hauitum
1186 1760 1224 1796 'M
1249 1782 1285 1787 —
1312 1762 1343 1796 9.
1361 1763 1483 1809 iureM
1502 1781 1536 1786 —
1558 1763 1572 1795 4
1580 1763 1611 1795 4.
1628 1762 1839 1803 insumpsisse
1852 1761 1904 1795 M:
1929 1760 2103 1802 sumpsisse

312 1816 380 1851 alii.
407 1835 443 1841 —
471 1818 525 1851 42.
549 1818 659 1851 minas
680 1818 715 1851 M
739 1835 775 1842 -
801 1819 903 1852 nichil
925 1819 958 1853 M
983 1836 1018 1842 —
1047 1819 1099 1852 43.
1125 1820 1216 1853 occul
1237 1820 1287 1853 uit
1308 1820 1362 1859 M;
1387 1820 1500 1862 spatio
1516 1828 1629 1852 vacuo
1652 1819 1830 1852 recentior
1843 1826 1971 1852 manus
1994 1815 2102 1859 sylla-

311 1874 398 1908 bam
425 1877 463 1908 ta
491 1875 649 1923 inseruit.
678 1892 714 1898 —
749 1875 1205 1910 transire--recludere--
1221 1877 1532 1919 inferre-patrare
1561 1885 1614 1919 pr.
1649 1876 1683 1909 M
1714 1892 1751 1899 —
1782 1874 1836 1909 44.
1860 1875 1970 1908 cedem
1995 1873 2030 1908 M
2061 1889 2097 1898 --

313 1931 366 1964 45.
390 1931 493 1964 servis
514 1932 543 1965 si
558 1931 768 1974 pereundum
789 1932 833 1965 sit
853 1932 890 1965 ni
905 1933 1055 1973 prodant
1068 1951 1087 1960 -
1099 1936 1295 1975 -postremo
1316 1942 1383 1966 non
1402 1933 1499 1967 inulti
1513 1931 1728 1975 Nipperdey.
1749 1949 1785 1956 -
1807 1931 1956 1972 produnt
1970 1928 2103 1965 mavult

311 1987 536 2021 Doederlein.

312 2086 403 2116 neret
424 2081 601 2124 integrum]
631 2082 699 2116 hoc
722 2081 896 2124 quidquid
918 2083 953 2116 in
976 2092 1036 2117 me
1059 2085 1183 2117 aucto-

1231 2086 1410 2126 inaressus.
1427 2083 1527 2118 Idem
1543 2082 1640 2117 Deci.
1657 2083 1689 2122 Ξ,
1708 2082 1750 2115 46
1766 2082 1814 2124 (p.
1828 2080 1902 2122 53):
1930 2081 1978 2114 Tu
1990 2081 2101 2122 mus,

313 2134 425 2167 ritatis
449 2135 514 2167 est.
532 2151 576 2157 —
591 2142 678 2174 quae
692 2150 711 2157 -
724 2150 742 2156 -
758 2133 912 2175 advertit]
930 2142 1018 2176 quos
1034 2143 1079 2168 ne
1095 2143 1183 2177 sup-

1234 2135 1368 2177 quando
1390 2143 1499 2168 senem
1512 2134 1628 2167 vicerit
1645 2133 1807 2166 lassitudo
1821 2140 1984 2165 curarum
1998 2149 2018 2156 -
2031 2149 2051 2155 -
2060 2149 2080 2158 -
2088 2140 2102 2172 ,·

314 2183 406 2228 plicii
430 2183 575 2226 quidem
598 2185 716 2217 metus
739 2183 785 2216 ad
804 2183 1017 2226 vigilantiam
1040 2194 1082 2218 ac
1106 2185 1185 2219 dili-

315 2234 470 2277 gentiam
502 2234 538 2275 in
571 2233 724 2267 dominis
753 2234 893 2268 tuendis
920 2234 1127 2269 adhortatur
1150 2237 1185 2269 et

316 2285 455 2318 excitat.
476 2301 513 2307 —
534 2286 682 2325 paterna
691 2283 849 2325 pecunia]
874 2285 957 2318 «Hic
980 2286 1097 2318 omnia
1114 2286 1186 2318 iro-

316 2335 414 2368 nica:
446 2338 593 2376 paterna
622 2336 784 2376 pecunia,
820 2336 951 2368 avitum
982 2336 1186 2376 mancipium

316 2394 387 2418 non
410 2386 549 2427 poterat
571 2393 651 2418 esse
675 2394 799 2425 servo,
831 2386 888 2418 cui
917 2386 972 2419 ius
996 2385 1095 2419 civile
1119 2394 1186 2419 nec

316 2437 455 2479 patrem
478 2444 546 2468 nec
561 2434 728 2469 familiam
744 2445 861 2478 neque
877 2436 932 2470 ius
946 2437 1090 2470 heredis
1106 2445 1188 2470 con-

318 2485 484 2527 cedebat,
510 2494 579 2518 nec
600 2485 851 2527 transigebatur
864 2487 931 2520 nisi
950 2487 1041 2520 inter
1056 2485 1187 2520 liberos

319 2537 354 2569 et
369 2535 530 2569 eiusdem
545 2537 657 2569 status
673 2536 873 2570 homines.»
890 2538 1017 2570 Duum.
1034 2555 1070 2561 -
1087 2546 1188 2570 man-

318 2586 451 2628 cipium]
469 2586 688 2620 conservum
704 2585 801 2620 illum
814 2585 991 2620 exoletum
1003 2587 1187 2629 significat.

363 2686 417 2721 44.
441 2686 518 2719 libet
532 2703 581 2710 --
597 2686 813 2719 deliberatum
828 2689 875 2719 est
886 2686 917 2729 P]
939 2687 1075 2721 lronice
1099 2688 1190 2721 haec

320 2737 597 2778 interrogantur,
632 2737 815 2778 tamquam
849 2736 1004 2770 absurda
1038 2738 1082 2771 sit
1112 2738 1189 2772 talis

322 2787 541 2822 deliberatio.
566 2785 651 2819 Ideo
673 2787 842 2820 reticetur
857 2795 1088 2829 responsum:
1113 2789 1189 2822 Non

321 2838 425 2878 libet,
458 2837 523 2871 sed
545 2837 603 2879 pie
626 2838 742 2879 potius
765 2838 1036 2879 acquiescamus
1059 2838 1093 2871 in
1118 2847 1191 2872 ma·

322 2890 437 2923 iorum
450 2888 652 2921 nostrorum
664 2887 809 2921 decreto
825 2897 867 2921 ac
881 2889 1064 2931 sapientia.
1078 2890 1188 2923 Dono.

326 2958 362 2964 —
386 2937 609 2979 insumpsisse]
634 2947 688 2980 pr.
710 2939 744 2971 in
768 2947 807 2971 se
831 2939 1039 2980 sumpsisse.
1065 2939 1138 2972 Hac
1154 2941 1189 2972 in

324 2989 586 3024 constructione
616 2997 702 3021 sane
723 2988 885 3022 usitatius
908 2989 1000 3023 foret
1020 2990 1191 3030 ”nupsisse

323 3040 380 3074 vel
404 3039 623 3081 assumpsisse.
661 3039 874 3081 comparant
897 3039 930 3080 6,
954 3039 1013 3073 32:
1038 3041 1191 3073 instituta

323 3091 524 3126 Parthorum
545 3089 692 3122 insumit.
717 3089 803 3122 Stat.
828 3088 938 3122 Theb.
964 3090 1017 3130 ⁴2,
1036 3089 1116 3124 643:
1142 3090 1191 3122 di·

324 3150 409 3184 quas
435 3140 587 3173 insumiae
611 3142 729 3172 mentes
752 3139 932 3180 Coeptibus.
960 3157 994 3164 -
1021 3139 1190 3181 excubias]

326 3192 523 3225 Nocturnas
538 3197 623 3231 ergo
638 3188 684 3222 ad
698 3187 806 3222 limen
823 3189 991 3223 excubias
1006 3197 1191 3223 servorum

327 3241 509 3275 habebant
529 3240 661 3275 domini
679 3240 907 3282 potentiores.
934 3239 1074 3279 Quintil.
1092 3239 1189 3273 Decl.

329 3293 342 3325 4
372 3293 426 3334 (ρ.
450 3293 471 3325 8
494 3291 630 3331 Burin.)
659 3299 724 3333 pro
751 3289 886 3323 Caeco:
922 3290 1057 3323 Dicitur
1078 3298 1194 3323 caecus

328 3344 397 3379 sim
418 3346 562 3382 rectore,
591 3342 661 3375 sine
682 3341 763 3374 duce
777 3347 900 3380 --per
922 3339 1022 3372 inane
1043 3340 1190 3382 longum,

327 3402 388 3434 per
410 3396 455 3426 tot
477 3394 601 3434 offensa
622 3392 761 3431 limina,
781 3398 843 3432 per
863 3389 1062 3423 eoecubantes
1082 3399 1194 3422 servu-

330 3444 378 3478 los
391 3452 519 3477 errasse
532 3452 608 3477 cum
619 3432 732 3486 reno:
754 3439 940 3478 cubiculum
959 3440 1074 3474 deinde
1085 3441 1194 3481 patris

1234 2186 1297 2218 scis
1315 2185 1463 2226 pariter,
1496 2193 1541 2217 an
1571 2192 1641 2216 una
1663 2183 1896 2225 quiescentium
1916 2182 2005 2224 sores
2025 2183 2104 2216 val-

1234 2235 1354 2268 laverit
1373 2244 1459 2268 cura
1479 2242 1662 2268 servorum.
1692 2231 1885 2275 Appuleius
1907 2233 2049 2265 Metam.
2067 2232 2102 2273 2,

1237 2287 1297 2318 ⁴5:
1332 2285 1445 2326 pueris
1474 2287 1576 2317 extra
1598 2283 1717 2322 limen,
1751 2283 1868 2322 credo,
1902 2285 1940 2315 ut
1962 2281 2104 2315 arbitrio

1235 2336 1389 2369 nocturni
1402 2335 1559 2378 pannitus
1575 2334 1620 2376 (in
1637 2332 1837 2373 concubitu)
1855 2331 2102 2374 ablegamur,

1235 2386 1326 2418 hinni
1350 2394 1451 2426 quam
1470 2385 1590 2426 procul
1613 2384 1792 2416 distratum
1811 2382 1934 2424 fuerat.
1966 2380 2104 2424 Alioqui

1237 2436 1282 2469 de
1312 2445 1411 2469 more
1442 2444 1553 2478 prope
1584 2432 1843 2477 procubabant.
1879 2431 1981 2466 Silius
2002 2433 2037 2473 4,
2061 2432 2104 2466 66

1239 2487 1283 2520 de
1300 2485 1511 2519 Hannibale:
1537 2486 1641 2526 Saepe
1663 2483 1896 2525 etiamfamuli
1911 2482 2045 2517 turbato
2059 2483 2105 2516 ad

1236 2537 1354 2570 limina
1375 2545 1487 2570 somno
1507 2537 1687 2576 Expavere
1707 2537 1834 2567 trucem
1851 2542 1913 2574 per
1934 2535 2034 2567 easta
2053 2533 2103 2566 si-

1237 2588 1341 2620 lentia
1361 2595 1483 2619 vocem.
1509 2585 1596 2619 Vide
1620 2586 1655 2618 et
1676 2584 1875 2626 Appianum
1897 2583 1936 2616 B.
1954 2583 1992 2616 C.
2010 2583 2044 2623 8.
2061 2581 2104 2616 99

1239 2638 1275 2670 in
1292 2637 1434 2671 Catonis
1449 2637 1562 2670 morte
1579 2637 1616 2669 et
1629 2635 1786 2668 Tacitum
1802 2634 1838 2667 in
1854 2633 1998 2669 Othonis
2013 2633 2102 2670 Εἰσί.

1239 2689 1273 2728 2,
1297 2687 1351 2720 50.
1377 2688 1464 2720 Lirs.
1490 2704 1526 2710 —
1547 2685 1780 2727 praeveniunt]
1807 2683 2039 2726 praecedunt,
2063 2691 2104 2717 se

1240 2739 1408 2771 exserunt
1429 2738 1529 2777 ante,
1553 2744 1660 2778 quam
1683 2734 1817 2768 facinus
1839 2735 2015 2776 patretur,
2039 2741 2106 2768 no-

1240 2796 1309 2829 que
1339 2787 1385 2820 ita
1413 2786 1527 2829 premi
1556 2784 1624 2819 tale
1647 2783 1831 2817 consilium
1854 2784 1989 2826 potest,
2020 2782 2106 2824 quin

1239 2837 1366 2870 indicia
1400 2835 1596 2879 quaedam,
1631 2833 1688 2868 vel
1719 2842 1783 2876 per
1815 2832 2104 2875 imprudentiam,

1240 2889 1438 2930 erumpant.
1463 2888 1511 2921 Ea
1527 2887 1556 2919 si
1572 2886 1666 2919 servi
1681 2883 1927 2918 animadversa
1941 2882 2104 2926 prodant,

1240 2936 1323 2970 nihil
1352 2946 1372 2969 a
1401 2938 1512 2970 servis
1535 2935 1731 2969 timendum
1756 2935 1823 2967 est.
1848 2934 1928 2966 Ean.
1955 2950 1991 2957 -
2022 2941 2106 2974 pro·

1239 2987 1336 3030 dant]
1373 2986 1624 3020 Coniunctivus
1657 2985 1738 3017 huic
1769 2983 1847 3017 loco
1881 2982 2104 3025 aptissimus,

1240 3038 1322 3078 quia
1345 3036 1568 3070 dominorum
1584 3035 1831 3076 cogitationem
1853 3031 2016 3066 involvit:
2044 3031 2106 3065 «Si

1240 3083 1508 3131 praesumptum
1533 3084 1723 3126 babemus,
1751 3093 1771 3116 a
1794 3083 1906 3117 servis
1929 3081 2017 3124 frugi
2032 3089 2107 3116 ma-

1241 3137 1362 3171 leficos
1386 3135 1563 3179 proditum
1586 3135 1626 3167 iri
1642 3135 1738 3167 icet.»
1757 3151 1793 3158 -
1811 3131 1944 3174 αηωίω]
1967 3130 2041 3166 scil.
2059 3140 2105 3165 ne

1242 3186 1326 3230 quid
1344 3186 1487 3219 domino
1510 3184 1658 3223 accidat,
1679 3191 1894 3226 semperque
1909 3181 2103 3222 conservis,

1241 3247 1262 3270 a
1285 3236 1414 3279 quibus
1436 3235 1503 3270 tale
1527 3235 1662 3269 facinus
1683 3232 1879 3276 exspectari
1901 3231 2024 3274 possit,
2047 3229 2105 3264 vel

1241 3287 1385 3330 propter
1413 3286 1594 3329 proprium
1624 3286 1787 3318 timorem
1812 3280 1958 3315 sollicite
1980 3280 2105 3323 invigi-

1242 3337 1355 3371 lantes
1365 3361 1373 3377 ,
1399 3344 1480 3369 cum
1496 3336 1608 3369 sciant
1622 3332 1844 3377 pereundum
1859 3331 1945 3373 ipsis
1960 3338 2104 3372 quoque

1244 3388 1336 3427 iore,
1357 3387 1388 3421 si
1404 3385 1519 3420 scelus
1539 3384 1584 3418 ab
1602 3393 1670 3417 uno
1689 3384 1723 3416 in
1738 3382 1919 3415 dominum
1940 3380 2104 3414 commit-

1242 3439 1347 3472 tatur.
1368 3453 1404 3460 —
1420 3438 1568 3478 suspecta
1582 3451 1631 3459 --
1644 3432 1778 3476 ingenia
1799 3429 1981 3475 servm-iam]
2006 3428 2102 3466 und·
