2254 3770
313 299 404 332 xxvl

315 404 355 437 A.
374 403 411 438 U.
426 403 463 437 C.
489 404 527 437 P.
545 404 628 437 Can.

359 464 423 499 784
535 466 570 499 3⁴

362 1228 425 1262 785
536 1225 578 1258 32

362 1534 426 1567 786
536 1528 577 1561 33

365 2281 427 2314 787
540 2276 581 2310 34

366 2435 430 2468 788
542 2433 583 2465 35

368 2591 431 2625 789
544 2590 585 2622 36

370 2897 433 2930 790
546 2895 586 2928 37

832 285 1219 332 CHRONOLOGIA
1247 284 1525 330 ANNALIUM.

734 402 847 435 COSS.

688 465 737 497 Ti.
762 464 893 497 Caesar

1987 392 2073 425 Amr.

1019 461 1177 494 Tiberius
1206 458 1326 493 consul
1355 459 1395 492 V.
1422 459 1459 492 L.
1483 457 1620 491 Aelium
1647 457 1813 490 Seianum
1836 455 1945 490 colle·
1976 454 2095 488 Deest.
2122 443 2124 446 ’

645 514 819 556 Augustus
839 513 879 554 V,
904 514 940 545 L.
975 520 1056 554 gam
1079 511 1227 545 assumit
1250 512 1286 543 et
1307 511 1456 542 Romam
1478 517 1499 540 a
1522 517 1561 542 se
1577 507 1729 541 dimittit.
1767 506 1839 539 Sed
1861 515 1944 539 cum

645 563 761 598 Aelius
783 563 941 596 Seianus.
976 561 1114 595 suffecti
1145 570 1187 593 ex
1216 559 1289 593 Kal.
1314 559 1391 592 Mai.
1419 557 1581 591 consules
1605 558 1640 589 P.
1668 556 1854 590 Memmius
1876 556 1945 588 Re-

662 1222 724 1253 Cn.
755 1218 925 1252 Domitius

661 1268 930 1308 Ahenobarbus,

676 1322 720 1354 M.
747 1318 911 1353 Camillus

668 1370 927 1403 Scribonianus.

660 1527 734 1559 Ser.
759 1524 929 1567 Sulpicius

647 1575 771 1615 Galba,
796 1576 855 1616 qui
879 1583 945 1616 po-

646 1628 720 1659 stea
744 1624 942 1666 imperavit,

647 1675 724 1708 suff.
751 1677 786 1707 L.
810 1673 944 1706 Salvius

647 1726 734 1757 Otho
755 1726 865 1767 (pater
882 1724 946 1756 im-

652 1775 822 1817 peratoris
845 1774 939 1806 futu-

667 1825 718 1866 ri),
738 1827 773 1858 L.
793 1825 924 1857 Corne-

698 1874 763 1908 lius
787 1873 890 1907 Sulla.

661 2274 786 2309 Paulus
810 2275 934 2308 Fabius

650 2326 822 2365 Persicus,
842 2327 878 2358 L.
893 2326 946 2358 Vi-

733 2375 857 2409 tellius.

653 2432 690 2464 C.
712 2433 848 2464 Cestius
875 2431 948 2464 Gal-

662 2481 733 2522 lus,
759 2482 802 2514 M.
829 2483 940 2514 Servi-

762 2531 838 2564 lius.

667 2589 744 2620 Sex.
773 2588 948 2629 Papinius,

689 2639 729 2676 Q.
756 2636 919 2671 Plautius.

655 2900 717 2932 Cn.
742 2899 952 2932 Acerronius

656 2949 832 2987 Proculus,
843 2949 880 2981 C.
891 2950 952 2981 Pe·

655 2998 788 3031 tronius
811 2998 952 3030 Pontius

718 3047 889 3088 Nigrinus.

654 3158 737 3191 suff.
776 3157 848 3190 Kal.
889 3156 949 3189 lul.

668 3208 706 3241 C.
727 3209 858 3240 Caesar
873 3209 938 3239 Au-

976 610 1077 653 gulus
1100 612 1135 643 et
1166 612 1202 643 L.
1229 609 1404 642 Fulcinius
1428 609 1506 641 Trio
1530 608 1774 649 magistratum
1797 606 1946 639 inissent

976 661 1164 702 omniaque
1188 660 1398 703 praeparata
1419 659 1557 698 essent,
1582 656 1706 690 litteris
1721 656 1768 689 ad
1782 658 1945 690 senatum

976 711 1065 744 datis
1095 711 1249 752 graviter
1272 719 1355 742 eum
1379 709 1541 749 accusat,
1566 708 1725 740 omnium
1748 708 1808 740 aut
1830 705 1946 739 admi-

976 762 1108 793 ratione
1133 762 1193 793 aut
1214 759 1341 793 laetitia
1360 759 1526 802 exceptis.
1553 759 1714 791 Saevitur
1729 759 1764 790 in
1780 758 1945 790 Seianum

976 812 1012 844 et
1034 819 1159 844 omnes
1171 810 1205 851 *,
1229 812 1433 853 quicunque
1457 818 1540 847 cum
1563 818 1606 842 eo
1627 810 1687 841 aut
1701 807 1870 850 sanguine
1887 808 1948 839 aut
1993 804 2015 827 *
2035 804 2076 837 V.

975 859 1205 894 familiaritate
1230 861 1406 894 coniuncti
1430 860 1585 893 fuerant:
1614 866 1739 891 eorum
1761 857 1856 890 bona
1879 866 1948 899 pu-
1987 854 2084 887 6-44.

974 909 1150 943 blicantur
1173 911 1209 942 et
1231 911 1265 942 in
1289 911 1416 944 fiscum
1433 909 1651 951 rediguntur.
1684 907 1773 939 ‘rum
1787 907 1945 949 Apicata,

975 959 1058 992 olim
1084 968 1172 992 uxor
1201 960 1332 999 Seiani,
1366 960 1423 993 cui
1447 959 1622 1000 parcitum
1646 957 1779 996 fuerat,
1812 955 1947 990 scelera

976 1010 1097 1042 contra
1130 1010 1284 1043 Drusum
1314 1019 1335 1042 a
1365 1010 1459 1043 Livia
1488 1010 1598 1051 ipsius
1624 1017 1733 1041 uxore
1757 1008 1947 1041 commissa

976 1060 1122 1100 indicat,
1150 1062 1185 1092 et
1208 1069 1320 1093 novae
1345 1060 1571 1102 quaestiones
1587 1060 1809 1092 exercentur.
1833 1059 1948 1091 Inter-

977 1111 1092 1144 ficitur
1114 1119 1133 1143 a
1157 1110 1296 1143 Tiberio
1319 1120 1445 1144 socero
1470 1111 1577 1143 etiam
1600 1109 1694 1142 Livia
1719 1109 1793 1142 sive
1815 1106 1946 1148 Livilla,

976 1160 1079 1193 Drusi
1101 1159 1219 1192 vidua.
1251 1162 1325 1203 (Dio
1349 1162 1446 1194 Cass.
1473 1160 1528 1198 58,
1554 1159 1622 1200 ll.)

1018 1215 1091 1248 Kal.
1118 1217 1190 1248 Ian.
1215 1218 1360 1250 senatus
1383 1217 1513 1249 viritim
1535 1216 1571 1248 in
1595 1217 1673 1248 acta
1692 1214 1833 1249 Tiberii..
1843 1214 1946 1254 iurat,
2008 1211 2064 1246 vi.

977 1274 1120 1299 omnem
1143 1268 1380 1308 suspicionem
1410 1266 1552 1299 habitae
1576 1274 1658 1298 cum
1682 1265 1808 1297 Seiano
1831 1264 1948 1297 socie·
1977 1263 2028 1295 l·
2043 1261 2098 1297 ⁴4.

976 1317 1055 1348 tatis
1079 1314 1214 1348 amoliri
1237 1318 1396 1358 cupiens.
1424 1316 1509 1349 Inde
1535 1316 1671 1349 maiore
1695 1314 1812 1348 studio
1837 1322 1949 1356 quae-

976 1366 1107 1398 stiones
1136 1368 1356 1399 exercentur.
1395 1367 1513 1399 Macro
1545 1365 1747 1408 praefectus
1771 1363 1949 1406 praetorio

976 1415 1011 1447 in
1040 1414 1157 1447 locum
1182 1416 1296 1448 Seiani
1324 1416 1515 1449 instituitur
1546 1417 1652 1457 atque
1685 1423 1769 1448 mox
1793 1413 1949 1447 eundem

977 1474 1091 1507 paene
1114 1466 1246 1506 gratiae
1270 1465 1386 1499 locum
1414 1466 1508 1507 apud
1533 1465 1712 1498 Tiberium
1735 1464 1946 1505 assequitur.

1019 1523 1124 1554 Atrox
1155 1522 1189 1553 in
1217 1522 1339 1563 primis
1362 1530 1488 1555 annus.
1525 1522 1674 1561 Omnes,
1707 1521 1767 1563 qui
1795 1519 1950 1558 accusati
1977 1519 2099 1553 tes-27.

977 1572 1121 1614 propter
1152 1572 1317 1604 Seianum
1346 1572 1380 1604 in
1406 1571 1610 1604 carceribus
1639 1573 1820 1607 tenentur,
1845 1567 1949 1603 simul

978 1620 1186 1653 occiduntur
1218 1623 1253 1653 et
1283 1622 1317 1653 in
1347 1621 1503 1654 Tiberim
1533 1622 1774 1663 proiiciuntur.
1813 1621 1949 1653 Drusus

977 1672 1125 1709 Romae.
1157 1671 1343 1713 Agrippina
1369 1672 1596 1704 Pandatariae
1624 1671 1716 1704 fame
1741 1670 1947 1708 enecantur,

977 1721 1037 1762 qui
1071 1720 1163 1760 dies,
1201 1722 1280 1762 quia
1316 1722 1398 1753 ante
1433 1720 1616 1754 biennium
1646 1721 1792 1753 Seianus
1820 1718 1948 1751 eodem

977 1772 1116 1803 occisus
1140 1772 1211 1810 est,
1237 1780 1256 1802 a
1281 1771 1406 1804 senatu
1429 1772 1520 1804 inter
1543 1771 1653 1804 festos
1677 1770 1841 1803 refertur.
1881 1769 1948 1801 Ta-

977 1821 1061 1853 lium
1078 1820 1256 1853 scelerum
1273 1821 1460 1862 impatiens
1477 1822 1520 1854 M.
1537 1821 1708 1854 Cocceius
1720 1821 1846 1859 Nerva,
1864 1819 1949 1851 iuris

978 1871 1210 1913 peritissimus
1227 1874 1263 1903 et
1278 1871 1448 1904 hactenus
1464 1872 1658 1913 perpetuus
1671 1869 1800 1903 Tiberii
1812 1878 1947 1909 comes,

976 1920 1092 1953 inedia
1128 1921 1219 1952 mori
1253 1919 1386 1952 maluit.
1430 1922 1560 1962 Neptes
1590 1920 1719 1953 Tiberii
1742 1917 1891 1952 Drusilla
1915 1920 1950 1951 et

977 1969 1080 2010 Iulia,
1106 1969 1197 2002 filiae
1221 1970 1436 2010 Germanici,
1471 1971 1504 2003 L.
1532 1971 1651 2003 Cassio
1675 1971 1711 2002 et
1733 1970 1777 2003 M.
1802 1969 1947 2008 Vinicio,

978 2019 1233 2059 consularibus,
1264 2019 1492 2060 collocantur,
1518 2019 1621 2060 Iulia,
1647 2020 1751 2053 Drusi
1773 2018 1854 2058 filia,
1878 2019 1950 2051 Ru-

977 2069 1081 2103 bellio
1105 2069 1248 2102 Blando.
1283 2071 1388 2103 Gaius
1406 2071 1538 2103 Caesar
1554 2069 1735 2103 Claudiam
1749 2095 1757 2110 ,
1781 2070 1826 2103 M.
1846 2068 1950 2101 Silani

978 2120 1095 2160 filiam,
1111 2121 1271 2161 coniugio
1287 2120 1425 2162 accipit.
1440 2120 1581 2153 Asinius
1594 2119 1710 2152 Gallus
1723 2119 1946 2151 interimitur.

1021 2169 1273 2210 Hierosolymis
1298 2170 1457 2202 Christus
1479 2179 1544 2212 per
1567 2171 1835 2212 procuratorem
1857 2171 1949 2202 Pon-

978 2222 1064 2253 tium
1077 2220 1224 2252 Pilatum
1240 2204 1411 2261 supplicio
1424 2219 1572 2252 affectus
1587 2220 1652 2252 est.
1670 2219 1768 2260 (Ann.
1782 2219 1870 2258 XIV,
1881 2218 1949 2261 44.)

1023 2278 1220 2310 Mamercus
1242 2277 1411 2315 Scaurus.
1439 2277 1540 2308 vetus
1557 2274 1751 2308 consularis
1767 2277 1803 2308 et
1818 2277 1950 2317 orator,
1976 2280 2099 2314 28-30,

980 2326 1045 2359 sed
1057 2328 1126 2358 vita
1143 2325 1349 2367 probrosus,
1369 2325 1511 2358 ultimus
1529 2324 1768 2358 nobilissimae
1785 2325 1948 2367 familiae,

981 2378 1167 2409 accusatus
1191 2376 1350 2408 moritur.

1023 2434 1232 2465 Parthorum
1260 2441 1322 2465 rex
1354 2431 1550 2464 Artabanus
1579 2432 1784 2465 Armeniam
1807 2432 1949 2473 invadit,
1977 2419 2114 2465 34-39.x

982 2483 1045 2516 sed
1076 2483 1285 2523 insequente
1310 2491 1403 2514 anno
1429 2483 1596 2515 immissis
1619 2482 1782 2524 gentibus
1806 2483 1951 2525 propin-

983 2532 1078 2574 quis.
1104 2531 1262 2571 Hiberis,
1289 2533 1444 2574 Scythis,
1470 2532 1633 2572 Albanis,
1659 2533 1807 2565 elicitur.

1026 2587 1216 2626 Tiridates,
1251 2589 1380 2621 Romae
1411 2588 1601 2627 educatus,
1635 2588 1769 2620 Parthis
1799 2596 1861 2621 rex
1884 2588 1954 2620 im-
1979 2586 2103 2622 40-55.

983 2637 1143 2678 ponitur,
1177 2637 1266 2670 felici
1296 2639 1405 2679 initio,
1431 2638 1495 2671 sed
1519 2638 1600 2671 odio
1624 2639 1852 2671 externorum
1875 2646 1954 2670 mo-

985 2695 1063 2718 rum
1088 2686 1185 2719 facile
1211 2688 1254 2720 ab
1274 2688 1449 2721 Artabano
1474 2688 1669 2730 expellitur.
1699 2689 1829 2720 Romae
1847 2696 1954 2720 accu-

985 2738 1138 2770 sationes
1163 2739 1198 2769 et
1221 2740 1355 2771 mortes
1380 2738 1617 2771 celebrantur.
1642 2738 1835 2770 Aventinus
1852 2745 1954 2770 mons

986 2787 1148 2819 incendio
1172 2787 1321 2827 deletur,
1355 2788 1419 2821 sed
1449 2789 1617 2830 principis
1640 2786 1847 2820 liberalitate
1869 2795 1955 2829 pos-

985 2845 1145 2869 sessores
1169 2837 1342 2870 domuum
1366 2838 1584 2871 reficiuntur.

1028 2892 1198 2933 Tiberius,
1217 2894 1390 2926 LXXVIII.
1410 2895 1532 2927 aetatis
1548 2903 1651 2934 anno,
1676 2893 1771 2936 apud
1787 2902 1955 2936 promon-
1978 2891 2040 2924 56-
2048 2891 2084 2924 6⁴
2096 2915 2103 2922 .

986 2943 1114 2975 torium
1132 2944 1304 2976 Misenum
1329 2944 1362 2976 in
1379 2943 1457 2976 villa
1474 2943 1673 2977 Luculliana
1689 2943 1836 2976 moritur
1851 2943 1952 2976 XVII.

986 2993 1058 3026 Kal.
1077 2992 1183 3035 April.
1204 2993 1248 3034 (d.
1275 2994 1327 3026 ⁴6.
1346 2995 1473 3034 Mart),
1500 3002 1616 3035 neque
1640 2993 1764 3026 aberat
1785 2993 1953 3034 suspicio,

987 3043 1062 3075 eius
1094 3044 1244 3075 mortem
1269 3052 1289 3075 a
1314 3045 1398 3076 Gaio
1423 3045 1574 3077 Caesare
1599 3045 1635 3076 et
1658 3044 1822 3076 Macrone
1847 3042 1954 3076 fuisse

986 3091 1232 3125 acceleratam.

1031 3154 1104 3186 Hoc
1136 3163 1246 3195 anno,
1279 3157 1418 3189 mortuo
1449 3155 1604 3195 Tiberio,
1638 3155 1759 3189 GAIUS
1790 3155 1955 3188 CAESAR
1980 3154 2099 3188 Deest.

654 3259 775 3299 gustus
810 3258 953 3289 Germa·
985 3253 1163 3286 diversum
1187 3264 1205 3286 a
1230 3255 1368 3288 Tiberio
1399 3257 1576 3296 ingenium
1606 3255 1778 3288 ostendit:
1813 3252 1952 3286 exsules

655 3307 765 3346 nicus,
784 3306 834 3338 Ti.
854 3305 952 3338 Clau·
985 3303 1139 3336 cuiusvis
1168 3306 1307 3345 generis
1333 3308 1561 3338 revocantur:
1597 3305 1828 3339 restituuntur
1850 3311 1953 3344 reges

655 3357 815 3398 dius‚qui
829 3357 950 3398 postea
985 3353 1135 3394 Agrippa
1152 3354 1185 3385 in
1203 3354 1380 3393 ludaeam‚
1406 3355 1598 3388 Antiochus
1619 3356 1654 3388 in
1671 3355 1949 3395 Commagenen:

701 3405 899 3448 imperavit.

986 3203 1135 3244 Caligula
1161 3205 1290 3245 ingenti
1313 3205 1496 3238 hominum
1520 3205 1647 3247 gaudio
1664 3206 1832 3247 acceptus
1848 3203 1951 3246 plane
1969 3206 1975 3455 Ι

985 3403 1123 3435 comitia
1153 3402 1283 3445 populo
1309 3403 1525 3444 redduntur,
1555 3406 1676 3446 quInta
1704 3403 1860 3437 iudicum
1886 3401 1953 3435 de-
