2254 3770
723 323 876 368 LmER
904 323 1004 369 xlv.
1050 322 1150 380 cap.
1180 322 1247 365 3⁴.
1276 320 1343 366 32.
1373 322 1441 366 33.
1878 317 1960 362 463

195 430 356 475 leniae:
392 430 476 474 iam
505 430 705 475 Oceanus
735 437 910 475 cruento
940 436 1133 488 aspectu,
1165 429 1376 473 dilabente
1405 434 1525 473 aestu
1556 427 1835 472 humanorum
1866 440 1961 472 cor-

192 519 344 564 porum
379 504 540 562 effigies
578 505 766 557 relictae,
804 513 851 549 ut
889 506 1096 549 Britannis
1126 504 1178 548 ad
1211 518 1352 562 spem,
1393 505 1450 547 ita
1480 503 1690 547 veteranis
1720 502 1774 546 ad
1803 507 1961 545 metum

191 580 474 625 trahebantur.
521 580 598 623 sed
628 581 728 638 quia
756 580 904 638 procul
935 580 1161 624 Suetonius
1191 579 1354 630 aberat,
1386 579 1575 636 petivere
1599 591 1622 621 a
1644 578 1746 622 Cato
1775 577 1960 620 Deciano

187 661 463 713 procuratore
491 655 706 699 auxilium.
750 655 818 699 ille
849 655 960 699 haud
991 654 1172 712 amplius
1201 668 1330 712 quam
1349 653 1557 697 ducentos
1582 653 1674 696 sine
1695 651 1814 695 iustis
1835 652 1961 695 armis

187 729 318 783 misit;
350 736 392 774 et
422 730 555 774 inerat
582 729 749 774 modica
776 730 954 773 militum
984 743 1146 774 manus.
1190 728 1322 772 tutela
1350 728 1493 786 templi
1521 728 1632 779 freti,
1665 734 1708 771 et
1726 726 1992 785 impedien-ts

187 804 300 849 tibus
330 805 409 863 qui
434 804 588 848 occulti
618 804 863 848 rebellionis
893 805 1053 848 conscii
1082 803 1259 848 consilia
1278 803 1522 854 turbabant,
1553 817 1695 860 neque
1716 803 1871 846 fossam
1891 808 1964 846 aut

185 879 343 924 vallum
371 878 708 938 praeduxerunt,
747 893 889 938 neque
926 880 1051 923 motis
1081 879 1256 922 senibus
1286 884 1328 922 et
1357 878 1522 929 seminis
1551 878 1747 921 iuventus
1775 877 1865 920 sola
1894 891 1963 921 re-

187 955 313 999 stitit:
345 955 467 1013 quasi
497 954 639 998 media
668 968 775 1012 pace
805 954 958 998 incauti
980 953 1246 997 multitudine
1267 952 1544 997 barbarorum
1564 953 1963 997 circumveniuntur.

189 1036 231 1074 et
261 1036 402 1075 cetera
431 1029 607 1088 quidem
636 1029 794 1086 impetu
827 1028 992 1087 direpta
1021 1035 1093 1073 aut
1121 1029 1295 1072 incensa
1324 1035 1442 1071 sunt:
1473 1027 1697 1085 templum,
1728 1028 1771 1071 in
1800 1041 1886 1086 quo
1916 1040 1964 1072 se

187 1105 310 1149 miles
343 1104 689 1162 conglobaverat,
722 1104 853 1148 biduo
883 1105 1109 1148 obsessum
1138 1108 1524 1161 expugnatumque.
1570 1110 1611 1146 et
1639 1103 1774 1147 victor
1802 1103 2015 1148 Britan-⁴0

190 1194 268 1224 nus
299 1179 449 1224 Petilio
482 1179 655 1230 Ceriali,
687 1178 825 1236 legato
846 1178 1024 1236 legionis
1044 1192 1199 1230 nonae,
1232 1179 1274 1221 in
1294 1177 1534 1221 subsidium
1552 1176 1792 1221 adventanti
1813 1177 1964 1221 obvius

188 1255 294 1298 fudit
323 1254 533 1312 legionem
563 1260 605 1298 et
634 1253 750 1312 quod
779 1253 970 1311 peditum
1000 1253 1227 1297 interfecit:
1260 1252 1435 1297 Cerialis
1463 1266 1561 1296 cum
1589 1252 1804 1310 equitibus
1830 1253 1966 1296 evasit

186 1330 230 1373 in
262 1336 400 1374 castra
430 1335 472 1373 et
499 1328 770 1372 munimentis
791 1328 993 1372 defensus
1014 1335 1089 1372 est.
1121 1341 1206 1386 qua
1227 1327 1348 1371 clade
1367 1333 1409 1371 et
1429 1326 1537 1371 odiis
1558 1328 1814 1385 provinciae,
1836 1341 1965 1386 quam

186 1405 360 1449 avaritia
390 1405 433 1447 in
462 1403 622 1448 bellum
651 1409 816 1461 egerat,
855 1403 1046 1460 trepidus
1076 1409 1327 1461 procurator
1356 1403 1483 1446 Catus
1513 1403 1554 1445 in
1585 1402 1759 1447 Galliam
1788 1403 1964 1447 transiit.

187 1480 268 1536 (33)
299 1486 342 1523 at
368 1479 596 1523 Suetonius
621 1478 728 1522 mira
749 1478 982 1522 constantia
1001 1478 1167 1522 medios
1194 1478 1303 1521 inter
1330 1477 1475 1521 hostes
1494 1477 1746 1521 Londinium
1765 1478 1963 1536 perrexit,
1978 1489 2014 1520 ⁴5

190 1561 471 1613 cognomento
509 1553 684 1611 quidem
724 1552 915 1596 coloniae
956 1567 1039 1596 non
1080 1553 1264 1611 insigne,
1301 1553 1376 1596 sed
1419 1552 1544 1610 copia
1581 1553 1889 1611 negotiatorum
1924 1560 1967 1597 et

194 1635 506 1674 commeatuum
538 1629 719 1672 maxime
750 1627 932 1672 celebre.
979 1628 1035 1671 ibi
1065 1627 1305 1685 ambiguus,
1346 1641 1399 1671 an
1430 1627 1540 1671 illam
1570 1627 1719 1672 sedem
1750 1628 1861 1672 bello
1890 1628 1967 1672 de-

190 1705 361 1763 ligeret,
400 1704 707 1761 circumspecta
744 1702 1022 1761 infrequentia
1062 1702 1220 1754 militis,
1268 1703 1456 1761 satisque
1498 1703 1659 1761 magnis
1699 1703 1965 1747 documentis

188 1778 469 1824 temeritatem
487 1778 622 1822 Petilii
644 1778 889 1829 coercitam,
914 1778 1040 1821 unius
1059 1777 1205 1835 oppidi
1225 1777 1380 1821 damno
1400 1791 1572 1822 servare
1593 1779 1791 1823 universa
1810 1779 1964 1823 statuit.

254 1912 285 1944 4.
319 1920 460 1944 oceanas
474 1929 492 1935 -
507 1928 526 1935 -
539 1911 675 1944 relictae
689 1928 709 1935 -
720 1928 738 1934 -
754 1909 970 1943 trahebantur
995 1910 1046 1943 M:
1087 1909 1254 1942 Oceanum
1269 1928 1288 1934 -
1302 1928 1321 1934 -
1334 1910 1469 1944 relictas
1483 1927 1501 1946 ,-
1516 1927 1535 1934 ·-
1549 1910 1723 1946 trahebant
1751 1912 1898 1954 Lipsius.
1924 1929 1960 1936 —

188 1971 338 2009 aspectas
359 1976 413 2010 pr.
437 1967 469 2000 M
496 1984 531 1990 --
557 1966 716 1999 dilabente
738 1966 890 2008 Lipsius:
922 1966 968 1998 sic
988 1965 1116 1998 labente
1138 1966 1187 2005 M;
1212 1969 1243 1998 et
1263 1966 1428 1999 relabente
1451 1965 1651 2006 Froehlich;
1676 1968 1711 1999 in
1732 1968 1817 2000 sicco
1839 1967 1965 2001 labente

187 2025 241 2057 Fr.
266 2023 391 2063 Iacob:
416 2025 448 2056 et
469 2021 630 2055 dilabente
651 2021 821 2055 Halmius.
848 2039 882 2045 -—
915 2022 948 2055 2.
973 2021 1386 2055 Britannis--veteranis
1408 2023 1476 2056 Iac.
1503 2023 1714 2056 Gronovius:
1740 2023 1900 2057 brittanni
1914 2039 1964 2048 —-

185 2080 336 2113 ueterani
358 2079 391 2112 M
417 2096 451 2101 —
477 2078 508 2111 3.
535 2078 672 2111 haberat
694 2087 746 2120 pr.
765 2078 798 2111 Μ
816 2096 851 2102 --
877 2079 910 2110 5.
934 2078 1063 2110 inherat
1085 2078 1118 2111 M
1144 2096 1179 2101 —
1206 2078 1238 2111 6.
1263 2078 1379 2111 occulti
1402 2079 1453 2112 M:
1478 2078 1602 2112 occulte
1623 2077 1689 2112 alii.
1709 2095 1744 2102 -
1769 2079 1860 2121 fossa
1874 2080 1907 2114 M
1925 2097 1961 2102 —--

187 2137 219 2170 7.
237 2136 495 2177 praedaverant
517 2135 640 2175 Haase.
669 2152 704 2158 —
730 2134 866 2167 restitit:
888 2134 938 2167 ita
960 2134 1058 2175 quasi
1079 2133 1267 2168 Acidalius.
1289 2153 1323 2158 —
1350 2135 1381 2168 9.
1406 2138 1516 2182 cetera
1538 2135 1572 2169 M
1589 2153 1625 2159 —
1653 2136 1704 2169 ⁴0.
1722 2135 1917 2170 britiamnus
1932 2136 1965 2170 M

190 2209 225 2215 —
251 2193 306 2225 Η.
330 2192 441 2224 Petilio
463 2191 614 2234 Lipsius:
635 2190 724 2232 petio
747 2191 781 2224 M
805 2209 840 2215 —
866 2191 1038 2223 aduentati
1059 2191 1092 2224 M
1117 2208 1153 2214 —
1179 2189 1231 2224 44.
1256 2190 1404 2237 auaritia
1426 2191 1470 2224 M.

189 2303 326 2336 diverse
349 2302 672 2345 interpretabantur
694 2303 729 2335 et
750 2302 904 2335 Britanni
928 2304 963 2336 et
983 2304 1052 2335 Ro—

187 2354 299 2392 mani,
335 2353 381 2385 ita
413 2352 558 2394 quidem
584 2354 623 2384 ut
651 2352 686 2384 in
714 2350 779 2384 illis
803 2360 902 2394 spes,
940 2352 973 2385 in
998 2352 1051 2385 his

188 2404 304 2434 metus
328 2402 512 2434 oriretur»
546 2401 598 2434 Cf.
624 2402 687 2434 Dio
711 2401 764 2441 62,
790 2402 827 2433 4;
853 2397 896 2433 ἔκ
919 2411 959 2434 τε
982 2399 1049 2434 τοῦ

186 2449 461 2510 βουλευτηρίου
491 2449 611 2498 θροῦς
647 2448 782 2491 νυκτὸς
814 2448 1051 2498 βαρβαρικὸς

186 2498 282 2544 μετὰ
297 2499 459 2545 γέλωτος
473 2502 538 2534 καὶ
554 2501 596 2534 ἐκ
613 2498 683 2534 τοῦ
699 2498 863 2547 θεάτρου
879 2499 1051 2558 θόρυβος

186 2552 266 2594 μετ’
284 2549 454 2595 οἰμωγῆς
469 2549 694 2594 ἑξηκούετο,
718 2549 883 2594 μηδενὸς
898 2547 1050 2598 ἀνθρώ-

1101 2302 1183 2345 cet.]
1208 2302 1372 2335 «nimiam
1395 2302 1560 2336 fiduciam
1581 2303 1762 2346 ponebant
1777 2304 1811 2338 in
1826 2303 1964 2339 militari

1101 2351 1222 2394 templi
1239 2353 1413 2394 praesidio
1430 2354 1465 2385 et
1479 2354 1664 2396 praeterea
1682 2355 1964 2396 impediebantur

1101 2411 1121 2434 a
1155 2401 1356 2435 rebellionis
1391 2403 1559 2444 consciis,
1596 2413 1666 2446 quo
1690 2405 1806 2438 minus
1832 2405 1964 2439 fossam

1100 2452 1371 2494 praeducerent.
1392 2470 1428 2476 —
1451 2453 1569 2486 occulti
1582 2471 1601 2477 —
1613 2472 1632 2478 -
1647 2454 1836 2496 turbabant]
1861 2455 1912 2488 Cf.
1930 2455 1963 2495 3,

1100 2502 1156 2535 29:
1193 2503 1251 2544 qui
1279 2503 1349 2535 eius
1374 2503 1464 2535 modi
1487 2512 1602 2544 preces
1629 2505 1747 2537 occulti
1767 2505 1964 2539 inluderent.

1101 2552 1138 2592 4,
1157 2553 1216 2584 ⁴2:
1241 2553 1362 2585 occulti
1381 2552 1603 2587 laetabantur.
1628 2554 1666 2595 4,
1684 2553 1745 2588 40:
1769 2564 1836 2588 non
1850 2556 1968 2589 occulti

188 2609 269 2633 πων
295 2598 394 2644 μήτε
420 2600 686 2645 φθεγγομένου
715 2598 813 2643 μήτε
836 2601 1050 2642 στένοντος,

188 2651 307 2684 οἰκίαι
339 2651 380 2684 τέ
412 2660 510 2692 τινες
542 2650 582 2684 ἐν
615 2649 666 2695 τῷ
702 2650 858 2695 Ταμέσᾳ
891 2648 1049 2694 ποταμώ·

187 2696 352 2760 υφυδροι
373 2699 566 2760 ἑωρῶντο·
596 2702 661 2734 καὶ
685 2697 707 2733 ὁ
727 2697 910 2742 Ὠκεανὸς
937 2698 958 2733 ὁ
983 2709 1052 2744 με-

186 2748 279 2793 ταξὺ
303 2749 374 2794 τῆς
394 2761 435 2784 τε
456 2748 580 2795 νήσου
602 2752 668 2784 καὶ
690 2749 760 2793 τῆς
781 2750 968 2791 Γαλατίας
991 2751 1052 2783 αἱ-

186 2799 366 2845 ματώδης
389 2800 482 2834 ποτὲ
503 2801 544 2834 ἐν
566 2799 611 2848 τῇ
636 2799 869 2847 πλημμυρίδι
883 2798 1049 2844 ηὐξήθη.

193 2868 227 2876 ·-·
253 2852 335 2885 Cato
356 2851 514 2893 Deciano]
546 2853 610 2884 Dio
634 2852 687 2891 62,
712 2852 752 2885 2;
785 2848 990 2898 Πρόφασις
1011 2849 1052 2884 δὲ

187 2900 256 2935 τοῦ
280 2899 448 2944 πολέμου
466 2901 613 2946 ἐγένετο
629 2898 653 2945 ἦ
669 2899 854 2945 δήμευσις
869 2900 944 2934 τῶν
958 2911 1053 2958 χρη-

187 2949 338 2995 μάτων,
368 2948 394 2983 ἃ
425 2949 614 2993 Κλαύδιος
640 2954 720 2993 τοῖς
742 2950 905 3010 πρώτοις
927 2948 1053 2984 αὐτῶν

189 2998 378 3034 ἐδεδώκει·
403 3001 470 3034 καὶ
491 2997 568 3034 ε’δει
589 3001 655 3035 καὶ
678 3000 821 3042 ἐκεῖνα,
846 2997 899 3042 ὥς
920 3010 962 3045 γε
983 2999 1052 3033 Δε-

188 3048 323 3093 κιανὲς
352 3048 479 3092 Κάτος
507 3048 529 3084 ὁ
560 3050 630 3095 τῆς
652 3049 774 3094 νήσου
798 3048 1053 3099 ἐπιτροπεύων

187 3097 334 3146 ἔλεγεν,
365 3097 623 3144 αναπόμπιμα
650 3101 840 3145 γενέσθω.
869 3119 904 3126 -
938 3102 1051 3143 tutela]

191 3152 274 3185 «Hic
290 3153 453 3194 saeptum
470 3152 524 3185 est
539 3153 574 3184 et
589 3151 703 3194 aliqua
720 3161 790 3185 non
806 3153 922 3193 magni
937 3152 1053 3194 operis

191 3202 348 3235 munitio.
391 3202 446 3235 Sic
475 3202 584 3234 Varro
614 3202 651 3235 R.
677 3203 716 3235 R.
742 3202 774 3242 4,
799 3201 857 3235 44ε
893 3202 989 3234 Nunc
1015 3202 1054 3234 de

190 3252 325 3293 saeptis,
358 3259 445 3292 quae
475 3251 605 3283 tutandi
627 3259 731 3283 causa
750 3251 846 3293 finandi
868 3254 928 3284 aut
945 3252 1055 3292 partis

190 3302 292 3343 fiunt,
317 3301 437 3334 dicam.
462 3301 592 3334 Earum
613 3301 792 3333 tutelarum
813 3309 935 3343 genera
954 3304 1053 3341 quat-

193 3352 302 3383 tuor.»
326 3352 351 3383 1.
369 3351 403 3383 F.
419 3351 564 3384 Gnonov.
588 3351 727 3384 Rectius
743 3350 942 3384 Ernestius:
970 3351 1053 3383 «In-

193 3397 306 3440 telligo
328 3399 544 3442 praesidium
561 3398 699 3442 templi,
724 3398 827 3441 quale
843 3399 906 3432 fuit
919 3400 953 3432 in
971 3399 1055 3432 Hie-

193 3446 446 3490 rosolymitano
476 3451 512 3483 et
540 3448 650 3483 aliis.»
677 3466 712 3474 -
748 3451 779 3483 et
809 3449 1055 3491 inpedientibus

1096 2602 1220 2641 ferunt.
1237 2620 1272 2625 —
1298 2603 1405 2643 motis]
1428 2602 1451 2636 i.
1466 2611 1498 2635 e.
1517 2595 1655 2644 amotis]
1679 2605 1719 2637 ut
1741 2613 1772 2638 c.
1791 2605 1832 2638 60
1854 2614 1966 2639 move-

1099 2655 1156 2684 tur
1167 2652 1330 2694 (Octavia)
1345 2652 1450 2684 civilis
1465 2652 1593 2686 discidii
1606 2654 1720 2694 specie,
1738 2655 1759 2687 i.
1776 2663 1807 2687 e.
1819 2663 1965 2688 amove-

1101 2702 1169 2734 tur.
1191 2719 1224 2724 —
1248 2701 1358 2734 Petilio
1381 2701 1515 2744 Ceriali]
1539 2703 1598 2744 qui
1621 2704 1742 2745 postea
1767 2705 1964 2737 Britanniae

1101 2750 1301 2793 praefectus
1317 2751 1382 2783 est.
1409 2750 1459 2783 Cf.
1477 2752 1557 2793 Agr.
1577 2751 1608 2785 8.
1630 2753 1718 2786 Hist.
1736 2753 1767 2793 3,
1786 2754 1839 2787 59.
1865 2755 1966 2787 Dioni

1102 2800 1155 2841 65,
1190 2800 1230 2833 ⁴8
1265 2801 1319 2833 est
1350 2796 1511 2841 Κύιντος
1543 2800 1716 2843 Πετίλιος
1690 2801 1963 2855 ὴΚερεάλιος.

1102 2856 1229 2888 Inscrr.
1260 2856 1347 2888 Latt.
1382 2865 1417 2888 n.
1442 2855 1545 2889 54⁴8:
1579 2866 1613 2890 a.
1639 2858 1670 2891 d.
1695 2858 1764 2892 XII.
1788 2859 1829 2892 K.
1853 2860 1967 2892 Iunias

1104 2906 1142 2946 Q.
1166 2905 1291 2938 Petillia
1319 2905 1447 2938 Ceriale
1477 2905 1592 2939 Caesio
1621 2907 1704 2950 Rufo
1732 2909 1766 2941 II
1795 2909 1829 2942 Τ
1854 2909 1966 2942 Clodio

1102 2956 1204 2996 Eprio
1231 2955 1392 2989 Marcello
1419 2956 1460 2988 Il.
1490 2965 1554 2990 cos.
1580 2966 1611 2990 a.
1636 2966 1671 2991 u.
1697 2959 1772 2992 827.
1807 2959 1965 2992 Priorem

1103 3003 1324 3038 consulatum
1354 3007 1512 3047 gesserat
1534 3015 1565 3040 a.
1590 3015 1626 3039 u.
1651 3007 1725 3040 823.
1762 3008 1900 3050 Ioseph.
1924 3009 1963 3043 B.

1102 3053 1176 3087 Iud.
1202 3054 1235 3094 7,
1255 3052 1288 3094 t,
1309 3054 1343 3087 2.
1364 3072 1400 3079 -
1425 3055 1562 3098 leyionis
1581 3056 1698 3099 nonae]
1723 3065 1814 3099 quae
1837 3066 1966 3100 cogno—

1103 3103 1306 3137 minabatur
1326 3105 1486 3146 Hispana.
1513 3106 1564 3139 Cf.
1589 3107 1697 3140 Inscr.
1720 3108 1792 3140 Lat.
1812 3116 1847 3140 n.
1865 3107 1962 3141 6049.

1147 3153 1199 3186 33.
1217 3158 1428 3196 cognomento
1440 3155 1570 3197 quidem
1585 3157 1731 3189 coloniae
1745 3165 1812 3189 non
1827 3157 1963 3201 insigne]

1104 3203 1226 3236 Postea
1238 3204 1358 3237 tamen
1370 3205 1524 3246 Augusta
1536 3205 1739 3238 vocabatur.
1758 3206 1965 3241 Ammianus

1103 3253 1209 3287 Marc.
1225 3253 1279 3295 27,
1296 3254 1337 3287 8:
1362 3255 1562 3287 Lundinium
1582 3258 1674 3288 vetus
1687 3255 1853 3296 oppidum,
1878 3257 1965 3298 quod

1101 3301 1284 3344 Auqustam
1309 3305 1490 3345 posteritas
1517 3305 1707 3346 appellavit.
1734 3322 1770 3329 —
1798 3314 1965 3340 cananea-

1102 3351 1205 3394 tuum]
1230 3360 1299 3394 quo
1322 3361 1448 3395 magna
1471 3354 1644 3386 mercium
1668 3355 1768 3396 copia
1794 3355 1964 3398 importa-

1102 3399 1207 3434 batur
1227 3403 1266 3434 ut
1287 3402 1368 3435 inde
1391 3402 1457 3435 alio
1480 3403 1735 3445 exportaretur.
1759 3421 1794 3428 —
1818 3406 1965 3448 satisque

1102 3449 1183 3493 cet.]
1212 3452 1280 3487 Per
1307 3458 1454 3493 zeugma
1484 3459 1528 3485 ex
1555 3450 1793 3495 praecedente
1812 3454 1963 3488 >circum-
