<?xml version="1.0" encoding="UTF-8"?>
<!DOCTYPE html PUBLIC "-//W3C//DTD XHTML 1.0 Transitional//EN"
    "http://www.w3.org/TR/xhtml1/DTD/xhtml1-transitional.dtd">
<html xmlns="http://www.w3.org/1999/xhtml" xml:lang="en" lang="en">
 <head>
  <title>
</title>
<meta http-equiv="Content-Type" content="text/html;charset=utf-8" />
  <meta name='ocr-system' content='tesseract 3.04.00' />
  <meta name='ocr-capabilities' content='ocr_page ocr_carea ocr_par ocr_line ocrx_word'/>
</head>
<body>
  <div class='ocr_page' id='page_1' title='image "./pcorneliitacitio01taciuoft_0464.png"; bbox 0 0 2254 3770; ppageno 0'>
   <div class='ocr_carea' id='block_1_1' title="bbox 298 277 1600 345">
    <p class='ocr_par' dir='ltr' id='par_1_1' title="bbox 298 277 1600 345">
     <span class='ocr_line' id='line_1_1' title="bbox 298 277 1600 345; baseline 0.005 -9"><span class='ocrx_word' id='word_1_1' title='bbox 298 293 381 339; x_wconf 69' lang='lat'>426</span> <span class='ocrx_word' id='word_1_2' title='bbox 773 299 818 342; x_wconf 88' lang='lat' dir='ltr'>P.</span> <span class='ocrx_word' id='word_1_3' title='bbox 851 298 1101 343; x_wconf 70' lang='lat' dir='ltr'>connum</span> <span class='ocrx_word' id='word_1_4' title='bbox 1131 298 1301 344; x_wconf 65' lang='lat' dir='ltr'>mem</span> <span class='ocrx_word' id='word_1_5' title='bbox 1332 277 1600 345; x_wconf 80' lang='lat' dir='ltr'><strong>ANNALIUM</strong></span> 
     </span>
    </p>
   </div>
   <div class='ocr_carea' id='block_1_2' title="bbox 249 399 2097 2181">
    <p class='ocr_par' dir='ltr' id='par_1_2' title="bbox 249 399 2097 2181">
     <span class='ocr_line' id='line_1_2' title="bbox 297 399 2086 464; baseline 0.004 -21"><span class='ocrx_word' id='word_1_6' title='bbox 297 399 430 444; x_wconf 92' lang='lat' dir='ltr'>filium</span> <span class='ocrx_word' id='word_1_7' title='bbox 454 410 678 460; x_wconf 82' lang='lat' dir='ltr'>genuerat,</span> <span class='ocrx_word' id='word_1_8' title='bbox 712 403 825 448; x_wconf 90' lang='lat' dir='ltr'><strong>Otho</strong></span> <span class='ocrx_word' id='word_1_9' title='bbox 851 403 1024 462; x_wconf 83' lang='lat' dir='ltr'>pellexit</span> <span class='ocrx_word' id='word_1_10' title='bbox 1053 405 1225 450; x_wconf 91' lang='lat' dir='ltr'>iuventa</span> <span class='ocrx_word' id='word_1_11' title='bbox 1254 419 1304 450; x_wconf 89' lang='lat' dir='ltr'>ac</span> <span class='ocrx_word' id='word_1_12' title='bbox 1333 405 1453 457; x_wconf 85' lang='lat' dir='ltr'>luxu,</span> <span class='ocrx_word' id='word_1_13' title='bbox 1485 412 1528 450; x_wconf 86' lang='lat' dir='ltr'>et</span> <span class='ocrx_word' id='word_1_14' title='bbox 1549 405 1650 464; x_wconf 89' lang='lat' dir='ltr'>quia</span> <span class='ocrx_word' id='word_1_15' title='bbox 1670 404 2023 464; x_wconf 87' lang='lat' dir='ltr'>flagrantissimus</span> <span class='ocrx_word' id='word_1_16' title='bbox 2042 407 2086 450; x_wconf 93' lang='lat' dir='ltr'>in</span> 
     </span>
     <span class='ocr_line' id='line_1_3' title="bbox 298 476 2089 539; baseline 0.003 -20"><span class='ocrx_word' id='word_1_17' title='bbox 298 476 483 521; x_wconf 85' lang='lat' dir='ltr'>amicitia</span> <span class='ocrx_word' id='word_1_18' title='bbox 519 479 701 523; x_wconf 84' lang='lat' dir='ltr'>Neronis</span> <span class='ocrx_word' id='word_1_19' title='bbox 730 478 981 524; x_wconf 84' lang='lat' dir='ltr'>habebatur.</span> <span class='ocrx_word' id='word_1_20' title='bbox 1017 494 1096 525; x_wconf 91' lang='lat' dir='ltr'>nec</span> <span class='ocrx_word' id='word_1_21' title='bbox 1126 495 1245 524; x_wconf 89' lang='lat' dir='ltr'>mora</span> <span class='ocrx_word' id='word_1_22' title='bbox 1276 481 1378 539; x_wconf 89' lang='lat' dir='ltr'>quin</span> <span class='ocrx_word' id='word_1_23' title='bbox 1409 480 1619 525; x_wconf 88' lang='lat' dir='ltr'>adulterio</span> <span class='ocrx_word' id='word_1_24' title='bbox 1649 482 1964 526; x_wconf 83' lang='lat' dir='ltr'>matrimonium</span> <span class='ocrx_word' id='word_1_25' title='bbox 1993 481 2089 525; x_wconf 88' lang='lat' dir='ltr'>iun-</span> 
     </span>
     <span class='ocr_line' id='line_1_4' title="bbox 298 554 2089 616; baseline 0.004 -21"><span class='ocrx_word' id='word_1_26' title='bbox 298 558 484 609; x_wconf 85' lang='lat' dir='ltr'>geretur.</span> <span class='ocrx_word' id='word_1_27' title='bbox 529 554 610 610; x_wconf 79' lang='lat'>(46)</span> <span class='ocrx_word' id='word_1_28' title='bbox 643 554 756 598; x_wconf 89' lang='lat' dir='ltr'>Otho</span> <span class='ocrx_word' id='word_1_29' title='bbox 796 556 888 599; x_wconf 84' lang='lat' dir='ltr'>sive</span> <span class='ocrx_word' id='word_1_30' title='bbox 917 569 1064 600; x_wconf 88' lang='lat' dir='ltr'>amore</span> <span class='ocrx_word' id='word_1_31' title='bbox 1106 557 1301 601; x_wconf 89' lang='lat' dir='ltr'>incautus</span> <span class='ocrx_word' id='word_1_32' title='bbox 1330 556 1508 601; x_wconf 89' lang='lat' dir='ltr'>laudare</span> <span class='ocrx_word' id='word_1_33' title='bbox 1538 556 1717 601; x_wconf 89' lang='lat' dir='ltr'>sormam</span> <span class='ocrx_word' id='word_1_34' title='bbox 1746 556 2089 616; x_wconf 82' lang='lat' dir='ltr'>elegantiamque</span> 
     </span>
     <span class='ocr_line' id='line_1_5' title="bbox 299 627 2091 692; baseline 0.003 -22"><span class='ocrx_word' id='word_1_35' title='bbox 299 627 444 671; x_wconf 85' lang='lat' dir='ltr'>uxoris</span> <span class='ocrx_word' id='word_1_36' title='bbox 474 628 589 686; x_wconf 92' lang='lat' dir='ltr'>apud</span> <span class='ocrx_word' id='word_1_37' title='bbox 619 629 875 688; x_wconf 87' lang='lat' dir='ltr'>principem,</span> <span class='ocrx_word' id='word_1_38' title='bbox 908 630 998 675; x_wconf 90' lang='lat' dir='ltr'>sive</span> <span class='ocrx_word' id='word_1_39' title='bbox 1029 638 1075 675; x_wconf 91' lang='lat' dir='ltr'>ut</span> <span class='ocrx_word' id='word_1_40' title='bbox 1104 632 1363 677; x_wconf 86' lang='lat' dir='ltr'>accenderet</span> <span class='ocrx_word' id='word_1_41' title='bbox 1391 637 1472 683; x_wconf 74' lang='lat' dir='ltr'>ac,</span> <span class='ocrx_word' id='word_1_42' title='bbox 1495 633 1530 676; x_wconf 93' lang='lat' dir='ltr'>si</span> <span class='ocrx_word' id='word_1_43' title='bbox 1553 632 1707 676; x_wconf 86' lang='lat' dir='ltr'>eadem</span> <span class='ocrx_word' id='word_1_44' title='bbox 1727 632 1882 677; x_wconf 86' lang='lat' dir='ltr'>femina</span> <span class='ocrx_word' id='word_1_45' title='bbox 1901 633 2091 692; x_wconf 88' lang='lat' dir='ltr'>potiren-</span> 
     </span>
     <span class='ocr_line' id='line_1_6' title="bbox 266 703 2092 766; baseline 0.004 -21"><span class='ocrx_word' id='word_1_46' title='bbox 266 709 382 754; x_wconf 73' lang='lat' dir='ltr'>5tur,</span> <span class='ocrx_word' id='word_1_47' title='bbox 426 703 469 747; x_wconf 93' lang='lat' dir='ltr'>id</span> <span class='ocrx_word' id='word_1_48' title='bbox 498 717 675 762; x_wconf 89' lang='lat' dir='ltr'>quoque</span> <span class='ocrx_word' id='word_1_49' title='bbox 705 705 922 750; x_wconf 89' lang='lat' dir='ltr'>vinculum</span> <span class='ocrx_word' id='word_1_50' title='bbox 951 708 1182 764; x_wconf 91' lang='lat' dir='ltr'>potentiam</span> <span class='ocrx_word' id='word_1_51' title='bbox 1212 708 1251 752; x_wconf 89' lang='lat' dir='ltr'>ei</span> <span class='ocrx_word' id='word_1_52' title='bbox 1282 708 1485 752; x_wconf 85' lang='lat' dir='ltr'>adiceret.</span> <span class='ocrx_word' id='word_1_53' title='bbox 1532 721 1665 766; x_wconf 85' lang='lat' dir='ltr'>saepe</span> <span class='ocrx_word' id='word_1_54' title='bbox 1695 708 1864 752; x_wconf 90' lang='lat' dir='ltr'>auditus</span> <span class='ocrx_word' id='word_1_55' title='bbox 1895 715 1960 752; x_wconf 92' lang='lat' dir='ltr'>est</span> <span class='ocrx_word' id='word_1_56' title='bbox 1989 722 2092 753; x_wconf 90' lang='lat' dir='ltr'>con-</span> 
     </span>
     <span class='ocr_line' id='line_1_7' title="bbox 299 780 2091 837; baseline 0.004 -16"><span class='ocrx_word' id='word_1_57' title='bbox 299 792 479 837; x_wconf 86' lang='lat' dir='ltr'>surgens</span> <span class='ocrx_word' id='word_1_58' title='bbox 511 793 536 823; x_wconf 95' lang='lat' dir='ltr'>e</span> <span class='ocrx_word' id='word_1_59' title='bbox 566 780 761 824; x_wconf 89' lang='lat' dir='ltr'>convivio</span> <span class='ocrx_word' id='word_1_60' title='bbox 794 782 1011 835; x_wconf 85' lang='lat' dir='ltr'>Caesaris,</span> <span class='ocrx_word' id='word_1_61' title='bbox 1053 797 1102 827; x_wconf 91' lang='lat' dir='ltr'>se</span> <span class='ocrx_word' id='word_1_62' title='bbox 1140 783 1204 827; x_wconf 88' lang='lat' dir='ltr'>ire</span> <span class='ocrx_word' id='word_1_63' title='bbox 1235 783 1288 827; x_wconf 92' lang='lat' dir='ltr'>ad</span> <span class='ocrx_word' id='word_1_64' title='bbox 1320 783 1455 834; x_wconf 90' lang='lat' dir='ltr'>illam,</span> <span class='ocrx_word' id='word_1_65' title='bbox 1499 782 1580 827; x_wconf 91' lang='lat' dir='ltr'>sibi</span> <span class='ocrx_word' id='word_1_66' title='bbox 1611 797 1863 828; x_wconf 88' lang='lat' dir='ltr'>concessam</span> <span class='ocrx_word' id='word_1_67' title='bbox 1893 783 2091 828; x_wconf 88' lang='lat' dir='ltr'>dictitans</span> 
     </span>
     <span class='ocr_line' id='line_1_8' title="bbox 299 854 2092 918; baseline 0.003 -21"><span class='ocrx_word' id='word_1_68' title='bbox 299 854 580 907; x_wconf 86' lang='lat' dir='ltr'>nobilitatem,</span> <span class='ocrx_word' id='word_1_69' title='bbox 624 855 1000 913; x_wconf 89' lang='lat' dir='ltr'>pulchritudinem,</span> <span class='ocrx_word' id='word_1_70' title='bbox 1033 865 1131 902; x_wconf 88' lang='lat' dir='ltr'>vota</span> <span class='ocrx_word' id='word_1_71' title='bbox 1161 859 1349 902; x_wconf 91' lang='lat' dir='ltr'>omnium</span> <span class='ocrx_word' id='word_1_72' title='bbox 1381 866 1423 902; x_wconf 90' lang='lat' dir='ltr'>et</span> <span class='ocrx_word' id='word_1_73' title='bbox 1452 858 1607 917; x_wconf 92' lang='lat' dir='ltr'>gaudia</span> <span class='ocrx_word' id='word_1_74' title='bbox 1638 858 1834 903; x_wconf 82' lang='lat' dir='ltr'>felicium.</span> <span class='ocrx_word' id='word_1_75' title='bbox 1865 857 1932 902; x_wconf 89' lang='lat' dir='ltr'>his</span> <span class='ocrx_word' id='word_1_76' title='bbox 1962 865 2092 918; x_wconf 87' lang='lat' dir='ltr'>atque</span> 
     </span>
     <span class='ocr_line' id='line_1_9' title="bbox 298 930 2091 992; baseline 0.003 -19"><span class='ocrx_word' id='word_1_77' title='bbox 298 930 454 974; x_wconf 91' lang='lat' dir='ltr'>talibus</span> <span class='ocrx_word' id='word_1_78' title='bbox 493 930 766 975; x_wconf 89' lang='lat' dir='ltr'>irritamentis</span> <span class='ocrx_word' id='word_1_79' title='bbox 805 946 890 976; x_wconf 89' lang='lat' dir='ltr'>non</span> <span class='ocrx_word' id='word_1_80' title='bbox 920 933 1047 991; x_wconf 90' lang='lat' dir='ltr'>longa</span> <span class='ocrx_word' id='word_1_81' title='bbox 1076 934 1288 978; x_wconf 89' lang='lat' dir='ltr'>cunctatio</span> <span class='ocrx_word' id='word_1_82' title='bbox 1318 934 1616 992; x_wconf 85' lang='lat' dir='ltr'>interponitur,</span> <span class='ocrx_word' id='word_1_83' title='bbox 1654 933 1730 978; x_wconf 90' lang='lat' dir='ltr'>sed</span> <span class='ocrx_word' id='word_1_84' title='bbox 1766 941 1946 992; x_wconf 91' lang='lat' dir='ltr'>accepto</span> <span class='ocrx_word' id='word_1_85' title='bbox 1974 933 2091 978; x_wconf 90' lang='lat' dir='ltr'>aditu</span> 
     </span>
     <span class='ocr_line' id='line_1_10' title="bbox 298 1007 2091 1068; baseline 0.002 -19"><span class='ocrx_word' id='word_1_86' title='bbox 298 1007 500 1064; x_wconf 89' lang='lat' dir='ltr'>Poppaea</span> <span class='ocrx_word' id='word_1_87' title='bbox 530 1007 713 1065; x_wconf 90' lang='lat' dir='ltr'>primum</span> <span class='ocrx_word' id='word_1_88' title='bbox 743 1022 821 1066; x_wconf 90' lang='lat' dir='ltr'>per</span> <span class='ocrx_word' id='word_1_89' title='bbox 852 1008 1138 1053; x_wconf 92' lang='lat' dir='ltr'>blandimenta</span> <span class='ocrx_word' id='word_1_90' title='bbox 1169 1017 1211 1054; x_wconf 87' lang='lat' dir='ltr'>et</span> <span class='ocrx_word' id='word_1_91' title='bbox 1240 1017 1353 1053; x_wconf 85' lang='lat' dir='ltr'>artes</span> <span class='ocrx_word' id='word_1_92' title='bbox 1383 1009 1624 1061; x_wconf 88' lang='lat' dir='ltr'>valescere,</span> <span class='ocrx_word' id='word_1_93' title='bbox 1663 1009 1871 1068; x_wconf 84' lang='lat' dir='ltr'>imparem</span> <span class='ocrx_word' id='word_1_94' title='bbox 1901 1009 2091 1068; x_wconf 89' lang='lat' dir='ltr'>cupidini</span> 
     </span>
     <span class='ocr_line' id='line_1_11' title="bbox 249 1082 2091 1143; baseline 0.001 -16"><span class='ocrx_word' id='word_1_95' title='bbox 249 1098 286 1129; x_wconf 65' lang='grc' dir='ltr'>ιο</span> <span class='ocrx_word' id='word_1_96' title='bbox 299 1095 345 1126; x_wconf 88' lang='lat' dir='ltr'>se</span> <span class='ocrx_word' id='word_1_97' title='bbox 377 1088 420 1126; x_wconf 92' lang='lat' dir='ltr'>et</span> <span class='ocrx_word' id='word_1_98' title='bbox 448 1082 583 1126; x_wconf 87' lang='lat' dir='ltr'>forma</span> <span class='ocrx_word' id='word_1_99' title='bbox 612 1083 792 1127; x_wconf 89' lang='lat' dir='ltr'>Neronis</span> <span class='ocrx_word' id='word_1_100' title='bbox 823 1091 989 1143; x_wconf 87' lang='lat' dir='ltr'>captam</span> <span class='ocrx_word' id='word_1_101' title='bbox 1020 1085 1250 1138; x_wconf 75' lang='lat' dir='ltr'>simulans,</span> <span class='ocrx_word' id='word_1_102' title='bbox 1282 1099 1380 1129; x_wconf 88' lang='lat' dir='ltr'>mox</span> <span class='ocrx_word' id='word_1_103' title='bbox 1409 1085 1494 1129; x_wconf 90' lang='lat' dir='ltr'>acri</span> <span class='ocrx_word' id='word_1_104' title='bbox 1528 1086 1611 1128; x_wconf 91' lang='lat' dir='ltr'>iam</span> <span class='ocrx_word' id='word_1_105' title='bbox 1639 1085 1845 1143; x_wconf 87' lang='lat' dir='ltr'>principis</span> <span class='ocrx_word' id='word_1_106' title='bbox 1869 1098 2016 1129; x_wconf 92' lang='lat' dir='ltr'>amore</span> <span class='ocrx_word' id='word_1_107' title='bbox 2036 1085 2091 1129; x_wconf 91' lang='lat' dir='ltr'>ad</span> 
     </span>
     <span class='ocr_line' id='line_1_12' title="bbox 298 1158 2093 1219; baseline 0.002 -18"><span class='ocrx_word' id='word_1_108' title='bbox 298 1158 547 1216; x_wconf 85' lang='lat' dir='ltr'>superbiam</span> <span class='ocrx_word' id='word_1_109' title='bbox 577 1165 764 1211; x_wconf 90' lang='lat' dir='ltr'>vertens,</span> <span class='ocrx_word' id='word_1_110' title='bbox 798 1160 832 1203; x_wconf 88' lang='lat' dir='ltr'>si</span> <span class='ocrx_word' id='word_1_111' title='bbox 865 1160 974 1204; x_wconf 87' lang='lat' dir='ltr'>ultra</span> <span class='ocrx_word' id='word_1_112' title='bbox 998 1175 1128 1205; x_wconf 92' lang='lat' dir='ltr'>unam</span> <span class='ocrx_word' id='word_1_113' title='bbox 1147 1160 1412 1219; x_wconf 89' lang='lat' dir='ltr'>alteramque</span> <span class='ocrx_word' id='word_1_114' title='bbox 1433 1167 1601 1204; x_wconf 91' lang='lat' dir='ltr'>noctem</span> <span class='ocrx_word' id='word_1_115' title='bbox 1622 1160 1885 1212; x_wconf 88' lang='lat' dir='ltr'>attineretur,</span> <span class='ocrx_word' id='word_1_116' title='bbox 1918 1167 2093 1219; x_wconf 86' lang='lat' dir='ltr'>nuptam</span> 
     </span>
     <span class='ocr_line' id='line_1_13' title="bbox 298 1234 2093 1294; baseline 0.002 -17"><span class='ocrx_word' id='word_1_117' title='bbox 298 1248 396 1278; x_wconf 91' lang='lat' dir='ltr'>esse</span> <span class='ocrx_word' id='word_1_118' title='bbox 422 1248 469 1278; x_wconf 89' lang='lat' dir='ltr'>se</span> <span class='ocrx_word' id='word_1_119' title='bbox 491 1234 708 1286; x_wconf 90' lang='lat' dir='ltr'>dictitans,</span> <span class='ocrx_word' id='word_1_120' title='bbox 741 1249 823 1279; x_wconf 89' lang='lat' dir='ltr'>nec</span> <span class='ocrx_word' id='word_1_121' title='bbox 842 1249 973 1293; x_wconf 91' lang='lat' dir='ltr'>posse</span> <span class='ocrx_word' id='word_1_122' title='bbox 993 1237 1311 1280; x_wconf 86' lang='lat' dir='ltr'>matrimonium</span> <span class='ocrx_word' id='word_1_123' title='bbox 1331 1236 1543 1287; x_wconf 89' lang='lat' dir='ltr'>amittere,</span> <span class='ocrx_word' id='word_1_124' title='bbox 1575 1236 1817 1280; x_wconf 89' lang='lat' dir='ltr'>devinctam</span> <span class='ocrx_word' id='word_1_125' title='bbox 1838 1235 1995 1281; x_wconf 90' lang='lat' dir='ltr'>Othoni</span> <span class='ocrx_word' id='word_1_126' title='bbox 2014 1250 2093 1294; x_wconf 89' lang='lat' dir='ltr'>per</span> 
     </span>
     <span class='ocr_line' id='line_1_14' title="bbox 298 1310 2090 1370; baseline 0.001 -16"><span class='ocrx_word' id='word_1_127' title='bbox 298 1324 434 1367; x_wconf 86' lang='lat' dir='ltr'>genus</span> <span class='ocrx_word' id='word_1_128' title='bbox 463 1310 592 1362; x_wconf 91' lang='lat' dir='ltr'>vitae,</span> <span class='ocrx_word' id='word_1_129' title='bbox 634 1310 751 1369; x_wconf 92' lang='lat' dir='ltr'>quod</span> <span class='ocrx_word' id='word_1_130' title='bbox 781 1325 908 1355; x_wconf 91' lang='lat' dir='ltr'>nemo</span> <span class='ocrx_word' id='word_1_131' title='bbox 940 1311 1216 1370; x_wconf 89' lang='lat' dir='ltr'>adaequaret.</span> <span class='ocrx_word' id='word_1_132' title='bbox 1263 1311 1380 1355; x_wconf 86' lang='lat' dir='ltr'>illum</span> <span class='ocrx_word' id='word_1_133' title='bbox 1409 1311 1551 1355; x_wconf 87' lang='lat' dir='ltr'>animo</span> <span class='ocrx_word' id='word_1_134' title='bbox 1583 1317 1626 1355; x_wconf 92' lang='lat' dir='ltr'>et</span> <span class='ocrx_word' id='word_1_135' title='bbox 1654 1310 1770 1355; x_wconf 90' lang='lat' dir='ltr'>cultu</span> <span class='ocrx_word' id='word_1_136' title='bbox 1800 1311 2090 1369; x_wconf 86' lang='lat' dir='ltr'>magnificum;</span> 
     </span>
     <span class='ocr_line' id='line_1_15' title="bbox 298 1385 2094 1444; baseline 0.002 -16"><span class='ocrx_word' id='word_1_137' title='bbox 298 1385 358 1429; x_wconf 90' lang='lat' dir='ltr'>ibi</span> <span class='ocrx_word' id='word_1_138' title='bbox 388 1399 435 1430; x_wconf 91' lang='lat' dir='ltr'>se</span> <span class='ocrx_word' id='word_1_139' title='bbox 466 1400 633 1430; x_wconf 88' lang='lat' dir='ltr'>summa</span> <span class='ocrx_word' id='word_1_140' title='bbox 661 1386 829 1430; x_wconf 87' lang='lat' dir='ltr'>fortuna</span> <span class='ocrx_word' id='word_1_141' title='bbox 859 1386 987 1444; x_wconf 88' lang='lat' dir='ltr'>digna</span> <span class='ocrx_word' id='word_1_142' title='bbox 1018 1388 1171 1432; x_wconf 88' lang='lat' dir='ltr'>visere.</span> <span class='ocrx_word' id='word_1_143' title='bbox 1203 1394 1245 1431; x_wconf 92' lang='lat' dir='ltr'>at</span> <span class='ocrx_word' id='word_1_144' title='bbox 1264 1389 1495 1438; x_wconf 90' lang='lat' dir='ltr'>Neronem,</span> <span class='ocrx_word' id='word_1_145' title='bbox 1528 1386 1666 1444; x_wconf 87' lang='lat' dir='ltr'>pelice</span> <span class='ocrx_word' id='word_1_146' title='bbox 1695 1386 1847 1430; x_wconf 90' lang='lat' dir='ltr'>ancilla</span> <span class='ocrx_word' id='word_1_147' title='bbox 1868 1393 1911 1430; x_wconf 92' lang='lat' dir='ltr'>et</span> <span class='ocrx_word' id='word_1_148' title='bbox 1937 1386 2094 1431; x_wconf 90' lang='lat' dir='ltr'>adsue-</span> 
     </span>
     <span class='ocr_line' id='line_1_16' title="bbox 249 1461 2091 1514; baseline 0.002 -9"><span class='ocrx_word' id='word_1_149' title='bbox 249 1461 445 1506; x_wconf 75' lang='lat' dir='ltr'>⁴5tudine</span> <span class='ocrx_word' id='word_1_150' title='bbox 475 1463 600 1505; x_wconf 87' lang='lat' dir='ltr'>Actes</span> <span class='ocrx_word' id='word_1_151' title='bbox 630 1461 894 1514; x_wconf 90' lang='lat' dir='ltr'>devinctum,</span> <span class='ocrx_word' id='word_1_152' title='bbox 927 1462 1029 1505; x_wconf 91' lang='lat' dir='ltr'>nihil</span> <span class='ocrx_word' id='word_1_153' title='bbox 1059 1477 1084 1506; x_wconf 94' lang='lat' dir='ltr'>e</span> <span class='ocrx_word' id='word_1_154' title='bbox 1115 1463 1397 1507; x_wconf 88' lang='lat' dir='ltr'>contubernio</span> <span class='ocrx_word' id='word_1_155' title='bbox 1426 1463 1569 1507; x_wconf 89' lang='lat' dir='ltr'>servili</span> <span class='ocrx_word' id='word_1_156' title='bbox 1597 1463 1677 1507; x_wconf 89' lang='lat' dir='ltr'>nisi</span> <span class='ocrx_word' id='word_1_157' title='bbox 1703 1463 1917 1508; x_wconf 88' lang='lat' dir='ltr'>abiectum</span> <span class='ocrx_word' id='word_1_158' title='bbox 1937 1470 1980 1508; x_wconf 91' lang='lat' dir='ltr'>et</span> <span class='ocrx_word' id='word_1_159' title='bbox 2001 1478 2091 1508; x_wconf 92' lang='lat' dir='ltr'>sor-</span> 
     </span>
     <span class='ocr_line' id='line_1_17' title="bbox 299 1537 2094 1597; baseline 0.002 -17"><span class='ocrx_word' id='word_1_160' title='bbox 299 1537 446 1581; x_wconf 90' lang='lat' dir='ltr'>didum</span> <span class='ocrx_word' id='word_1_161' title='bbox 479 1537 669 1582; x_wconf 83' lang='lat' dir='ltr'>traxisse.</span> <span class='ocrx_word' id='word_1_162' title='bbox 719 1538 902 1582; x_wconf 87' lang='lat' dir='ltr'>deicitur</span> <span class='ocrx_word' id='word_1_163' title='bbox 940 1539 1218 1583; x_wconf 88' lang='lat' dir='ltr'>familiaritate</span> <span class='ocrx_word' id='word_1_164' title='bbox 1249 1547 1388 1591; x_wconf 90' lang='lat' dir='ltr'>sueta,</span> <span class='ocrx_word' id='word_1_165' title='bbox 1432 1546 1528 1597; x_wconf 90' lang='lat' dir='ltr'>post</span> <span class='ocrx_word' id='word_1_166' title='bbox 1555 1553 1792 1597; x_wconf 86' lang='lat' dir='ltr'>congressu</span> <span class='ocrx_word' id='word_1_167' title='bbox 1822 1546 1865 1583; x_wconf 90' lang='lat' dir='ltr'>et</span> <span class='ocrx_word' id='word_1_168' title='bbox 1893 1539 2094 1584; x_wconf 90' lang='lat' dir='ltr'>comitatu</span> 
     </span>
     <span class='ocr_line' id='line_1_18' title="bbox 299 1613 2096 1673; baseline 0.001 -17"><span class='ocrx_word' id='word_1_169' title='bbox 299 1613 432 1664; x_wconf 91' lang='lat' dir='ltr'>Otho,</span> <span class='ocrx_word' id='word_1_170' title='bbox 465 1620 508 1657; x_wconf 89' lang='lat' dir='ltr'>et</span> <span class='ocrx_word' id='word_1_171' title='bbox 538 1613 592 1657; x_wconf 90' lang='lat' dir='ltr'>ad</span> <span class='ocrx_word' id='word_1_172' title='bbox 621 1620 902 1671; x_wconf 86' lang='lat' dir='ltr'>postremum,</span> <span class='ocrx_word' id='word_1_173' title='bbox 935 1628 989 1658; x_wconf 91' lang='lat' dir='ltr'>ne</span> <span class='ocrx_word' id='word_1_174' title='bbox 1021 1615 1063 1657; x_wconf 92' lang='lat' dir='ltr'>in</span> <span class='ocrx_word' id='word_1_175' title='bbox 1094 1616 1200 1659; x_wconf 87' lang='lat' dir='ltr'>urbe</span> <span class='ocrx_word' id='word_1_176' title='bbox 1231 1614 1470 1659; x_wconf 86' lang='lat' dir='ltr'>aemulatus</span> <span class='ocrx_word' id='word_1_177' title='bbox 1501 1622 1664 1673; x_wconf 88' lang='lat' dir='ltr'>ageret,</span> <span class='ocrx_word' id='word_1_178' title='bbox 1697 1615 1944 1673; x_wconf 89' lang='lat' dir='ltr'>provinciae</span> <span class='ocrx_word' id='word_1_179' title='bbox 1975 1615 2096 1659; x_wconf 89' lang='lat' dir='ltr'>Lusi-</span> 
     </span>
     <span class='ocr_line' id='line_1_19' title="bbox 298 1683 2094 1748; baseline 0.002 -16"><span class='ocrx_word' id='word_1_180' title='bbox 298 1689 438 1733; x_wconf 88' lang='lat' dir='ltr'>taniae</span> <span class='ocrx_word' id='word_1_181' title='bbox 467 1683 735 1747; x_wconf 88' lang='lat' dir='ltr'>praeficitur;</span> <span class='ocrx_word' id='word_1_182' title='bbox 768 1690 841 1734; x_wconf 91' lang='lat' dir='ltr'>ubi</span> <span class='ocrx_word' id='word_1_183' title='bbox 872 1703 1012 1748; x_wconf 89' lang='lat' dir='ltr'>usque</span> <span class='ocrx_word' id='word_1_184' title='bbox 1040 1690 1094 1734; x_wconf 90' lang='lat' dir='ltr'>ad</span> <span class='ocrx_word' id='word_1_185' title='bbox 1121 1689 1260 1734; x_wconf 90' lang='lat' dir='ltr'>civilia</span> <span class='ocrx_word' id='word_1_186' title='bbox 1289 1704 1407 1734; x_wconf 90' lang='lat' dir='ltr'>arma</span> <span class='ocrx_word' id='word_1_187' title='bbox 1437 1704 1522 1734; x_wconf 92' lang='lat' dir='ltr'>non</span> <span class='ocrx_word' id='word_1_188' title='bbox 1552 1704 1606 1734; x_wconf 89' lang='lat' dir='ltr'>ex</span> <span class='ocrx_word' id='word_1_189' title='bbox 1636 1690 1779 1748; x_wconf 89' lang='lat' dir='ltr'>priore</span> <span class='ocrx_word' id='word_1_190' title='bbox 1803 1690 1984 1742; x_wconf 78' lang='lat' dir='ltr'>infamia,</span> <span class='ocrx_word' id='word_1_191' title='bbox 2016 1690 2094 1735; x_wconf 87' lang='lat' dir='ltr'>sed</span> 
     </span>
     <span class='ocr_line' id='line_1_20' title="bbox 299 1764 1831 1824; baseline 0.001 -17"><span class='ocrx_word' id='word_1_192' title='bbox 299 1764 463 1823; x_wconf 84' lang='lat' dir='ltr'>integre</span> <span class='ocrx_word' id='word_1_193' title='bbox 493 1771 729 1823; x_wconf 88' lang='lat' dir='ltr'>sancteque</span> <span class='ocrx_word' id='word_1_194' title='bbox 759 1766 865 1823; x_wconf 89' lang='lat' dir='ltr'>egit,</span> <span class='ocrx_word' id='word_1_195' title='bbox 897 1779 1059 1824; x_wconf 89' lang='lat' dir='ltr'>procax</span> <span class='ocrx_word' id='word_1_196' title='bbox 1089 1766 1161 1809; x_wconf 89' lang='lat' dir='ltr'>otii</span> <span class='ocrx_word' id='word_1_197' title='bbox 1192 1772 1234 1810; x_wconf 89' lang='lat' dir='ltr'>et</span> <span class='ocrx_word' id='word_1_198' title='bbox 1262 1766 1485 1824; x_wconf 87' lang='lat' dir='ltr'>potestatis</span> <span class='ocrx_word' id='word_1_199' title='bbox 1514 1766 1831 1823; x_wconf 88' lang='lat' dir='ltr'>temperantior.</span> 
     </span>
     <span class='ocr_line' id='line_1_21' title="bbox 249 1840 2095 1900; baseline 0 -14"><span class='ocrx_word' id='word_1_200' title='bbox 249 1856 286 1886; x_wconf 60' lang='grc' dir='ltr'>πο</span> <span class='ocrx_word' id='word_1_201' title='bbox 412 1841 494 1898; x_wconf 77' lang='lat'>(47)</span> <span class='ocrx_word' id='word_1_202' title='bbox 527 1841 742 1885; x_wconf 89' lang='lat' dir='ltr'>Hactenus</span> <span class='ocrx_word' id='word_1_203' title='bbox 772 1842 884 1885; x_wconf 91' lang='lat' dir='ltr'>Nero</span> <span class='ocrx_word' id='word_1_204' title='bbox 914 1840 1084 1898; x_wconf 86' lang='lat' dir='ltr'>flagitiis</span> <span class='ocrx_word' id='word_1_205' title='bbox 1105 1848 1148 1885; x_wconf 90' lang='lat' dir='ltr'>et</span> <span class='ocrx_word' id='word_1_206' title='bbox 1171 1841 1408 1885; x_wconf 88' lang='lat' dir='ltr'>sceleribus</span> <span class='ocrx_word' id='word_1_207' title='bbox 1430 1841 1668 1885; x_wconf 88' lang='lat' dir='ltr'>velamenta</span> <span class='ocrx_word' id='word_1_208' title='bbox 1687 1841 1911 1899; x_wconf 91' lang='lat' dir='ltr'>quaesivit.</span> <span class='ocrx_word' id='word_1_209' title='bbox 1941 1855 2095 1900; x_wconf 87' lang='lat' dir='ltr'>suspe-</span> 
     </span>
     <span class='ocr_line' id='line_1_22' title="bbox 299 1915 2095 1974; baseline 0.001 -14"><span class='ocrx_word' id='word_1_210' title='bbox 299 1915 439 1961; x_wconf 90' lang='lat' dir='ltr'>ctabat</span> <span class='ocrx_word' id='word_1_211' title='bbox 481 1917 664 1961; x_wconf 89' lang='lat' dir='ltr'>maxime</span> <span class='ocrx_word' id='word_1_212' title='bbox 705 1916 950 1961; x_wconf 89' lang='lat' dir='ltr'>Cornelium</span> <span class='ocrx_word' id='word_1_213' title='bbox 986 1917 1162 1969; x_wconf 90' lang='lat' dir='ltr'>Sullam,</span> <span class='ocrx_word' id='word_1_214' title='bbox 1210 1930 1359 1961; x_wconf 91' lang='lat' dir='ltr'>socors</span> <span class='ocrx_word' id='word_1_215' title='bbox 1394 1917 1611 1974; x_wconf 87' lang='lat' dir='ltr'>ingenium</span> <span class='ocrx_word' id='word_1_216' title='bbox 1641 1917 1734 1961; x_wconf 90' lang='lat' dir='ltr'>eius</span> <span class='ocrx_word' id='word_1_217' title='bbox 1765 1917 1805 1960; x_wconf 92' lang='lat' dir='ltr'>in</span> <span class='ocrx_word' id='word_1_218' title='bbox 1837 1917 2095 1961; x_wconf 86' lang='lat' dir='ltr'>contrarium</span> 
     </span>
     <span class='ocr_line' id='line_1_23' title="bbox 363 2023 2096 2067; baseline 0.001 -9"><span class='ocrx_word' id='word_1_219' title='bbox 363 2025 396 2058; x_wconf 79' lang='lat'>5.</span> <span class='ocrx_word' id='word_1_220' title='bbox 421 2025 451 2058; x_wconf 83' lang='lat' dir='ltr'>ei</span> <span class='ocrx_word' id='word_1_221' title='bbox 474 2024 620 2058; x_wconf 74' lang='lat' dir='ltr'>adiceret</span> <span class='ocrx_word' id='word_1_222' title='bbox 643 2026 688 2058; x_wconf 89' lang='lat' dir='ltr'>G:</span> <span class='ocrx_word' id='word_1_223' title='bbox 720 2034 762 2058; x_wconf 91' lang='lat' dir='ltr'>ea</span> <span class='ocrx_word' id='word_1_224' title='bbox 784 2025 905 2058; x_wconf 87' lang='lat' dir='ltr'>diceret</span> <span class='ocrx_word' id='word_1_225' title='bbox 927 2026 960 2059; x_wconf 91' lang='lat' dir='ltr'>M</span> <span class='ocrx_word' id='word_1_226' title='bbox 988 2043 1022 2048; x_wconf 91' lang='lat'><strong>—</strong></span> <span class='ocrx_word' id='word_1_227' title='bbox 1049 2025 1080 2057; x_wconf 86' lang='lat'>6.</span> <span class='ocrx_word' id='word_1_228' title='bbox 1107 2033 1140 2057; x_wconf 87' lang='lat' dir='ltr'>se</span> <span class='ocrx_word' id='word_1_229' title='bbox 1163 2026 1208 2057; x_wconf 89' lang='lat' dir='ltr'>G:</span> <span class='ocrx_word' id='word_1_230' title='bbox 1234 2033 1332 2067; x_wconf 84' lang='lat' dir='ltr'>seque</span> <span class='ocrx_word' id='word_1_231' title='bbox 1355 2025 1406 2062; x_wconf 84' lang='lat' dir='ltr'>M;</span> <span class='ocrx_word' id='word_1_232' title='bbox 1432 2033 1499 2057; x_wconf 88' lang='lat' dir='ltr'>sese</span> <span class='ocrx_word' id='word_1_233' title='bbox 1521 2023 1743 2067; x_wconf 81' lang='lat' dir='ltr'>Nipperdey3</span> <span class='ocrx_word' id='word_1_234' title='bbox 1768 2033 1801 2058; x_wconf 89' lang='lat' dir='ltr'>se</span> <span class='ocrx_word' id='word_1_235' title='bbox 1823 2026 1955 2065; x_wconf 83' lang='lat' dir='ltr'>quidem</span> <span class='ocrx_word' id='word_1_236' title='bbox 1977 2025 2096 2067; x_wconf 83' lang='lat' dir='ltr'>Weis-</span> 
     </span>
     <span class='ocr_line' id='line_1_24' title="bbox 299 2081 2095 2123; baseline 0 -8"><span class='ocrx_word' id='word_1_237' title='bbox 299 2081 468 2115; x_wconf 88' lang='lat' dir='ltr'>senborn.</span> <span class='ocrx_word' id='word_1_238' title='bbox 497 2099 533 2104; x_wconf 98' lang='lat'><strong>—</strong></span> <span class='ocrx_word' id='word_1_239' title='bbox 566 2081 627 2113; x_wconf 83' lang='lat' dir='ltr'>sibi</span> <span class='ocrx_word' id='word_1_240' title='bbox 659 2081 812 2123; x_wconf 87' lang='lat' dir='ltr'>Lipsius:</span> <span class='ocrx_word' id='word_1_241' title='bbox 844 2081 901 2113; x_wconf 88' lang='lat' dir='ltr'>ubi</span> <span class='ocrx_word' id='word_1_242' title='bbox 930 2081 962 2115; x_wconf 90' lang='lat' dir='ltr'>M</span> <span class='ocrx_word' id='word_1_243' title='bbox 993 2098 1029 2104; x_wconf 90' lang='lat'>—</span> <span class='ocrx_word' id='word_1_244' title='bbox 1063 2081 1094 2113; x_wconf 85' lang='lat'>9.</span> <span class='ocrx_word' id='word_1_245' title='bbox 1117 2089 1249 2122; x_wconf 83' lang='lat' dir='ltr'>poppea</span> <span class='ocrx_word' id='word_1_246' title='bbox 1271 2081 1305 2114; x_wconf 92' lang='lat' dir='ltr'>M</span> <span class='ocrx_word' id='word_1_247' title='bbox 1332 2097 1366 2104; x_wconf 89' lang='lat'>-</span> <span class='ocrx_word' id='word_1_248' title='bbox 1401 2081 1548 2122; x_wconf 82' lang='lat' dir='ltr'>cupidini</span> <span class='ocrx_word' id='word_1_249' title='bbox 1569 2090 1602 2113; x_wconf 86' lang='lat' dir='ltr'>se</span> <span class='ocrx_word' id='word_1_250' title='bbox 1623 2084 1654 2114; x_wconf 89' lang='lat' dir='ltr'>et</span> <span class='ocrx_word' id='word_1_251' title='bbox 1677 2083 1723 2114; x_wconf 92' lang='lat' dir='ltr'>G:</span> <span class='ocrx_word' id='word_1_252' title='bbox 1756 2081 1922 2122; x_wconf 71' lang='lat' dir='ltr'>cupidinis</span> <span class='ocrx_word' id='word_1_253' title='bbox 1943 2085 1974 2114; x_wconf 87' lang='lat' dir='ltr'>et</span> <span class='ocrx_word' id='word_1_254' title='bbox 1997 2082 2029 2115; x_wconf 78' lang='lat' dir='ltr'>M</span> <span class='ocrx_word' id='word_1_255' title='bbox 2052 2099 2095 2106; x_wconf 94' lang='lat'>—</span> 
     </span>
     <span class='ocr_line' id='line_1_25' title="bbox 300 2137 2097 2181; baseline 0 -9"><span class='ocrx_word' id='word_1_256' title='bbox 300 2139 354 2172; x_wconf 88' lang='grc'>40.</span> <span class='ocrx_word' id='word_1_257' title='bbox 372 2139 523 2171; x_wconf 85' lang='lat' dir='ltr'>similans</span> <span class='ocrx_word' id='word_1_258' title='bbox 545 2139 589 2172; x_wconf 91' lang='lat' dir='ltr'>M.</span> <span class='ocrx_word' id='word_1_259' title='bbox 617 2138 667 2171; x_wconf 83' lang='lat' dir='ltr'>Cf.</span> <span class='ocrx_word' id='word_1_260' title='bbox 686 2147 760 2171; x_wconf 88' lang='lat' dir='ltr'>var.</span> <span class='ocrx_word' id='word_1_261' title='bbox 779 2137 858 2171; x_wconf 90' lang='lat' dir='ltr'>lect.</span> <span class='ocrx_word' id='word_1_262' title='bbox 878 2138 924 2171; x_wconf 92' lang='lat' dir='ltr'>ad</span> <span class='ocrx_word' id='word_1_263' title='bbox 939 2147 973 2181; x_wconf 92' lang='lat' dir='ltr'>p.</span> <span class='ocrx_word' id='word_1_264' title='bbox 990 2138 1065 2179; x_wconf 86' lang='grc'><strong>349,</strong></span> <span class='ocrx_word' id='word_1_265' title='bbox 1080 2138 1133 2171; x_wconf 91' lang='grc'>48.</span> <span class='ocrx_word' id='word_1_266' title='bbox 1154 2157 1191 2162; x_wconf 95' lang='grc'><strong>-</strong></span> <span class='ocrx_word' id='word_1_267' title='bbox 1211 2138 1263 2171; x_wconf 77' lang='grc'>42.</span> <span class='ocrx_word' id='word_1_268' title='bbox 1282 2138 1432 2171; x_wconf 87' lang='lat' dir='ltr'>omittere</span> <span class='ocrx_word' id='word_1_269' title='bbox 1454 2138 1533 2171; x_wconf 90' lang='lat' dir='ltr'>cod.</span> <span class='ocrx_word' id='word_1_270' title='bbox 1551 2137 1733 2179; x_wconf 85' lang='lat' dir='ltr'>Agricolae</span> <span class='ocrx_word' id='word_1_271' title='bbox 1746 2164 1754 2179; x_wconf 91' lang='lat'>,</span> <span class='ocrx_word' id='word_1_272' title='bbox 1778 2139 1818 2171; x_wconf 88' lang='lat' dir='ltr'>ut</span> <span class='ocrx_word' id='word_1_273' title='bbox 1840 2147 1871 2171; x_wconf 91' lang='lat' dir='ltr'>c.</span> <span class='ocrx_word' id='word_1_274' title='bbox 1890 2137 1933 2171; x_wconf 76' lang='lat'>44</span> <span class='ocrx_word' id='word_1_275' title='bbox 1948 2139 2097 2172; x_wconf 75' lang='lat' dir='ltr'>omittere</span> 
     </span>
    </p>
   </div>
   <div class='ocr_carea' id='block_1_3' title="bbox 298 2192 2098 2291">
    <p class='ocr_par' dir='ltr' id='par_1_3' title="bbox 298 2192 2098 2291">
     <span class='ocr_line' id='line_1_26' title="bbox 298 2192 2098 2249; baseline 0 -22"><span class='ocrx_word' id='word_1_276' title='bbox 298 2195 470 2228; x_wconf 87' lang='lat' dir='ltr'>maritum.</span> <span class='ocrx_word' id='word_1_277' title='bbox 492 2213 520 2217; x_wconf 98' lang='lat'><strong>—</strong></span> <span class='ocrx_word' id='word_1_278' title='bbox 555 2194 608 2227; x_wconf 76' lang='grc'>44.</span> <span class='ocrx_word' id='word_1_279' title='bbox 627 2195 733 2235; x_wconf 82' lang='lat' dir='ltr'>pelice</span> <span class='ocrx_word' id='word_1_280' title='bbox 754 2195 879 2227; x_wconf 86' lang='lat' dir='ltr'>ancilla</span> <span class='ocrx_word' id='word_1_281' title='bbox 900 2198 932 2227; x_wconf 83' lang='lat' dir='ltr'>et</span> <span class='ocrx_word' id='word_1_282' title='bbox 954 2195 1169 2228; x_wconf 73' lang='lat' dir='ltr'>adsuetudine</span> <span class='ocrx_word' id='word_1_283' title='bbox 1184 2197 1230 2227; x_wconf 88' lang='lat' dir='ltr'>G:</span> <span class='ocrx_word' id='word_1_284' title='bbox 1254 2192 1356 2236; x_wconf 67' lang='lat' dir='ltr'>pelice</span> <span class='ocrx_word' id='word_1_285' title='bbox 1381 2195 1507 2227; x_wconf 68' lang='lat' dir='ltr'>ancilla</span> <span class='ocrx_word' id='word_1_286' title='bbox 1523 2197 1555 2227; x_wconf 84' lang='lat' dir='ltr'>et</span> <span class='ocrx_word' id='word_1_287' title='bbox 1569 2194 1788 2249; x_wconf 65' lang='lat' dir='ltr'>adsuetudine</span> <span class='ocrx_word' id='word_1_288' title='bbox 1805 2195 1856 2234; x_wconf 82' lang='lat' dir='ltr'>M;</span> <span class='ocrx_word' id='word_1_289' title='bbox 1877 2203 1942 2235; x_wconf 79' lang='lat' dir='ltr'>per</span> <span class='ocrx_word' id='word_1_290' title='bbox 1959 2194 2098 2236; x_wconf 82' lang='lat' dir='ltr'>pelicem</span> 
     </span>
     <span class='ocr_line' id='line_1_27' title="bbox 300 2251 2091 2291; baseline 0.001 -7"><span class='ocrx_word' id='word_1_291' title='bbox 300 2252 458 2285; x_wconf 84' lang='lat' dir='ltr'>ancillam</span> <span class='ocrx_word' id='word_1_292' title='bbox 480 2256 512 2286; x_wconf 82' lang='lat' dir='ltr'>et</span> <span class='ocrx_word' id='word_1_293' title='bbox 533 2252 782 2284; x_wconf 81' lang='lat' dir='ltr'>adsuetudinem</span> <span class='ocrx_word' id='word_1_294' title='bbox 797 2251 1066 2285; x_wconf 89' lang='lat' dir='ltr'>Weissenborn.</span> <span class='ocrx_word' id='word_1_295' title='bbox 1087 2270 1122 2275; x_wconf 89' lang='lat'>—</span> <span class='ocrx_word' id='word_1_296' title='bbox 1144 2253 1196 2285; x_wconf 84' lang='grc'>45.</span> <span class='ocrx_word' id='word_1_297' title='bbox 1214 2252 1315 2285; x_wconf 82' lang='lat' dir='ltr'>nichil</span> <span class='ocrx_word' id='word_1_298' title='bbox 1336 2252 1369 2285; x_wconf 92' lang='lat' dir='ltr'>M</span> <span class='ocrx_word' id='word_1_299' title='bbox 1395 2269 1431 2274; x_wconf 97' lang='lat'><strong>—</strong></span> <span class='ocrx_word' id='word_1_300' title='bbox 1451 2252 1503 2284; x_wconf 88' lang='grc'>47.</span> <span class='ocrx_word' id='word_1_301' title='bbox 1521 2251 1686 2284; x_wconf 85' lang='lat' dir='ltr'>emulatus</span> <span class='ocrx_word' id='word_1_302' title='bbox 1701 2252 1753 2291; x_wconf 81' lang='lat' dir='ltr'>M3</span> <span class='ocrx_word' id='word_1_303' title='bbox 1778 2251 1928 2284; x_wconf 84' lang='lat' dir='ltr'>aemulus</span> <span class='ocrx_word' id='word_1_304' title='bbox 1943 2251 2091 2287; x_wconf 81' lang='lat' dir='ltr'>Grotius.</span> 
     </span>
    </p>
   </div>
   <div class='ocr_carea' id='block_1_4' title="bbox 299 2345 2097 2490">
    <p class='ocr_par' dir='ltr' id='par_1_4' title="bbox 299 2345 2097 2490">
     <span class='ocr_line' id='line_1_28' title="bbox 299 2345 2097 2393; baseline 0 -15"><span class='ocrx_word' id='word_1_305' title='bbox 299 2347 404 2389; x_wconf 73' lang='lat' dir='ltr'>filium</span> <span class='ocrx_word' id='word_1_306' title='bbox 418 2346 592 2389; x_wconf 70' lang='lat' dir='ltr'>qenuerat]</span> <span class='ocrx_word' id='word_1_307' title='bbox 610 2346 661 2380; x_wconf 84' lang='lat' dir='ltr'>Cf.</span> <span class='ocrx_word' id='word_1_308' title='bbox 681 2346 952 2380; x_wconf 89' lang='lat' dir='ltr'>Pseudoseneca</span> <span class='ocrx_word' id='word_1_309' title='bbox 969 2347 1004 2379; x_wconf 91' lang='lat' dir='ltr'>in</span> <span class='ocrx_word' id='word_1_310' title='bbox 1019 2347 1171 2387; x_wconf 90' lang='lat' dir='ltr'>Octavia,</span> <span class='ocrx_word' id='word_1_311' title='bbox 1225 2348 1414 2380; x_wconf 87' lang='lat' dir='ltr'>Gruterum</span> <span class='ocrx_word' id='word_1_312' title='bbox 1432 2354 1466 2388; x_wconf 89' lang='lat' dir='ltr'>p.</span> <span class='ocrx_word' id='word_1_313' title='bbox 1486 2345 1561 2383; x_wconf 82' lang='lat'>637,</span> <span class='ocrx_word' id='word_1_314' title='bbox 1580 2346 1620 2378; x_wconf 85' lang='lat'>5:</span> <span class='ocrx_word' id='word_1_315' title='bbox 1647 2345 1734 2385; x_wconf 84' lang='lat' dir='ltr'>quod</span> <span class='ocrx_word' id='word_1_316' title='bbox 1756 2353 1868 2377; x_wconf 87' lang='lat' dir='ltr'>omnes</span> <span class='ocrx_word' id='word_1_317' title='bbox 1879 2348 2016 2393; x_wconf 62' lang='lat' dir='ltr'>rogant,</span> <span class='ocrx_word' id='word_1_318' title='bbox 2040 2345 2097 2378; x_wconf 80' lang='lat' dir='ltr'>sed</span> 
     </span>
     <span class='ocr_line' id='line_1_29' title="bbox 302 2394 2096 2440; baseline -0.001 -11"><span class='ocrx_word' id='word_1_319' title='bbox 302 2397 362 2430; x_wconf 91' lang='lat' dir='ltr'>ubi</span> <span class='ocrx_word' id='word_1_320' title='bbox 385 2400 548 2440; x_wconf 88' lang='lat' dir='ltr'>Poppaea</span> <span class='ocrx_word' id='word_1_321' title='bbox 572 2396 749 2429; x_wconf 90' lang='lat' dir='ltr'>inducitur</span> <span class='ocrx_word' id='word_1_322' title='bbox 763 2407 797 2430; x_wconf 89' lang='lat' dir='ltr'>v.</span> <span class='ocrx_word' id='word_1_323' title='bbox 817 2398 898 2430; x_wconf 73' lang='lat'><strong>728:</strong></span> <span class='ocrx_word' id='word_1_324' title='bbox 925 2398 1106 2430; x_wconf 82' lang='lat' dir='ltr'>venientem</span> <span class='ocrx_word' id='word_1_325' title='bbox 1125 2398 1175 2429; x_wconf 87' lang='lat' dir='ltr'>in·</span> <span class='ocrx_word' id='word_1_326' title='bbox 1222 2397 1331 2439; x_wconf 80' lang='lat' dir='ltr'>felices</span> <span class='ocrx_word' id='word_1_327' title='bbox 1353 2398 1542 2437; x_wconf 85' lang='lat' dir='ltr'>impetrant.</span> <span class='ocrx_word' id='word_1_328' title='bbox 1564 2413 1600 2418; x_wconf 92' lang='lat'><strong>—</strong></span> <span class='ocrx_word' id='word_1_329' title='bbox 1618 2394 1673 2437; x_wconf 86' lang='lat' dir='ltr'>ibi]</span> <span class='ocrx_word' id='word_1_330' title='bbox 1698 2395 1732 2428; x_wconf 91' lang='lat' dir='ltr'>in</span> <span class='ocrx_word' id='word_1_331' title='bbox 1749 2395 1898 2435; x_wconf 90' lang='lat' dir='ltr'>Othone,</span> <span class='ocrx_word' id='word_1_332' title='bbox 1916 2404 1955 2428; x_wconf 92' lang='lat' dir='ltr'>se</span> <span class='ocrx_word' id='word_1_333' title='bbox 1972 2395 2096 2438; x_wconf 81' lang='lat' dir='ltr'>dignos</span> 
     </span>
     <span class='ocr_line' id='line_1_30' title="bbox 300 2445 2096 2490; baseline 0 -10"><span class='ocrx_word' id='word_1_334' title='bbox 300 2451 376 2480; x_wconf 84' lang='lat' dir='ltr'>tuor</span> <span class='ocrx_word' id='word_1_335' title='bbox 389 2448 572 2481; x_wconf 84' lang='lat' dir='ltr'>Comitante</span> <span class='ocrx_word' id='word_1_336' title='bbox 588 2447 687 2479; x_wconf 86' lang='lat' dir='ltr'>turba</span> <span class='ocrx_word' id='word_1_337' title='bbox 699 2447 871 2489; x_wconf 67' lang='lat' dir='ltr'>coniugem</span> <span class='ocrx_word' id='word_1_338' title='bbox 886 2448 1053 2488; x_wconf 79' lang='lat' dir='ltr'>quondam</span> <span class='ocrx_word' id='word_1_339' title='bbox 1064 2456 1175 2479; x_wconf 87' lang='lat' dir='ltr'>meum</span> <span class='ocrx_word' id='word_1_340' title='bbox 1225 2449 1383 2490; x_wconf 86' lang='lat' dir='ltr'>principe</span> <span class='ocrx_word' id='word_1_341' title='bbox 1413 2455 1532 2479; x_wconf 91' lang='lat' dir='ltr'>mores</span> <span class='ocrx_word' id='word_1_342' title='bbox 1562 2454 1775 2487; x_wconf 88' lang='lat' dir='ltr'>agnoscere,</span> <span class='ocrx_word' id='word_1_343' title='bbox 1809 2447 1848 2478; x_wconf 92' lang='lat' dir='ltr'>ut</span> <span class='ocrx_word' id='word_1_344' title='bbox 1877 2446 1962 2479; x_wconf 85' lang='lat' dir='ltr'>Hist.</span> <span class='ocrx_word' id='word_1_345' title='bbox 1988 2446 2028 2485; x_wconf 75' lang='lat'>2,</span> <span class='ocrx_word' id='word_1_346' title='bbox 2053 2445 2096 2480; x_wconf 74' lang='lat'>24</span> 
     </span>
    </p>
   </div>
   <div class='ocr_carea' id='block_1_5' title="bbox 299 2498 1178 3490">
    <p class='ocr_par' dir='ltr' id='par_1_5' title="bbox 299 2498 1178 3281">
     <span class='ocr_line' id='line_1_31' title="bbox 302 2498 1175 2538; baseline -0.001 -8"><span class='ocrx_word' id='word_1_347' title='bbox 302 2498 523 2538; x_wconf 82' lang='lat' dir='ltr'>Gnatumque.</span> <span class='ocrx_word' id='word_1_348' title='bbox 555 2498 717 2538; x_wconf 83' lang='lat' dir='ltr'>Properat</span> <span class='ocrx_word' id='word_1_349' title='bbox 743 2500 854 2538; x_wconf 84' lang='lat' dir='ltr'>petere</span> <span class='ocrx_word' id='word_1_350' title='bbox 875 2498 1066 2538; x_wconf 78' lang='lat' dir='ltr'>complexus</span> <span class='ocrx_word' id='word_1_351' title='bbox 1087 2506 1175 2529; x_wconf 88' lang='lat' dir='ltr'>meos</span> 
     </span>
     <span class='ocr_line' id='line_1_32' title="bbox 302 2547 1175 2588; baseline -0.001 -8"><span class='ocrx_word' id='word_1_352' title='bbox 302 2548 488 2588; x_wconf 75' lang='lat' dir='ltr'>Crispinus,</span> <span class='ocrx_word' id='word_1_353' title='bbox 513 2548 701 2580; x_wconf 83' lang='lat' dir='ltr'>intermissa</span> <span class='ocrx_word' id='word_1_354' title='bbox 717 2547 822 2580; x_wconf 84' lang='lat' dir='ltr'>libare</span> <span class='ocrx_word' id='word_1_355' title='bbox 837 2548 961 2580; x_wconf 87' lang='lat' dir='ltr'>oscula.</span> <span class='ocrx_word' id='word_1_356' title='bbox 987 2547 1175 2580; x_wconf 87' lang='lat' dir='ltr'>Suetonius</span> 
     </span>
     <span class='ocr_line' id='line_1_33' title="bbox 302 2597 1174 2639; baseline -0.001 -8"><span class='ocrx_word' id='word_1_357' title='bbox 302 2599 384 2631; x_wconf 86' lang='lat' dir='ltr'>Ner.</span> <span class='ocrx_word' id='word_1_358' title='bbox 404 2597 464 2630; x_wconf 85' lang='lat'>35:</span> <span class='ocrx_word' id='word_1_359' title='bbox 490 2599 685 2639; x_wconf 71' lang='lat' dir='ltr'>Priviqnum</span> <span class='ocrx_word' id='word_1_360' title='bbox 702 2598 857 2639; x_wconf 80' lang='lat' dir='ltr'>Rufrium</span> <span class='ocrx_word' id='word_1_361' title='bbox 873 2597 1072 2638; x_wconf 73' lang='lat' dir='ltr'>Crispinum,</span> <span class='ocrx_word' id='word_1_362' title='bbox 1090 2598 1174 2638; x_wconf 83' lang='lat' dir='ltr'>Pop-</span> 
     </span>
     <span class='ocr_line' id='line_1_34' title="bbox 299 2648 1175 2690; baseline -0.001 -9"><span class='ocrx_word' id='word_1_363' title='bbox 299 2658 389 2690; x_wconf 86' lang='lat' dir='ltr'>paea</span> <span class='ocrx_word' id='word_1_364' title='bbox 410 2652 545 2689; x_wconf 84' lang='lat' dir='ltr'>natum,</span> <span class='ocrx_word' id='word_1_365' title='bbox 569 2648 772 2689; x_wconf 84' lang='lat' dir='ltr'>impuberem</span> <span class='ocrx_word' id='word_1_366' title='bbox 795 2649 915 2688; x_wconf 78' lang='lat' dir='ltr'>adhuc,</span> <span class='ocrx_word' id='word_1_367' title='bbox 941 2649 1022 2689; x_wconf 82' lang='lat' dir='ltr'>quia</span> <span class='ocrx_word' id='word_1_368' title='bbox 1043 2648 1175 2690; x_wconf 86' lang='lat' dir='ltr'>fereba-</span> 
     </span>
     <span class='ocr_line' id='line_1_35' title="bbox 302 2699 1175 2741; baseline 0 -10"><span class='ocrx_word' id='word_1_369' title='bbox 302 2703 358 2731; x_wconf 90' lang='lat' dir='ltr'>tur</span> <span class='ocrx_word' id='word_1_370' title='bbox 388 2699 529 2731; x_wconf 82' lang='lat' dir='ltr'>ducatus</span> <span class='ocrx_word' id='word_1_371' title='bbox 561 2702 593 2731; x_wconf 85' lang='lat' dir='ltr'>et</span> <span class='ocrx_word' id='word_1_372' title='bbox 623 2699 766 2739; x_wconf 83' lang='lat' dir='ltr'>imperia</span> <span class='ocrx_word' id='word_1_373' title='bbox 798 2700 925 2739; x_wconf 82' lang='lat' dir='ltr'>ludere,</span> <span class='ocrx_word' id='word_1_374' title='bbox 961 2699 1175 2741; x_wconf 75' lang='lat' dir='ltr'>meryendum</span> 
     </span>
     <span class='ocr_line' id='line_1_36' title="bbox 302 2748 1175 2790; baseline -0.001 -8"><span class='ocrx_word' id='word_1_375' title='bbox 302 2749 411 2788; x_wconf 84' lang='lat' dir='ltr'>mari,</span> <span class='ocrx_word' id='word_1_376' title='bbox 437 2749 516 2781; x_wconf 87' lang='lat' dir='ltr'>dum</span> <span class='ocrx_word' id='word_1_377' title='bbox 533 2748 735 2789; x_wconf 80' lang='lat' dir='ltr'>piscaretur,</span> <span class='ocrx_word' id='word_1_378' title='bbox 753 2750 858 2781; x_wconf 85' lang='lat' dir='ltr'>servis</span> <span class='ocrx_word' id='word_1_379' title='bbox 871 2749 975 2790; x_wconf 87' lang='lat' dir='ltr'>ipsius</span> <span class='ocrx_word' id='word_1_380' title='bbox 991 2749 1175 2782; x_wconf 81' lang='lat' dir='ltr'>demanda-</span> 
     </span>
     <span class='ocr_line' id='line_1_37' title="bbox 301 2794 1175 2841; baseline -0.001 -9"><span class='ocrx_word' id='word_1_381' title='bbox 301 2800 350 2832; x_wconf 84' lang='lat' dir='ltr'>vit</span> <span class='ocrx_word' id='word_1_382' title='bbox 373 2799 500 2840; x_wconf 87' lang='lat' dir='ltr'>(Nero).</span> <span class='ocrx_word' id='word_1_383' title='bbox 530 2816 565 2822; x_wconf 87' lang='lat'>—-</span> <span class='ocrx_word' id='word_1_384' title='bbox 592 2798 685 2840; x_wconf 82' lang='lat' dir='ltr'>Otho]</span> <span class='ocrx_word' id='word_1_385' title='bbox 713 2798 762 2831; x_wconf 79' lang='lat' dir='ltr'>Cf.</span> <span class='ocrx_word' id='word_1_386' title='bbox 790 2794 894 2831; x_wconf 60' lang='grc' dir='ltr'><strong>οζ42.</strong></span> <span class='ocrx_word' id='word_1_387' title='bbox 916 2816 952 2822; x_wconf 87' lang='lat'>—-</span> <span class='ocrx_word' id='word_1_388' title='bbox 977 2800 1175 2841; x_wconf 62' lang='lat' dir='ltr'>flagrantis-</span> 
     </span>
     <span class='ocr_line' id='line_1_38' title="bbox 302 2848 1176 2890; baseline -0.002 -8"><span class='ocrx_word' id='word_1_389' title='bbox 302 2850 404 2882; x_wconf 85' lang='lat' dir='ltr'>simus</span> <span class='ocrx_word' id='word_1_390' title='bbox 425 2849 460 2880; x_wconf 85' lang='lat' dir='ltr'>in</span> <span class='ocrx_word' id='word_1_391' title='bbox 490 2848 641 2880; x_wconf 80' lang='lat' dir='ltr'>amicitia</span> <span class='ocrx_word' id='word_1_392' title='bbox 667 2848 826 2890; x_wconf 79' lang='lat' dir='ltr'>Neronis]</span> <span class='ocrx_word' id='word_1_393' title='bbox 857 2849 974 2881; x_wconf 88' lang='lat' dir='ltr'>minus</span> <span class='ocrx_word' id='word_1_394' title='bbox 997 2848 1098 2882; x_wconf 89' lang='lat' dir='ltr'>solite</span> <span class='ocrx_word' id='word_1_395' title='bbox 1122 2848 1176 2881; x_wconf 88' lang='lat' dir='ltr'>di·-</span> 
     </span>
     <span class='ocr_line' id='line_1_39' title="bbox 304 2898 1175 2940; baseline 0 -8"><span class='ocrx_word' id='word_1_396' title='bbox 304 2902 419 2932; x_wconf 85' lang='lat' dir='ltr'>ctum:</span> <span class='ocrx_word' id='word_1_397' title='bbox 446 2898 506 2940; x_wconf 91' lang='lat' dir='ltr'>qui</span> <span class='ocrx_word' id='word_1_398' title='bbox 529 2906 669 2930; x_wconf 90' lang='lat' dir='ltr'>summo</span> <span class='ocrx_word' id='word_1_399' title='bbox 694 2900 729 2930; x_wconf 88' lang='lat' dir='ltr'>et</span> <span class='ocrx_word' id='word_1_400' title='bbox 745 2899 844 2940; x_wconf 87' lang='lat' dir='ltr'>quasi</span> <span class='ocrx_word' id='word_1_401' title='bbox 861 2899 1010 2932; x_wconf 89' lang='lat' dir='ltr'>ardente</span> <span class='ocrx_word' id='word_1_402' title='bbox 1027 2900 1175 2932; x_wconf 86' lang='lat' dir='ltr'>Neronis</span> 
     </span>
     <span class='ocr_line' id='line_1_40' title="bbox 303 2947 1178 2992; baseline 0 -11"><span class='ocrx_word' id='word_1_403' title='bbox 303 2949 424 2982; x_wconf 79' lang='lat' dir='ltr'>favore</span> <span class='ocrx_word' id='word_1_404' title='bbox 458 2947 660 2987; x_wconf 81' lang='lat' dir='ltr'>fruebatur,</span> <span class='ocrx_word' id='word_1_405' title='bbox 691 2948 966 2989; x_wconf 75' lang='lat' dir='ltr'>leidenschastlich</span> <span class='ocrx_word' id='word_1_406' title='bbox 994 2949 1178 2992; x_wconf 69' lang='lat' dir='ltr'>beyunstiyt</span> 
     </span>
     <span class='ocr_line' id='line_1_41' title="bbox 305 2997 1176 3041; baseline -0.001 -10"><span class='ocrx_word' id='word_1_407' title='bbox 305 2999 349 3040; x_wconf 89' lang='lat' dir='ltr'>(le</span> <span class='ocrx_word' id='word_1_408' title='bbox 381 2999 494 3041; x_wconf 79' lang='lat' dir='ltr'>favori</span> <span class='ocrx_word' id='word_1_409' title='bbox 527 2999 556 3030; x_wconf 88' lang='lat' dir='ltr'>le</span> <span class='ocrx_word' id='word_1_410' title='bbox 583 2998 662 3039; x_wconf 81' lang='lat' dir='ltr'>plus</span> <span class='ocrx_word' id='word_1_411' title='bbox 695 2998 771 3030; x_wconf 79' lang='lat' dir='ltr'>cher</span> <span class='ocrx_word' id='word_1_412' title='bbox 794 2997 1004 3038; x_wconf 83' lang='lat' dir='ltr'>Louandre).</span> <span class='ocrx_word' id='word_1_413' title='bbox 1034 3017 1069 3022; x_wconf 92' lang='lat'>·-</span> <span class='ocrx_word' id='word_1_414' title='bbox 1096 3000 1176 3039; x_wconf 83' lang='lat' dir='ltr'>quin</span> 
     </span>
     <span class='ocr_line' id='line_1_42' title="bbox 304 3048 1176 3091; baseline -0.001 -9"><span class='ocrx_word' id='word_1_415' title='bbox 304 3050 468 3082; x_wconf 85' lang='lat' dir='ltr'>adulterio</span> <span class='ocrx_word' id='word_1_416' title='bbox 479 3048 733 3081; x_wconf 80' lang='lat' dir='ltr'>matrimonium</span> <span class='ocrx_word' id='word_1_417' title='bbox 744 3048 947 3091; x_wconf 77' lang='lat' dir='ltr'>iunyeretur]</span> <span class='ocrx_word' id='word_1_418' title='bbox 961 3048 1066 3082; x_wconf 89' lang='lat' dir='ltr'>Paulo</span> <span class='ocrx_word' id='word_1_419' title='bbox 1077 3048 1176 3082; x_wconf 89' lang='lat' dir='ltr'>aliter</span> 
     </span>
     <span class='ocr_line' id='line_1_43' title="bbox 305 3097 1175 3140; baseline -0.001 -8"><span class='ocrx_word' id='word_1_420' title='bbox 305 3100 392 3132; x_wconf 78' lang='lat' dir='ltr'>nist.</span> <span class='ocrx_word' id='word_1_421' title='bbox 420 3101 450 3139; x_wconf 87' lang='grc'>4,</span> <span class='ocrx_word' id='word_1_422' title='bbox 478 3098 530 3131; x_wconf 88' lang='grc'>43.</span> <span class='ocrx_word' id='word_1_423' title='bbox 564 3097 704 3131; x_wconf 89' lang='lat' dir='ltr'>Scilicet</span> <span class='ocrx_word' id='word_1_424' title='bbox 727 3098 866 3130; x_wconf 89' lang='lat' dir='ltr'>Tacitus</span> <span class='ocrx_word' id='word_1_425' title='bbox 890 3100 987 3140; x_wconf 90' lang='lat' dir='ltr'>prius</span> <span class='ocrx_word' id='word_1_426' title='bbox 1011 3099 1175 3132; x_wconf 86' lang='lat' dir='ltr'>historias</span> 
     </span>
     <span class='ocr_line' id='line_1_44' title="bbox 304 3146 1173 3191; baseline 0.001 -10"><span class='ocrx_word' id='word_1_427' title='bbox 304 3149 513 3191; x_wconf 85' lang='lat' dir='ltr'>scripserat,</span> <span class='ocrx_word' id='word_1_428' title='bbox 539 3148 687 3181; x_wconf 88' lang='lat' dir='ltr'>rectiora</span> <span class='ocrx_word' id='word_1_429' title='bbox 706 3146 786 3179; x_wconf 88' lang='lat' dir='ltr'>dein</span> <span class='ocrx_word' id='word_1_430' title='bbox 805 3147 902 3180; x_wconf 86' lang='lat' dir='ltr'>dedit</span> <span class='ocrx_word' id='word_1_431' title='bbox 918 3149 951 3180; x_wconf 92' lang='lat' dir='ltr'>in</span> <span class='ocrx_word' id='word_1_432' title='bbox 968 3147 1173 3182; x_wconf 77' lang='lat' dir='ltr'>Annalibus.</span> 
     </span>
     <span class='ocr_line' id='line_1_45' title="bbox 306 3195 1177 3240; baseline 0 -9"><span class='ocrx_word' id='word_1_433' title='bbox 306 3199 356 3232; x_wconf 80' lang='lat' dir='ltr'>Cf.</span> <span class='ocrx_word' id='word_1_434' title='bbox 383 3200 419 3231; x_wconf 84' lang='lat' dir='ltr'>et</span> <span class='ocrx_word' id='word_1_435' title='bbox 446 3197 670 3231; x_wconf 87' lang='lat' dir='ltr'>Plutarchum</span> <span class='ocrx_word' id='word_1_436' title='bbox 703 3197 737 3229; x_wconf 92' lang='lat' dir='ltr'>in</span> <span class='ocrx_word' id='word_1_437' title='bbox 770 3195 878 3229; x_wconf 85' lang='lat' dir='ltr'>Galba</span> <span class='ocrx_word' id='word_1_438' title='bbox 901 3198 943 3230; x_wconf 76' lang='lat'>25</span> <span class='ocrx_word' id='word_1_439' title='bbox 970 3207 1005 3240; x_wconf 92' lang='lat' dir='ltr'>p.</span> <span class='ocrx_word' id='word_1_440' title='bbox 1032 3199 1111 3231; x_wconf 91' lang='grc'><strong>4064</strong></span> <span class='ocrx_word' id='word_1_441' title='bbox 1141 3200 1177 3231; x_wconf 81' lang='lat' dir='ltr'>et</span> 
     </span>
     <span class='ocr_line' id='line_1_46' title="bbox 306 3247 791 3281; baseline -0.004 -1"><span class='ocrx_word' id='word_1_442' title='bbox 306 3249 448 3281; x_wconf 88' lang='lat' dir='ltr'>Sueton.</span> <span class='ocrx_word' id='word_1_443' title='bbox 474 3248 551 3281; x_wconf 87' lang='lat' dir='ltr'>Oth.</span> <span class='ocrx_word' id='word_1_444' title='bbox 579 3247 610 3280; x_wconf 88' lang='lat'>3.</span> <span class='ocrx_word' id='word_1_445' title='bbox 637 3247 791 3280; x_wconf 65' lang='lat' dir='ltr'>Onnum.</span> 
     </span>
    </p>

    <p class='ocr_par' dir='ltr' id='par_1_6' title="bbox 306 3297 1177 3490">
     <span class='ocr_line' id='line_1_47' title="bbox 349 3297 1174 3340; baseline -0.001 -9"><span class='ocrx_word' id='word_1_446' title='bbox 349 3299 403 3331; x_wconf 73' lang='lat'>46.</span> <span class='ocrx_word' id='word_1_447' title='bbox 429 3299 564 3331; x_wconf 81' lang='lat' dir='ltr'>auditus</span> <span class='ocrx_word' id='word_1_448' title='bbox 578 3301 626 3331; x_wconf 83' lang='lat' dir='ltr'>est</span> <span class='ocrx_word' id='word_1_449' title='bbox 639 3305 840 3338; x_wconf 67' lang='lat' dir='ltr'>consurgens</span> <span class='ocrx_word' id='word_1_450' title='bbox 855 3313 873 3319; x_wconf 92' lang='lat'>-</span> <span class='ocrx_word' id='word_1_451' title='bbox 885 3313 903 3319; x_wconf 89' lang='lat'><em>-</em></span> <span class='ocrx_word' id='word_1_452' title='bbox 919 3297 1084 3340; x_wconf 83' lang='lat' dir='ltr'>dictitans]</span> <span class='ocrx_word' id='word_1_453' title='bbox 1100 3299 1122 3330; x_wconf 93' lang='lat' dir='ltr'>i.</span> <span class='ocrx_word' id='word_1_454' title='bbox 1142 3307 1174 3330; x_wconf 83' lang='lat' dir='ltr'>e.</span> 
     </span>
     <span class='ocr_line' id='line_1_48' title="bbox 307 3348 1176 3387; baseline 0.001 -8"><span class='ocrx_word' id='word_1_455' title='bbox 307 3348 447 3380; x_wconf 90' lang='lat' dir='ltr'>auditus</span> <span class='ocrx_word' id='word_1_456' title='bbox 472 3349 527 3381; x_wconf 87' lang='lat' dir='ltr'>est</span> <span class='ocrx_word' id='word_1_457' title='bbox 542 3348 716 3387; x_wconf 87' lang='lat' dir='ltr'>dictitans,</span> <span class='ocrx_word' id='word_1_458' title='bbox 742 3355 826 3379; x_wconf 90' lang='lat' dir='ltr'>cum</span> <span class='ocrx_word' id='word_1_459' title='bbox 845 3349 1018 3387; x_wconf 83' lang='lat' dir='ltr'>surgeret.</span> <span class='ocrx_word' id='word_1_460' title='bbox 1039 3365 1075 3370; x_wconf 91' lang='lat'>—</span> <span class='ocrx_word' id='word_1_461' title='bbox 1096 3357 1176 3380; x_wconf 87' lang='lat' dir='ltr'>con-</span> 
     </span>
     <span class='ocr_line' id='line_1_49' title="bbox 306 3397 1177 3440; baseline 0 -11"><span class='ocrx_word' id='word_1_462' title='bbox 306 3398 440 3440; x_wconf 83' lang='lat' dir='ltr'>cessam]</span> <span class='ocrx_word' id='word_1_463' title='bbox 466 3407 486 3430; x_wconf 91' lang='lat' dir='ltr'>a</span> <span class='ocrx_word' id='word_1_464' title='bbox 510 3398 584 3436; x_wconf 83' lang='lat' dir='ltr'>dis,</span> <span class='ocrx_word' id='word_1_465' title='bbox 609 3407 629 3430; x_wconf 84' lang='lat' dir='ltr'>a</span> <span class='ocrx_word' id='word_1_466' title='bbox 654 3397 801 3439; x_wconf 88' lang='lat' dir='ltr'>propitia</span> <span class='ocrx_word' id='word_1_467' title='bbox 825 3397 932 3429; x_wconf 86' lang='lat' dir='ltr'>sorte.</span> <span class='ocrx_word' id='word_1_468' title='bbox 954 3413 987 3418; x_wconf 97' lang='lat'>—</span> <span class='ocrx_word' id='word_1_469' title='bbox 1007 3400 1088 3428; x_wconf 89' lang='lat' dir='ltr'>vota</span> <span class='ocrx_word' id='word_1_470' title='bbox 1104 3407 1177 3429; x_wconf 88' lang='lat' dir='ltr'>om-</span> 
     </span>
     <span class='ocr_line' id='line_1_50' title="bbox 307 3445 1176 3490; baseline -0.001 -10"><span class='ocrx_word' id='word_1_471' title='bbox 307 3449 400 3480; x_wconf 84' lang='lat' dir='ltr'>nium</span> <span class='ocrx_word' id='word_1_472' title='bbox 432 3451 463 3480; x_wconf 87' lang='lat' dir='ltr'>et</span> <span class='ocrx_word' id='word_1_473' title='bbox 491 3449 621 3490; x_wconf 75' lang='lat' dir='ltr'>qaudia</span> <span class='ocrx_word' id='word_1_474' title='bbox 646 3446 802 3490; x_wconf 75' lang='lat' dir='ltr'>felicium]</span> <span class='ocrx_word' id='word_1_475' title='bbox 838 3446 889 3479; x_wconf 82' lang='lat' dir='ltr'>Cf.</span> <span class='ocrx_word' id='word_1_476' title='bbox 915 3445 1053 3479; x_wconf 89' lang='lat' dir='ltr'>titulum</span> <span class='ocrx_word' id='word_1_477' title='bbox 1082 3447 1176 3489; x_wconf 86' lang='lat' dir='ltr'>apud</span> 
     </span>
    </p>
   </div>
   <div class='ocr_carea' id='block_1_6' title="bbox 1223 2496 2099 3331">
    <p class='ocr_par' dir='ltr' id='par_1_7' title="bbox 1223 2496 2099 3331">
     <span class='ocr_line' id='line_1_51' title="bbox 1224 2496 2097 2538; baseline -0.002 -8"><span class='ocrx_word' id='word_1_478' title='bbox 1224 2499 1313 2530; x_wconf 82' lang='lat' dir='ltr'>illuc.</span> <span class='ocrx_word' id='word_1_479' title='bbox 1348 2498 1420 2530; x_wconf 74' lang='lat' dir='ltr'>Liv,</span> <span class='ocrx_word' id='word_1_480' title='bbox 1456 2498 1486 2534; x_wconf 84' lang='grc'>4,</span> <span class='ocrx_word' id='word_1_481' title='bbox 1512 2496 1572 2529; x_wconf 75' lang='lat'>24:</span> <span class='ocrx_word' id='word_1_482' title='bbox 1610 2496 1655 2528; x_wconf 86' lang='lat' dir='ltr'>ibi</span> <span class='ocrx_word' id='word_1_483' title='bbox 1682 2497 1860 2537; x_wconf 84' lang='lat' dir='ltr'>imperium</span> <span class='ocrx_word' id='word_1_484' title='bbox 1886 2497 1976 2538; x_wconf 81' lang='lat' dir='ltr'>fore,</span> <span class='ocrx_word' id='word_1_485' title='bbox 2010 2496 2097 2529; x_wconf 81' lang='lat' dir='ltr'>unde</span> 
     </span>
     <span class='ocr_line' id='line_1_52' title="bbox 1223 2546 2097 2589; baseline -0.002 -9"><span class='ocrx_word' id='word_1_486' title='bbox 1223 2548 1366 2581; x_wconf 86' lang='lat' dir='ltr'>victoria</span> <span class='ocrx_word' id='word_1_487' title='bbox 1387 2547 1500 2589; x_wconf 81' lang='lat' dir='ltr'>fuerit.</span> <span class='ocrx_word' id='word_1_488' title='bbox 1531 2547 1639 2579; x_wconf 75' lang='lat' dir='ltr'>Doan.</span> <span class='ocrx_word' id='word_1_489' title='bbox 1669 2564 1704 2568; x_wconf 98' lang='lat'><strong>—</strong></span> <span class='ocrx_word' id='word_1_490' title='bbox 1729 2546 1838 2588; x_wconf 81' lang='lat' dir='ltr'>Actes]</span> <span class='ocrx_word' id='word_1_491' title='bbox 1863 2546 1962 2579; x_wconf 78' lang='lat' dir='ltr'>Cons.</span> <span class='ocrx_word' id='word_1_492' title='bbox 1987 2554 2097 2588; x_wconf 84' lang='lat' dir='ltr'>supra</span> 
     </span>
     <span class='ocr_line' id='line_1_53' title="bbox 1226 2596 2096 2638; baseline -0.001 -8"><span class='ocrx_word' id='word_1_493' title='bbox 1226 2607 1256 2631; x_wconf 92' lang='lat' dir='ltr'>c.</span> <span class='ocrx_word' id='word_1_494' title='bbox 1284 2599 1335 2630; x_wconf 73' lang='lat'>42.</span> <span class='ocrx_word' id='word_1_495' title='bbox 1365 2615 1400 2621; x_wconf 94' lang='lat'>—-</span> <span class='ocrx_word' id='word_1_496' title='bbox 1434 2596 1662 2638; x_wconf 82' lang='lat' dir='ltr'>contubernio]</span> <span class='ocrx_word' id='word_1_497' title='bbox 1698 2596 1854 2638; x_wconf 87' lang='lat' dir='ltr'>Proprie.</span> <span class='ocrx_word' id='word_1_498' title='bbox 1890 2597 1967 2629; x_wconf 89' lang='lat' dir='ltr'>Non</span> <span class='ocrx_word' id='word_1_499' title='bbox 2002 2596 2096 2629; x_wconf 85' lang='lat' dir='ltr'>enim</span> 
     </span>
     <span class='ocr_line' id='line_1_54' title="bbox 1226 2645 2095 2690; baseline -0.002 -10"><span class='ocrx_word' id='word_1_500' title='bbox 1226 2648 1368 2690; x_wconf 88' lang='lat' dir='ltr'>nuptiae</span> <span class='ocrx_word' id='word_1_501' title='bbox 1385 2655 1467 2679; x_wconf 92' lang='lat' dir='ltr'>cum</span> <span class='ocrx_word' id='word_1_502' title='bbox 1481 2647 1605 2685; x_wconf 82' lang='lat' dir='ltr'>servis,</span> <span class='ocrx_word' id='word_1_503' title='bbox 1627 2645 1690 2678; x_wconf 91' lang='lat' dir='ltr'>sed</span> <span class='ocrx_word' id='word_1_504' title='bbox 1704 2645 1990 2678; x_wconf 86' lang='lat' dir='ltr'>contubernium.</span> <span class='ocrx_word' id='word_1_505' title='bbox 2008 2646 2095 2679; x_wconf 73' lang='lat' dir='ltr'>Lirs.</span> 
     </span>
     <span class='ocr_line' id='line_1_55' title="bbox 1226 2697 2095 2738; baseline -0.005 -6"><span class='ocrx_word' id='word_1_506' title='bbox 1226 2700 1314 2732; x_wconf 88' lang='lat' dir='ltr'>Hinc</span> <span class='ocrx_word' id='word_1_507' title='bbox 1350 2699 1456 2731; x_wconf 88' lang='lat' dir='ltr'>etiam</span> <span class='ocrx_word' id='word_1_508' title='bbox 1487 2698 1626 2738; x_wconf 84' lang='lat' dir='ltr'>pelicem</span> <span class='ocrx_word' id='word_1_509' title='bbox 1654 2697 1812 2729; x_wconf 82' lang='lat' dir='ltr'>ancillam</span> <span class='ocrx_word' id='word_1_510' title='bbox 1835 2704 1956 2730; x_wconf 87' lang='lat' dir='ltr'>amare</span> <span class='ocrx_word' id='word_1_511' title='bbox 1981 2698 2095 2736; x_wconf 83' lang='lat' dir='ltr'>vocat,</span> 
     </span>
     <span class='ocr_line' id='line_1_56' title="bbox 1226 2747 2097 2791; baseline -0.001 -11"><span class='ocrx_word' id='word_1_512' title='bbox 1226 2757 1318 2791; x_wconf 88' lang='lat' dir='ltr'>quae</span> <span class='ocrx_word' id='word_1_513' title='bbox 1342 2747 1496 2789; x_wconf 85' lang='lat' dir='ltr'>legitima</span> <span class='ocrx_word' id='word_1_514' title='bbox 1519 2756 1608 2779; x_wconf 86' lang='lat' dir='ltr'>uxor</span> <span class='ocrx_word' id='word_1_515' title='bbox 1628 2755 1708 2780; x_wconf 90' lang='lat' dir='ltr'>esse</span> <span class='ocrx_word' id='word_1_516' title='bbox 1724 2755 1795 2779; x_wconf 91' lang='lat' dir='ltr'>non</span> <span class='ocrx_word' id='word_1_517' title='bbox 1811 2748 1949 2789; x_wconf 87' lang='lat' dir='ltr'>posset,</span> <span class='ocrx_word' id='word_1_518' title='bbox 1976 2747 2041 2780; x_wconf 85' lang='lat' dir='ltr'>etsi</span> <span class='ocrx_word' id='word_1_519' title='bbox 2057 2755 2097 2779; x_wconf 90' lang='lat' dir='ltr'>re</span> 
     </span>
     <span class='ocr_line' id='line_1_57' title="bbox 1225 2795 2099 2839; baseline -0.002 -9"><span class='ocrx_word' id='word_1_520' title='bbox 1225 2807 1308 2830; x_wconf 87' lang='lat' dir='ltr'>vera</span> <span class='ocrx_word' id='word_1_521' title='bbox 1334 2797 1457 2830; x_wconf 88' lang='lat' dir='ltr'>liberta</span> <span class='ocrx_word' id='word_1_522' title='bbox 1474 2798 1561 2829; x_wconf 87' lang='lat' dir='ltr'>erat.</span> <span class='ocrx_word' id='word_1_523' title='bbox 1584 2814 1616 2819; x_wconf 80' lang='grc'><strong>-</strong></span> <span class='ocrx_word' id='word_1_524' title='bbox 1636 2796 1835 2838; x_wconf 81' lang='lat' dir='ltr'>aemulatus]</span> <span class='ocrx_word' id='word_1_525' title='bbox 1861 2795 1991 2829; x_wconf 86' lang='lat' dir='ltr'>aemuli</span> <span class='ocrx_word' id='word_1_526' title='bbox 2013 2805 2099 2839; x_wconf 86' lang='lat' dir='ltr'>par-</span> 
     </span>
     <span class='ocr_line' id='line_1_58' title="bbox 1227 2845 2097 2889; baseline -0.002 -8"><span class='ocrx_word' id='word_1_527' title='bbox 1227 2850 1280 2881; x_wconf 85' lang='lat' dir='ltr'>tes</span> <span class='ocrx_word' id='word_1_528' title='bbox 1311 2849 1416 2889; x_wconf 89' lang='lat' dir='ltr'>atque</span> <span class='ocrx_word' id='word_1_529' title='bbox 1442 2855 1652 2889; x_wconf 89' lang='lat' dir='ltr'>personam,</span> <span class='ocrx_word' id='word_1_530' title='bbox 1688 2846 1994 2879; x_wconf 76' lang='lat' dir='ltr'>Nebenbuhlereien.</span> <span class='ocrx_word' id='word_1_531' title='bbox 2033 2845 2097 2879; x_wconf 79' lang='lat' dir='ltr'>Alii</span> 
     </span>
     <span class='ocr_line' id='line_1_59' title="bbox 1227 2896 2099 2939; baseline -0.002 -9"><span class='ocrx_word' id='word_1_532' title='bbox 1227 2898 1343 2930; x_wconf 89' lang='lat' dir='ltr'>minus</span> <span class='ocrx_word' id='word_1_533' title='bbox 1372 2898 1470 2929; x_wconf 89' lang='lat' dir='ltr'>recte</span> <span class='ocrx_word' id='word_1_534' title='bbox 1504 2906 1567 2939; x_wconf 91' lang='lat' dir='ltr'>pro</span> <span class='ocrx_word' id='word_1_535' title='bbox 1597 2897 1782 2939; x_wconf 88' lang='lat' dir='ltr'>participio</span> <span class='ocrx_word' id='word_1_536' title='bbox 1808 2896 1961 2935; x_wconf 90' lang='lat' dir='ltr'>habent,</span> <span class='ocrx_word' id='word_1_537' title='bbox 1993 2897 2033 2929; x_wconf 83' lang='lat' dir='ltr'>ut</span> <span class='ocrx_word' id='word_1_538' title='bbox 2053 2897 2099 2930; x_wconf 75' lang='lat' dir='ltr'>sit</span> 
     </span>
     <span class='ocr_line' id='line_1_60' title="bbox 1226 2947 2098 2989; baseline -0.001 -9"><span class='ocrx_word' id='word_1_539' title='bbox 1226 2948 1322 2980; x_wconf 91' lang='lat' dir='ltr'>idem</span> <span class='ocrx_word' id='word_1_540' title='bbox 1345 2947 1442 2989; x_wconf 91' lang='lat' dir='ltr'>quod</span> <span class='ocrx_word' id='word_1_541' title='bbox 1466 2947 1523 2987; x_wconf 86' lang='lat' dir='ltr'>qui</span> <span class='ocrx_word' id='word_1_542' title='bbox 1545 2947 1785 2979; x_wconf 84' lang='lat' dir='ltr'>aemularetur.</span> <span class='ocrx_word' id='word_1_543' title='bbox 1804 2964 1840 2970; x_wconf 92' lang='lat'><em>-</em></span> <span class='ocrx_word' id='word_1_544' title='bbox 1866 2947 1994 2988; x_wconf 64' lang='lat' dir='ltr'>integre</span> <span class='ocrx_word' id='word_1_545' title='bbox 2009 2955 2098 2979; x_wconf 74' lang='lat' dir='ltr'>san-</span> 
     </span>
     <span class='ocr_line' id='line_1_61' title="bbox 1225 2997 2097 3040; baseline -0.002 -9"><span class='ocrx_word' id='word_1_546' title='bbox 1225 2997 1347 3040; x_wconf 84' lang='lat' dir='ltr'>cteque]</span> <span class='ocrx_word' id='word_1_547' title='bbox 1374 2997 1425 3030; x_wconf 79' lang='lat' dir='ltr'>Cf.</span> <span class='ocrx_word' id='word_1_548' title='bbox 1453 2997 1538 3030; x_wconf 90' lang='lat' dir='ltr'>Hist.</span> <span class='ocrx_word' id='word_1_549' title='bbox 1564 2998 1595 3036; x_wconf 93' lang='grc'>4,</span> <span class='ocrx_word' id='word_1_550' title='bbox 1616 2997 1668 3029; x_wconf 85' lang='grc'>43.</span> <span class='ocrx_word' id='word_1_551' title='bbox 1695 2997 1837 3030; x_wconf 89' lang='lat' dir='ltr'>Sueton.</span> <span class='ocrx_word' id='word_1_552' title='bbox 1855 2997 1934 3030; x_wconf 90' lang='lat' dir='ltr'>Oth.</span> <span class='ocrx_word' id='word_1_553' title='bbox 1953 2997 1991 3029; x_wconf 87' lang='lat'>3:</span> <span class='ocrx_word' id='word_1_554' title='bbox 2011 3005 2097 3038; x_wconf 81' lang='lat' dir='ltr'>pro-</span> 
     </span>
     <span class='ocr_line' id='line_1_62' title="bbox 1224 3047 2099 3088; baseline 0 -8"><span class='ocrx_word' id='word_1_555' title='bbox 1224 3049 1370 3080; x_wconf 84' lang='lat' dir='ltr'>vinciam</span> <span class='ocrx_word' id='word_1_556' title='bbox 1385 3047 1634 3080; x_wconf 85' lang='lat' dir='ltr'>administravit</span> <span class='ocrx_word' id='word_1_557' title='bbox 1649 3047 1859 3088; x_wconf 83' lang='lat' dir='ltr'>quaestorius</span> <span class='ocrx_word' id='word_1_558' title='bbox 1871 3047 2099 3080; x_wconf 80' lang='lat' dir='ltr'>moderatione</span> 
     </span>
     <span class='ocr_line' id='line_1_63' title="bbox 1226 3096 2095 3139; baseline -0.002 -8"><span class='ocrx_word' id='word_1_559' title='bbox 1226 3102 1328 3139; x_wconf 85' lang='lat' dir='ltr'>atque</span> <span class='ocrx_word' id='word_1_560' title='bbox 1357 3097 1557 3130; x_wconf 81' lang='lat' dir='ltr'>abstinentia</span> <span class='ocrx_word' id='word_1_561' title='bbox 1591 3098 1767 3138; x_wconf 67' lang='lat' dir='ltr'>singulari.</span> <span class='ocrx_word' id='word_1_562' title='bbox 1796 3114 1832 3120; x_wconf 96' lang='lat'><strong>—</strong></span> <span class='ocrx_word' id='word_1_563' title='bbox 1863 3106 1997 3138; x_wconf 78' lang='lat' dir='ltr'>procax</span> <span class='ocrx_word' id='word_1_564' title='bbox 2019 3096 2095 3138; x_wconf 71' lang='lat' dir='ltr'>obii]</span> 
     </span>
     <span class='ocr_line' id='line_1_64' title="bbox 1226 3145 2093 3187; baseline -0.002 -7"><span class='ocrx_word' id='word_1_565' title='bbox 1226 3147 1412 3180; x_wconf 89' lang='lat' dir='ltr'>lasciviens</span> <span class='ocrx_word' id='word_1_566' title='bbox 1451 3155 1492 3179; x_wconf 87' lang='lat' dir='ltr'>ac</span> <span class='ocrx_word' id='word_1_567' title='bbox 1529 3146 1719 3180; x_wconf 90' lang='lat' dir='ltr'>dissolutus</span> <span class='ocrx_word' id='word_1_568' title='bbox 1763 3146 1798 3179; x_wconf 91' lang='lat' dir='ltr'>in</span> <span class='ocrx_word' id='word_1_569' title='bbox 1836 3147 1907 3179; x_wconf 89' lang='lat' dir='ltr'>otio</span> <span class='ocrx_word' id='word_1_570' title='bbox 1944 3145 2093 3187; x_wconf 82' lang='lat' dir='ltr'>agendo,</span> 
     </span>
     <span class='ocr_line' id='line_1_65' title="bbox 1227 3196 2095 3239; baseline -0.002 -9"><span class='ocrx_word' id='word_1_571' title='bbox 1227 3197 1398 3239; x_wconf 90' lang='lat' dir='ltr'>quamdiu</span> <span class='ocrx_word' id='word_1_572' title='bbox 1427 3197 1583 3238; x_wconf 88' lang='lat' dir='ltr'>privatus</span> <span class='ocrx_word' id='word_1_573' title='bbox 1614 3196 1768 3238; x_wconf 85' lang='lat' dir='ltr'>degebat</span> <span class='ocrx_word' id='word_1_574' title='bbox 1790 3197 1940 3235; x_wconf 86' lang='lat' dir='ltr'>Romae,</span> <span class='ocrx_word' id='word_1_575' title='bbox 1970 3196 2095 3237; x_wconf 81' lang='lat' dir='ltr'>postea</span> 
     </span>
     <span class='ocr_line' id='line_1_66' title="bbox 1227 3245 2094 3289; baseline -0.002 -9"><span class='ocrx_word' id='word_1_576' title='bbox 1227 3249 1260 3280; x_wconf 90' lang='lat' dir='ltr'>in</span> <span class='ocrx_word' id='word_1_577' title='bbox 1286 3245 1537 3289; x_wconf 89' lang='lat' dir='ltr'>proconsulatu</span> <span class='ocrx_word' id='word_1_578' title='bbox 1557 3245 1613 3279; x_wconf 91' lang='lat' dir='ltr'>illo</span> <span class='ocrx_word' id='word_1_579' title='bbox 1630 3246 1826 3279; x_wconf 86' lang='lat' dir='ltr'>Lusitaniae</span> <span class='ocrx_word' id='word_1_580' title='bbox 1843 3247 1879 3278; x_wconf 85' lang='lat' dir='ltr'>et</span> <span class='ocrx_word' id='word_1_581' title='bbox 1894 3246 1927 3278; x_wconf 88' lang='lat' dir='ltr'>in</span> <span class='ocrx_word' id='word_1_582' title='bbox 1945 3245 2094 3287; x_wconf 86' lang='lat' dir='ltr'>imperio</span> 
     </span>
     <span class='ocr_line' id='line_1_67' title="bbox 1225 3296 1778 3331; baseline -0.005 0"><span class='ocrx_word' id='word_1_583' title='bbox 1225 3298 1395 3331; x_wconf 73' lang='lat' dir='ltr'>trimestri</span> <span class='ocrx_word' id='word_1_584' title='bbox 1419 3296 1528 3329; x_wconf 84' lang='lat' dir='ltr'>multo</span> <span class='ocrx_word' id='word_1_585' title='bbox 1551 3296 1778 3329; x_wconf 89' lang='lat' dir='ltr'>moderatior.</span> 
     </span>
    </p>
   </div>
   <div class='ocr_carea' id='block_1_7' title="bbox 1228 3394 2094 3488">
    <p class='ocr_par' dir='ltr' id='par_1_8' title="bbox 1228 3394 2094 3488">
     <span class='ocr_line' id='line_1_68' title="bbox 1270 3394 2090 3437; baseline -0.001 -7"><span class='ocrx_word' id='word_1_586' title='bbox 1270 3396 1322 3430; x_wconf 75' lang='lat'>47.</span> <span class='ocrx_word' id='word_1_587' title='bbox 1349 3397 1537 3430; x_wconf 82' lang='lat' dir='ltr'>Cornelium</span> <span class='ocrx_word' id='word_1_588' title='bbox 1559 3394 1698 3437; x_wconf 81' lang='lat' dir='ltr'>Sullam]</span> <span class='ocrx_word' id='word_1_589' title='bbox 1722 3394 1808 3427; x_wconf 87' lang='lat' dir='ltr'>Vide</span> <span class='ocrx_word' id='word_1_590' title='bbox 1833 3394 1878 3427; x_wconf 90' lang='lat' dir='ltr'>ad</span> <span class='ocrx_word' id='word_1_591' title='bbox 1901 3395 1955 3434; x_wconf 77' lang='grc'>42,</span> <span class='ocrx_word' id='word_1_592' title='bbox 1972 3396 2027 3429; x_wconf 75' lang='lat'>52.</span> <span class='ocrx_word' id='word_1_593' title='bbox 2054 3412 2090 3420; x_wconf 95' lang='lat'>—</span> 
     </span>
     <span class='ocr_line' id='line_1_69' title="bbox 1228 3445 2094 3488; baseline 0 -9"><span class='ocrx_word' id='word_1_594' title='bbox 1228 3447 1353 3480; x_wconf 80' lang='lat' dir='ltr'>Tiberio</span> <span class='ocrx_word' id='word_1_595' title='bbox 1382 3446 1536 3488; x_wconf 77' lang='lat' dir='ltr'>abusque]</span> <span class='ocrx_word' id='word_1_596' title='bbox 1567 3445 1695 3479; x_wconf 85' lang='lat' dir='ltr'>eadem</span> <span class='ocrx_word' id='word_1_597' title='bbox 1718 3445 1999 3486; x_wconf 84' lang='lat' dir='ltr'>constructione,</span> <span class='ocrx_word' id='word_1_598' title='bbox 2023 3454 2094 3488; x_wconf 83' lang='lat' dir='ltr'>qua</span> 
     </span>
    </p>
   </div>
  </div>
 </body>
</html>
