2254 3770
761 243 916 289 LIBER
934 244 975 292 ,Ῑ-
1020 243 1121 301 Cap.
1150 242 1219 286 79.
1249 243 1316 287 80.
1346 242 1414 286 81.
1558 248 1581 266 ¹
1930 242 1985 285 69

204 352 526 399 candidatorum
554 350 798 396 nominibus
826 350 1035 408 originem
1064 349 1274 407 cuiusque
1304 356 1347 393 et
1364 349 1493 393 vitam
1522 354 1566 393 et
1592 347 1803 407 stipendia
1823 348 1986 392 descri-

204 429 308 487 psit,
350 434 397 470 ut
435 428 508 486 qui
547 427 686 471 forent
721 425 1056 483 intellegeretur:
1102 424 1331 483 aliquando
1368 439 1420 469 ea
1457 438 1632 483 quoque
1676 423 1985 481 significatione

204 502 417 547 subtracta
445 501 694 547 candidatos
722 501 934 551 hortatus,
967 514 1022 544 ne
1051 499 1212 543 ambitu
1242 500 1412 544 comitia
1438 500 1672 551 turbarent,
1707 512 1828 542 suam
1856 497 1911 542 ad
1941 497 1986 541 id

204 591 350 622 curam
377 576 588 635 pollicitus
618 583 695 622 est.
737 576 992 635 plerumque
1022 588 1099 620 eos
1127 582 1288 620 tantum
1317 581 1419 634 aput
1447 589 1495 620 se
1524 574 1741 634 professos
1770 572 1983 624 disseruit,

203 667 387 712 quorum
414 653 587 697 nomina
617 652 865 697 consulibus
894 652 1120 697 edidisset:
1151 665 1281 709 posse
1311 657 1355 696 et
1382 650 1488 695 alios
1516 650 1727 709 profiteri,
1759 650 1795 693 si
1826 649 2017 707 gratiaes

202 734 276 772 aut
303 728 465 773 meritis
495 728 773 773 confiderent.
815 728 1012 786 speciosa
1040 727 1209 778 verbis,
1241 741 1288 771 re
1318 727 1460 771 inania
1480 732 1552 771 aut
1571 725 1774 777 subdola,
1806 731 1986 784 quanto-

203 818 290 863 que
325 804 488 848 maiore
526 802 733 848 libertatis
770 803 955 861 imagine
995 803 1269 861 tegebantur,
1312 808 1426 846 tanto
1464 808 1667 860 eruptura
1696 802 1751 846 ad
1780 801 1985 846 infensius

203 880 435 924 servitium.

248 1006 280 1039 6.
303 1006 446 1048 spetiosa
468 1007 501 1040 M
527 1025 563 1032 —-
588 1006 619 1039 8.
644 1006 829 1040 servitium.
852 1006 970 1039 FINIT
987 1007 1015 1040 P
1034 1005 1219 1040 CORNELI
1237 1005 1307 1038 LIB
1331 1005 1370 1038 .1.
1410 1003 1426 1044 ΙΙ
1449 1003 1605 1037 INCIPIT
1622 1002 1748 1037 LIBER
1773 1004 1827 1036 .11.

205 1126 323 1159 Wou.
352 1142 389 1148 —
420 1134 462 1158 ea
484 1134 516 1167 q.
539 1126 784 1168 siqniflcaeiono
805 1124 989 1166 subtracta]
1020 1124 1073 1158 An
1124 1124 1241 1159 «Unde
1270 1125 1376 1166 igitur
1403 1123 1643 1157 coniecturam
1666 1122 1711 1156 de
1738 1122 1907 1165 principis
1928 1131 1989 1155 vo-

203 1176 308 1217 igitur
337 1175 498 1217 privatim
529 1175 717 1218 aliquando
751 1175 955 1209 candidatos
988 1183 1074 1208 suos
1122 1174 1403 1208 luntate.raeere
1434 1175 1597 1216 poterant
1625 1175 1763 1216 patres,
1799 1181 1881 1205 cum
1905 1171 1989 1205 nihil

205 1225 457 1258 commendare
482 1227 566 1259 satis
596 1225 738 1267 habuit,
773 1226 809 1258 in
838 1227 965 1258 senatu
987 1234 1073 1259 vero
1121 1233 1268 1268 prorsus
1280 1223 1501 1266 significabat
1512 1224 1665 1257 Caesar?
1688 1225 1755 1256 Per
1769 1223 1865 1265 ipsos
1881 1222 1989 1255 credo

203 1276 365 1318 ignarum
390 1277 483 1321 egit,
503 1275 730 1309 simulacrum
747 1275 924 1318 praebens
939 1274 1073 1309 liberae
1123 1275 1350 1315 candidatos,
1388 1275 1448 1316 qui
1485 1283 1557 1307 non
1595 1273 1663 1307 sihi
1700 1273 1867 1307 deessent
1903 1273 1989 1314 quin

205 1324 411 1359 electionis?
447 1326 560 1359 Nimia
593 1324 713 1359 hercle
742 1325 911 1360 brevitas.
951 1326 1070 1360 wou.
1122 1334 1245 1359 curam
1278 1325 1346 1359 sibi
1381 1325 1542 1358 Caesaris
1574 1324 1788 1367 promissam
1817 1324 1990 1356 iactarent

204 1375 423 1411 probabilior
443 1377 584 1411 videtur
604 1376 841 1411 Doederleinii
867 1375 1069 1420 explicatio:
1119 1375 1238 1420 palam
1261 1384 1304 1410 ac
1326 1374 1579 1417 divulgarent.»
1646 1389 1651 1394 ·
