2254 3770
758 295 914 346 tmssn
939 294 1042 346 xiv.
1087 301 1189 360 Cap.
1218 301 1259 348 7.
1288 302 1328 346 s.
1357 303 1398 347 9.
1873 293 1957 343 με

172 407 383 458 obiectus,
426 407 467 450 hi
497 406 713 465 proximas
742 407 924 465 scaphas
954 406 1185 460 scandet-e,
1225 407 1315 459 alii,
1355 411 1561 466 quantum
1590 416 1747 465 corpus
1777 405 1954 454 sinebat,

170 480 330 526 'vadere
368 482 408 524 in
445 494 588 534 mare;
630 482 804 541 quidam
832 495 984 526 manus
1013 482 1293 540 protendere;
1334 483 1576 542 questibus,
1606 482 1737 533 votis,
1769 481 1955 525 clamore

170 556 342 600 diversa
372 556 643 613 rogitantium
672 562 744 600 aut
772 557 935 601 incerta
964 556 1313 615 respondentium
1343 559 1481 602 omnis
1511 572 1587 603 ora
1616 556 1844 615 compleri;
1880 555 1956 599 ad·-

168 630 304 675 fluere
334 632 485 689 ingens
514 631 737 675 multitudo
767 645 866 676 cum
894 631 1143 683 luminibus,
1181 638 1309 690 atque
1340 633 1413 676 ubi
1444 633 1698 678 incolumem
1728 645 1827 676 esse
1857 644 1956 689 per—

166 706 321 757 notuit,
353 711 400 749 ut
422 705 474 749 ad
496 706 746 763 gratandum
768 721 867 750 sese
891 706 1115 765 expedire,
1138 707 1277 752 donec
1296 715 1475 766 aspectu
1495 709 1643 752 armati
1665 714 1707 752 et
1723 706 1987 750 minitantise

167 781 346 838 agminis
368 780 533 824 disiecti
564 787 672 825 sunt.
703 782 903 826 Anicetus
924 782 1064 825 villam
1085 783 1265 826 statione
1286 783 1521 827 circumdat
1540 783 1807 840 refractaque
1826 783 1955 825 ianua

167 851 319 900 obvios
349 863 572 899 servornm
603 857 777 914 abripit,
810 857 948 901 donec
977 857 1030 900 ad
1060 857 1175 901 fores
1205 857 1391 901 cubiculi
1421 859 1602 911 veniret3
1634 858 1702 902 cui
1731 857 1856 916 pauci
1879 856 1956 899 ad-

166 930 351 982 stabant,
383 931 538 975 ce'teris
564 938 729 975 terrore
750 933 1079 990 inrumpentium
1101 933 1324 976 exterritis.
1356 933 1554 977 cubiculo
1574 933 1790 977 modicum
1810 932 1955 975 lumen

167 1006 305 1050 inerat
333 1012 375 1050 et
404 1006 653 1050 ancillarum
683 1021 787 1059 una,
817 1009 954 1064 magis
983 1021 1035 1052 ac
1063 1008 1198 1064 magis
1219 1008 1341 1051 anxia
1362 1009 1612 1066 Agrippina,
1643 1007 1762 1067 quod
1782 1021 1908 1050 nemo
1929 1018 1953 1049 a

164 1080 252 1124 filio
280 1095 333 1124 ac
362 1094 415 1125 ne
445 1082 656 1138 Agerinus
684 1082 880 1140 quidem:
922 1081 1048 1126 aliam
1076 1083 1167 1126 fore
1195 1071 1332 1127 laetae
1363 1084 1426 1128 rei
1455 1084 1626 1134 faciem,
1664 1095 1778 1127 nunc
1807 1081 1955 1126 solitu·
1968 1090 2006 1123 tu

165 1156 310 1200 dinem
349 1169 400 1200 ac
438 1157 685 1214 repentinos
719 1158 922 1215 strepitus
960 1165 1002 1202 et
1034 1158 1211 1202 extremi
1241 1159 1341 1202 mali
1372 1159 1541 1202 indicia.
1585 1159 1769 1202 abeunte
1799 1157 1955 1201 dehinc

165 1231 315 1275 ancilla
350 1238 424 1274 «tu
454 1243 630 1289 quoque
659 1245 729 1276 me
760 1232 958 1276 deseris»
992 1233 1213 1292 prolocuta
1243 1235 1418 1292 respicit
1447 1235 1687 1285 Anicetum,
1721 1232 1954 1276 trierarcho

164 1306 391 1351 Herculeio
422 1312 464 1350 et
493 1306 692 1358 Obarito,
725 1308 975 1352 centurione
1006 1306 1247 1360 classiario,
1280 1309 1542 1359 comitatum,
1575 1322 1642 1359 ac,
1675 1308 1711 1351 si
1737 1308 1790 1351 ad
1812 1308 1955 1351 visen-

164 1382 268 1425 dum
295 1381 500 1433 venisset,
531 1382 710 1426 refotam
739 1383 968 1434 nuntiaret,
1001 1384 1066 1427 sin
1094 1384 1257 1428 facinus
1287 1391 1549 1442 patraturus,
1581 1383 1683 1426 nihil
1713 1397 1760 1427 se
1791 1383 1846 1426 de
1866 1381 1953 1425 filio

163 1456 367 1508 credere3
397 1467 483 1500 non
514 1457 766 1515 imperatum
798 1458 1086 1516 parricidium.
1127 1459 1443 1502 circumsistunt
1472 1459 1628 1503 lectum
1656 1471 1951 1517 percussores,
1966 1468 2004 1502 15

161 1538 208 1576 et
242 1532 362 1589 prior
397 1531 658 1576 trierarchus
693 1533 788 1576 susti
820 1540 948 1591 caput
975 1534 1070 1577 eius
1101 1534 1272 1577 adflixit.
1319 1535 1400 1577 iau]
1432 1535 1474 1577 in
1503 1542 1683 1578 mortem
1716 1533 1952 1578 centurioni

161 1607 321 1650 ferrum
352 1606 630 1665 destringenti
662 1609 921 1665 protendens
943 1615 1110 1669 uterum
1142 1617 1358 1653 «ventrem
1378 1609 1487 1653 feri»
1521 1609 1771 1653 exclamavit
1791 1608 1954 1651 multis—

164 1691 250 1740 que
280 1682 528 1726 vulneribus
559 1683 750 1727 confecta
780 1690 857 1727 est.
910 1685 964 1741 (9)
1006 1684 1112 1728 haec
1142 1695 1355 1728 consensu
1385 1684 1636 1742 produntur.
1682 1684 1952 1742 aspexeritne

163 1763 341 1801 matrem
386 1758 623 1801 exanimem
661 1760 774 1803 Nero
812 1767 854 1803 et
891 1759 1067 1803 formam
1098 1761 1293 1818 corporis
1324 1761 1418 1803 eius
1446 1759 1703 1811 laudaverit,
1751 1766 1849 1802 sunt
1877 1759 1950 1816 qui

161 1832 434 1884 tradiderint,
466 1838 565 1876 sunt
593 1834 666 1891 qui
699 1833 896 1877 abnuant.
943 1841 1129 1878 cremata
1158 1842 1225 1878 est
1254 1841 1378 1879 nocte
1403 1835 1577 1886 eadem,
1608 1834 1818 1878 convivali
1840 1833 2001 1879 lecton>

161 1915 205 1951 et
233 1908 427 1965 exequiis
457 1907 633 1960 vilibus;
674 1923 833 1967 neque,
876 1910 979 1952 dum
1020 1911 1132 1954 Nero
1172 1924 1315 1954 rerum
1346 1910 1607 1968 potiebatur,
1647 1916 1849 1966 congesta
1879 1915 1952 1952 aut

162 1982 308 2026 clausa
348 1982 516 2026 humus.
559 1993 658 2026 mox
696 1983 1029 2028 domesticorum
1070 1999 1172 2029 cura
1211 1985 1349 2029 levem
1379 1985 1587 2028 tumulum
1620 1985 1805 2043 accepit,
1836 1984 1948 2027 viam

225 2133 257 2166 Ξ.
283 2134 446 2179 questibus
469 2135 502 2167 M
527 2153 563 2159 —
588 2136 674 2167 votis
695 2135 900 2169 Rhenanus:
925 2137 1016 2168 uocis
1038 2137 1072 2170 M
1109 2153 1145 2160 —
1181 2137 1214 2170 5.
1244 2140 1281 2169 ut
1303 2136 1372 2169 del.
1397 2136 1541 2171 Urlichs.
1576 2155 1612 2160 —
1643 2136 1826 2179 yratt'idum
1847 2137 1880 2169 M
1906 2155 1949 2160 -

160 2190 193 2222 6.
225 2190 350 2222 disiecti
382 2189 612 2224 Puteolanus:
648 2192 762 2224 deiecti
795 2193 829 2224 M
864 2209 899 2215 —
935 2193 1149 2234 refractaque
1181 2194 1224 2225 G:
1259 2195 1472 2232 retractaque
1504 2193 1536 2225 M
1574 2211 1608 2217 -
1643 2193 1675 2226 9.
1700 2194 1831 2225 inherat
1852 2193 1885 2225 M
1910 2210 1946 2215 —

161 2246 213 2279 ⁴0.
237 2246 311 2287 fore
331 2247 438 2279 laetae
458 2248 508 2279 rei
530 2247 696 2280 Heinisch
720 2249 755 2280 et
778 2248 1062 2290 Bezzenberger:
1085 2249 1158 2290 fore
1179 2249 1298 2281 taceret
1319 2249 1370 2287 M;
1400 2249 1470 2290 fere
1492 2249 1602 2281 littore
1624 2248 1691 2282 alii.
1720 2267 1755 2272 --
1782 2250 1835 2280 Η.
1861 2249 1951 2280 indi-

159 2303 214 2335 cia
237 2303 281 2335 G:
306 2303 431 2335 indicta
453 2305 485 2336 M
509 2322 552 2327 —
586 2306 638 2336 ΛΞ.
663 2306 831 2350 anicetum
854 2306 887 2338 M
914 2325 948 2329 —
981 2305 1034 2338 ⁴4.
1060 2306 1162 2337 nichil
1184 2306 1216 2338 M
1242 2303 1275 2329 -'—
1313 2304 1365 2337 ⁴62
1391 2306 1499 2346 capud
1522 2306 1555 2338 M
1579 2323 1614 2328 —
1652 2306 1721 2336 iam
1747 2305 1782 2336 in
1811 2308 1951 2337 mortem

160 2359 337 2391 Faernus:
361 2368 441 2391 nam
462 2363 567 2392 morte
591 2360 623 2392 M
650 2378 685 2384 —
712 2361 763 2393 ⁴7.
790 2361 1000 2403 destringenti
1021 2361 1071 2394 M:
1097 2362 1305 2403 distringenti
1328 2360 1395 2393 alii.
1424 2379 1460 2385 -
1485 2361 1539 2393 2⁴.
1563 2362 1695 2402 eoequiis
1717 2361 1790 2402 (sic)
1814 2361 1859 2394 M.

1082 2480 1135 2518 6⁴,
1162 2479 1220 2512 ⁴4:
1247 2475 1441 2522 αὐτόπτης
1461 2477 1682 2523 ἐπεθύμησε
1704 2478 1773 2512 τοῦ
1797 2476 1949 2520 πάθους

1080 2530 1282 2573 γενέσθαι·
1317 2531 1382 2562 καὶ
1412 2526 1535 2572 αὐτήν
1564 2540 1604 2562 τε
1632 2529 1761 2563 πᾶσαν
1784 2527 1858 2562 εἶδε
1880 2540 1948 2574 γυ-

156 2476 230 2516 pila
250 2477 351 2508 cadit.
378 2478 463 2509 ers.
494 2496 528 2501 -
560 2481 709 2509 ventrem
737 2478 812 2520 feri]
847 2480 1045 2512 Rationem·

161 2526 259 2558 addit
288 2526 382 2568 apud
409 2527 719 2560 Pseudosenecam
743 2529 776 2560 in
800 2529 919 2561 Octav.
945 2529 1028 2562 368:

162 2575 280 2609 Caedis
300 2577 444 2609 moriens
473 2577 533 2608 uta
559 2578 748 2609 ministrum
771 2579 878 2619 Royat
898 2579 1029 2619 infelix,

159 2629 253 2658 atero
284 2627 395 2658 dirum
424 2627 551 2659 Condat
577 2630 615 2659 ut
644 2635 772 2659 ensem:
806 2628 866 2659 Hic
888 2631 952 2667 est,
980 2629 1031 2661 hic

160 2679 209 2708 est
227 2676 417 2717 fodiendus,
442 2678 510 2717 ait,
535 2677 655 2715 Ferre,
679 2681 863 2709 monstrum
886 2679 942 2718 qui
965 2680 1032 2712 tale

159 2725 243 2757 tulit.
291 2726 354 2758 Dio
385 2727 438 2766 6⁴,
470 2726 529 2758 43·
565 2722 852 2769 ἀναπηδήσασα
885 2726 928 2760 δὲ
961 2727 1031 2770 τῆς

157 2776 291 2818 κοίτης
323 2773 396 2817 τήν
422 2785 466 2808 τε
501 2775 649 2819 ἐσθῆτα
670 2773 942 2823 περιεῤῥήξατο
963 2780 1029 2810 καὶ

157 2822 231 2867 τὴν
252 2827 428 2885 γαστέρα
442 2822 777 2870 ἀπογυμνάσασα,
808 2828 907 2860 Παῒε
935 2827 1030 2862 ταύ-

158 2884 249 2918 την,
284 2886 383 2920 εφη,
416 2873 598 2921 Ἀνίκητε,
634 2881 741 2918 παῖε,
778 2874 837 2911 ὅτι
871 2879 1030 2925 Νέρωνα

158 2923 297 2958 ετεκεν.

203 2976 235 3008 9.
271 2977 483 3016 aspexeritne
502 2994 522 3000 —
539 2994 558 3001 —
579 2979 668 3010 Nero
702 2982 732 3010 et
755 2996 774 3002 -
791 2995 810 3002 —-
827 2979 1028 3019 laudaverit,

158 3029 235 3058 sunt
257 3028 318 3068 qui
340 3026 422 3067 cet]
447 3027 622 3060 contusae
645 3030 728 3061 sunt
750 3029 841 3061 duae
866 3030 1029 3061 constru-

160 3077 313 3115 ctiones,
346 3075 475 3115 altera,
507 3079 718 3117 aspexeritne
745 3081 776 3110 et
802 3078 954 3110 laudarit
973 3079 1028 3110 in—

158 3129 286 3157 certum
308 3129 373 3163 est3
399 3125 525 3158 altera:
552 3129 721 3167 aspexisse
742 3131 772 3159 et
786 3128 940 3159 laudasse
954 3131 1029 3159 sunt

160 3175 218 3215 qui
241 3176 308 3207 cet.
346 3174 398 3207 Cf.
424 3175 478 3214 ⁴2,
503 3175 564 3207 52:
599 3179 706 3208 morte
731 3177 873 3217 fortuita
895 3186 939 3208 an
967 3185 1029 3216 per

158 3233 319 3256 venenum
341 3225 508 3257 extinctus
528 3229 627 3263 esset,
657 3228 696 3257 ut
717 3226 855 3266 quisque
876 3227 1026 3266 credidit,

157 3274 347 3315 vulgavere.
385 3274 571 3306 suetonius
594 3275 675 3306 Ner.
698 3275 758 3307 34:
782 3275 959 3307 Adduntur
979 3276 1028 3307 his

160 3324 331 3355 atrociora
344 3332 404 3356 nee
418 3324 551 3355 incertis
565 3323 774 3364 auctoribus,
799 3325 845 3356 ad
857 3325 1027 3357 visendum

159 3371 349 3412 interfectae
381 3373 529 3405 cadaver
561 3375 763 3414 accurrisse,
808 3377 1028 3407 contrectasse

159 3422 319 3463 membra,
343 3424 416 3456 alia
435 3424 652 3465 vituperasse,
677 3424 750 3456 alia
770 3424 934 3458 laudasse.
960 3426 1024 3458 Dio

1080 2579 1240 2622 μνώσας
1270 2581 1336 2612 καὶ
1357 2577 1406 2612 τὰ
1427 2578 1627 2625 τραύματα
1648 2576 1770 2623 αὐτῆς
1791 2580 1949 2613 ἐπεσκέ-

1080 2634 1208 2669 ψατο,
1244 2630 1308 2662 καὶ
1343 2629 1451 2670 τέλος
1484 2628 1580 2663 πολὺ
1616 2631 1684 2662 καὶ
1717 2629 1786 2663 τοῦ
1821 2628 1946 2670 φόνου

1081 2674 1338 2737 ἀνοσιώτερον
1373 2676 1463 2720 ἔπος
1491 2677 1729 2723 ἐφθέγξατο·
1766 2677 1846 2712 εἷπε
1874 2678 1947 2725 γὰρ

1080 2738 1142 2760 (τι
1176 2726 1282 2761 «Ome
1314 2742 1333 2774 7
1322 2725 1419 2761 ”dem
1451 2725 1511 2762 ὅτι
1533 2726 1634 2762 οὕτω
1657 2727 1779 2772 καλὴν
1801 2730 1948 2776 μητέρα

1081 2776 1224 2817 εἶχον.»
1249 2755 1372 2812 Boeth.
1388 2781 1419 2811 2.
1441 2781 1557 2813 carm.
1575 2781 1614 2813 6.
1640 2782 1760 2813 Fratre
1773 2782 1831 2821 qui
1847 2790 1949 2820 quon-

1080 2830 1159 2861 dam
1187 2830 1281 2870 ferus
1309 2831 1519 2870 interempto,
1553 2832 1676 2864 Matris
1696 2833 1798 2872 effuso
1819 2832 1949 2863 maduit

1078 2888 1213 2919 cruore,
1251 2880 1378 2920 Corpus
1408 2883 1441 2912 et
1471 2882 1547 2912 visu
1577 2882 1724 2923 gelidum
1752 2890 1946 2922 pererrans,

1080 2929 1150 2960 Ora
1171 2938 1238 2961 mm
1261 2929 1364 2961 tinxit
1384 2930 1550 2970 lacrimis,
1573 2932 1630 2963 sed
1651 2940 1717 2964 esse
1740 2932 1861 2964 censor
1882 2940 1947 2963 ex-

1077 2980 1187 3010 stincti
1205 2979 1314 3018 potuit
1336 2979 1472 3012 decoris.
1499 2997 1535 3002 —
1569 2982 1734 3013 convivati
1755 2981 1847 3020 lecto]
1875 2989 1944 3014 non

1079 3029 1216 3062 funebri
1241 3033 1276 3062 et
1298 3029 1452 3072 legitime
1469 3033 1603 3073 parato.
1624 3049 1659 3054 —
1678 3033 1795 3063 clausa
1816 3031 1944 3073 humus]

1079 3079 1199 3118 Altior,
1225 3081 1263 3112 ut-
1285 3080 1413 3122 alioqui
1436 3080 1593 3120 solebat,
1625 3081 1780 3114 tumulus
1803 3082 1835 3113 ei
1859 3090 1945 3114 con-

1080 3131 1199 3169 gestus
1223 3137 1292 3162 non
1316 3131 1391 3170 est,
1416 3139 1461 3163 ne
1485 3130 1561 3163 loco
1577 3131 1739 3171 quidem,
1764 3130 1826 3162 ubi
1843 3132 1945 3172 positi

1079 3179 1180 3209 erant
1197 3179 1273 3212 eius
1296 3180 1446 3219 cineres,
1471 3181 1595 3222 cippus
1612 3181 1808 3222 impositus.
1834 3180 1871 3212 ln
1889 3188 1945 3212 so—

1079 3226 1151 3260 lum
1174 3230 1309 3261 tantum
1327 3231 1485 3271 proiecta
1503 3238 1583 3262 esse
1600 3230 1675 3262 eius
1690 3238 1770 3261 ossa
1787 3237 1830 3261 ac
1846 3237 1945 3262 man-

1077 3277 1166 3310 sisse
1189 3283 1336 3319 prorsus
1359 3280 1505 3317 intecta,
1531 3281 1569 3311 ut
1585 3277 1693 3311 oculis
1710 3279 1945 3320 praetereun-

1077 3327 1164 3359 tium
1198 3329 1356 3369 exposita
1392 3330 1527 3367 essent,
1564 3331 1668 3369 neget
1698 3329 1773 3369 ipse
1806 3329 1943 3361 Tacitus

1075 3377 1193 3410 stetim
1222 3381 1302 3419 post
1330 3378 1611 3410 intersectionem
1633 3378 1843 3419 Agrippinae
1867 3379 1942 3411 eius

1073 3427 1236 3460 mutam
1251 3433 1461 3460 memorans
1484 3434 1516 3459 c.
1541 3427 1600 3466 to;
1624 3427 1690 3460 sed
1711 3428 1804 3461 iusto
1826 3427 1942 3470 sepul-
