2254 3770
281 310 397 340 xvm

280 416 446 447 manas
484 402 704 447 historias
743 402 986 446 scribentis
1016 416 1077 446 ex
1107 402 1199 460 his,
1237 404 1313 460 qai
1342 403 1657 458 reperiantur,
1701 399 1844 444 Liber
1882 404 2061 459 primus

280 481 473 535 incipit:
505 477 629 535 Leye
656 476 902 534 foeliciter.
949 475 1114 521 Similis
1145 477 1298 518 titulus
1327 477 1489 519 ceteris
1509 475 1632 518 libris
1656 476 1878 531 praefixus
1898 479 1967 520 est
1986 477 2062 531 ita,

281 555 329 595 ut
367 554 465 597 libri
505 552 575 595 XI
617 552 769 595 ordine
799 556 1095 595 numerentur.
1150 552 1207 594 11.
1240 548 1291 593 G.
1326 548 1531 593 Cornelii
1566 549 1722 594 Taciti
1755 549 1976 609 Dialoqus
2006 552 2063 594 de

284 624 557 671 Oratoribus
594 627 823 683 foeliciter
865 631 1042 685 incipit.
1102 627 1185 669 111.
1218 622 1266 669 C.
1301 622 1505 669 Cornelii
1540 624 1697 668 Taciti
1726 627 1782 669 de
1814 630 1988 684 oriytne
2018 629 2065 669 et

279 705 373 745 situ
414 700 713 747 Germaniae.
770 702 846 745 IV.
885 700 937 744 C'.
979 701 1197 746 Suetonii
1242 701 1504 760 Tranquilli
1544 701 1599 743 de
1642 697 1978 746 Grammaticis
1999 705 2065 752 „et

279 775 557 821 Rhetoribus
577 778 726 831 libelli,
753 779 823 833 qui
844 779 1058 832 incipiunt
1083 778 1165 820 sub
1187 778 1315 820 unico
1335 777 1464 818 titulo
1487 778 1531 818 et
1553 777 1713 832 capite.
1744 775 1877 818 Tituli
1899 776 2066 821 codicis

280 865 430 895 omnes
466 854 612 895 aureis
649 855 693 895 et
733 852 927 908 pulchris
967 853 1126 895 litteris
1164 853 1404 907 conspicui.
1457 851 1656 894 Litterae
1688 864 1840 894 omnes
1871 852 2064 895 initiales

279 929 461 970 auratae
492 931 534 970 et
567 928 869 970 sollertissime
900 929 1120 983 expictae.
1170 925 1288 971 Orae
1320 927 1504 968 omnium
1533 926 1813 984 paginarum,
1844 927 1888 968 in
1909 927 2066 983 quibus

279 1002 376 1045 libri
408 1003 573 1055 initium
606 1005 696 1057 est,
726 1003 879 1045 saltem
913 1015 966 1045 ex
1000 1015 1159 1062 magna
1190 1004 1334 1057 parte,
1373 1014 1560 1058 operose
1582 1003 1626 1044 et
1647 1000 1886 1059 diligenter
1906 1003 2066 1058 pictae.

278 1076 451 1120 Primae
496 1079 687 1136 paginae
734 1091 812 1120 ora
851 1080 1061 1121 universa
1108 1079 1293 1120 omnium
1334 1078 1643 1134 operosissime
1684 1077 1810 1119 vario
1840 1077 1991 1121 colore
2020 1078 2066 1120 et

278 1152 500 1196 schemate
531 1149 827 1212 exornata.›>‚¹)

390 1256 438 1301 2.
470 1257 967 1316 Guelferbytanus
997 1261 1094 1302 sive
1125 1258 1407 1303 Gudianus
1435 1258 1537 1301 118
1570 1259 1719 1306 (nobis
1744 1257 1825 1314 G),
1846 1259 2066 1302 membra-

278 1346 411 1391 neus,
445 1333 547 1377 142
579 1335 696 1377 foliis
725 1347 806 1390 per
837 1336 1066 1391 quiniones
1098 1336 1280 1391 iunctis,
1315 1336 1429 1378 bene
1459 1336 1654 1390 scriptus
1684 1337 1731 1377 et
1759 1337 2066 1389 conservatus,

278 1409 333 1451 de
365 1422 448 1464 quo
480 1409 705 1452 Ritterus:
749 1410 887 1452 «Huic
918 1411 961 1452 in
991 1411 1136 1452 limine
1168 1411 1423 1465 inscriptum
1456 1411 1642 1466 legitur:
1672 1409 1764 1452 Es'r
1787 1409 1838 1452 P.
1862 1409 2067 1452 CAnmm.

278 1483 351 1527 ΑΒ
381 1497 532 1526 nomm
562 1497 839 1527 nncocm'rus
870 1498 923 1527 ET
954 1498 1238 1527 EMENDATUS.
1297 1485 1349 1526 ln
1387 1485 1509 1527 calce
1541 1487 1609 1526 est
1644 1484 1700 1527 ab
1731 1484 1883 1528 eadem
1914 1496 2067 1528 manu:

280 1558 466 1602 Empws
508 1559 546 1601 F
548 1572 751 1602 nmmum
790 1557 1120 1604 MCCCCLXI.
1159 1574 1234 1602 nm
1268 1572 1389 1602 LUNE
1419 1558 1639 1603 XXVIII.
1670 1556 1804 1602 Sam.
1835 1560 1886 1602 D.
1918 1560 1968 1602 L.
2012 1561 2067 1603 In

277 1635 415 1689 primo
454 1633 582 1676 folio:
626 1633 906 1678 Franci-scus
939 1631 1100 1677 Media
1137 1635 1298 1677 Barba
1327 1634 1530 1692 Birayas
1564 1633 1694 1677 Dono
1733 1634 1832 1677 Dat
1870 1634 2067 1678 Litera-

278 1711 455 1752 tiss-imo
490 1707 544 1750 D.
574 1708 862 1767 Marquardo
898 1707 1051 1753 Gudio
1083 1709 1281 1752 Domino
1311 1722 1393 1752 suo
1426 1706 1774 1753 Colendissimo.
1828 1709 1897 1752 Ex
1929 1710 2067 1765 prima

276 1785 565 1839 inscriptione
605 1785 743 1840 liquet
778 1786 1080 1827 correctiones
1110 1785 1166 1828 ab
1196 1785 1338 1827 altera
1368 1797 1497 1827 manu
1527 1785 1675 1827 illatas
1707 1785 1937 1840 profectas
1966 1797 2066 1827 esse

276 1871 303 1901 a
332 1871 462 1901 manu
490 1861 767 1914 possessoris
796 1859 845 1901 P.
877 1859 1062 1902 Candidi
1091 1859 1395 1906 (Decembrii).
1443 1856 1536 1902 Sed
1566 1861 1610 1901 in
1641 1859 1794 1903 eodem
1826 1861 1938 1906 libro
1969 1859 2066 1902 fere.

277 1947 427 1977 omnes
455 1935 542 1977 loci
572 1935 762 1977 correcti
792 1935 1023 1992 leguntur,
1055 1936 1127 1990 qui
1157 1936 1202 1976 in
1231 1934 1285 1976 M
1304 1936 1500 1990 corrupti
1532 1937 1636 1976 sunt
1666 1936 1754 1977 levi
1782 1935 2064 1977 aberratione

275 2009 512 2053 scribentis
551 2011 595 2051 et
632 2012 718 2051 tam
759 2010 1016 2062 manifesta,
1056 2012 1104 2051 ut
1139 2009 1182 2052 id
1213 2008 1419 2051 vitiorum
1449 2022 1593 2067 genus
1624 2010 1754 2052 etiam
1786 2009 2067 2054 mediocriter

275 2083 436 2126 Latine
474 2084 631 2127 doctus
670 2084 827 2127 tollere
865 2086 1020 2139 possit.
1062 2085 1160 2127 Hos
1190 2087 1374 2127 enotare
1404 2097 1568 2138 operae
1601 2085 1785 2140 pretium
1816 2084 2066 2140 videbatur,

277 2171 367 2201 non
405 2172 490 2215 quo
529 2171 584 2201 ex
625 2171 677 2202 eo
707 2159 819 2202 libro
850 2160 961 2202 loeis
991 2158 1236 2202 emendatis
1266 2160 1511 2203 auctoritas
1540 2160 1818 2215 antiquitatis
1848 2161 2066 2204 concilia-

276 2236 413 2287 retur,
443 2233 522 2276 sed
554 2236 602 2276 ut
632 2235 806 2289 planum
838 2234 983 2289 fieret,
1015 2247 1140 2290 quam
1172 2236 1336 2277 temere
1367 2235 1607 2278 Francisco
1628 2234 1879 2278 Puteolano
1905 2237 2066 2292 ingens

278 2321 484 2352 numerus
514 2311 836 2352 correctionum
867 2310 1100 2365 tribuatur,
1131 2322 1243 2364 quae
1274 2310 1330 2352 ab
1359 2311 1681 2366 antiquioribus
1709 2312 1868 2354 Italiae
1899 2312 2066 2355 criticis

278 2385 488 2427 inventae
518 2387 658 2427 sunt.»

392 2482 441 2526 3.
475 2483 786 2537 Budensis.,
816 2486 1174 2527 membranaceus
1204 2486 1249 2527 et
1279 2486 1375 2527 sine
1396 2478 1544 2534 titulo}
1576 2497 1701 2540 quem
1723 2487 1822 2528 olim
1844 2486 2064 2530 Matthias

280 2556 520 2613 Corvinus,
551 2560 809 2618 Hungariae
832 2559 1158 2615 Bohemiaeque
1188 2572 1282 2615 rex,
1313 2572 1369 2602 ex
1398 2561 1485 2602 alio
1512 2560 1666 2604 codice
1695 2561 1950 2605 Florentiae
1979 2561 2063 2605 de-

280 2634 557 2679 scribendum
571 2629 601 2685 ²)
642 2637 686 2677 et
726 2634 879 2677 Budae
918 2636 960 2677 in
992 2634 1269 2678 Bibliotheca
1299 2636 1425 2693 regia
1454 2635 1774 2678 asservandum
1803 2639 2063 2684 curaverat;

280 2709 397 2752 unde
444 2709 746 2766 Budensis‚
789 2707 1164 2753 Corvinianus
1208 2713 1253 2752 et
1296 2722 1322 2751 a
1371 2709 1590 2752 Rhenano
1639 2710 1855 2769 Regius
1893 2711 2064 2756 dicitur.

280 2785 391 2828 Eum
430 2785 561 2840 paulo
593 2787 696 2840 post
727 2783 979 2827 vladislaus
1010 2785 1068 2826 11.
1100 2797 1180 2827 rex
1212 2785 1376 2827 Iacobo
1407 2782 1659 2842 Spiegelio‚
1700 2787 1771 2841 qui
1811 2787 2063 2837 imperatori

279 2859 587 2903 Maximiliano
618 2860 653 2902 Ι.
685 2871 713 2901 a
741 2872 870 2902 manu
901 2862 946 2902 et
976 2860 1174 2906 consiliis
1203 2862 1321 2916 erat,
1351 2861 1396 2901 et
1425 2858 1495 2902 hic
1526 2871 1642 2902 anno
1674 2858 1812 2902 1518
1843 2861 2062 2906 Rhenano

281 2935 398 2978 dono
429 2934 627 2978 dederat.
667 2933 861 2978 Tandem
890 2947 1000 2977 vero
1023 2935 1098 2977 ille
1128 2933 1393 2977 hereditario
1422 2934 1517 2976 iure
1546 2933 1603 2977 ad
1625 2934 1920 2979 Doersnerum
1956 2950 2062 2993 per-

375 3113 408 3151 1)
444 3113 524 3155 Quo
549 3116 707 3153 tempore
733 3113 872 3154 Lipsius
897 3123 939 3148 eo
965 3123 1050 3148 usus
1077 3119 1152 3154 est,
1190 3114 1434 3148 Farnesiorum
1461 3115 1528 3148 lem
1555 3113 1684 3153 ruisse,
1717 3114 1779 3148 aed
1804 3115 1936 3150 Romae
1963 3120 2058 3157 tunc,

283 3172 436 3205 nondum
461 3172 629 3212 Neapoli,
655 3177 850 3207 asservatus
875 3183 954 3207 esse
981 3175 1129 3208 videtur.
1170 3173 1239 3207 On.

374 3236 410 3278 2)
442 3237 543 3271 Haud
570 3237 678 3272 dubie
705 3247 744 3272 ex
770 3247 839 3272 uno
864 3243 969 3272 trium
997 3239 1132 3273 illorum
1167 3243 1305 3280 praeter
1328 3238 1508 3272 Medi-:eos
1534 3238 1549 3270 1
1574 3242 1609 3271 et
1632 3238 1666 3270 11
1687 3247 1706 3272 n
1731 3239 1905 3273 Bandlnlo
1932 3242 2059 3275 descri-

283 3300 433 3336 ptorum.
474 3297 614 3330 Etenim
638 3299 915 3331 mercennarium
944 3298 1146 3341 scriptorem
1172 3297 1324 3332 Medico!
1352 3298 1383 3329 ll
1410 3299 1581 3338 scripturn
1607 3297 1868 3339 Langobar-dien
1895 3300 1937 3333 eb
1964 3303 2057 3335 omni

280 3355 453 3388 eiusmodi
488 3360 614 3390 conatu
649 3356 826 3390 deterrere
863 3356 1033 3397 debebat,
1071 3365 1151 3390 cum
1189 3363 1315 3397 «supra
1349 3364 1454 3398 quem
1479 3356 1548 3390 dici
1576 3358 1713 3397 possit-a
1747 3357 1923 3400 eleganter
1948 3362 2054 3394 ceteri

281 3416 397 3448 eueni
419 3417 559 3448 exarati.
600 3414 668 3448 On.
