2254 3770
614 301 771 346 LIBER
800 301 849 344 11.
909 300 1008 358 Cap.
1039 299 1106 343 tt.
1138 298 1205 347 ⁴5.
1236 299 1302 343 ⁴6.
1333 299 1399 343 ⁴7.

1877 299 1932 342 83

148 412 366 462 resistunt,
400 409 682 468 inaequaliter
712 409 918 452 sinuatur.
962 421 1075 466 pone
1105 413 1271 464 tergum
1301 405 1548 464 insurgebat
1576 404 1702 456 silva,
1735 405 1860 449 editis
1890 406 1932 449 in

147 487 276 531 altum
315 486 442 530 ramis
482 491 524 529 et
560 499 669 543 pura
709 484 836 528 humo
872 484 983 527 inter
1024 482 1225 527 arborum
1262 489 1447 527 truncos.
1497 496 1694 540 campum
1723 488 1766 526 et
1794 482 1932 539 prima

148 562 348 606 silvarum
377 560 559 605 barbara
587 561 704 604 acies
732 559 887 603 tenuit:
920 558 998 602 soli
1030 558 1235 603 Cherusci
1266 559 1365 616 iuga
1395 558 1612 609 insedere,
1644 564 1690 601 ut
1718 556 1932 616 proelian-

148 637 259 681 tibus
289 637 488 681 Romanis
518 636 707 694 desuper
737 635 1016 679 incurrerent.

145 712 272 756 liares
307 712 412 756 Galli
452 712 737 769 Germanique
776 710 817 753 in
857 711 1014 760 fronte,

1063 641 1208 678 noster
1238 634 1452 678 exercitus
1483 634 1545 678 sic
1574 634 1767 678 incessit:
1811 634 1932 677 auxi-

1061 716 1159 768 post
1198 723 1308 768 quos
1348 710 1516 767 pedites
1557 709 1784 767 sagittarii;
1830 709 1962 753 dein5

146 794 346 846 quattuor
372 787 564 845 legiones
595 793 637 831 et
667 800 765 830 cum
795 785 962 829 duabus
993 785 1219 843 praetoriis
1251 785 1496 830 cohortibus
1526 800 1577 830 ac
1597 785 1764 830 delecto
1786 785 1930 844 equite

146 863 324 916 Caesar;
356 863 467 907 exim
497 862 673 906 totidem
701 861 809 906 aliae
838 861 1030 919 legiones
1060 867 1102 905 et
1130 860 1237 905 levis
1266 868 1478 906 armatura
1508 876 1606 906 cum
1629 862 1772 921 equite
1803 862 1932 920 sagit-

144 938 251 982 tario
281 945 539 997 ceteraeque
565 938 783 982 sociorum
811 936 1022 981 cohortes.

1073 937 1257 981 intentus
1286 944 1548 996 paratusque
1577 938 1717 990 miles,
1749 944 1796 981 ut
1823 937 1930 982 ordo

146 1014 324 1072 agminis
353 1014 394 1056 in
425 1014 563 1058 aciem
593 1014 832 1058 adsisteret.
885 1012 964 1069 (⁴7)
995 1012 1100 1056 visis
1131 1012 1447 1057 Cheruscorum
1476 1015 1678 1066 catervis,
1711 1028 1823 1073 quae
1853 1028 1932 1072 per

146 1089 348 1133 ferociam
377 1095 675 1147 proruperant.
719 1088 1004 1132 validissimos
1035 1088 1227 1146 equitum
1267 1088 1486 1133 incurrere
1516 1089 1643 1141 latus,
1685 1090 1931 1134 Stertinium
1944 1099 1981 1130 to

146 1178 243 1209 cum
264 1165 419 1208 ceteris
439 1165 589 1208 turmis
611 1164 895 1222 circumgredi
924 1170 1131 1222 tergaque
1162 1164 1365 1208 invadere
1393 1165 1528 1216 iubet,
1560 1166 1654 1223 ipse
1674 1166 1717 1208 in
1737 1173 1930 1224 tempore

147 1240 380 1284 adfuturus.
424 1240 588 1284 interea
624 1239 958 1298 pulcherrimum
995 1241 1244 1297 augurium,
1288 1246 1385 1284 octo
1415 1241 1585 1299 aquilae
1622 1249 1772 1300 petere
1802 1242 1931 1286 silvas

147 1322 190 1360 et
223 1316 382 1359 intrare
421 1316 540 1360 visae
581 1315 884 1372 imperatorem
921 1314 1158 1359 advertere.
1209 1315 1435 1366 exclamat,
1473 1317 1602 1369 irent,
1646 1325 1932 1376 sequerentur

147 1393 357 1435 Romanas
387 1405 514 1443 aves,
546 1391 720 1448 propria
748 1383 970 1448 legionum*
995 1391 1180 1434 numina.
1226 1391 1351 1434 simul
1373 1391 1586 1449 pedestris
1607 1394 1722 1437 acies
1741 1394 1928 1446 insertur,

147 1473 189 1510 et
217 1466 478 1524 praemissus
509 1480 644 1524 eques
673 1473 914 1524 postremos
945 1479 995 1510 ac
1024 1466 1155 1510 latera
1184 1466 1361 1524 impulit.
1406 1467 1647 1526 mirumque
1677 1469 1811 1521 dictu,
1845 1470 1982 1513 duom

145 1540 333 1585 hostium
373 1542 541 1600 agmina
579 1541 750 1585 diversa
793 1541 910 1599 fuga,
955 1542 1028 1599 qui
1075 1542 1225 1586 silvam
1268 1548 1512 1594 tenuerant,
1557 1543 1600 1586 in
1643 1551 1811 1602 aperta,
1857 1545 1931 1603 qui

147 1617 307 1675 campis
337 1617 596 1667 adstiterant,
629 1617 671 1659 in
702 1616 852 1660 silvam
882 1617 1073 1661 ruebant.
1110 1617 1239 1661 medii
1269 1617 1378 1662 inter
1407 1618 1486 1662 hos
1518 1618 1722 1664 Cherusci
1753 1620 1932 1664 collibus

210 1732 242 1765 7.
277 1733 369 1764 exim
390 1740 444 1774 pr.
471 1732 523 1766 M:
558 1732 639 1764 exin
668 1740 760 1764 corr.
783 1733 815 1766 Μ
842 1749 878 1755 -
905 1732 958 1765 Μ.
983 1735 1143 1775 teryaque
1172 1734 1326 1775 Lipsius:
1370 1737 1507 1776 terqaue
1535 1735 1569 1768 M
1611 1752 1647 1758 -
1684 1734 1738 1769 ⁴4.
1768 1736 1878 1769 nuina
1899 1735 1933 1770 Μ

148 1787 460 1834 (ηαητίηαῇωατςο)
486 1806 521 1811 -
540 1789 709 1829 pedestres
730 1789 776 1822 M.

146 1894 299 1927 sedebant
326 1894 388 1926 huc
417 1897 518 1935 atque
546 1895 642 1935 ittam·
673 1895 762 1928 aliae
783 1895 919 1928 vincula
942 1897 1017 1928 vin-

146 1944 292 1985 ciebant,
317 1944 408 1977 aliae
422 1946 605 1978 exercitum
618 1945 840 1978 morabantur
846 1954 858 1984 ;
883 1945 1016 1979 similes

150 1994 268 2036 itaque
297 1994 492 2036 virginibus
521 1995 587 2028 illis
615 1995 797 2036 fatalibus,
833 2004 922 2037 quas
957 2005 1017 2038 ap-

148 2043 280 2086 pellant
311 2045 503 2078 Watkitren.
550 2047 601 2078 De
638 2046 755 2088 campi
790 2046 857 2078 situ
894 2046 937 2079 cf.
970 2046 1015 2079 ad

147 2102 179 2127 c.
203 2093 236 2127 9.
263 2112 300 2118 -
324 2095 442 2127 cedunt
458 2112 506 2119 —-
520 2096 686 2138 resistunt]
717 2094 871 2128 Tolerari
894 2097 1016 2138 nequit

145 2142 319 2177 Waltheri
367 2145 561 2186 expositio:
615 2158 632 2175 α
646 2144 868 2178 Vocabulum
918 2147 1016 2186 ripae

147 2194 268 2236 accipe
298 2195 334 2227 in
365 2194 501 2234 dativ03
542 2196 602 2237 qui
636 2197 755 2229 cedunt
787 2198 869 2229 sunt
899 2197 1013 2235 colles;

141 2245 366 2284 prominentia
386 2247 549 2278 montium
570 2248 672 2286 sunt,
705 2255 797 2288 quae
824 2247 1014 2279 resistent.»

146 2293 331 2327 Manifesta
352 2296 449 2335 ripae
472 2296 652 2336 (nominat.
666 2295 771 2338 plur.)
789 2298 1016 2338 opponuntur

144 2344 405 2384 prominentibus
425 2346 604 2386 nwntimn,
630 2347 680 2378 uti
703 2355 736 2379 v.
762 2347 882 2379 cedwnt
904 2346 1015 2379 verbo

146 2394 313 2427 resistmit.
361 2396 531 2434 Quocirca
560 2405 626 2429 nec
649 2397 734 2429 satis
758 2397 856 2429 recta
878 2396 1018 2429 videtur

147 2443 384 2477 Doederleinii
411 2445 522 2484 ratio,
555 2454 598 2478 ex
628 2454 698 2487 qua
721 2447 912 2487 utrumque
942 2445 1015 2479 fere

149 2492 245 2526 idem
271 2496 386 2527 esset:
424 2495 646 2536 «Re-sistunt»,
681 2495 809 2537 inquit,
847 2504 1017 2537 «procur-

148 2551 230 2576 rere
253 2543 438 2585 desinunt,
469 2547 662 2587 antequam
691 2546 862 2587 attingant
887 2546 1014 2587 ripam,

150 2601 221 2626 non
230 2590 234 2594 ’
243 2593 411 2627 obsistunt.
445 2595 670 2636 Inaequaliter
685 2604 832 2637 campus
847 2595 1016 2635 sinuatur,

150 2641 237 2675 dum
260 2643 368 2676 modo
390 2643 524 2677 flumen
549 2645 661 2684 cedit,
689 2645 911 2684 occidentem
934 2653 1017 2689 ver—

150 2700 212 2725 sus
234 2701 274 2725 se
296 2693 463 2735 flectens,
488 2694 597 2727 modo
622 2696 781 2736 montes,
806 2693 1015 2736 plerumque

149 2742 391 2783 prominentes
407 2768 415 2784 ‚
463 2744 580 2778 minus
625 2745 828 2786 prominent
863 2744 1015 2786 ideoque

150 2791 325 2826 orientem
359 2801 483 2826 versus
521 2795 638 2827 sinum
675 2795 791 2836 campi
824 2794 1014 2827 efficiunt.»

150 2841 323 2882 Equidem
346 2851 428 2876 cum
451 2843 626 2877 Freundio
655 2843 768 2886 probo
790 2845 939 2877 Ernestii
961 2844 1016 2876 in-

150 2891 460 2933 terpretationem:
497 2893 636 2927 «Cedere
657 2894 753 2934 ripae
772 2894 919 2937 numinis
941 2895 1015 2927 sive

149 2940 286 2974 flumen
319 2942 437 2985 ipsum
475 2943 622 2984 dicitur,
661 2953 743 2977 cum
780 2945 897 2977 sinum
934 2943 1017 2977 facit

150 2999 316 3024 aversum
333 3000 352 3024 a
370 3000 496 3035 campo
513 2994 611 3034 (sane
626 2993 848 3027 occidentem
860 2994 1014 3035 versus):

148 3043 275 3073 montes
296 3041 446 3075 resistere
469 3043 525 3083 (ne
547 3043 682 3076 flumen
701 3044 874 3076 orientem
890 3051 1016 3076 versus

150 3089 340 3132 sinuetur),
374 3100 457 3124 cum
478 3091 615 3134 longius
637 3094 839 3134 prominent
864 3093 899 3125 in
922 3101 1017 3125 cam—

150 3147 269 3180 pum.»
292 3140 420 3173 nonus
434 3143 553 3174 autem
568 3142 702 3183 accipio
719 3151 781 3184 pro
797 3142 1016 3182 homonymo

150 3195 186 3220 v.
204 3189 319 3230 colles,
343 3190 441 3232 quod
463 3191 599 3223 variare
622 3190 772 3224 voluerit
793 3192 955 3233 scriptor.
975 3208 1011 3214 —

152 3236 253 3278 niba,
288 3239 383 3272 editis
411 3241 448 3272 in
477 3240 583 3273 altum
607 3241 722 3283 ramis]
752 3240 900 3282 proinde
929 3239 1014 3273 silva

154 3284 311 3320 abietum
332 3290 369 3321 et
389 3290 547 3331 pinuum.
571 3290 699 3322 Dunnu.
718 3307 755 3313 —-
780 3290 908 3323 duabus
917 3299 1017 3331 prae-

156 3334 248 3368 toriis
272 3337 465 3381 cohortibus]
494 3339 604 3372 Roma
632 3339 700 3371 hoc
729 3339 806 3380 ipso
836 3348 946 3380 anno,
977 3340 1017 3372 ut

156 3381 312 3426 videtur,
341 3387 470 3421 missis.
509 3388 561 3421 De
584 3387 790 3421 cohortibus
818 3389 1014 3431 praetoriis,

159 3439 251 3473 quae
281 3441 363 3468 cum
394 3435 539 3470 urbanis
574 3439 610 3471 et
642 3437 847 3473 cohortibus
873 3437 1017 3480 vigilum

1064 1897 1247 1938 proprium
1263 1896 1362 1930 urbis
1377 1895 1524 1930 militem
1542 1897 1757 1938 efficiebant,
1783 1897 1825 1931 cf.
1843 1897 1876 1937 4,
1898 1899 1931 1931 5.

1065 1946 1223 1979 Eaedem
1246 1956 1337 1988 quae
1353 1947 1411 1979 hic
1433 1956 1556 1980 rursus
1579 1949 1823 1980 memorantur
1844 1948 1934 1981 infra

1066 2004 1097 2028 c.
1122 1997 1176 2029 20.
1205 2013 1240 2019 —
1265 1997 1409 2029 intentus
1429 1998 1644 2040 paratusque]
1673 1999 1779 2037 Quasi
1803 1998 1935 2031 formu-

1065 2045 1120 2078 lae
1143 2047 1303 2088 speciem
1332 2047 1441 2080 habet
1466 2048 1556 2080 haec
1579 2049 1750 2081 iunctura.
1791 2048 1931 2082 Sallust.

1066 2095 1164 2129 Catil.
1190 2097 1244 2129 27.
1278 2098 1350 2130 Liv.
1375 2097 1434 2138 30,
1461 2098 1514 2130 ⁴0.
1549 2115 1584 2121 —
1620 2102 1658 2131 ut
1679 2099 1824 2131 ordo--
1840 2100 1934 2131 adsi-

1064 2146 1173 2188 steret]
1208 2147 1267 2178 «ut
1299 2147 1387 2179 ordo
1421 2148 1589 2188 agminis,
1630 2148 1771 2190 quando
1806 2157 1934 2191 agmen

1065 2196 1269 2236 sisteretur,
1308 2197 1422 2230 aciem
1460 2197 1577 2230 statim
1614 2198 1784 2231 formaret
1817 2207 1934 2240 neque

1065 2254 1154 2287 opus
1178 2247 1274 2279 esset
1303 2245 1410 2279 talem
1439 2249 1525 2280 tunc
1549 2247 1694 2281 demum
1724 2249 1934 2282 instruere.»

1066 2295 1134 2337 (De
1166 2296 1308 2329 incessu
1341 2297 1545 2330 huiusmodi
1580 2298 1723 2340 insignis
1754 2301 1809 2332 est
1836 2298 1934 2332 locus

1065 2343 1202 2378 Sallust.
1228 2347 1301 2387 lug.
1320 2345 1394 2388 49.)
1419 2346 1469 2379 Cf.
1489 2356 1520 2379 c.
1539 2347 1596 2380 ⁴9:
1620 2348 1672 2380 hic
1684 2350 1782 2389 pedes
1796 2350 1934 2383 adstitit.

1065 2395 1115 2427 Ex
1130 2397 1350 2437 oppositione
1367 2395 1495 2429 clarius
1512 2398 1618 2430 etiam
1635 2399 1779 2439 patefiet
1793 2407 1933 2433 sensus.

1065 2445 1138 2477 LiV.
1171 2445 1232 2485 33,
1269 2446 1308 2478 9:
1344 2446 1499 2487 phalanx
1533 2448 1780 2489 (Macedonica)
1816 2458 1935 2490 aymen

1065 2495 1173 2536 mayis
1207 2503 1308 2535 quam
1341 2497 1447 2536 acies,
1482 2496 1660 2537 aptiorque
1692 2499 1803 2531 itineri
1833 2508 1935 2539 quam

1061 2553 1207 2587 pugnae.
1247 2545 1308 2585 35.
1339 2546 1399 2579 28:
1429 2547 1633 2579 inconditum
1662 2556 1781 2590 aqmen
1803 2552 1834 2582 et
1855 2552 1934 2582 tan-

1065 2595 1231 2628 tummodo
1254 2598 1369 2636 aptum
1389 2596 1476 2629 viae.

1110 2645 1164 2677 ⁴7.
1199 2645 1435 2685 imperatorem
1466 2646 1648 2689 advertere]
1687 2647 1760 2680 Liv.
1794 2648 1833 2689 i,
1869 2649 1929 2681 ⁴2:

1066 2694 1320 2736 adverteretque
1341 2704 1382 2728 ea
1403 2704 1457 2728 res
1478 2696 1580 2728 etiam
1601 2696 1740 2729 Sabinos
1769 2698 1854 2730 tanti
1871 2707 1933 2739 pe-

1064 2745 1171 2776 riculo
1191 2745 1268 2777 viri.
1305 2745 1386 2778 Tac.
1413 2745 1499 2778 Hist.
1518 2746 1550 2785 3.
1575 2745 1635 2779 48:
1662 2747 1805 2779 advertit
1826 2757 1867 2780 ea
1880 2758 1934 2781 res

1068 2794 1258 2834 Vespasiani
1283 2795 1456 2830 animum.
1502 2794 1611 2827 Aliter
1643 2797 1732 2829 Ann.
1768 2797 1828 2837 ⁴2,
1868 2799 1931 2830 5⁴:

1063 2844 1239 2876 Zenobiam
1260 2844 1431 2876 advertere
1448 2847 1612 2884 pastores.
1630 2862 1666 2868 —
1689 2846 1851 2887 leyionum
1866 2857 1933 2880 nu·-

1063 2893 1166 2935 mina]
1203 2893 1254 2926 Cf.
1281 2894 1368 2926 Hist.
1393 2893 1432 2933 3,
1464 2893 1523 2925 ⁴0:
1563 2902 1645 2927 ἠοω
1678 2904 1853 2929 conversus
1885 2899 1931 2930 ad

1062 2943 1160 2985 signa
1180 2947 1211 2975 et
1233 2942 1391 2975 bellorum
1405 2943 1491 2975 deos.
1515 2943 1660 2985 Dionys.
1678 2944 1755 2978 Hal.
1773 2946 1804 2986 6,
1822 2946 1864 2980 45
1884 2947 1929 2980 de

1064 2992 1207 3034 aquilis:
1242 2988 1452 3034 τιμιώτατα
1480 2989 1554 3039 γὰρ
1577 2988 1782 3037 Ῥωμαίοις
1809 2994 1930 3029 ταῦτα

1064 3041 1126 3075 ἐπὶ
1149 3042 1368 3087 στρατείας,
1392 3042 1458 3075 καὶ
1481 3037 1610 3089 ὥσπερ
1625 3042 1811 3090 ἱδρύματα
1828 3044 1928 3080 θεῶν

1066 3088 1147 3138 ἱερὰ
1162 3092 1365 3134 νομίζεται.
1391 3093 1462 3125 Liv.
1479 3093 1534 3133 26,
1548 3092 1610 3126 48:
1635 3093 1834 3136 obstringere
1851 3106 1929 3137 per-

1063 3142 1150 3173 iurio
1172 3150 1239 3173 non
1260 3150 1293 3174 se
1314 3142 1419 3174 solum
1440 3151 1601 3183 suumque
1621 3147 1738 3184 caput,
1762 3146 1819 3177 sed
1831 3147 1928 3188 siqna

1063 3191 1226 3223 militaria
1258 3195 1288 3224 et
1326 3191 1459 3232 aquilas
1494 3194 1759 3234 sacramentique
1790 3196 1928 3238 reliyio-

1062 3249 1148 3272 nem.
1165 3258 1201 3264 -
1226 3241 1324 3274 medii
1344 3242 1431 3274 inter
1451 3241 1518 3283 hos]
1536 3240 1671 3283 Triplex
1687 3245 1764 3275 erat
1779 3245 1928 3280 Germa-

1065 3298 1191 3323 norum
1203 3291 1315 3324 acies:
1341 3291 1371 3332 4)
1387 3291 1423 3323 in
1437 3291 1522 3323 silva
1532 3299 1619 3331 pone
1632 3293 1779 3333 tomum,-
1801 3295 1832 3336 2)
1848 3296 1928 3330 bar.

1065 3338 1150 3372 bara
1178 3341 1283 3381 acies,
1319 3349 1410 3382 quae
1430 3342 1545 3381 prima
1572 3340 1733 3375 silvarum
1761 3343 1921 3388 tenebat3

1066 3388 1097 3431 3)
1121 3388 1185 3422 soli
1207 3390 1359 3422 Cherusci
1380 3391 1462 3431 §uqa
1475 3389 1631 3422 insedere.
1662 3389 1736 3424 Iam
1754 3392 1925 3431 Cherusci

1044 3462 1052 3469 .
1065 3446 1086 3471 a
1107 3439 1273 3473 Romanis
1297 3438 1577 3472 detrudebantur
1599 3438 1685 3472 inter
1709 3439 1784 3484 hes,
1814 3443 1852 3478 id
1870 3447 1928 3480 est
