2254 3770
0 3066 5 3084 v:
0 2945 14 3057 ⁵7¹⁴-87v
0 2917 6 2935 w
0 2889 4 2907 -

789 281 944 324 LIBER
971 280 1037 324 1v.
1081 272 1181 337 cap.
1211 280 1252 324 3.
1282 280 1322 324 4.
1353 282 1394 324 5.
1904 278 1987 321 207

196 389 395 448 sumpsit3
426 401 627 447 quaeque
658 387 773 431 fratri
803 387 898 431 eius
928 387 1083 430 Neroni
1105 386 1358 431 decreverat
1377 394 1563 439 senatus,
1594 388 1787 446 repetita.
1827 386 1990 430 addidit

197 465 431 520 orationem
465 465 635 512 Caesar,
668 461 799 505 multa
829 475 926 505 cum
957 461 1083 505 laude
1103 461 1176 504 filii
1207 463 1286 510 sui,
1318 463 1436 521 quod
1466 463 1603 521 patria
1630 462 1916 507 benivolentia
1946 462 1989 503 in

198 540 336 584 fratris
365 539 525 582 liberos
554 538 674 581 foret.
705 552 802 581 nam
828 538 1008 587 Drusus,
1040 551 1302 595 quamquam
1333 538 1516 582 arduum
1544 538 1598 582 sit
1618 539 1771 582 eodem
1803 538 1881 581 loci
1911 551 1990 594 po-

196 615 371 659 tentiam
400 621 442 658 et
471 613 743 658 concordiam
768 627 877 662 esse,
911 626 1077 670 aequus
1107 612 1454 656 adulescentibus
1484 620 1558 657 aut
1578 620 1693 657 certe
1722 627 1807 656 non
1837 613 1991 656 adver-

197 704 271 734 sus
301 689 552 732 habebatur.
584 689 682 731 exin
701 695 825 731 vetus
845 694 888 731 et
907 701 1038 745 saepe
1069 686 1312 730 simulatum
1342 688 1646 745 proficiscendi
1677 689 1718 731 in
1747 689 2022 747 provincias5

197 764 420 808 consilium
457 764 652 807 refertur.
696 762 1007 806 multitudinem
1044 769 1342 811 veteranorum
1378 764 1657 821 praetexebat
1689 764 1922 822 imperator
1950 770 1994 807 et

198 839 425 884 dilectibus
455 838 720 896 supplendos
751 838 986 881 exercitus:
1024 852 1121 880 nam
1151 837 1436 881 voluntarium
1465 839 1638 883 militem
1671 839 1843 889 deesse,
1876 853 1927 882 ac
1956 841 1991 882 si

197 914 453 972 suppeditet,
485 928 570 958 non
600 913 754 958 eadem
786 913 938 956 virtute
965 926 1016 956 ac
1041 912 1252 958 modestia
1273 927 1414 971 agere,
1446 914 1548 971 quia
1566 914 1821 973 plerumque
1842 915 1992 972 inopes

200 1003 251 1034 ac
270 991 365 1047 vagi
387 996 538 1052 sponte
559 988 748 1033 militiam
770 995 950 1031 sumant.
971 989 1307 1047 percensuitque
1331 991 1491 1032 cursim
1520 1004 1746 1033 numerum
1777 990 1992 1047 legionum

199 1072 240 1108 et
260 1079 369 1122 quas
398 1064 641 1122 provincias
671 1070 919 1107 tutarentur.
950 1063 1068 1120 quod
1098 1063 1200 1106 mihi
1221 1077 1398 1122 quoque
1420 1065 1722 1122 exequendum
1745 1080 1856 1116 reor,
1879 1079 1992 1122 quae
2005 1069 2043 1099 ⁴⁰

199 1147 300 1184 tunc
315 1141 505 1184 Romana
516 1139 641 1197 copia
653 1139 694 1182 in
707 1139 848 1187 armis,
862 1139 935 1197 qui
952 1139 1057 1182 socii
1069 1153 1206 1196 reges,
1224 1146 1384 1196 quanto
1396 1141 1450 1182 sit
1461 1141 1682 1197 angustius
1695 1142 1992 1198 imperitatum.

313 1216 366 1271 (5)
397 1214 559 1258 Italiam
588 1221 772 1272 utroque
804 1215 909 1258 mari
940 1214 1052 1258 duae
1083 1213 1262 1264 classes,
1295 1214 1502 1258 Misenum
1534 1222 1636 1273 aput
1665 1222 1707 1259 et
1735 1218 1993 1267 Ravennam,

198 1290 528 1348 proximumque
565 1289 726 1333 Galliae
765 1289 865 1332 litus
904 1295 1113 1332 rostratae
1143 1303 1275 1333 naves
1313 1290 1636 1348 praesidebant,
1681 1306 1790 1350 quas
1825 1293 1996 1336 Actiaca
2041 1331 2044 1335 .

200 1366 378 1410 victoria
416 1371 562 1423 captas
598 1367 812 1422 Augustus
855 1364 896 1407 in
937 1364 1141 1422 oppidum
1183 1364 1472 1410 Foroiuliense
1507 1366 1682 1410 miserat
1718 1367 1860 1411 valido
1898 1381 1996 1412 cum

200 1441 376 1498 remige.
422 1440 500 1483 sed
536 1440 820 1497 praecipuum
854 1439 986 1483 robur
1023 1439 1218 1483 Rhenum
1253 1440 1385 1491 iuxta,
1425 1455 1651 1486 commune
1689 1442 1729 1485 in
1760 1443 1996 1487 Germanos
2009 1444 2046 1474 ⁴5

201 1515 433 1574 Gallosque
463 1514 719 1563 subsidium,
752 1522 848 1558 octo
883 1514 1077 1573 legiones
1107 1521 1240 1558 erant.
1285 1516 1516 1573 Hispaniae
1547 1531 1700 1561 recens
1729 1518 1996 1575 perdomitae

200 1591 337 1634 tribus
375 1590 654 1634 habebantur.
700 1591 870 1633 Mauros
909 1590 1015 1633 Iuba
1053 1604 1128 1634 rex
1167 1597 1395 1648 acceperat
1430 1591 1590 1635 donum
1629 1593 1774 1651 populi
1806 1595 1996 1638 Romani.

202 1673 346 1710 cetera
366 1665 529 1709 Africae
559 1678 639 1723 per
658 1665 766 1708 duas
797 1664 998 1723 legiones,
1031 1666 1211 1723 parique
1233 1680 1412 1710 numero
1433 1668 1665 1726 Aegyptus,
1697 1668 1852 1713 dehinc
1878 1670 1998 1713 initio

202 1742 256 1786 ab
294 1741 446 1785 Suriae
481 1754 620 1798 usque
659 1740 714 1784 ad
749 1740 909 1783 flumen
941 1740 1201 1798 Euphraten,
1239 1748 1444 1799 quantum
1476 1742 1632 1799 ingenti
1662 1750 1871 1788 terrarum
1902 1745 1999 1788 sinu

203 1816 404 1868 ambitur,
436 1822 637 1875 quattuor
667 1815 906 1873 legionibus
935 1816 1141 1866 coercita,
1174 1816 1332 1860 accolis
1363 1817 1523 1861 Hibero
1553 1818 1802 1876 Albanoque
1833 1827 1876 1863 et
1905 1819 2048 1864 aliis2⁰

273 1952 304 1984 4.
329 1953 446 1984 senatu
467 1958 523 1992 pr.
549 1950 582 1983 M
608 1965 645 1972 -—-
677 1948 710 1982 4.
734 1957 874 1982 aversus
895 1949 1071 1982 Heinsius.
1099 1966 1136 1972 —
1170 1950 1202 1982 7.
1230 1949 1399 1982 dilectibus
1420 1950 1472 1983 M:
1499 1950 1674 1983 delectibus
1702 1960 1837 1993 margo.
1869 1970 1905 1977 —
1943 1952 1997 1985 43.

204 2010 397 2040 constratae
419 2006 635 2048 Nipperdey.
661 2023 698 2029 —
727 2007 779 2039 45.
803 2008 923 2052 remite
944 2006 1193 2048 (superscripta
1215 2005 1330 2039 littera
1352 2015 1390 2048 9,
1415 2015 1487 2039 non
1509 2006 1537 2047 e)
1561 2007 1596 2041 M
1619 2024 1657 2031 —
1679 2008 1880 2049 precipuum
1901 2009 1935 2043 M
1960 2026 1997 2032 —

206 2064 260 2097 49.
285 2064 407 2096 Suriae
428 2063 607 2097 Muretus:
632 2062 731 2094 suria
753 2063 787 2096 M
812 2079 848 2085 —
873 2062 1028 2103 eufraten
1050 2062 1094 2095 M.

250 2164 283 2197 5.
315 2166 456 2203 utroque
483 2161 589 2204 mari]
622 2161 734 2194 infero
769 2162 844 2194 sive
881 2162 1077 2204 Tyrrheno,

208 2216 244 2247 in
267 2222 337 2256 quo
361 2214 534 2247 Misenum
551 2212 832 2254 promontorium
850 2212 1077 2254 Campaniae,

209 2265 246 2297 et
269 2271 399 2305 supero
422 2271 452 2295 s.
478 2262 671 2301 Adriatico,
703 2261 749 2293 ad
772 2261 869 2303 quod
901 2263 1078 2294 Ravenna.

213 2315 357 2347 Sueton.
382 2314 470 2354 Aug.
497 2311 559 2345 49:
602 2312 746 2344 Classem
778 2312 897 2344 Miseni
930 2315 960 2344 et
995 2312 1080 2344 alle-

208 2372 289 2395 ram
320 2364 498 2395 Ravennae
530 2362 575 2394 ad
608 2361 744 2393 tutelam
777 2362 890 2402 superi
923 2365 953 2393 et
982 2362 1082 2403 inferi

208 2414 316 2445 maris
337 2413 531 2444 conlocavit.
564 2412 727 2444 Lucanus
747 2410 792 2443 de
809 2412 993 2452 Apennino
1016 2413 1083 2444 Ita-

210 2462 294 2495 liam
317 2461 495 2494 dividente
518 2461 559 2501 2,
584 2460 668 2493 399;
702 2462 798 2494 Mons
827 2461 914 2493 inter
934 2462 1084 2503 geminas

209 2513 336 2545 maius
368 2521 402 2545 se
430 2511 577 2552 porrigit
612 2511 722 2543 undas
752 2511 876 2553 inferni
907 2513 1084 2552 superique

210 2564 327 2596 maris.
345 2580 381 2585 -
400 2562 558 2603 oppidum
573 2561 807 2603 Foroiuliense]
830 2561 935 2594 hodie
951 2562 1080 2602 Frejus.

213 2613 265 2646 Cf.
284 2614 317 2653 2,
335 2612 395 2645 63;
422 2612 547 2645 Forum
567 2612 690 2644 Iulium
710 2611 936 2644 Narbonensis
954 2612 1084 2645 Galliae

213 2664 380 2696 coloniam
400 2663 555 2695 mittitur.
583 2679 619 2684 —
652 2665 724 2694 octo
747 2662 904 2704 legiones]
936 2661 1024 2694 Vide
1049 2663 1080 2702 4,

213 2713 249 2745 34
279 2714 315 2745 et
337 2712 392 2745 37.
421 2730 457 2736 —
488 2720 603 2744 recens
629 2711 850 2753 perdomitae]
877 2712 978 2744 XLVI
1001 2713 1082 2744 ante

213 2771 336 2795 annos.
373 2762 490 2795 Livius
513 2762 573 2801 28,
601 2761 641 2794 42
672 2761 717 2793 de
750 2761 935 2804 Hispania:
970 2763 1086 2794 Prima

214 2812 370 2845 Romanis
402 2812 490 2844 inita
516 2810 796 2852 provinciarum,
832 2820 919 2851 quae
953 2812 1085 2853 quidem

213 2861 408 2894 continentis
429 2861 512 2900 sint,
532 2864 703 2901 postrema
725 2861 874 2893 omnium
894 2864 1010 2893 nostra
1033 2862 1086 2893 de-

213 2920 306 2943 mum
335 2913 444 2943 aetate
472 2911 574 2943 ductu
604 2910 818 2951 auspicioque
838 2910 978 2952 Augusti
1001 2911 1085 2944 Cae-

214 2960 303 2992 saris
332 2960 574 3000 perdomita
610 2963 679 2992 est.-
714 2961 861 3001 propter
889 2960 1085 2994 Cantabros

217 3008 351 3042 scilicet
373 3010 409 3041 et
423 3011 583 3048 Astures,
609 3017 699 3050 quos
719 3009 796 3050 ipse
813 3008 941 3041 devicit
956 3018 987 3042 a.
1006 3009 1083 3043 730.

217 3061 360 3092 sueton.
378 3060 464 3100 Aug.
482 3059 519 3092 24
544 3060 579 3092 et
597 3059 651 3091 84.
676 3058 764 3091 Flor.
783 3059 816 3098 2,
834 3060 887 3091 47.
908 3076 943 3082 -
969 3059 1084 3100 tribus]

218 3107 414 3150 legionibus
437 3108 497 3140 1111
520 3107 767 3147 Macedonica,
795 3108 840 3139 VI
862 3108 1032 3148 Victrice,
1056 3109 1086 3141 X

219 3158 377 3191 Gemina.
394 3174 431 3180 —
445 3156 596 3199 Mauros]
614 3156 867 3190 Mauretaniam
883 3158 1084 3198 utramque,

220 3208 491 3241 Caesariensem
515 3207 552 3239 et
573 3206 810 3247 Tingitanum,
835 3207 973 3248 partem
996 3207 1088 3239 occi-

221 3256 399 3290 dentalem
415 3257 609 3289 hodiernae
624 3255 825 3288 Barbariae.
837 3274 872 3279 —
886 3255 980 3297 Iuba]
997 3255 1087 3289 filius

222 3305 330 3339 Iubae
354 3308 447 3346 eius,
480 3306 540 3348 qui
563 3314 583 3337 a
608 3305 760 3338 Caesare
783 3305 896 3337 victus
920 3306 991 3345 est,
1023 3314 1089 3347 pa-

223 3357 348 3398 terque
370 3355 562 3389 Ptolemaei
584 3363 605 3387 a
621 3353 774 3396 Caligula
796 3354 980 3387 interfecti.
1005 3355 1089 3387 Sue-

225 3403 298 3440 ton.
330 3404 436 3448 Calig.
468 3404 511 3438 26
542 3406 578 3438 et
604 3403 659 3437 35.
695 3404 759 3436 Dio
781 3403 837 3445 54,
863 3404 915 3437 45.
951 3403 1006 3446 ⁶3,
1030 3403 1086 3437 26.

1130 2161 1213 2194 Erat
1234 2162 1290 2193 vir
1312 2161 1555 2202 doctissimus,
1581 2163 1641 2204 qui
1665 2162 1847 2205 complura
1870 2165 2001 2207 scripta

1132 2212 1350 2254 composuit;
1375 2213 1536 2253 regnavit
1551 2213 1683 2245 XLVIII
1699 2222 1821 2254 annos,
1839 2217 2001 2249 mortuus

1131 2262 1202 2294 iam
1226 2270 1258 2293 a.
1285 2261 1366 2302 772,
1400 2264 1567 2303 quattuor
1596 2263 1700 2304 igitur
1729 2264 1830 2297 annis
1853 2266 1935 2298 ante
1960 2266 1999 2298 C.

1132 2311 1289 2343 Asinium
1314 2311 1353 2343 C.
1371 2311 1559 2344 Antistium
1583 2320 1697 2350 coss.;
1723 2313 1788 2345 sed
1808 2314 1947 2348 Tacitus
1963 2315 1999 2348 h.

1131 2360 1153 2393 l.
1179 2362 1250 2402 agit
1271 2360 1316 2393 de
1338 2362 1476 2403 imperii
1492 2363 1639 2394 Romani
1655 2364 1746 2395 statu
1762 2363 1830 2396 sub
1846 2366 2002 2406 Augusto

1131 2411 1361 2452 praesertim,
1401 2411 1583 2453 Iubaeque
1624 2415 1850 2446 successerat
1886 2414 2003 2447 Ptole-

1132 2469 1257 2493 maeus
1273 2460 1375 2494 filius.
1394 2478 1429 2484 —
1442 2471 1508 2503 per
1522 2463 1606 2494 duas
1620 2462 1774 2505 leyiones]
1791 2463 2002 2506 plerumque

1131 2520 1197 2553 per
1218 2520 1327 2544 unam
1350 2511 1532 2545 dumtaxat
1556 2513 1612 2554 (111
1634 2515 1860 2554 Augustam);
1894 2515 1938 2548 cf.
1963 2517 2001 2556 2,

1132 2562 1186 2594 52.
1212 2562 1299 2594 Hist.
1323 2562 1356 2602 2,
1382 2562 1434 2594 97.
1460 2562 1494 2602 4,
1519 2562 1574 2596 48.
1605 2564 1650 2595 At
1672 2564 1766 2596 enim
1788 2573 1854 2606 per
1868 2564 2003 2598 bellum

1132 2611 1358 2645 Tacfarinatis
1393 2611 1503 2645 altera
1536 2611 1627 2654 legio
1659 2613 1760 2655 (VIIII
1788 2615 1957 2657 Hispana)
1982 2625 2001 2649 e

1132 2661 1313 2693 Pannonia
1346 2662 1381 2693 in
1415 2661 1568 2694 Africam
1603 2662 1708 2695 ducta
1743 2666 1840 2705 erat,
1880 2665 2001 2708 ibique

1134 2711 1266 2743 mansit
1287 2710 1377 2743 ultra
1399 2711 1597 2745 biennium.
1624 2713 1675 2746 Cf.
1694 2714 1727 2753 3,
1745 2714 1777 2746 9.
1803 2714 1836 2755 4,
1853 2716 1907 2749 23.
1934 2717 2002 2748 Ea-

1134 2759 1218 2793 dem
1242 2760 1286 2792 de
1310 2769 1417 2793 causa
1435 2761 1523 2794 infra
1540 2762 1632 2795 duae
1649 2762 1832 2796 dumtaxat
1846 2763 2002 2806 legiones

1133 2810 1169 2842 in
1193 2811 1371 2843 Pannonia
1394 2814 1645 2852 numerantur,
1671 2822 1754 2846 cum
1769 2815 1843 2848 tres
1862 2814 2000 2847 fuerint.

1119 2860 1187 2893 Cf.
1206 2860 1237 2900 4,
1257 2860 1309 2893 46.
1331 2877 1367 2883 -
1390 2862 1535 2902 parique
1547 2871 1686 2894 numero
1699 2862 1875 2905 Aeyyptus]
1898 2863 2004 2906 legio-

1135 2908 1239 2942 nibus
1261 2909 1306 2941 111
1331 2910 1524 2950 Cyrenaica
1548 2912 1584 2943 et
1603 2911 1693 2944 XXII
1716 2912 2000 2945 Deiotariana.—

1132 2959 1228 2992 initio
1248 2958 1290 2990 ab
1305 2959 1437 3001 Suriae]
1463 2959 1514 2993 Cf.
1532 2960 1565 3000 3,
1582 2961 1643 2993 72:
1668 2966 1826 2995 ornatum
1840 2964 1885 2995 ad
1899 2962 2002 2996 urbis.

1135 3008 1174 3049 4,
1201 3009 1260 3041 ⁴6:
1297 3009 1386 3041 sedes
1407 3010 1494 3042 inter
1519 3011 1706 3044 Vestalium.
1743 3013 1775 3053 6,
1801 3012 1861 3045 3⁴:
1893 3013 2004 3054 ripam

1136 3059 1227 3100 apud
1247 3059 1442 3099 Euphratis.
1479 3060 1511 3100 6,
1536 3060 1578 3094 37
1603 3063 1639 3094 et
1662 3062 1715 3102 42,
1741 3063 1800 3094 44ῑ
1824 3063 1937 3103 ripam
1959 3062 2004 3095 ad

1135 3108 1328 3148 Euphratis.
1355 3109 1408 3150 42,
1426 3110 1462 3142 54
1481 3119 1488 3141 :
1511 3111 1624 3151 ripam
1639 3110 1831 3143 adAraoeis.
1848 3129 1885 3134 —
1903 3114 2005 3152 quat-

1136 3161 1214 3190 tuor
1235 3157 1434 3200 leyionibus]
1469 3161 1514 3192 111
1542 3159 1685 3201 Gallica,
1723 3161 1766 3192 VI
1789 3161 1945 3201 Ferrata,
1973 3162 2004 3194 X

1138 3208 1312 3247 Fretensi,
1336 3209 1395 3241 XII
1419 3208 1623 3242 Fulminata.
1650 3227 1686 3233 —
1717 3209 1838 3242 Hibero
1858 3210 2005 3245 Albano-

1137 3257 1211 3300 que]
1236 3258 1368 3291 Horum
1391 3267 1516 3300 regum
1539 3259 1684 3292 historia
1708 3267 1852 3301 prorsus
1867 3261 2004 3303 ignora-

1138 3309 1212 3346 tur;
1229 3307 1311 3341 vide
1326 3308 1482 3342 Visconti
1496 3308 1732 3350 Iconoyraphie
1745 3318 1799 3350 qr.
1816 3310 1856 3342 11.
1874 3318 1910 3353 p.
1924 3311 2001 3352 270,

1139 3356 1199 3398 qui
1230 3365 1342 3390 unum
1376 3359 1513 3391 tantum
1540 3357 1698 3399 repperit
1725 3356 1835 3391 seculi
1856 3359 1902 3392 III
1923 3361 2006 3402 post

1139 3404 1235 3447 Chr„
1252 3408 1293 3439 ut
1305 3405 1457 3448 videtur,
1475 3407 1511 3440 in
1522 3406 1661 3447 onyche
1673 3406 1842 3450 inscrIpto
1854 3407 2005 3442 ΟΤΣΑΣ
