2254 3770
292 257 376 301 280
768 261 814 304 Ρ.
845 259 1096 304 CORNELII
1125 260 1296 305 TACITI
1324 259 1592 305 ANNALIUM

291 366 551 411 adventaret.
596 368 650 411 ita
683 365 957 424 castigandae
992 366 1107 425 plebi
1139 366 1422 424 compositum
1458 371 1631 410 senatus
1661 366 1900 410 consultum
1935 366 2078 424 prisca

291 442 537 493 severitate,
573 457 716 501 neque
746 442 920 498 segnius
951 442 1151 487 consules
1182 443 1370 487 edixere.
1420 441 1634 486 silentium
1661 442 1795 500 ipsius
1825 455 1910 486 non
1940 441 2075 490 civile.

291 524 336 561 ut
365 518 618 568 crediderat,
651 517 727 561 sed
758 517 800 561 in
832 518 1078 576 superbiam
1108 518 1409 576 accipiebatur.

405 592 435 650 (l
446 593 485 649 4)
517 594 619 638 Fine
640 596 738 636 anni
760 593 990 646 Geminius,
1023 593 1184 645 Celsus,
1216 593 1457 652 Pompeius,
1484 593 1651 652 equites
1671 593 1858 645 Romani,
1881 593 2078 638 cecidere

259 668 596 714 ⁵coniurationis
631 668 826 722 crimine3
867 682 920 713 ex
956 670 1054 728 quis
1092 669 1310 713 Geminius
1347 669 1614 727 prodigentia
1650 683 1780 728 opum
1817 683 1867 713 ac
1904 667 2080 712 mollitia

288 743 400 788 vitae
431 744 594 788 amicus
615 745 782 803 Seiano,
817 743 919 787 nihil
948 745 1003 788 ad
1033 746 1206 789 serium.
1239 753 1281 789 et
1309 745 1439 788 Iulius
1461 744 1611 789 Celsus
1642 745 1836 789 tribunus
1866 746 1908 788 in
1928 744 2079 789 vinclis

288 819 471 863 laxatam
491 827 684 864 catenam
706 826 748 864 et
768 820 1071 865 circumdatam
1094 821 1136 863 in
1158 821 1376 864 diversum
1396 821 1577 864 tendens
1601 835 1723 864 suam
1755 821 1847 879 ipse
1869 821 2080 865 cervicem

288 895 503 954 perfregit.
549 902 590 939 at
627 895 786 940 Rubrio
824 896 1001 947 Fabato,
1045 904 1260 955 tamquam
1296 896 1534 954 desperatis
1572 895 1704 940 rebus
1741 896 1941 940 Romanis
1979 897 2082 940 Par-

288 971 458 1014 thorum
490 971 543 1015 ad
573 971 912 1016 misericordiam
941 972 1117 1031 fugeret,
1150 972 1352 1016 custodes
1383 972 1527 1015 additi.
1564 986 1667 1016 sane
1700 972 1734 1015 is
1761 979 1959 1030 repertus
1979 978 2082 1030 aput

239 1056 275 1086 10
289 1046 442 1091 fretum
478 1047 648 1091 Siciliae
687 1054 982 1107 retractusque
1020 1063 1099 1106 per
1138 1048 1430 1092 centurionem
1466 1047 1603 1091 nullas
1642 1047 1888 1106 probabiles
1927 1061 2080 1091 causas

289 1123 547 1182 longinquae
581 1124 937 1182 peregrinationis
967 1124 1198 1168 adferebat.
1243 1124 1395 1168 mansit
1423 1130 1566 1167 tamen
1596 1123 1832 1175 incolumis,
1865 1123 2079 1168 oblivione

288 1199 424 1257 magis
454 1213 584 1257 quam
614 1199 850 1243 clementia.
1250 1209 1252 1211 ’

405 1274 486 1332 (15)
524 1276 616 1319 Ser.
647 1274 780 1319 Galba
817 1277 861 1319 L.
894 1275 1009 1319 Sulla
1047 1279 1131 1319 cos.
1168 1275 1242 1318 diu
1272 1275 1468 1334 quaesito
1498 1288 1608 1333 quos
1644 1275 1842 1333 neptibus
1872 1275 1962 1319 suis
1992 1289 2081 1319 ma-

290 1351 395 1394 ritos
425 1350 659 1394 destinaret
690 1351 868 1400 Caesar.
907 1358 1137 1410 postquam
1165 1351 1348 1394 instabat
1375 1350 1585 1408 virginum
1615 1357 1753 1401 aetas,
1794 1351 1839 1394 L.
1872 1351 2078 1401 Cassium,

241 1434 278 1464 ⁴5
290 1427 342 1470 M.
374 1426 583 1470 Vinicium
611 1426 723 1482 legit.
770 1427 930 1471 Vinicio
961 1427 1223 1485 oppidanum
1251 1441 1408 1484 genus:
1442 1425 1612 1471 Calibus
1638 1432 1778 1476 ortus,
1810 1432 1931 1485 patre
1953 1433 2082 1486 atque

291 1516 372 1546 avo
402 1501 719 1553 consularibus,
754 1509 898 1547 cetera
927 1505 1116 1561 equestri
1148 1503 1303 1546 familia
1333 1508 1442 1552 erat,
1476 1502 1586 1546 mitis
1618 1502 1787 1559 ingenio
1820 1509 1862 1546 et
1888 1509 2083 1560 comptae

292 1577 528 1622 facundiae.
575 1578 748 1622 Cassius
788 1578 946 1637 plebeii
987 1581 1143 1623 Romae
1183 1579 1371 1636 generis,
1417 1593 1568 1623 verum
1597 1578 1758 1637 antiqui
1788 1578 2080 1637 honoratique.

356 1705 387 1739 4.
414 1706 582 1739 caecidere
604 1706 638 1739 M
664 1723 699 1730 —
726 1708 759 1739 5.
786 1707 891 1739 Gaius
914 1707 1085 1740 Geminius
1108 1707 1281 1748 Ritterus,
1308 1707 1367 1748 qui
1391 1715 1474 1740 eum
1498 1706 1654 1739 confudit
1677 1714 1758 1739 cum
1782 1706 1816 1740 C.
1835 1707 1929 1749 Fufio
1948 1706 2084 1740 Gemino

292 1761 435 1796 consule
459 1771 490 1795 a.
516 1771 552 1795 u.
578 1762 653 1795 782.
680 1762 731 1796 Cf.
759 1763 791 1803 5,
818 1763 830 1795 l
853 1771 907 1805 sq.
936 1781 970 1787 -
997 1764 1145 1796 mollicia
1167 1765 1200 1797 M
1219 1782 1255 1787 —
1282 1763 1313 1796 9.
1338 1773 1417 1796 sane
1439 1764 1468 1797 is
1483 1764 1680 1797 Mercerus:
1705 1771 1807 1796 sanus
1823 1763 1856 1797 M
1875 1780 1909 1787 -
1938 1763 1991 1796 Η.
2009 1762 2084 1796 lon-

290 1819 412 1862 qinquo
433 1819 467 1852 M
494 1837 529 1842 —
549 1820 838 1861 peregrinationes
859 1828 915 1862 pr.
940 1820 975 1853 M
1001 1838 1036 1843 -
1062 1821 1115 1853 ⁴7.
1139 1829 1232 1853 rome
1253 1821 1298 1854 M.

289 1946 448 1987 frumenti
470 1944 714 1986 inferebantur,
744 1945 833 1978 teste
857 1944 998 1978 Aurelio
1020 1946 1162 1979 Victore

291 1996 381 2038 Epit.
410 1996 441 2035 l,
468 1995 498 2027 6.

337 2046 387 2078 ⁴4.
414 2045 497 2078 nihil
530 2045 575 2077 acl
604 2045 745 2087 serium]
778 2044 911 2078 nullum
944 2047 1084 2088 gravius
1109 2047 1163 2079 in-

293 2097 455 2138 ceptum,
498 2095 630 2128 nedum
666 2096 965 2136 coniurationem,
1005 2106 1086 2130 cum
1122 2107 1163 2130 eo

293 2147 573 2180 communicarat
597 2147 756 2179 Seianus.
786 2165 819 2170 —
849 2148 952 2179 Iulius
975 2149 1084 2181 Celsus
1106 2149 1166 2181 tri-

293 2197 408 2239 bunus]
434 2197 596 2229 diversus
619 2206 640 2229 a
665 2196 767 2230 Celso
792 2199 909 2239 equite
934 2200 1091 2231 Romano
1117 2199 1161 2241 (v.

294 2246 338 2289 4).
366 2246 417 2280 Cf.
445 2255 475 2279 c.
502 2247 533 2279 9.

339 2298 390 2330 45.
417 2297 489 2330 Ser.
514 2297 632 2339 Galba]
663 2298 805 2340 Proprie
834 2297 1064 2331 scribendum
1090 2303 1165 2331 erat

294 2347 394 2380 Lucio
419 2347 545 2385 Galba:
579 2356 662 2379 nam
692 2347 798 2380 Galba
832 2349 1041 2390 imperator,
1073 2351 1163 2382 teste

294 2398 460 2430 Suetonio
484 2398 517 2429 in
543 2399 618 2430 eius
641 2398 711 2430 vita
737 2407 768 2430 c.
794 2397 831 2438 4,
858 2400 1035 2439 adoptatus
1058 2408 1080 2430 a
1102 2409 1165 2431 no—

292 2457 393 2479 verca
421 2456 483 2479 sua
509 2449 605 2480 Livia
635 2457 753 2480 nomen
782 2452 812 2480 et
835 2449 964 2481 Ocellae
986 2458 1165 2490 coqnomen

295 2498 488 2538 assumpsit,
513 2501 641 2530 mutato
663 2499 889 2538 praenomine.
915 2500 1003 2531 Nam
1026 2501 1165 2532 Lucium

293 2557 375 2580 moa:
387 2557 451 2588 pro
467 2548 584 2581 Servio
601 2557 702 2589 usque
718 2550 762 2581 ad
777 2552 903 2589 tempus
918 2550 1049 2590 imperii
1064 2560 1165 2582 usur-

292 2598 398 2639 pavit.
437 2599 551 2639 Atque
575 2607 613 2630 re
638 2607 719 2630 vera
745 2599 780 2631 in
803 2601 937 2632 tessera
963 2601 1163 2642 gladiatoria

296 2648 388 2682 edita
413 2656 431 2680 a
456 2648 643 2681 Muratorio
668 2649 697 2687 1,
722 2658 755 2690 p.
776 2649 851 2688 303,
872 2651 902 2690 4,
929 2660 948 2682 a
968 2650 1164 2684 Cardinalio

295 2698 442 2739 Diplomi
470 2706 505 2740 p.
534 2699 612 2730 ⁴22:
652 2699 809 2732 MVRTIL
818 2700 865 2732 VS
884 2702 889 2738 1
910 2701 1058 2733 ΑΤΤΙΑΕ
1078 2706 1082 2737 ι
1103 2701 1161 2732 SP.

295 2749 351 2781 III.
377 2748 478 2781 NON.
504 2748 581 2780 IVN
599 2749 604 2784 l
624 2749 660 2780 L.
682 2749 798 2782 SVLL.
824 2750 861 2782 L.
887 2750 1000 2783 SVLP.
1034 2749 1163 2783 Galbae

296 2807 515 2841 praenomen
541 2800 594 2830 est
612 2799 741 2831 Lucius.
768 2800 835 2832 Sed
860 2801 1000 2833 Tacitus
1024 2800 1165 2833 solitum

297 2858 339 2882 ac
360 2849 470 2890 magis
487 2850 608 2881 notum
627 2858 845 2890 praenomen
862 2851 893 2882 ei
911 2850 1043 2889 tribuit,
1070 2851 1164 2892 quod

296 2898 423 2940 legitur
446 2900 551 2931 etiam
576 2899 609 2930 in
634 2899 828 2940 fragmento
852 2900 1021 2933 fastorum
1041 2901 1167 2934 Nolen-

298 2950 389 2982 sium
407 2950 533 2982 lnscrr.
550 2950 636 2981 Latt.
653 2958 685 2981 n.
701 2948 804 2981 4033:
831 2951 923 2983 SER.
938 2951 1164 2985 SVLPICIVS.

299 2999 447 3032 GALBA.
466 2999 502 3031 L.
521 2999 666 3031 SVLLA.
685 2999 819 3032 FELIX.
841 3000 928 3033 COS.
952 3020 984 3024 -
1002 3003 1038 3034 L.
1057 3002 1164 3043 Sulla]

297 3049 446 3082 Videtur
469 3057 548 3082 esse
571 3049 618 3085 is.
650 3049 748 3081 cuius
773 3051 904 3082 mentio
929 3051 967 3090 3,
994 3052 1047 3084 34.
1075 3051 1164 3085 filius

298 3101 336 3133 L.
362 3098 513 3133 Cornelii
536 3097 650 3131 Sullae
676 3107 749 3131 cos.
777 3107 806 3130 a.
834 3108 867 3132 u.
894 3100 969 3133 749.
996 3102 1059 3141 Qui
1083 3111 1164 3134 cum

298 3151 393 3184 Felix
420 3148 616 3192 appelletur
645 3149 680 3181 in
709 3147 825 3191 lapide
857 3152 950 3192 apud
975 3153 1164 3185 Gruterum

299 3200 409 3240 (⁴087,
435 3201 485 3239 4),
516 3200 584 3232 hoc
609 3200 685 3242 ipso
708 3199 868 3241 proditur
891 3202 981 3233 inter
1004 3204 1165 3244 posteros

299 3249 411 3281 Sullae
442 3249 634 3282 dictatoris.
666 3250 768 3282 vax.
795 3266 830 3272 —
863 3251 1033 3292 virginum
1060 3254 1163 3296 aetas]

299 3298 446 3332 Drusilla
486 3299 662 3339 sedecim,
699 3298 782 3332 lulia
817 3300 1017 3342 quindecim
1053 3311 1164 3336 annos

1214 1947 1302 1979 Latt.
1328 1956 1362 1979 n.
1388 1946 1498 1986 4033.)
1535 1946 1606 1979 Sub
1642 1947 1725 1979 Gaio
1761 1946 1949 1989 proconsul
1979 1947 2082 1980 Asiae

1214 1997 1441 2029 monentibus
1466 1997 1621 2030 sortibus
1643 1998 1842 2035 Antiatinis,
1867 2001 1904 2030 ut
1926 2007 1950 2029 a
1971 1997 2084 2030 Cassio

1214 2051 1345 2080 caveret
1370 2047 1620 2088 (intelligebant
1643 2049 1763 2080 autem
1787 2048 1948 2080 Cassium
1973 2048 2084 2080 Chae-

1214 2098 1339 2138 ream),
1357 2107 1377 2130 a
1394 2100 1545 2139 tyranno
1566 2099 1704 2131 occisus
1721 2099 1788 2131 est.
1813 2100 1955 2131 Sueton.
1974 2097 2081 2140 Callg.

1214 2149 1267 2180 57.
1294 2148 1357 2180 Dio
1381 2148 1435 2188 59,
1453 2148 1506 2180 29.
1533 2158 1552 2180 a
1578 2157 1648 2189 quo
1669 2157 1751 2180 cum
1767 2149 1850 2181 Gaio
1874 2148 1979 2180 fratre
1996 2157 2084 2181 con-

1214 2198 1312 2231 fusus
1342 2200 1406 2231 est.
1445 2197 1495 2230 Cf.
1521 2198 1609 2230 infra
1634 2206 1664 2230 c.
1690 2198 1743 2231 45.
1773 2216 1806 2222 —
1833 2199 1881 2231 M.
1910 2197 2082 2240 Vinicium]

1216 2249 1277 2281 Hic
1301 2250 1354 2281 est
1377 2249 1421 2281 M.
1448 2247 1503 2281 ille
1521 2249 1691 2288 Vinicius,
1716 2248 1761 2280 ad
1778 2257 1886 2290 quem
1903 2248 2084 2281 historiam

1214 2307 1315 2331 suam
1329 2298 1479 2331 Velleius
1494 2300 1596 2332 misit.
1618 2299 1783 2331 Produxit
1799 2299 1904 2331 vitam
1922 2298 1966 2331 ad
1984 2297 2085 2332 Clau-

1215 2349 1309 2381 dium
1336 2351 1370 2381 et
1394 2358 1411 2381 a
1438 2348 1639 2389 Messalina,
1665 2349 1744 2390 quia
1770 2349 1942 2390 pudorem
1966 2357 2086 2382 serva-

1213 2401 1323 2437 verat,
1343 2399 1547 2431 interfectus
1564 2401 1628 2432 est.
1655 2400 1718 2431 Dio
1736 2400 1789 2439 60,
1808 2400 1862 2431 27.
1888 2401 1992 2432 Pater
2006 2399 2083 2432 eius

1215 2449 1356 2482 Publius
1374 2458 1446 2482 cos.
1465 2458 1496 2481 a.
1511 2450 1586 2489 755,
1606 2458 1692 2482 avus
1710 2450 1846 2482 Marcus
1863 2458 1936 2482 cos.
1955 2458 1985 2481 a.
2005 2450 2080 2483 735.

1215 2500 1300 2531 Lirs.
1327 2501 1405 2541 lpse
1423 2498 1544 2532 consul
1561 2501 1636 2532 erat
1651 2509 1682 2532 a.
1702 2509 1736 2533 u.
1751 2500 1815 2533 783
1832 2502 1938 2541 atque
1954 2500 2082 2532 iterum

1215 2559 1246 2582 a.
1266 2550 1341 2582 798.
1368 2549 1418 2582 Cf.
1439 2559 1469 2582 c.
1488 2549 1541 2582 45.
1569 2568 1602 2572 -—
1628 2549 1840 2592 oppidanum]
1866 2549 2002 2582 urbano
2017 2558 2083 2592 op-

1214 2599 1378 2641 positum.
1406 2599 1457 2632 Cf.
1477 2600 1548 2633 Cic.
1569 2601 1662 2632 Brut.
1682 2600 1701 2642 S
1718 2599 1800 2633 242:
1823 2600 1988 2641 oppidano
2003 2609 2084 2641 quo-

1215 2651 1294 2681 dam
1323 2653 1353 2681 et
1374 2650 1540 2682 incondito
1562 2659 1682 2691 genere
1703 2650 1841 2682 dicendi.
1869 2667 1904 2673 -
1938 2649 2081 2692 cacabus]

1214 2700 1250 2732 in
1275 2700 1486 2740 Campania,
1516 2700 1550 2732 h.
1577 2700 1681 2733 Calvi.
1708 2717 1743 2723 —
1765 2700 1886 2742 patris]
1912 2701 1947 2732 L.
1971 2701 2082 2734 Cassii

1216 2751 1252 2782 L.
1279 2750 1301 2781 f.
1327 2750 1492 2790 Longini,
1518 2749 1670 2783 consulis
1693 2750 1830 2783 suffecti
1847 2759 1877 2782 a.
1898 2759 1931 2782 u.
1950 2750 2025 2783 764.
2043 2768 2079 2775 —

1214 2801 1289 2832 huic
1300 2801 1484 2832 Drusillam
1496 2819 1514 2825 -
1523 2819 1542 2824 -
1553 2801 1732 2843 coniungit]
1748 2800 1798 2833 Cf.
1814 2801 1955 2833 Sueton.
1972 2799 2079 2843 Calig.

1215 2849 1267 2883 24.
1290 2866 1325 2873 ·-
1344 2851 1485 2892 coeptas]
1506 2850 1556 2883 Cf.
1575 2860 1606 2883 c.
1626 2850 1686 2882 30:
1712 2851 1916 2892 adfinitatem
1931 2850 1992 2883 sibi
2007 2860 2083 2883 cum

1215 2900 1335 2932 Seiano
1365 2900 1433 2932 hau
1465 2904 1599 2940 spon!e‚-
1628 2900 1684 2932 sed
1708 2900 1843 2932 consilio
1868 2900 1985 2933 Tiberii
2007 2909 2083 2933 coe-

1210 2954 1315 2991 ptam.
1343 2951 1396 2989 ⁴2,
1416 2951 1475 2982 ⁴0:
1499 2954 1639 2983 veterem
1653 2950 1770 2982 sibiae
1788 2950 1919 2990 publice
1933 2954 2083 2992 coeptam

1214 3001 1381 3033 nobiscum
1418 3001 1612 3033 amicitiam.
1652 3017 1686 3023 —
1727 3001 1844 3033 Macro
1877 3000 2081 3043 praefectus]

1214 3051 1367 3083 Naevius
1391 3051 1565 3083 Sertorius
1582 3051 1710 3089 Macro,
1731 3050 1921 3092 praetorio.
1948 3050 1997 3083 Cf.
2017 3051 2081 3083 Dio

1214 3100 1273 3140 58,
1293 3101 1323 3132 9.
1350 3103 1377 3133 A
1395 3099 1546 3142 Caligula
1564 3104 1606 3136 (a.
1624 3110 1658 3133 u.
1678 3101 1752 3140 79⁴)
1770 3101 1807 3132 ut
1822 3108 1861 3132 se
1878 3100 1954 3141 ipse
1972 3100 2081 3132 inter-

1215 3151 1337 3183 ficeret
1365 3152 1509 3183 coactus
1539 3152 1603 3184 est.
1641 3151 1703 3183 Dio
1732 3150 1791 3189 59,
1824 3149 1877 3181 40.
1914 3149 1964 3182 Cf.
1992 3149 2079 3183 infra

1214 3209 1245 3233 c.
1271 3201 1324 3233 23.
1350 3200 1404 3232 29.
1430 3201 1483 3233 38.
1510 3200 1563 3234 45.
1589 3201 1642 3233 47.
1668 3199 1722 3233 48.
1746 3199 1801 3232 50.
1835 3198 1888 3232 Ad
1920 3208 1997 3232 rem
2021 3200 2079 3233 hic

1214 3253 1392 3284 narratam
1420 3251 1463 3284 cf.
1490 3252 1553 3283 Dio
1577 3251 1638 3290 58,
1664 3251 1716 3283 ⁴8.
1749 3267 1785 3273 —-
1815 3250 1884 3282 sine
1909 3252 2080 3290 praescri—

1209 3303 1322 3343 ptione
1343 3302 1483 3344 yeneris]
1509 3301 1715 3338 custodum
1740 3301 1858 3333 utrum
1882 3300 2011 3333 tribuni
2033 3309 2077 3334 an

300 3350 379 3381 nata
403 3351 489 3382 erat.
517 3350 568 3383 Cf.
593 3350 626 3390 2,
651 3348 705 3383 54.
727 3368 762 3374 —
787 3350 825 3384 L.
844 3350 1003 3391 Cassium]
1030 3352 1064 3383 L.
1084 3351 1105 3383 f.
1126 3353 1162 3385 L.
1214 3353 1438 3385 centuriones
1461 3361 1504 3385 an
1529 3352 1677 3394 gregarii
1700 3350 1826 3384 milites
1849 3359 1932 3383 eum
1956 3351 1989 3384 in
2014 3360 2078 3383 cu-

298 3407 333 3431 n.
358 3398 571 3440 Longinum,
597 3398 778 3434 consulem
801 3409 834 3433 a.
859 3408 894 3433 u.
919 3400 995 3433 783.
1021 3402 1161 3443 (lnscrr.
1212 3403 1302 3436 riam
1318 3403 1477 3436 comitari
1493 3402 1727 3435 deberent.—
1743 3401 1844 3434 deviis
1853 3410 1890 3443 p.
1905 3401 2078 3435 itineribus
