2254 3770
779 287 936 333 LIBER
963 286 1067 332 XIV.

1117 286 1217 344 cap.
1248 287 1287 330 5.
1318 287 1357 330 6.
1387 285 1428 330 7.
1890 281 1965 325 44⁴

190 410 438 448 consensus,
460 401 504 440 et
528 395 598 440 alii
619 401 764 440 contra
783 394 966 438 nitentes
986 392 1148 437 dedere
1168 392 1409 437 facultatem
1428 390 1602 436 lenioris
1622 390 1665 434 in
1685 402 1804 433 mare
1824 388 1972 433 iactus.

187 486 337 517 verum
356 471 599 522 Acerronia,
622 469 892 529 inprudentia
914 469 1016 513 dum
1036 482 1085 512 se
1103 467 1377 526 Agrippinam
1398 481 1497 512 esse
1522 473 1655 525 utque
1675 463 1974 509 subveniretur

187 547 309 592 matri
338 546 544 605 principis
565 546 770 597 clamitat,
803 545 938 589 contis
960 550 1002 589 et
1021 544 1151 588 remis
1172 549 1234 594 et,
1266 557 1378 601 quae
1398 543 1486 587 fors
1507 541 1731 601 optulerat,
1752 538 1974 583 navalibus

187 622 283 668 telis
313 621 546 667 conficitur.
575 621 807 679 Agrippina
834 620 978 671 silens,
1010 633 1150 676 eoque
1170 618 1311 662 minus
1332 618 1471 676 agnita
1493 619 1638 675 (unum
1658 623 1800 661 tamen
1820 613 1974 659 vulnus

187 696 549 755 umero.excepit)
582 695 743 747 nando,
776 695 933 739 deinde
962 708 1145 739 occursu
1175 693 1502 738 lenunculorum
1523 692 1752 737 Lucrinum
1773 690 1815 734 in
1834 689 2007 734 lacum5

186 779 327 825 vecta,
359 771 484 816 villae
505 785 610 815 suae
631 771 816 815 infertur.
849 769 901 826 (6)
929 770 1015 814 illic
1034 775 1237 828 reputans
1267 768 1366 813 ideo
1386 783 1434 813 se
1455 768 1674 812 fallacibus
1694 766 1843 811 litteris
1863 765 1976 810 acci-

186 855 273 892 tam
302 854 345 892 et
374 847 535 891 honore
565 846 800 905 praecipuo
830 845 1036 896 habitam,
1068 844 1274 903 quodque
1303 844 1401 888 litus
1430 845 1563 895 iuxta,
1595 857 1682 887 non
1700 842 1837 886 ventis
1867 847 1973 893 acta,

185 938 273 968 non
301 923 415 966 saxis
446 921 613 980 inpulsa
642 921 761 965 navis
791 934 958 965 summa
985 920 1052 964 sui
1078 927 1198 978 parte
1218 919 1348 964 veluti
1369 927 1570 964 terrestre
1591 904 1977 963 machinamentum

187 997 465 1049 concidisset,
497 997 732 1041 observans
763 996 889 1040 etiam
909 996 1168 1040 Acerroniae
1191 1009 1358 1046 necem,
1391 995 1515 1039 simul
1542 1009 1669 1039 suum
1687 993 1842 1038 vulnus
1862 991 1977 1050 aspi-

186 1075 325 1125 ciens,
357 1072 497 1116 solum
524 1072 775 1116 insidiarum
794 1071 1034 1116 remedium
1054 1084 1152 1116 esse
1171 1071 1314 1124 sensit,
1346 1071 1382 1114 si
1403 1084 1487 1114 non
1508 1070 1866 1128 intellegerentur,
1898 1066 2026 1111 mi-io

186 1149 327 1208 sitque
355 1147 554 1192 libertum
575 1147 822 1205 Agerinum,
855 1147 929 1205 qui
959 1147 1173 1190 nuntiaret
1201 1145 1287 1190 filio
1318 1146 1577 1204 benignitate
1599 1144 1729 1188 deum
1749 1151 1791 1188 et
1810 1143 1978 1187 fortuna

186 1225 281 1269 eius
310 1223 501 1268 evasisse
531 1236 705 1281 gravem
734 1236 905 1275 casum,
936 1235 1060 1266 orare
1081 1229 1127 1265 ut
1147 1222 1342 1280 quamvis
1367 1221 1560 1280 periculo
1581 1220 1728 1264 matris
1750 1219 1976 1264 exterritus

187 1298 352 1343 visendi
385 1312 532 1343 curam
562 1297 774 1350 differret;
805 1297 887 1342 sibi
917 1297 972 1340 ad
1001 1311 1210 1356 praesens
1239 1297 1384 1356 quiete
1405 1311 1527 1355 opus.
1560 1303 1688 1354 atque
1719 1295 1886 1339 interim
1907 1307 1977 1338 se-

188 1375 367 1420 curitate
397 1373 592 1418 simulata
622 1373 906 1417 medicamina
936 1373 1101 1416 vulneri
1131 1379 1173 1417 et
1201 1372 1385 1416 fomenta
1417 1372 1586 1430 corpori
1618 1370 1810 1422 adhibet;
1848 1375 1977 1413 testa-

187 1457 374 1495 mentum
403 1449 661 1494 Acerroniae
692 1448 853 1507 requiri
881 1448 1084 1506 bonaque
1104 1448 1320 1506 obsignari
1350 1447 1487 1499 iubet,
1519 1447 1562 1490 id
1593 1453 1752 1490 tantum
1784 1451 1867 1489 non
1898 1458 1977 1502 per
1990 1455 2026 1486 15

186 1525 511 1571 simulationem.
558 1525 611 1581 (7)
653 1530 694 1567 at
727 1524 884 1567 Neroni
923 1524 1092 1567 nuntios
1123 1524 1273 1581 patrati
1304 1523 1504 1568 facinoris
1533 1521 1771 1580 opperienti
1802 1520 1977 1564 affertur

186 1602 377 1647 evasisse
407 1601 493 1645 ictu
523 1599 605 1643 levi
635 1600 827 1643 sauciam
857 1606 899 1643 et
927 1599 1133 1643 hactenus
1163 1598 1278 1643 adito
1299 1598 1562 1650 discrimine,
1593 1613 1644 1641 ne
1674 1603 1823 1641 auctor
1852 1595 1978 1639 dubi-

255 1730 284 1761 ⁴.
310 1729 386 1761 dere
408 1728 462 1767 M;
494 1723 528 1760 ο*
551 1726 669 1759 ‹smere
692 1735 827 1767 margo,
854 1744 889 1749 -
921 1727 952 1759 2.
978 1726 1190 1767 inprudentia
1220 1727 1272 1759 M:
1303 1726 1494 1766 imprudens
1516 1723 1582 1757 alii.
1612 1742 1647 1747 —
1679 1723 1710 1756 3.
1737 1731 1799 1764 que
1821 1722 1854 1756 M
1879 1739 1916 1745 —
1942 1721 1973 1754 4.

185 1786 303 1828 agnita
318 1783 650 1827 (unum--eaecepit)
673 1784 784 1816 nando
802 1783 1000 1815 Wurmius:
1027 1784 1157 1825 aynita,
1183 1782 1505 1823 unum—-eoecepit:
1528 1781 1641 1813 nando
1656 1778 1773 1821 vulgo.
1793 1797 1829 1802 —
1855 1776 1924 1811 tam
1944 1779 1976 1811 M

188 1858 224 1864 —
240 1836 283 1874 ’5.
308 1841 444 1873 humero
471 1840 504 1873 M
534 1857 569 1862 -
603 1839 656 1872 ⁴0.
683 1840 783 1872 sensit
810 1833 1094 1880 Bezzenberger:
1128 1845 1199 1872 om.
1228 1839 1262 1871 M
1290 1857 1327 1861 —
1354 1839 1507 1879 misitque
1529 1838 1580 1870 M:
1606 1837 1695 1869 misit
1717 1836 1917 1869 Rhenanus.
1936 1851 1972 1857 -

187 1897 240 1930 ⁴⁴.
266 1896 379 1939 deum]
403 1893 458 1929 diii
478 1897 511 1930 M
538 1914 572 1920 -
600 1896 653 1929 ⁴2.
679 1896 818 1929 evasisse
839 1905 873 1929 se
897 1896 1070 1929 Heinsius.
1099 1914 1135 1920 -
1169 1896 1221 1928 ⁴7.
1245 1904 1286 1928 ne
1309 1897 1355 1928 G:
1381 1904 1452 1928 om.
1478 1895 1511 1928 M
1543 1912 1578 1918 —-
1610 1893 1819 1926 dubitaretur
1841 1894 1886 1925 G:
1912 1892 1976 1925 du-

186 1953 305 1987 bitaret
325 1954 371 1987 M.

184 2066 326 2108 reclinis]
358 2065 398 2098 Id
422 2066 494 2105 est,
524 2066 560 2098 in
583 2066 711 2099 eodem
735 2065 901 2107 grabato,
926 2066 960 2098 in
986 2074 1057 2107 quo

186 2116 341 2150 cubabat
358 2116 567 2158 Agrippina,
594 2116 639 2148 ad
663 2117 739 2148 eius
762 2116 874 2158 pedes
890 2116 924 2148 in
940 2118 1057 2148 trans-

185 2176 329 2201 versum
344 2166 493 2199 iacebat.
513 2167 613 2199 vair.
632 2184 668 2190 -
687 2176 763 2199 cum
782 2166 951 2208 --ruereJ
969 2166 1056 2198 Vide

185 2218 231 2251 ad
245 2219 279 2257 2,
297 2217 350 2250 3⁴.
371 2235 407 2241 -
433 2220 552 2249 tectum
575 2216 649 2258 loci]
674 2218 735 2249 Est
749 2226 885 2250 camera
901 2218 1058 2249 Suetonii

185 2267 245 2307 34,
270 2266 414 2300 lacunar
436 2266 574 2299 diaetae
597 2267 633 2299 in
658 2268 783 2309 puppi;
817 2268 908 2299 locus
931 2267 975 2298 de
1000 2275 1054 2306 e0‚

185 2317 246 2350 ubi
270 2317 348 2358 quis
371 2316 596 2356 deversatur,
629 2316 855 2356 deversorio,
889 2317 1054 2358 hospitio.

185 2366 273 2399 Vide
299 2368 424 2399 Graev.
450 2366 495 2398 ad
520 2367 591 2399 Cic.
618 2365 736 2399 Famil.
764 2367 817 2406 ⁴6,
835 2367 889 2398 2⁴.
915 2367 995 2399 ERN.
1018 2384 1054 2389 -

183 2416 325 2458 pressus]
351 2415 597 2458 «depressus».
625 2416 676 2448 Cf.
703 2417 788 2449 Hist.
808 2417 840 2456 3,
867 2417 927 2448 77:
953 2417 1057 2448 nimio

186 2468 354 2500 meantium
377 2474 475 2498 onere
503 2475 634 2505 pressas
659 2466 791 2507 (naves)
814 2475 910 2498 mare
934 2466 1055 2498 hausit.

190 2536 227 2541 —
244 2515 458 2550 eminentibus
480 2516 553 2547 lecti
574 2515 768 2558 parietibus]
794 2516 878 2555 Quia
903 2516 1058 2558 parietes

187 2567 269 2601 lecti
285 2568 386 2600 erant
402 2566 666 2606 eminentiores,
691 2566 727 2599 h.
747 2575 778 2598 e.
798 2567 858 2606 qui
879 2568 1059 2599 exstarent

188 2617 311 2657 altius,
348 2618 386 2648 ut
420 2617 585 2648 arcerent
615 2625 705 2657 quae
738 2614 987 2655 illaberentur,
1024 2618 1059 2648 et

188 2666 392 2705 validiores,
417 2668 456 2698 ut
479 2674 587 2698 onere
611 2667 746 2699 ruentis
773 2666 857 2699 tecti
882 2675 953 2698 non
977 2675 1060 2698 con-

189 2718 442 2759 fringerentur,
467 2715 587 2749 illaesa
610 2717 646 2748 in
670 2715 760 2748 lecto
785 2717 912 2748 mansit
934 2717 1059 2757 Agrip-

187 2769 269 2810 pina
287 2776 368 2799 cum
379 2767 584 2799 Acerronia.
600 2766 680 2798 Eun.
699 2767 902 2807 Spartianus
919 2766 954 2798 in
968 2766 1059 2798 Vero

189 2819 226 2850 5:
258 2817 376 2850 lectum
398 2815 613 2849 eminentibus
641 2819 802 2857 quattuor
832 2815 1061 2847 anaclinteriis

187 2868 322 2909 fecerat.
351 2883 385 2890 -
417 2866 636 2898 validioribus
659 2875 761 2907 quam
791 2869 827 2897 ut
850 2866 942 2898 oneri
965 2866 1059 2897 cede-

188 2917 272 2959 rent]
292 2917 342 2950 Cf.
363 2917 415 2957 ⁴3,
433 2917 494 2949 22:
519 2917 684 2948 validiore
699 2917 789 2956 apud
805 2916 954 2948 libidines
965 2917 1059 2956 prin-

189 2968 271 3008 cipis
301 2967 438 3006 Paride,
471 2975 574 3007 quam
599 2969 636 2997 ut
662 2975 771 3006 poena
794 2966 992 3007 afficeretur.
1021 2982 1056 2988 —

189 3017 379 3059 remiqibus]
393 3017 541 3049 consciis
555 3016 746 3048 dumtaxat.
761 3033 796 3039 —
813 3025 916 3048 unum
928 3017 962 3048 in
975 3016 1062 3048 latus

189 3066 369 3108 inclinare]
393 3065 556 3099 videlicet
580 3074 681 3098 «sese
706 3074 793 3106 una,
819 3067 857 3097 ut
881 3075 923 3098 ex
949 3074 991 3098 eo
1015 3065 1062 3097 la-

191 3119 268 3150 tere
280 3117 389 3150 -navis
405 3115 730 3156 submergeretur.»
747 3133 783 3139 -
802 3116 966 3148 lenioris·
977 3116 1062 3147 -ia-

191 3167 272 3210 ctus]
295 3168 386 3199 Dum
403 3165 578 3206 remigum
595 3173 677 3206 pars
694 3165 855 3197 renititur
871 3173 913 3197 ac
928 3166 1061 3197 rectam

192 3218 316 3250 tenere
335 3224 463 3248 navem
481 3214 673 3254 contendit,
699 3215 835 3246 minore
854 3214 884 3245 vi
902 3213 1061 3246 deiectae

193 3269 287 3306 sunt,
305 3266 516 3299 deciderunt
535 3265 570 3296 in
587 3273 685 3297 mare
702 3264 889 3305 Agrippina
907 3265 942 3296 et
961 3265 1063 3296 Acer-

194 3317 304 3349 ronia.
329 3316 394 3349 Dio
418 3316 472 3353 6⁴.
493 3314 553 3347 ⁴3:
579 3311 735 3356 διελύθη
757 3313 830 3356 μὲν
845 3309 870 3356 ἡ
887 3311 982 3354 ναῦς
997 3314 1062 3346 καὶ

195 3361 221 3408 ἦ
252 3360 469 3412 Ἀγριππίνα
499 3365 553 3405 εἰς
581 3360 626 3396 τὸ
655 3358 755 3409 ὕδωρ
784 3361 978 3405 ἐξέπεσεν,
1015 3359 1061 3396 οὐ

195 3414 327 3458 μέντοι
356 3415 423 3448 καὶ
453 3410 664 3455 ἀπέθανεν,
696 3409 795 3446 ἀλλὰ
817 3410 996 3456 διεσώθη.
1026 3431 1060 3438 -

1108 2066 1331 2108 inprudentia]
1355 2074 1421 2108 per
1442 2066 1555 2108 ipsam
1570 2063 1845 2107 imprudentiam
1861 2070 1974 2102 suam,

1109 2126 1191 2149 cum
1215 2125 1254 2149 se
1279 2118 1324 2149 ita
1341 2118 1521 2149 servatum
1538 2117 1578 2148 iri
1596 2116 1800 2157 opinaretur
1816 2122 1883 2146 nec
1899 2121 1978 2154 pro·

1108 2167 1246 2199 videret
1267 2166 1362 2206 fore,
1395 2169 1434 2199 ut
1463 2167 1618 2208 remiges
1641 2165 1719 2198 ilico
1743 2165 1777 2196 in
1801 2165 1914 2206 ipsam
1937 2172 1976 2196 se

1109 2218 1369 2249 converterent.
1397 2217 1448 2249 Cf.
1475 2217 1560 2249 Hist.
1578 2216 1619 2254 2,
1637 2215 1696 2248 34:
1723 2215 1857 2255 quando
1878 2214 1979 2246 hostis

1107 2268 1321 2307 inprudentia
1335 2270 1459 2299 rueret.
1482 2285 1516 2290 —
1542 2265 1719 2298 navalibus
1740 2264 1821 2306 telis]
1845 2264 1978 2296 instru-

1109 2318 1237 2349 mentis
1261 2316 1443 2349 navalibus
1466 2317 1501 2348 in
1528 2315 1678 2349 telorum
1701 2323 1806 2347 usum
1830 2322 1978 2346 conver-

1108 2368 1168 2400 sis.
1189 2384 1224 2389 —
1251 2366 1510 2408 lenunculorum]
1536 2368 1562 2399 A
1586 2366 1697 2398 Nonio
1721 2374 1754 2407 p.
1773 2364 1836 2397 534
1860 2364 1977 2396 lenun-

1108 2418 1201 2449 culus
1235 2417 1361 2449 dicitur
1396 2417 1599 2457 «navigium
1634 2415 1905 2457 piscatorium»,
1942 2414 1976 2446 in

1108 2466 1288 2501 Philoxeni
1312 2466 1442 2499 Glossis
1466 2465 1641 2507 πίτυλος,
1666 2463 1885 2505 σκαφίδιον.
1914 2464 1978 2496 Le-

1108 2518 1326 2549 nuncularios
1356 2516 1469 2549 habes
1493 2517 1526 2548 in
1551 2518 1678 2549 Inscrr.
1705 2517 1792 2548 Latt.
1818 2524 1851 2547 n.
1878 2513 1975 2547 3248.

1109 2567 1207 2600 4054.
1233 2566 1331 2599 4⁴04.
1359 2584 1393 2589 —
1420 2566 1520 2598 villae
1541 2566 1632 2607 suae]
1658 2564 1784 2598 Baulis.

1154 2617 1185 2649 6.
1211 2616 1525 2658 machinamentum]
1548 2615 1703 2657 Intellige
1729 2623 1854 2657 pegma
1876 2615 1979 2647 thea-

1110 2665 1196 2699 trale
1227 2665 1285 2698 vel
1316 2666 1495 2705 circense,
1528 2667 1573 2699 ita
1599 2667 1842 2707 compactum,
1871 2666 1911 2696 ut
1932 2663 1976 2696 ad

1111 2716 1340 2749 delectandos
1371 2717 1591 2757 spectatores
1619 2717 1715 2748 varia
1745 2715 1856 2757 possit
1880 2714 1979 2747 exhi-

1111 2767 1197 2800 bere
1214 2765 1430 2808 spectacula,
1444 2765 1552 2798 veluti
1567 2766 1721 2799 subitam
1733 2767 1871 2798 ruinam
1886 2765 1979 2797 muri

1111 2818 1146 2849 in
1169 2816 1267 2849 urbis
1291 2817 1568 2858 expugnatione,
1594 2816 1796 2849 incendium
1821 2824 1863 2847 ac
1886 2815 1980 2847 simi-

1110 2866 1165 2898 lia.
1186 2883 1222 2888 —
1240 2867 1268 2897 si
1290 2875 1356 2898 non
1372 2866 1646 2907 intellegerentur]
1672 2866 1701 2899 si
1722 2865 1902 2898 simularet
1918 2873 1978 2897 eas

1111 2924 1130 2947 a
1162 2924 1202 2947 se
1230 2924 1299 2947 non
1323 2914 1518 2948 intellectas
1542 2924 1636 2948 esse.
1665 2934 1698 2939 -
1731 2916 1868 2956 fortuna
1895 2914 1979 2957 eius]

1112 2964 1281 3004 Adulatur
1304 2963 1386 3004 filio,
1420 2966 1519 2997 cuius
1544 2965 1643 2998 solita
1668 2965 1803 2998 fortuna
1828 2965 1979 2997 matrem

1112 3015 1177 3056 ipsi
1201 3015 1432 3046 conservarit.
1460 3015 1511 3048 Cf.
1530 3015 1562 3054 4,
1582 3015 1635 3048 ⁴8.
1654 3033 1690 3038 —
1712 3015 1748 3046 id
1770 3018 1900 3046 tantum
1914 3023 1981 3046 non

1108 3073 1171 3104 per
1207 3064 1462 3107 simulationem]
1502 3065 1627 3097 Cetera
1658 3065 1775 3097 omnia
1813 3073 1848 3096 in
1882 3065 1979 3096 tanto

1113 3113 1315 3146 discrimine
1337 3116 1477 3156 poterat
1500 3113 1742 3152 dissimulare,
1777 3114 1886 3153 iram,
1917 3122 1980 3146 su-

1113 3163 1327 3205 spicionem,
1367 3165 1521 3202 metum3
1562 3173 1668 3196 unam
1700 3163 1881 3196 avaritiam
1909 3172 1980 3196 non

1112 3215 1275 3255 poterat;
1316 3223 1406 3256 quae
1444 3214 1656 3255 erumpebat
1693 3215 1728 3246 in
1766 3215 1979 3247 testamento

1113 3265 1325 3297 Acerroniae
1342 3264 1557 3306 requirendo
1571 3265 1638 3296 cet.
1657 3264 1764 3296 Donn.
1789 3264 1840 3296 De
1856 3264 1981 3307 Agrip-

1113 3314 1215 3356 pinae
1238 3315 1380 3346 avaritia
1405 3314 1447 3347 cl.
1475 3314 1527 3352 ⁴2,
1553 3314 1584 3345 7.
1612 3313 1664 3352 ⁴3,
1691 3313 1743 3346 ⁴8.
1771 3312 1822 3352 ⁴⁴»,
1849 3314 1879 3346 ⁴.

1157 3364 1188 3396 7.
1222 3373 1263 3407 ne
1285 3367 1404 3396 auctor
1426 3362 1649 3404 dubitaretur]
1679 3362 1701 3394 i.
1728 3371 1760 3396 e.
1786 3364 1824 3395 ut
1846 3362 1890 3395 de
1914 3371 1979 3396 au-

1114 3414 1210 3447 ctore
1243 3413 1406 3447 facinoris
1437 3412 1606 3446 dubitatio
1637 3420 1716 3446 esse
1747 3421 1818 3446 non
1843 3414 1976 3456 posset.
