<?xml version="1.0" encoding="UTF-8"?>
<!DOCTYPE html PUBLIC "-//W3C//DTD XHTML 1.0 Transitional//EN"
    "http://www.w3.org/TR/xhtml1/DTD/xhtml1-transitional.dtd">
<html xmlns="http://www.w3.org/1999/xhtml" xml:lang="en" lang="en">
 <head>
  <title>
</title>
<meta http-equiv="Content-Type" content="text/html;charset=utf-8" />
  <meta name='ocr-system' content='tesseract 3.04.00' />
  <meta name='ocr-capabilities' content='ocr_page ocr_carea ocr_par ocr_line ocrx_word'/>
</head>
<body>
  <div class='ocr_page' id='page_1' title='image "./pcorneliitacitio01taciuoft_0521.png"; bbox 0 0 2254 3770; ppageno 0'>
   <div class='ocr_carea' id='block_1_1' title="bbox 748 269 1365 328">
    <p class='ocr_par' dir='ltr' id='par_1_1' title="bbox 748 269 1365 328">
     <span class='ocr_line' id='line_1_1' title="bbox 748 269 1365 328; baseline -0.002 -14"><span class='ocrx_word' id='word_1_1' title='bbox 748 269 902 314; x_wconf 72' lang='lat' dir='ltr'>Lmen</span> <span class='ocrx_word' id='word_1_2' title='bbox 928 270 1032 314; x_wconf 81' lang='lat' dir='ltr'>xlv.</span> <span class='ocrx_word' id='word_1_3' title='bbox 1068 269 1170 328; x_wconf 83' lang='lat' dir='ltr'>Cap.</span> <span class='ocrx_word' id='word_1_4' title='bbox 1199 270 1266 314; x_wconf 86' lang='lat'>60.</span> <span class='ocrx_word' id='word_1_5' title='bbox 1297 269 1365 314; x_wconf 78' lang='grc'>64.</span> 
     </span>
    </p>
   </div>
   <div class='ocr_carea' id='block_1_2' title="bbox 1875 269 1956 312">
    <p class='ocr_par' dir='ltr' id='par_1_2' title="bbox 1875 269 1956 312">
     <span class='ocr_line' id='line_1_2' title="bbox 1875 269 1956 312; baseline 0 0"><span class='ocrx_word' id='word_1_6' title='bbox 1875 269 1956 312; x_wconf 74' lang='grc'>483</span> 
     </span>
    </p>
   </div>
   <div class='ocr_carea' id='block_1_3' title="bbox 157 376 1999 1494">
    <p class='ocr_par' dir='ltr' id='par_1_3' title="bbox 157 376 1999 1494">
     <span class='ocr_line' id='line_1_3' title="bbox 170 376 1954 435; baseline -0.003 -11"><span class='ocrx_word' id='word_1_7' title='bbox 170 393 270 424; x_wconf 87' lang='lat' dir='ltr'>mox</span> <span class='ocrx_word' id='word_1_8' title='bbox 297 379 339 422; x_wconf 91' lang='lat' dir='ltr'>in</span> <span class='ocrx_word' id='word_1_9' title='bbox 361 377 634 435; x_wconf 86' lang='lat' dir='ltr'>Campaniam</span> <span class='ocrx_word' id='word_1_10' title='bbox 662 376 786 434; x_wconf 92' lang='lat' dir='ltr'>pulsa</span> <span class='ocrx_word' id='word_1_11' title='bbox 810 383 875 421; x_wconf 88' lang='lat' dir='ltr'>est</span> <span class='ocrx_word' id='word_1_12' title='bbox 903 376 1047 421; x_wconf 89' lang='lat' dir='ltr'>addita</span> <span class='ocrx_word' id='word_1_13' title='bbox 1067 376 1234 420; x_wconf 90' lang='lat' dir='ltr'>militari</span> <span class='ocrx_word' id='word_1_14' title='bbox 1256 377 1461 422; x_wconf 89' lang='lat' dir='ltr'>custodia.</span> <span class='ocrx_word' id='word_1_15' title='bbox 1498 376 1596 420; x_wconf 92' lang='lat' dir='ltr'>inde</span> <span class='ocrx_word' id='word_1_16' title='bbox 1617 376 1755 420; x_wconf 85' lang='lat' dir='ltr'>crebri</span> <span class='ocrx_word' id='word_1_17' title='bbox 1776 382 1954 434; x_wconf 90' lang='lat' dir='ltr'>questus</span> 
     </span>
     <span class='ocr_line' id='line_1_4' title="bbox 168 451 1953 510; baseline -0.003 -11"><span class='ocrx_word' id='word_1_18' title='bbox 168 469 251 499; x_wconf 92' lang='lat' dir='ltr'>nec</span> <span class='ocrx_word' id='word_1_19' title='bbox 279 453 432 499; x_wconf 92' lang='lat' dir='ltr'>occulti</span> <span class='ocrx_word' id='word_1_20' title='bbox 463 467 543 510; x_wconf 92' lang='lat' dir='ltr'>per</span> <span class='ocrx_word' id='word_1_21' title='bbox 570 452 760 510; x_wconf 84' lang='lat' dir='ltr'>vulgum,</span> <span class='ocrx_word' id='word_1_22' title='bbox 792 452 860 496; x_wconf 91' lang='lat' dir='ltr'>cui</span> <span class='ocrx_word' id='word_1_23' title='bbox 890 452 1029 495; x_wconf 89' lang='lat' dir='ltr'>minor</span> <span class='ocrx_word' id='word_1_24' title='bbox 1058 452 1265 510; x_wconf 83' lang='lat' dir='ltr'>sapientia</span> <span class='ocrx_word' id='word_1_25' title='bbox 1295 460 1409 497; x_wconf 84' lang='lat' dir='ltr'>etex</span> <span class='ocrx_word' id='word_1_26' title='bbox 1437 452 1731 496; x_wconf 82' lang='lat' dir='ltr'>mediocritate</span> <span class='ocrx_word' id='word_1_27' title='bbox 1760 451 1953 495; x_wconf 82' lang='lat' dir='ltr'>fortunae</span> 
     </span>
     <span class='ocr_line' id='line_1_5' title="bbox 166 526 1954 589; baseline -0.003 -14"><span class='ocrx_word' id='word_1_28' title='bbox 166 531 369 589; x_wconf 88' lang='lat' dir='ltr'>pauciora</span> <span class='ocrx_word' id='word_1_29' title='bbox 399 528 590 587; x_wconf 91' lang='lat' dir='ltr'>pericula</span> <span class='ocrx_word' id='word_1_30' title='bbox 620 535 728 572; x_wconf 92' lang='lat' dir='ltr'>sunt.</span> <span class='ocrx_word' id='word_1_31' title='bbox 774 528 806 585; x_wconf 55' lang='grc' dir='ltr'>ἦ·</span> <span class='ocrx_word' id='word_1_32' title='bbox 827 527 891 571; x_wconf 91' lang='lat' dir='ltr'>his</span> <span class='ocrx_word' id='word_1_33' title='bbox 912 541 1172 586; x_wconf 88' lang='lat' dir='ltr'>quamquam</span> <span class='ocrx_word' id='word_1_34' title='bbox 1198 529 1310 572; x_wconf 88' lang='lat' dir='ltr'>Nero</span> <span class='ocrx_word' id='word_1_35' title='bbox 1335 528 1591 586; x_wconf 88' lang='lat' dir='ltr'>paenitentia</span> <span class='ocrx_word' id='word_1_36' title='bbox 1611 526 1772 585; x_wconf 88' lang='lat' dir='ltr'>flagitii,</span> <span class='ocrx_word' id='word_1_37' title='bbox 1806 527 1954 570; x_wconf 92' lang='lat' dir='ltr'>coniu-</span> 
     </span>
     <span class='ocr_line' id='line_1_6' title="bbox 164 603 1953 663; baseline -0.003 -13"><span class='ocrx_word' id='word_1_38' title='bbox 164 620 262 663; x_wconf 83' lang='lat' dir='ltr'>gem</span> <span class='ocrx_word' id='word_1_39' title='bbox 286 604 504 648; x_wconf 91' lang='lat' dir='ltr'>revocavit</span> <span class='ocrx_word' id='word_1_40' title='bbox 527 604 760 648; x_wconf 88' lang='lat' dir='ltr'>Octaviam.</span> <span class='ocrx_word' id='word_1_41' title='bbox 793 603 874 660; x_wconf 89' lang='grc'><strong>(64)</strong></span> <span class='ocrx_word' id='word_1_42' title='bbox 896 603 1008 647; x_wconf 88' lang='lat' dir='ltr'>exim</span> <span class='ocrx_word' id='word_1_43' title='bbox 1030 603 1128 647; x_wconf 90' lang='lat' dir='ltr'>laeti</span> <span class='ocrx_word' id='word_1_44' title='bbox 1147 603 1398 661; x_wconf 88' lang='lat' dir='ltr'>Capitolium</span> <span class='ocrx_word' id='word_1_45' title='bbox 1419 603 1628 647; x_wconf 89' lang='lat' dir='ltr'>scandunt</span> <span class='ocrx_word' id='word_1_46' title='bbox 1648 603 1842 660; x_wconf 88' lang='lat' dir='ltr'>deosque</span> <span class='ocrx_word' id='word_1_47' title='bbox 1862 609 1953 645; x_wconf 91' lang='lat' dir='ltr'>tan-</span> 
     </span>
     <span class='ocr_line' id='line_1_7' title="bbox 163 679 1983 737; baseline -0.003 -13"><span class='ocrx_word' id='word_1_48' title='bbox 163 681 261 725; x_wconf 91' lang='lat' dir='ltr'>dem</span> <span class='ocrx_word' id='word_1_49' title='bbox 292 686 563 724; x_wconf 90' lang='lat' dir='ltr'>venerantur.</span> <span class='ocrx_word' id='word_1_50' title='bbox 611 679 773 737; x_wconf 83' lang='lat' dir='ltr'>effigies</span> <span class='ocrx_word' id='word_1_51' title='bbox 803 680 1031 737; x_wconf 86' lang='lat' dir='ltr'>Poppaeae</span> <span class='ocrx_word' id='word_1_52' title='bbox 1060 686 1288 736; x_wconf 90' lang='lat' dir='ltr'>proruunt,</span> <span class='ocrx_word' id='word_1_53' title='bbox 1321 680 1524 724; x_wconf 91' lang='lat' dir='ltr'>Octaviae</span> <span class='ocrx_word' id='word_1_54' title='bbox 1553 679 1760 736; x_wconf 79' lang='lat' dir='ltr'>imagines</span> <span class='ocrx_word' id='word_1_55' title='bbox 1789 684 1983 736; x_wconf 72' lang='lat' dir='ltr'>gestantis</span> 
     </span>
     <span class='ocr_line' id='line_1_8' title="bbox 162 754 1952 813; baseline -0.002 -14"><span class='ocrx_word' id='word_1_56' title='bbox 162 757 343 807; x_wconf 91' lang='lat' dir='ltr'>umeris,</span> <span class='ocrx_word' id='word_1_57' title='bbox 375 762 581 813; x_wconf 82' lang='lat' dir='ltr'>spargunt</span> <span class='ocrx_word' id='word_1_58' title='bbox 609 754 788 798; x_wconf 91' lang='lat' dir='ltr'>floribus</span> <span class='ocrx_word' id='word_1_59' title='bbox 817 754 996 812; x_wconf 84' lang='lat' dir='ltr'>foroque</span> <span class='ocrx_word' id='word_1_60' title='bbox 1017 767 1069 798; x_wconf 92' lang='lat' dir='ltr'>ac</span> <span class='ocrx_word' id='word_1_61' title='bbox 1097 754 1265 812; x_wconf 91' lang='lat' dir='ltr'>templis</span> <span class='ocrx_word' id='word_1_62' title='bbox 1289 761 1489 798; x_wconf 90' lang='lat' dir='ltr'>statuunt.</span> <span class='ocrx_word' id='word_1_63' title='bbox 1522 755 1604 798; x_wconf 90' lang='lat' dir='ltr'>itur</span> <span class='ocrx_word' id='word_1_64' title='bbox 1625 754 1751 798; x_wconf 91' lang='lat' dir='ltr'>etiam</span> <span class='ocrx_word' id='word_1_65' title='bbox 1772 754 1814 796; x_wconf 91' lang='lat' dir='ltr'>in</span> <span class='ocrx_word' id='word_1_66' title='bbox 1837 754 1952 811; x_wconf 92' lang='lat' dir='ltr'>prin-</span> 
     </span>
     <span class='ocr_line' id='line_1_9' title="bbox 161 827 1952 890; baseline -0.002 -15"><span class='ocrx_word' id='word_1_67' title='bbox 161 832 269 890; x_wconf 91' lang='lat' dir='ltr'>cipis</span> <span class='ocrx_word' id='word_1_68' title='bbox 300 830 449 875; x_wconf 84' lang='lat' dir='ltr'>laudes</span> <span class='ocrx_word' id='word_1_69' title='bbox 480 830 722 889; x_wconf 90' lang='lat' dir='ltr'>[repetitum</span> <span class='ocrx_word' id='word_1_70' title='bbox 753 827 1080 887; x_wconf 87' lang='lat' dir='ltr'>venerantium].</span> <span class='ocrx_word' id='word_1_71' title='bbox 1126 830 1298 887; x_wconf 91' lang='lat' dir='ltr'>iamque</span> <span class='ocrx_word' id='word_1_72' title='bbox 1329 836 1371 874; x_wconf 93' lang='lat' dir='ltr'>et</span> <span class='ocrx_word' id='word_1_73' title='bbox 1394 830 1600 874; x_wconf 90' lang='lat' dir='ltr'>Palatium</span> <span class='ocrx_word' id='word_1_74' title='bbox 1620 829 1888 873; x_wconf 90' lang='lat' dir='ltr'>multitudine</span> <span class='ocrx_word' id='word_1_75' title='bbox 1910 836 1952 873; x_wconf 88' lang='lat' dir='ltr'>et</span> 
     </span>
     <span class='ocr_line' id='line_1_10' title="bbox 160 904 1950 964; baseline -0.001 -13"><span class='ocrx_word' id='word_1_76' title='bbox 160 906 420 951; x_wconf 91' lang='lat' dir='ltr'>clamoribus</span> <span class='ocrx_word' id='word_1_77' title='bbox 451 905 736 964; x_wconf 85' lang='lat' dir='ltr'>complebant,</span> <span class='ocrx_word' id='word_1_78' title='bbox 782 919 879 949; x_wconf 93' lang='lat' dir='ltr'>cum</span> <span class='ocrx_word' id='word_1_79' title='bbox 909 906 1053 948; x_wconf 89' lang='lat' dir='ltr'>emissi</span> <span class='ocrx_word' id='word_1_80' title='bbox 1084 904 1263 948; x_wconf 90' lang='lat' dir='ltr'>militum</span> <span class='ocrx_word' id='word_1_81' title='bbox 1293 905 1405 963; x_wconf 84' lang='lat' dir='ltr'>globi</span> <span class='ocrx_word' id='word_1_82' title='bbox 1437 905 1691 950; x_wconf 90' lang='lat' dir='ltr'>verberibus</span> <span class='ocrx_word' id='word_1_83' title='bbox 1721 913 1764 949; x_wconf 92' lang='lat' dir='ltr'>et</span> <span class='ocrx_word' id='word_1_84' title='bbox 1792 906 1950 950; x_wconf 88' lang='lat' dir='ltr'>intento</span> 
     </span>
     <span class='ocr_line' id='line_1_11' title="bbox 160 980 1950 1039; baseline -0.001 -13"><span class='ocrx_word' id='word_1_85' title='bbox 160 983 274 1027; x_wconf 86' lang='lat' dir='ltr'>ferro</span> <span class='ocrx_word' id='word_1_86' title='bbox 303 982 497 1026; x_wconf 88' lang='lat' dir='ltr'>turbatos</span> <span class='ocrx_word' id='word_1_87' title='bbox 527 981 751 1026; x_wconf 88' lang='lat' dir='ltr'>disiecere.</span> <span class='ocrx_word' id='word_1_88' title='bbox 798 988 1064 1039; x_wconf 88' lang='lat' dir='ltr'>mutataque,</span> <span class='ocrx_word' id='word_1_89' title='bbox 1107 995 1218 1039; x_wconf 89' lang='lat' dir='ltr'>quae</span> <span class='ocrx_word' id='word_1_90' title='bbox 1249 995 1327 1039; x_wconf 93' lang='lat' dir='ltr'>per</span> <span class='ocrx_word' id='word_1_91' title='bbox 1356 980 1610 1025; x_wconf 89' lang='lat' dir='ltr'>seditionem</span> <span class='ocrx_word' id='word_1_92' title='bbox 1639 988 1869 1033; x_wconf 87' lang='lat' dir='ltr'>verterant,</span> <span class='ocrx_word' id='word_1_93' title='bbox 1909 988 1950 1024; x_wconf 90' lang='lat' dir='ltr'>et</span> 
     </span>
     <span class='ocr_line' id='line_1_12' title="bbox 160 1056 1999 1116; baseline -0.003 -14"><span class='ocrx_word' id='word_1_94' title='bbox 160 1060 387 1116; x_wconf 87' lang='lat' dir='ltr'>Poppaeae</span> <span class='ocrx_word' id='word_1_95' title='bbox 430 1057 565 1100; x_wconf 90' lang='lat' dir='ltr'>honos</span> <span class='ocrx_word' id='word_1_96' title='bbox 606 1057 820 1114; x_wconf 89' lang='lat' dir='ltr'>repositus</span> <span class='ocrx_word' id='word_1_97' title='bbox 857 1063 932 1100; x_wconf 90' lang='lat' dir='ltr'>est.</span> <span class='ocrx_word' id='word_1_98' title='bbox 979 1069 1090 1114; x_wconf 91' lang='lat' dir='ltr'>quae</span> <span class='ocrx_word' id='word_1_99' title='bbox 1121 1070 1294 1113; x_wconf 89' lang='lat' dir='ltr'>semper</span> <span class='ocrx_word' id='word_1_100' title='bbox 1323 1056 1441 1109; x_wconf 87' lang='lat' dir='ltr'>odio,</span> <span class='ocrx_word' id='word_1_101' title='bbox 1482 1063 1571 1100; x_wconf 91' lang='lat' dir='ltr'>tum</span> <span class='ocrx_word' id='word_1_102' title='bbox 1600 1064 1642 1101; x_wconf 93' lang='lat' dir='ltr'>et</span> <span class='ocrx_word' id='word_1_103' title='bbox 1670 1063 1787 1100; x_wconf 92' lang='lat' dir='ltr'>metu</span> <span class='ocrx_word' id='word_1_104' title='bbox 1816 1063 1947 1108; x_wconf 85' lang='lat' dir='ltr'>atrox,</span> <span class='ocrx_word' id='word_1_105' title='bbox 1963 1067 1999 1097; x_wconf 75' lang='lat'>⁴0</span> 
     </span>
     <span class='ocr_line' id='line_1_13' title="bbox 159 1131 1947 1190; baseline -0.002 -12"><span class='ocrx_word' id='word_1_106' title='bbox 159 1148 213 1178; x_wconf 91' lang='lat' dir='ltr'>ne</span> <span class='ocrx_word' id='word_1_107' title='bbox 244 1141 317 1177; x_wconf 91' lang='lat' dir='ltr'>aut</span> <span class='ocrx_word' id='word_1_108' title='bbox 347 1133 461 1190; x_wconf 89' lang='lat' dir='ltr'>vulgi</span> <span class='ocrx_word' id='word_1_109' title='bbox 492 1133 632 1176; x_wconf 88' lang='lat' dir='ltr'>acrior</span> <span class='ocrx_word' id='word_1_110' title='bbox 662 1132 726 1175; x_wconf 91' lang='lat' dir='ltr'>vis</span> <span class='ocrx_word' id='word_1_111' title='bbox 757 1132 973 1190; x_wconf 84' lang='lat' dir='ltr'>ingrueret</span> <span class='ocrx_word' id='word_1_112' title='bbox 1001 1138 1074 1175; x_wconf 90' lang='lat' dir='ltr'>aut</span> <span class='ocrx_word' id='word_1_113' title='bbox 1102 1133 1213 1175; x_wconf 93' lang='lat' dir='ltr'>Nero</span> <span class='ocrx_word' id='word_1_114' title='bbox 1243 1131 1515 1176; x_wconf 89' lang='lat' dir='ltr'>inclinatione</span> <span class='ocrx_word' id='word_1_115' title='bbox 1534 1132 1682 1190; x_wconf 92' lang='lat' dir='ltr'>populi</span> <span class='ocrx_word' id='word_1_116' title='bbox 1700 1138 1947 1183; x_wconf 88' lang='lat' dir='ltr'>mutaretur,</span> 
     </span>
     <span class='ocr_line' id='line_1_14' title="bbox 158 1207 1946 1268; baseline -0.002 -15"><span class='ocrx_word' id='word_1_117' title='bbox 158 1209 384 1268; x_wconf 93' lang='lat' dir='ltr'>provoluta</span> <span class='ocrx_word' id='word_1_118' title='bbox 405 1208 586 1266; x_wconf 83' lang='lat' dir='ltr'>genibus</span> <span class='ocrx_word' id='word_1_119' title='bbox 608 1208 720 1259; x_wconf 91' lang='lat' dir='ltr'>eius,</span> <span class='ocrx_word' id='word_1_120' title='bbox 754 1221 839 1251; x_wconf 92' lang='lat' dir='ltr'>non</span> <span class='ocrx_word' id='word_1_121' title='bbox 860 1221 913 1251; x_wconf 94' lang='lat' dir='ltr'>eo</span> <span class='ocrx_word' id='word_1_122' title='bbox 933 1207 1016 1251; x_wconf 93' lang='lat' dir='ltr'>loci</span> <span class='ocrx_word' id='word_1_123' title='bbox 1036 1221 1107 1251; x_wconf 92' lang='lat' dir='ltr'>res</span> <span class='ocrx_word' id='word_1_124' title='bbox 1128 1220 1228 1250; x_wconf 92' lang='lat' dir='ltr'>suas</span> <span class='ocrx_word' id='word_1_125' title='bbox 1249 1207 1338 1264; x_wconf 87' lang='lat' dir='ltr'>agi,</span> <span class='ocrx_word' id='word_1_126' title='bbox 1370 1214 1417 1250; x_wconf 91' lang='lat' dir='ltr'>ut</span> <span class='ocrx_word' id='word_1_127' title='bbox 1437 1207 1492 1251; x_wconf 92' lang='lat' dir='ltr'>de</span> <span class='ocrx_word' id='word_1_128' title='bbox 1511 1208 1780 1251; x_wconf 89' lang='lat' dir='ltr'>matrimonio</span> <span class='ocrx_word' id='word_1_129' title='bbox 1802 1214 1946 1259; x_wconf 92' lang='lat' dir='ltr'>certet,</span> 
     </span>
     <span class='ocr_line' id='line_1_15' title="bbox 158 1282 1945 1344; baseline -0.002 -15"><span class='ocrx_word' id='word_1_130' title='bbox 158 1298 419 1344; x_wconf 88' lang='lat' dir='ltr'>quamquam</span> <span class='ocrx_word' id='word_1_131' title='bbox 448 1284 490 1327; x_wconf 91' lang='lat' dir='ltr'>id</span> <span class='ocrx_word' id='word_1_132' title='bbox 522 1283 603 1327; x_wconf 89' lang='lat' dir='ltr'>sibi</span> <span class='ocrx_word' id='word_1_133' title='bbox 634 1283 719 1326; x_wconf 87' lang='lat' dir='ltr'>vita</span> <span class='ocrx_word' id='word_1_134' title='bbox 748 1283 907 1340; x_wconf 89' lang='lat' dir='ltr'>potius,</span> <span class='ocrx_word' id='word_1_135' title='bbox 948 1282 1025 1326; x_wconf 91' lang='lat' dir='ltr'>sed</span> <span class='ocrx_word' id='word_1_136' title='bbox 1057 1283 1184 1326; x_wconf 88' lang='lat' dir='ltr'>vitam</span> <span class='ocrx_word' id='word_1_137' title='bbox 1214 1283 1352 1340; x_wconf 89' lang='lat' dir='ltr'>ipsam</span> <span class='ocrx_word' id='word_1_138' title='bbox 1381 1282 1423 1325; x_wconf 93' lang='lat' dir='ltr'>in</span> <span class='ocrx_word' id='word_1_139' title='bbox 1453 1289 1691 1327; x_wconf 87' lang='lat' dir='ltr'>extremum</span> <span class='ocrx_word' id='word_1_140' title='bbox 1719 1283 1945 1328; x_wconf 89' lang='lat' dir='ltr'>adductam</span> 
     </span>
     <span class='ocr_line' id='line_1_16' title="bbox 157 1357 1947 1416; baseline -0.001 -12"><span class='ocrx_word' id='word_1_141' title='bbox 157 1375 181 1404; x_wconf 93' lang='lat' dir='ltr'>a</span> <span class='ocrx_word' id='word_1_142' title='bbox 213 1359 420 1404; x_wconf 90' lang='lat' dir='ltr'>clientelis</span> <span class='ocrx_word' id='word_1_143' title='bbox 450 1366 493 1403; x_wconf 92' lang='lat' dir='ltr'>et</span> <span class='ocrx_word' id='word_1_144' title='bbox 522 1358 707 1402; x_wconf 89' lang='lat' dir='ltr'>servitiis</span> <span class='ocrx_word' id='word_1_145' title='bbox 738 1359 959 1409; x_wconf 89' lang='lat' dir='ltr'>Octaviae,</span> <span class='ocrx_word' id='word_1_146' title='bbox 997 1372 1109 1416; x_wconf 86' lang='lat' dir='ltr'>quae</span> <span class='ocrx_word' id='word_1_147' title='bbox 1139 1357 1278 1416; x_wconf 90' lang='lat' dir='ltr'>plebis</span> <span class='ocrx_word' id='word_1_148' title='bbox 1307 1358 1388 1401; x_wconf 89' lang='lat' dir='ltr'>sibi</span> <span class='ocrx_word' id='word_1_149' title='bbox 1419 1372 1575 1402; x_wconf 88' lang='lat' dir='ltr'>nomen</span> <span class='ocrx_word' id='word_1_150' title='bbox 1605 1358 1853 1410; x_wconf 84' lang='lat' dir='ltr'>indiderint,</span> <span class='ocrx_word' id='word_1_151' title='bbox 1896 1371 1947 1402; x_wconf 89' lang='lat' dir='ltr'>ea</span> 
     </span>
     <span class='ocr_line' id='line_1_17' title="bbox 158 1433 1997 1494; baseline -0.004 -14"><span class='ocrx_word' id='word_1_152' title='bbox 158 1436 200 1479; x_wconf 91' lang='lat' dir='ltr'>in</span> <span class='ocrx_word' id='word_1_153' title='bbox 238 1449 345 1494; x_wconf 93' lang='lat' dir='ltr'>pace</span> <span class='ocrx_word' id='word_1_154' title='bbox 381 1434 496 1487; x_wconf 90' lang='lat' dir='ltr'>ausi,</span> <span class='ocrx_word' id='word_1_155' title='bbox 542 1448 655 1492; x_wconf 89' lang='lat' dir='ltr'>quae</span> <span class='ocrx_word' id='word_1_156' title='bbox 694 1434 763 1477; x_wconf 86' lang='lat' dir='ltr'>vix</span> <span class='ocrx_word' id='word_1_157' title='bbox 804 1433 918 1477; x_wconf 93' lang='lat' dir='ltr'>bello</span> <span class='ocrx_word' id='word_1_158' title='bbox 948 1433 1179 1477; x_wconf 88' lang='lat' dir='ltr'>evenirent.</span> <span class='ocrx_word' id='word_1_159' title='bbox 1223 1447 1341 1477; x_wconf 87' lang='lat' dir='ltr'>arma</span> <span class='ocrx_word' id='word_1_160' title='bbox 1372 1433 1443 1477; x_wconf 91' lang='lat' dir='ltr'>illa</span> <span class='ocrx_word' id='word_1_161' title='bbox 1471 1434 1679 1478; x_wconf 90' lang='lat' dir='ltr'>adversus</span> <span class='ocrx_word' id='word_1_162' title='bbox 1707 1434 1997 1492; x_wconf 65' lang='lat' dir='ltr'>principemus</span> 
     </span>
    </p>
   </div>
   <div class='ocr_carea' id='block_1_4' title="bbox 150 1572 1948 2069">
    <p class='ocr_par' dir='ltr' id='par_1_4' title="bbox 150 1572 1948 2069">
     <span class='ocr_line' id='line_1_18' title="bbox 222 1572 1942 1616; baseline -0.001 -8"><span class='ocrx_word' id='word_1_163' title='bbox 222 1576 252 1609; x_wconf 91' lang='grc'>4.</span> <span class='ocrx_word' id='word_1_164' title='bbox 281 1575 502 1616; x_wconf 78' lang='lat' dir='ltr'>Campaniam</span> <span class='ocrx_word' id='word_1_165' title='bbox 523 1573 755 1607; x_wconf 86' lang='lat' dir='ltr'>Puteolanus:</span> <span class='ocrx_word' id='word_1_166' title='bbox 785 1574 966 1615; x_wconf 77' lang='lat' dir='ltr'>campania</span> <span class='ocrx_word' id='word_1_167' title='bbox 988 1574 1021 1607; x_wconf 88' lang='lat' dir='ltr'>M</span> <span class='ocrx_word' id='word_1_168' title='bbox 1041 1591 1075 1597; x_wconf 92' lang='lat'><em>—</em></span> <span class='ocrx_word' id='word_1_169' title='bbox 1102 1573 1134 1607; x_wconf 74' lang='lat'>2.</span> <span class='ocrx_word' id='word_1_170' title='bbox 1159 1576 1191 1607; x_wconf 80' lang='lat' dir='ltr'>et</span> <span class='ocrx_word' id='word_1_171' title='bbox 1212 1582 1257 1607; x_wconf 77' lang='lat' dir='ltr'>ex</span> <span class='ocrx_word' id='word_1_172' title='bbox 1274 1573 1504 1607; x_wconf 87' lang='lat' dir='ltr'>Puteolanus:</span> <span class='ocrx_word' id='word_1_173' title='bbox 1530 1582 1574 1606; x_wconf 82' lang='lat' dir='ltr'>eoe</span> <span class='ocrx_word' id='word_1_174' title='bbox 1595 1574 1647 1614; x_wconf 93' lang='lat' dir='ltr'>M;</span> <span class='ocrx_word' id='word_1_175' title='bbox 1673 1577 1703 1606; x_wconf 89' lang='lat' dir='ltr'>et</span> <span class='ocrx_word' id='word_1_176' title='bbox 1718 1572 1887 1606; x_wconf 81' lang='lat' dir='ltr'>Halmius.</span> <span class='ocrx_word' id='word_1_177' title='bbox 1906 1590 1942 1596; x_wconf 96' lang='lat'><strong>—</strong></span> 
     </span>
     <span class='ocr_line' id='line_1_19' title="bbox 155 1630 1947 1673; baseline -0.001 -8"><span class='ocrx_word' id='word_1_178' title='bbox 155 1631 187 1665; x_wconf 86' lang='lat'>3.</span> <span class='ocrx_word' id='word_1_179' title='bbox 211 1631 262 1664; x_wconf 80' lang='lat' dir='ltr'>his</span> <span class='ocrx_word' id='word_1_180' title='bbox 283 1640 481 1672; x_wconf 77' lang='lat' dir='ltr'>quanquam</span> <span class='ocrx_word' id='word_1_181' title='bbox 501 1640 582 1664; x_wconf 89' lang='lat' dir='ltr'>nero</span> <span class='ocrx_word' id='word_1_182' title='bbox 600 1631 782 1672; x_wconf 78' lang='lat' dir='ltr'>penitentia</span> <span class='ocrx_word' id='word_1_183' title='bbox 805 1632 854 1665; x_wconf 87' lang='lat' dir='ltr'>M:</span> <span class='ocrx_word' id='word_1_184' title='bbox 879 1631 931 1664; x_wconf 86' lang='lat' dir='ltr'>his</span> <span class='ocrx_word' id='word_1_185' title='bbox 949 1634 1058 1664; x_wconf 87' lang='lat' dir='ltr'>motus</span> <span class='ocrx_word' id='word_1_186' title='bbox 1072 1631 1160 1664; x_wconf 86' lang='lat' dir='ltr'>Nero</span> <span class='ocrx_word' id='word_1_187' title='bbox 1176 1634 1349 1672; x_wconf 80' lang='lat' dir='ltr'>tamquam</span> <span class='ocrx_word' id='word_1_188' title='bbox 1359 1630 1568 1672; x_wconf 83' lang='lat' dir='ltr'>paenitentia</span> <span class='ocrx_word' id='word_1_189' title='bbox 1583 1632 1628 1671; x_wconf 90' lang='lat' dir='ltr'>G;</span> <span class='ocrx_word' id='word_1_190' title='bbox 1653 1632 1702 1664; x_wconf 80' lang='lat' dir='ltr'>his</span> <span class='ocrx_word' id='word_1_191' title='bbox 1716 1632 1819 1673; x_wconf 87' lang='lat' dir='ltr'>Nero,</span> <span class='ocrx_word' id='word_1_192' title='bbox 1845 1639 1947 1672; x_wconf 85' lang='lat' dir='ltr'>quam</span> 
     </span>
     <span class='ocr_line' id='line_1_20' title="bbox 150 1686 1947 1730; baseline -0.001 -9"><span class='ocrx_word' id='word_1_193' title='bbox 150 1688 358 1730; x_wconf 80' lang='lat' dir='ltr'>paenitentia</span> <span class='ocrx_word' id='word_1_194' title='bbox 379 1687 665 1729; x_wconf 85' lang='lat' dir='ltr'>Bezzenberger;</span> <span class='ocrx_word' id='word_1_195' title='bbox 698 1688 747 1719; x_wconf 82' lang='lat' dir='ltr'>his</span> <span class='ocrx_word' id='word_1_196' title='bbox 768 1687 874 1728; x_wconf 83' lang='lat' dir='ltr'>Nero,</span> <span class='ocrx_word' id='word_1_197' title='bbox 899 1696 1114 1728; x_wconf 81' lang='lat' dir='ltr'>nequaquam</span> <span class='ocrx_word' id='word_1_198' title='bbox 1129 1689 1337 1728; x_wconf 84' lang='lat' dir='ltr'>paenitentia</span> <span class='ocrx_word' id='word_1_199' title='bbox 1359 1686 1593 1728; x_wconf 89' lang='lat' dir='ltr'>Doederlein;</span> <span class='ocrx_word' id='word_1_200' title='bbox 1625 1688 1675 1720; x_wconf 81' lang='lat' dir='ltr'>his</span> <span class='ocrx_word' id='word_1_201' title='bbox 1699 1712 1833 1721; x_wconf 90' lang='grc'><strong>......</strong></span> <span class='ocrx_word' id='word_1_202' title='bbox 1858 1691 1947 1720; x_wconf 83' lang='lat' dir='ltr'>tam-</span> 
     </span>
     <span class='ocr_line' id='line_1_21' title="bbox 156 1743 1948 1787; baseline -0.001 -9"><span class='ocrx_word' id='word_1_203' title='bbox 156 1754 258 1787; x_wconf 87' lang='lat' dir='ltr'>quam</span> <span class='ocrx_word' id='word_1_204' title='bbox 279 1745 369 1778; x_wconf 87' lang='lat' dir='ltr'>Nero</span> <span class='ocrx_word' id='word_1_205' title='bbox 394 1745 440 1787; x_wconf 78' lang='lat' dir='ltr'>(et</span> <span class='ocrx_word' id='word_1_206' title='bbox 461 1753 544 1777; x_wconf 85' lang='lat' dir='ltr'>mox</span> <span class='ocrx_word' id='word_1_207' title='bbox 565 1745 745 1784; x_wconf 82' lang='lat' dir='ltr'>revocarit)</span> <span class='ocrx_word' id='word_1_208' title='bbox 768 1744 991 1786; x_wconf 86' lang='lat' dir='ltr'>Nipperdey;</span> <span class='ocrx_word' id='word_1_209' title='bbox 1018 1745 1068 1777; x_wconf 84' lang='lat' dir='ltr'>his</span> <span class='ocrx_word' id='word_1_210' title='bbox 1090 1752 1295 1785; x_wconf 85' lang='lat' dir='ltr'>quamquam</span> <span class='ocrx_word' id='word_1_211' title='bbox 1317 1745 1406 1777; x_wconf 88' lang='lat' dir='ltr'>Nero</span> <span class='ocrx_word' id='word_1_212' title='bbox 1425 1745 1631 1786; x_wconf 83' lang='lat' dir='ltr'>paenitentia</span> <span class='ocrx_word' id='word_1_213' title='bbox 1647 1744 1770 1786; x_wconf 64' lang='lat' dir='ltr'>flagitii</span> <span class='ocrx_word' id='word_1_214' title='bbox 1785 1743 1862 1786; x_wconf 85' lang='lat' dir='ltr'>[non</span> <span class='ocrx_word' id='word_1_215' title='bbox 1875 1753 1948 1776; x_wconf 86' lang='lat' dir='ltr'>mu-</span> 
     </span>
     <span class='ocr_line' id='line_1_22' title="bbox 155 1799 1948 1843; baseline -0.002 -8"><span class='ocrx_word' id='word_1_216' title='bbox 155 1799 254 1835; x_wconf 68' lang='lat' dir='ltr'>tatus‘</span> <span class='ocrx_word' id='word_1_217' title='bbox 267 1801 419 1834; x_wconf 86' lang='lat' dir='ltr'>cunctari</span> <span class='ocrx_word' id='word_1_218' title='bbox 441 1803 552 1834; x_wconf 83' lang='lat' dir='ltr'>tamen</span> <span class='ocrx_word' id='word_1_219' title='bbox 573 1801 690 1842; x_wconf 83' lang='lat' dir='ltr'>coepit.</span> <span class='ocrx_word' id='word_1_220' title='bbox 714 1801 801 1833; x_wconf 87' lang='lat' dir='ltr'>unde</span> <span class='ocrx_word' id='word_1_221' title='bbox 822 1803 952 1834; x_wconf 82' lang='lat' dir='ltr'>maesta</span> <span class='ocrx_word' id='word_1_222' title='bbox 973 1801 1127 1842; x_wconf 80' lang='lat' dir='ltr'>Poppaea</span> <span class='ocrx_word' id='word_1_223' title='bbox 1141 1803 1173 1833; x_wconf 84' lang='lat' dir='ltr'>et</span> <span class='ocrx_word' id='word_1_224' title='bbox 1192 1801 1298 1843; x_wconf 85' lang='lat' dir='ltr'>falsus</span> <span class='ocrx_word' id='word_1_225' title='bbox 1309 1810 1372 1842; x_wconf 80' lang='lat' dir='ltr'>per</span> <span class='ocrx_word' id='word_1_226' title='bbox 1386 1800 1502 1833; x_wconf 88' lang='lat' dir='ltr'>urbem</span> <span class='ocrx_word' id='word_1_227' title='bbox 1514 1810 1648 1841; x_wconf 87' lang='lat' dir='ltr'>rumor,</span> <span class='ocrx_word' id='word_1_228' title='bbox 1673 1809 1756 1833; x_wconf 72' lang='lat' dir='ltr'>mom</span> <span class='ocrx_word' id='word_1_229' title='bbox 1769 1809 1948 1833; x_wconf 78' lang='lat' dir='ltr'>concursus</span> 
     </span>
     <span class='ocr_line' id='line_1_23' title="bbox 155 1857 1947 1900; baseline -0.001 -9"><span class='ocrx_word' id='word_1_230' title='bbox 155 1861 188 1891; x_wconf 88' lang='lat' dir='ltr'>et</span> <span class='ocrx_word' id='word_1_231' title='bbox 208 1858 336 1890; x_wconf 86' lang='lat' dir='ltr'>clamor</span> <span class='ocrx_word' id='word_1_232' title='bbox 349 1857 372 1900; x_wconf 92' lang='lat'>.·]</span> <span class='ocrx_word' id='word_1_233' title='bbox 398 1858 589 1899; x_wconf 64' lang='lat' dir='ltr'>«coniugem</span> <span class='ocrx_word' id='word_1_234' title='bbox 611 1858 781 1890; x_wconf 86' lang='lat' dir='ltr'>revocavit</span> <span class='ocrx_word' id='word_1_235' title='bbox 797 1858 989 1890; x_wconf 81' lang='lat' dir='ltr'>Octaviam»</span> <span class='ocrx_word' id='word_1_236' title='bbox 1014 1858 1068 1890; x_wconf 89' lang='lat' dir='ltr'>Fr.</span> <span class='ocrx_word' id='word_1_237' title='bbox 1087 1858 1212 1891; x_wconf 89' lang='lat' dir='ltr'>Haase.</span> <span class='ocrx_word' id='word_1_238' title='bbox 1232 1875 1268 1881; x_wconf 90' lang='lat'>—</span> <span class='ocrx_word' id='word_1_239' title='bbox 1295 1859 1326 1891; x_wconf 80' lang='grc' dir='ltr'>ὅ.</span> <span class='ocrx_word' id='word_1_240' title='bbox 1347 1867 1496 1899; x_wconf 80' lang='lat' dir='ltr'>poppeae</span> <span class='ocrx_word' id='word_1_241' title='bbox 1516 1861 1707 1899; x_wconf 76' lang='lat' dir='ltr'>proruyunt</span> <span class='ocrx_word' id='word_1_242' title='bbox 1728 1859 1761 1892; x_wconf 89' lang='lat' dir='ltr'>M</span> <span class='ocrx_word' id='word_1_243' title='bbox 1781 1876 1815 1881; x_wconf 98' lang='lat'><strong>—</strong></span> <span class='ocrx_word' id='word_1_244' title='bbox 1841 1858 1872 1890; x_wconf 82' lang='lat'>7.</span> <span class='ocrx_word' id='word_1_245' title='bbox 1890 1866 1947 1890; x_wconf 85' lang='lat' dir='ltr'>re-</span> 
     </span>
     <span class='ocr_line' id='line_1_24' title="bbox 150 1913 1947 1955; baseline 0 -9"><span class='ocrx_word' id='word_1_246' title='bbox 150 1914 293 1955; x_wconf 81' lang='lat' dir='ltr'>petitum</span> <span class='ocrx_word' id='word_1_247' title='bbox 313 1914 543 1947; x_wconf 81' lang='lat' dir='ltr'>venerantium</span> <span class='ocrx_word' id='word_1_248' title='bbox 565 1913 710 1947; x_wconf 84' lang='lat' dir='ltr'>seclusit</span> <span class='ocrx_word' id='word_1_249' title='bbox 732 1914 897 1947; x_wconf 87' lang='lat' dir='ltr'>Ritterus.</span> <span class='ocrx_word' id='word_1_250' title='bbox 926 1932 961 1938; x_wconf 88' lang='lat'>—</span> <span class='ocrx_word' id='word_1_251' title='bbox 987 1914 1019 1947; x_wconf 90' lang='lat'>8.</span> <span class='ocrx_word' id='word_1_252' title='bbox 1045 1915 1138 1947; x_wconf 83' lang='lat' dir='ltr'>emisi</span> <span class='ocrx_word' id='word_1_253' title='bbox 1160 1915 1193 1948; x_wconf 91' lang='lat' dir='ltr'>M</span> <span class='ocrx_word' id='word_1_254' title='bbox 1210 1932 1246 1937; x_wconf 90' lang='lat'><strong>—</strong></span> <span class='ocrx_word' id='word_1_255' title='bbox 1272 1914 1304 1946; x_wconf 86' lang='lat'>9.</span> <span class='ocrx_word' id='word_1_256' title='bbox 1323 1914 1475 1947; x_wconf 81' lang='lat' dir='ltr'>turbatos</span> <span class='ocrx_word' id='word_1_257' title='bbox 1496 1915 1548 1948; x_wconf 88' lang='lat' dir='ltr'>M:</span> <span class='ocrx_word' id='word_1_258' title='bbox 1575 1914 1708 1947; x_wconf 87' lang='lat' dir='ltr'>turbam</span> <span class='ocrx_word' id='word_1_259' title='bbox 1722 1913 1788 1947; x_wconf 89' lang='lat' dir='ltr'>alii.</span> <span class='ocrx_word' id='word_1_260' title='bbox 1809 1931 1845 1937; x_wconf 91' lang='lat'>—-</span> <span class='ocrx_word' id='word_1_261' title='bbox 1870 1922 1947 1946; x_wconf 89' lang='lat' dir='ltr'>mu—</span> 
     </span>
     <span class='ocr_line' id='line_1_25' title="bbox 154 1969 1946 2012; baseline 0 -9"><span class='ocrx_word' id='word_1_262' title='bbox 154 1973 291 2011; x_wconf 85' lang='lat' dir='ltr'>tataque</span> <span class='ocrx_word' id='word_1_263' title='bbox 311 1979 398 2011; x_wconf 90' lang='lat' dir='ltr'>quae</span> <span class='ocrx_word' id='word_1_264' title='bbox 420 1969 650 2004; x_wconf 87' lang='lat' dir='ltr'>Puteolanus:</span> <span class='ocrx_word' id='word_1_265' title='bbox 664 1973 806 2003; x_wconf 75' lang='lat' dir='ltr'>,mutata</span> <span class='ocrx_word' id='word_1_266' title='bbox 828 1979 980 2012; x_wconf 87' lang='lat' dir='ltr'>quaeque</span> <span class='ocrx_word' id='word_1_267' title='bbox 995 1971 1029 2003; x_wconf 91' lang='lat' dir='ltr'>M</span> <span class='ocrx_word' id='word_1_268' title='bbox 1045 1988 1088 1995; x_wconf 94' lang='lat'><strong>—</strong></span> <span class='ocrx_word' id='word_1_269' title='bbox 1111 1971 1164 2003; x_wconf 93' lang='grc'>40.</span> <span class='ocrx_word' id='word_1_270' title='bbox 1186 1979 1335 2012; x_wconf 79' lang='lat' dir='ltr'>poppeae</span> <span class='ocrx_word' id='word_1_271' title='bbox 1355 1972 1390 2004; x_wconf 91' lang='lat' dir='ltr'>M</span> <span class='ocrx_word' id='word_1_272' title='bbox 1415 1988 1449 1994; x_wconf 88' lang='lat'>—</span> <span class='ocrx_word' id='word_1_273' title='bbox 1476 1974 1578 2003; x_wconf 79' lang='lat' dir='ltr'>tumet</span> <span class='ocrx_word' id='word_1_274' title='bbox 1599 1974 1687 2004; x_wconf 85' lang='lat' dir='ltr'>metu</span> <span class='ocrx_word' id='word_1_275' title='bbox 1701 1972 1735 2004; x_wconf 89' lang='lat' dir='ltr'>M</span> <span class='ocrx_word' id='word_1_276' title='bbox 1755 1989 1788 1996; x_wconf 93' lang='grc'>-</span> <span class='ocrx_word' id='word_1_277' title='bbox 1816 1971 1870 2004; x_wconf 77' lang='grc'>42.</span> <span class='ocrx_word' id='word_1_278' title='bbox 1888 1971 1946 2012; x_wconf 70' lang='lat' dir='ltr'>aqi</span> 
     </span>
     <span class='ocr_line' id='line_1_26' title="bbox 154 2026 1736 2069; baseline 0 -9"><span class='ocrx_word' id='word_1_279' title='bbox 154 2027 207 2061; x_wconf 89' lang='lat' dir='ltr'>M:</span> <span class='ocrx_word' id='word_1_280' title='bbox 232 2027 282 2059; x_wconf 83' lang='lat' dir='ltr'>ait</span> <span class='ocrx_word' id='word_1_281' title='bbox 303 2026 589 2068; x_wconf 80' lang='lat' dir='ltr'>Bezzenberger3</span> <span class='ocrx_word' id='word_1_282' title='bbox 615 2027 672 2069; x_wconf 73' lang='lat' dir='ltr'>aqi</span> <span class='ocrx_word' id='word_1_283' title='bbox 695 2027 744 2059; x_wconf 88' lang='lat' dir='ltr'>ait</span> <span class='ocrx_word' id='word_1_284' title='bbox 766 2027 930 2060; x_wconf 89' lang='lat' dir='ltr'>Ritterus.</span> <span class='ocrx_word' id='word_1_285' title='bbox 960 2045 995 2050; x_wconf 98' lang='lat'><strong>—</strong></span> <span class='ocrx_word' id='word_1_286' title='bbox 1022 2027 1076 2060; x_wconf 88' lang='grc'>43.</span> <span class='ocrx_word' id='word_1_287' title='bbox 1102 2035 1297 2068; x_wconf 77' lang='lat' dir='ltr'>quanquam</span> <span class='ocrx_word' id='word_1_288' title='bbox 1318 2028 1352 2061; x_wconf 90' lang='lat' dir='ltr'>M</span> <span class='ocrx_word' id='word_1_289' title='bbox 1379 2044 1414 2051; x_wconf 87' lang='lat'><em>-</em></span> <span class='ocrx_word' id='word_1_290' title='bbox 1440 2026 1493 2060; x_wconf 76' lang='grc'>44.</span> <span class='ocrx_word' id='word_1_291' title='bbox 1511 2027 1676 2067; x_wconf 76' lang='lat' dir='ltr'>clyentelis</span> <span class='ocrx_word' id='word_1_292' title='bbox 1691 2028 1736 2061; x_wconf 91' lang='lat' dir='ltr'>M.</span> 
     </span>
    </p>
   </div>
   <div class='ocr_carea' id='block_1_5' title="bbox 150 2153 1027 3454">
    <p class='ocr_par' dir='ltr' id='par_1_5' title="bbox 150 2153 1027 3055">
     <span class='ocr_line' id='line_1_27' title="bbox 155 2153 1027 2205; baseline -0.001 -13"><span class='ocrx_word' id='word_1_293' title='bbox 155 2155 369 2203; x_wconf 82' lang='grc' dir='ltr'><strong><em>Τιγελλῖνος</em></strong></span> <span class='ocrx_word' id='word_1_294' title='bbox 392 2156 558 2191; x_wconf 81' lang='grc' dir='ltr'><strong><em>ἐνέκειτο</em></strong></span> <span class='ocrx_word' id='word_1_295' title='bbox 580 2153 698 2205; x_wconf 76' lang='grc' dir='ltr'><em>αὐτῇ,</em></span> <span class='ocrx_word' id='word_1_296' title='bbox 722 2158 964 2205; x_wconf 81' lang='grc' dir='ltr'><strong><em>προσέπτυσέ</em></strong></span> <span class='ocrx_word' id='word_1_297' title='bbox 986 2168 1027 2192; x_wconf 81' lang='grc' dir='ltr'>τε</span> 
     </span>
     <span class='ocr_line' id='line_1_28' title="bbox 153 2203 1026 2256; baseline 0 -14"><span class='ocrx_word' id='word_1_298' title='bbox 153 2205 256 2254; x_wconf 77' lang='grc' dir='ltr'><em>αὐτῷ</em></span> <span class='ocrx_word' id='word_1_299' title='bbox 280 2210 345 2242; x_wconf 81' lang='grc' dir='ltr'>καὶ</span> <span class='ocrx_word' id='word_1_300' title='bbox 366 2205 447 2241; x_wconf 80' lang='grc' dir='ltr'><strong><em>εἶπε</em></strong></span> <span class='ocrx_word' id='word_1_301' title='bbox 461 2218 468 2226; x_wconf 95' lang='grc'><em>·</em></span> <span class='ocrx_word' id='word_1_302' title='bbox 495 2207 824 2256; x_wconf 78' lang='grc' dir='ltr'><strong><em>«Καθαρώτερον,</em></strong></span> <span class='ocrx_word' id='word_1_303' title='bbox 849 2203 881 2241; x_wconf 78' lang='grc' dir='ltr'><em>ὦ</em></span> <span class='ocrx_word' id='word_1_304' title='bbox 897 2208 1026 2253; x_wconf 78' lang='grc' dir='ltr'><em>Τιγελ-</em></span> 
     </span>
     <span class='ocr_line' id='line_1_29' title="bbox 153 2255 1024 2302; baseline 0.001 -10"><span class='ocrx_word' id='word_1_305' title='bbox 153 2258 252 2300; x_wconf 67' lang='lat' dir='ltr'>Uva,</span> <span class='ocrx_word' id='word_1_306' title='bbox 275 2256 322 2292; x_wconf 83' lang='grc' dir='ltr'>τὸ</span> <span class='ocrx_word' id='word_1_307' title='bbox 345 2257 494 2292; x_wconf 83' lang='grc' dir='ltr'><strong><em>αἰδοῖον</em></strong></span> <span class='ocrx_word' id='word_1_308' title='bbox 516 2255 542 2302; x_wconf 85' lang='grc' dir='ltr'><em>ἦ</em></span> <span class='ocrx_word' id='word_1_309' title='bbox 567 2257 751 2293; x_wconf 82' lang='grc' dir='ltr'><strong><em>δέσποινά</em></strong></span> <span class='ocrx_word' id='word_1_310' title='bbox 770 2269 848 2302; x_wconf 84' lang='grc' dir='ltr'>μου</span> <span class='ocrx_word' id='word_1_311' title='bbox 864 2258 933 2293; x_wconf 83' lang='grc' dir='ltr'>τοῦ</span> <span class='ocrx_word' id='word_1_312' title='bbox 951 2258 1024 2293; x_wconf 85' lang='grc' dir='ltr'>σοῦ</span> 
     </span>
     <span class='ocr_line' id='line_1_30' title="bbox 154 2304 1026 2353; baseline 0 -10"><span class='ocrx_word' id='word_1_313' title='bbox 154 2307 350 2353; x_wconf 78' lang='grc' dir='ltr'><em>πόματος</em></span> <span class='ocrx_word' id='word_1_314' title='bbox 373 2304 488 2348; x_wconf 57' lang='grc' dir='ltr'><em>ἔχει.»</em></span> <span class='ocrx_word' id='word_1_315' title='bbox 515 2327 552 2333; x_wconf 93' lang='grc'>-</span> <span class='ocrx_word' id='word_1_316' title='bbox 576 2309 738 2351; x_wconf 86' lang='lat' dir='ltr'>movetur]</span> <span class='ocrx_word' id='word_1_317' title='bbox 763 2312 962 2351; x_wconf 86' lang='lat' dir='ltr'>amovetur,</span> <span class='ocrx_word' id='word_1_318' title='bbox 987 2311 1026 2343; x_wconf 90' lang='lat' dir='ltr'>ut</span> 
     </span>
     <span class='ocr_line' id='line_1_31' title="bbox 155 2359 1026 2402; baseline -0.001 -8"><span class='ocrx_word' id='word_1_319' title='bbox 155 2370 186 2394; x_wconf 90' lang='lat' dir='ltr'>c.</span> <span class='ocrx_word' id='word_1_320' title='bbox 213 2361 274 2400; x_wconf 73' lang='lat'>32,</span> <span class='ocrx_word' id='word_1_321' title='bbox 300 2361 336 2393; x_wconf 88' lang='lat' dir='ltr'>et</span> <span class='ocrx_word' id='word_1_322' title='bbox 357 2360 469 2392; x_wconf 85' lang='lat' dir='ltr'>moliri</span> <span class='ocrx_word' id='word_1_323' title='bbox 491 2368 556 2402; x_wconf 91' lang='lat' dir='ltr'>pro</span> <span class='ocrx_word' id='word_1_324' title='bbox 581 2360 715 2392; x_wconf 84' lang='lat' dir='ltr'>amoliri</span> <span class='ocrx_word' id='word_1_325' title='bbox 737 2359 839 2393; x_wconf 89' lang='lat' dir='ltr'>Silius</span> <span class='ocrx_word' id='word_1_326' title='bbox 858 2361 890 2400; x_wconf 88' lang='lat'>7,</span> <span class='ocrx_word' id='word_1_327' title='bbox 908 2360 973 2394; x_wconf 72' lang='lat'>264</span> <span class='ocrx_word' id='word_1_328' title='bbox 990 2361 1026 2393; x_wconf 92' lang='lat' dir='ltr'>et</span> 
     </span>
     <span class='ocr_line' id='line_1_32' title="bbox 154 2409 1025 2450; baseline 0 -7"><span class='ocrx_word' id='word_1_329' title='bbox 154 2410 208 2450; x_wconf 88' lang='grc'>43,</span> <span class='ocrx_word' id='word_1_330' title='bbox 226 2409 287 2443; x_wconf 75' lang='lat'>48:</span> <span class='ocrx_word' id='word_1_331' title='bbox 314 2410 438 2442; x_wconf 72' lang='lat' dir='ltr'>dextra</span> <span class='ocrx_word' id='word_1_332' title='bbox 458 2410 592 2442; x_wconf 81' lang='lat' dir='ltr'>molitus</span> <span class='ocrx_word' id='word_1_333' title='bbox 613 2411 650 2442; x_wconf 84' lang='lat' dir='ltr'>in</span> <span class='ocrx_word' id='word_1_334' title='bbox 670 2411 744 2450; x_wconf 83' lang='lat' dir='ltr'>ipso</span> <span class='ocrx_word' id='word_1_335' title='bbox 760 2410 914 2443; x_wconf 79' lang='lat' dir='ltr'>Custodes</span> <span class='ocrx_word' id='word_1_336' title='bbox 929 2411 1025 2443; x_wconf 84' lang='lat' dir='ltr'>aditu</span> 
     </span>
     <span class='ocr_line' id='line_1_33' title="bbox 153 2459 1023 2502; baseline 0 -9"><span class='ocrx_word' id='word_1_337' title='bbox 153 2460 275 2501; x_wconf 83' lang='lat' dir='ltr'>templi.</span> <span class='ocrx_word' id='word_1_338' title='bbox 302 2477 339 2483; x_wconf 92' lang='lat'>—</span> <span class='ocrx_word' id='word_1_339' title='bbox 365 2459 472 2492; x_wconf 81' lang='lat' dir='ltr'>civilis</span> <span class='ocrx_word' id='word_1_340' title='bbox 494 2459 633 2499; x_wconf 74' lang='lat' dir='ltr'>discidii]</span> <span class='ocrx_word' id='word_1_341' title='bbox 659 2459 799 2493; x_wconf 88' lang='lat' dir='ltr'>divortii</span> <span class='ocrx_word' id='word_1_342' title='bbox 822 2469 865 2493; x_wconf 86' lang='lat' dir='ltr'>ex</span> <span class='ocrx_word' id='word_1_343' title='bbox 886 2459 1023 2502; x_wconf 82' lang='lat' dir='ltr'>legibus</span> 
     </span>
     <span class='ocr_line' id='line_1_34' title="bbox 153 2508 1024 2553; baseline -0.001 -9"><span class='ocrx_word' id='word_1_344' title='bbox 153 2510 252 2551; x_wconf 84' lang='lat' dir='ltr'>sacti,</span> <span class='ocrx_word' id='word_1_345' title='bbox 277 2508 394 2552; x_wconf 88' lang='lat' dir='ltr'>qualia</span> <span class='ocrx_word' id='word_1_346' title='bbox 417 2510 502 2542; x_wconf 88' lang='lat' dir='ltr'>tunc</span> <span class='ocrx_word' id='word_1_347' title='bbox 523 2518 699 2552; x_wconf 88' lang='lat' dir='ltr'>perquam</span> <span class='ocrx_word' id='word_1_348' title='bbox 715 2510 932 2553; x_wconf 82' lang='lat' dir='ltr'>frequentia;</span> <span class='ocrx_word' id='word_1_349' title='bbox 958 2519 1024 2553; x_wconf 90' lang='lat' dir='ltr'>op-</span> 
     </span>
     <span class='ocr_line' id='line_1_35' title="bbox 152 2558 1021 2603; baseline -0.001 -9"><span class='ocrx_word' id='word_1_350' title='bbox 152 2561 293 2603; x_wconf 88' lang='lat' dir='ltr'>ponitur</span> <span class='ocrx_word' id='word_1_351' title='bbox 325 2558 523 2603; x_wconf 82' lang='lat' dir='ltr'>expulsioni</span> <span class='ocrx_word' id='word_1_352' title='bbox 552 2559 738 2593; x_wconf 88' lang='lat' dir='ltr'>violentae.</span> <span class='ocrx_word' id='word_1_353' title='bbox 771 2578 808 2584; x_wconf 99' lang='lat'><strong>—</strong></span> <span class='ocrx_word' id='word_1_354' title='bbox 844 2560 1021 2603; x_wconf 74' lang='lat' dir='ltr'>sapientia]</span> 
     </span>
     <span class='ocr_line' id='line_1_36' title="bbox 151 2610 1019 2654; baseline -0.001 -9"><span class='ocrx_word' id='word_1_355' title='bbox 151 2612 210 2645; x_wconf 87' lang='lat' dir='ltr'>hie</span> <span class='ocrx_word' id='word_1_356' title='bbox 238 2610 444 2654; x_wconf 89' lang='lat' dir='ltr'>simpliciter</span> <span class='ocrx_word' id='word_1_357' title='bbox 473 2619 540 2653; x_wconf 92' lang='lat' dir='ltr'>pro</span> <span class='ocrx_word' id='word_1_358' title='bbox 569 2611 732 2644; x_wconf 89' lang='lat' dir='ltr'>cautione</span> <span class='ocrx_word' id='word_1_359' title='bbox 755 2619 798 2644; x_wconf 91' lang='lat' dir='ltr'>ac</span> <span class='ocrx_word' id='word_1_360' title='bbox 819 2611 1019 2654; x_wconf 90' lang='lat' dir='ltr'>prudentia.</span> 
     </span>
     <span class='ocr_line' id='line_1_37' title="bbox 154 2661 1019 2703; baseline -0.001 -8"><span class='ocrx_word' id='word_1_361' title='bbox 154 2679 190 2685; x_wconf 91' lang='lat'>—</span> <span class='ocrx_word' id='word_1_362' title='bbox 204 2661 391 2703; x_wconf 74' lang='lat' dir='ltr'>eoniuqem]</span> <span class='ocrx_word' id='word_1_363' title='bbox 408 2661 476 2694; x_wconf 89' lang='lat' dir='ltr'>hoc</span> <span class='ocrx_word' id='word_1_364' title='bbox 492 2662 559 2699; x_wconf 87' lang='lat' dir='ltr'>est,</span> <span class='ocrx_word' id='word_1_365' title='bbox 577 2663 616 2693; x_wconf 88' lang='lat' dir='ltr'>ut</span> <span class='ocrx_word' id='word_1_366' title='bbox 631 2662 759 2694; x_wconf 83' lang='lat' dir='ltr'>coniux</span> <span class='ocrx_word' id='word_1_367' title='bbox 774 2670 897 2695; x_wconf 91' lang='lat' dir='ltr'>rursus</span> <span class='ocrx_word' id='word_1_368' title='bbox 912 2663 1019 2702; x_wconf 89' lang='lat' dir='ltr'>esset,</span> 
     </span>
     <span class='ocr_line' id='line_1_38' title="bbox 150 2711 1022 2753; baseline -0.002 -7"><span class='ocrx_word' id='word_1_369' title='bbox 150 2711 208 2746; x_wconf 81' lang='lat' dir='ltr'>vel</span> <span class='ocrx_word' id='word_1_370' title='bbox 231 2713 267 2745; x_wconf 90' lang='lat' dir='ltr'>in</span> <span class='ocrx_word' id='word_1_371' title='bbox 291 2712 505 2753; x_wconf 86' lang='lat' dir='ltr'>coniugium.</span> <span class='ocrx_word' id='word_1_372' title='bbox 531 2712 639 2744; x_wconf 66' lang='lat' dir='ltr'>Dono.</span> <span class='ocrx_word' id='word_1_373' title='bbox 668 2729 704 2735; x_wconf 93' lang='grc'><strong>-</strong></span> <span class='ocrx_word' id='word_1_374' title='bbox 733 2713 902 2744; x_wconf 82' lang='lat' dir='ltr'>revocavit</span> <span class='ocrx_word' id='word_1_375' title='bbox 925 2712 1022 2744; x_wconf 86' lang='lat' dir='ltr'>Octa-</span> 
     </span>
     <span class='ocr_line' id='line_1_39' title="bbox 150 2761 1020 2804; baseline -0.001 -9"><span class='ocrx_word' id='word_1_376' title='bbox 150 2761 253 2804; x_wconf 84' lang='lat' dir='ltr'>viam]</span> <span class='ocrx_word' id='word_1_377' title='bbox 275 2762 455 2795; x_wconf 85' lang='lat' dir='ltr'>Octaviam</span> <span class='ocrx_word' id='word_1_378' title='bbox 470 2770 539 2794; x_wconf 92' lang='lat' dir='ltr'>non</span> <span class='ocrx_word' id='word_1_379' title='bbox 558 2770 597 2794; x_wconf 87' lang='lat' dir='ltr'>re</span> <span class='ocrx_word' id='word_1_380' title='bbox 613 2770 698 2794; x_wconf 85' lang='lat' dir='ltr'>vera</span> <span class='ocrx_word' id='word_1_381' title='bbox 713 2764 930 2800; x_wconf 89' lang='lat' dir='ltr'>revocatam,</span> <span class='ocrx_word' id='word_1_382' title='bbox 955 2762 1020 2795; x_wconf 90' lang='lat' dir='ltr'>sed</span> 
     </span>
     <span class='ocr_line' id='line_1_40' title="bbox 151 2811 1019 2854; baseline -0.001 -9"><span class='ocrx_word' id='word_1_383' title='bbox 151 2820 334 2845; x_wconf 87' lang='lat' dir='ltr'>rumorem</span> <span class='ocrx_word' id='word_1_384' title='bbox 355 2812 492 2844; x_wconf 85' lang='lat' dir='ltr'>tantum</span> <span class='ocrx_word' id='word_1_385' title='bbox 515 2811 560 2844; x_wconf 90' lang='lat' dir='ltr'>de</span> <span class='ocrx_word' id='word_1_386' title='bbox 584 2812 660 2844; x_wconf 88' lang='lat' dir='ltr'>eius</span> <span class='ocrx_word' id='word_1_387' title='bbox 675 2812 901 2844; x_wconf 86' lang='lat' dir='ltr'>revocatione</span> <span class='ocrx_word' id='word_1_388' title='bbox 917 2820 1019 2854; x_wconf 90' lang='lat' dir='ltr'>spar-</span> 
     </span>
     <span class='ocr_line' id='line_1_41' title="bbox 152 2862 1020 2904; baseline -0.001 -8"><span class='ocrx_word' id='word_1_389' title='bbox 152 2871 233 2897; x_wconf 86' lang='lat' dir='ltr'>sum</span> <span class='ocrx_word' id='word_1_390' title='bbox 257 2871 357 2902; x_wconf 85' lang='lat' dir='ltr'>esse,</span> <span class='ocrx_word' id='word_1_391' title='bbox 383 2871 426 2895; x_wconf 86' lang='lat' dir='ltr'>ex</span> <span class='ocrx_word' id='word_1_392' title='bbox 450 2862 564 2904; x_wconf 87' lang='lat' dir='ltr'>capite</span> <span class='ocrx_word' id='word_1_393' title='bbox 585 2863 748 2904; x_wconf 87' lang='lat' dir='ltr'>sequenti</span> <span class='ocrx_word' id='word_1_394' title='bbox 765 2864 922 2904; x_wconf 87' lang='lat' dir='ltr'>apparet.</span> <span class='ocrx_word' id='word_1_395' title='bbox 947 2863 1020 2895; x_wconf 90' lang='lat' dir='ltr'>No—</span> 
     </span>
     <span class='ocr_line' id='line_1_42' title="bbox 150 2906 1019 2953; baseline -0.002 -7"><span class='ocrx_word' id='word_1_396' title='bbox 150 2906 280 2946; x_wconf 82' lang='lat' dir='ltr'>luimus</span> <span class='ocrx_word' id='word_1_397' title='bbox 311 2914 431 2944; x_wconf 88' lang='lat' dir='ltr'>tamen</span> <span class='ocrx_word' id='word_1_398' title='bbox 460 2912 496 2944; x_wconf 90' lang='lat' dir='ltr'>in</span> <span class='ocrx_word' id='word_1_399' title='bbox 526 2911 646 2944; x_wconf 86' lang='lat' dir='ltr'>verbis</span> <span class='ocrx_word' id='word_1_400' title='bbox 670 2911 801 2945; x_wconf 90' lang='lat' dir='ltr'>codicis</span> <span class='ocrx_word' id='word_1_401' title='bbox 825 2911 1019 2953; x_wconf 86' lang='lat' dir='ltr'>quidquam</span> 
     </span>
     <span class='ocr_line' id='line_1_43' title="bbox 151 2961 1020 3004; baseline -0.001 -9"><span class='ocrx_word' id='word_1_402' title='bbox 151 2964 309 3002; x_wconf 81' lang='lat' dir='ltr'>mutare,</span> <span class='ocrx_word' id='word_1_403' title='bbox 335 2969 418 2994; x_wconf 93' lang='lat' dir='ltr'>cum</span> <span class='ocrx_word' id='word_1_404' title='bbox 441 2962 612 2994; x_wconf 87' lang='lat' dir='ltr'>restitutio</span> <span class='ocrx_word' id='word_1_405' title='bbox 635 2961 702 2994; x_wconf 91' lang='lat' dir='ltr'>loci</span> <span class='ocrx_word' id='word_1_406' title='bbox 718 2962 875 3004; x_wconf 87' lang='lat' dir='ltr'>corrupti</span> <span class='ocrx_word' id='word_1_407' title='bbox 890 2962 925 2994; x_wconf 85' lang='lat' dir='ltr'>et</span> <span class='ocrx_word' id='word_1_408' title='bbox 943 2969 1020 2993; x_wconf 89' lang='lat' dir='ltr'>mu-</span> 
     </span>
     <span class='ocr_line' id='line_1_44' title="bbox 152 3011 604 3055; baseline -0.002 -10"><span class='ocrx_word' id='word_1_409' title='bbox 152 3011 200 3045; x_wconf 85' lang='lat' dir='ltr'>tili</span> <span class='ocrx_word' id='word_1_410' title='bbox 222 3020 368 3055; x_wconf 91' lang='lat' dir='ltr'>prorsus</span> <span class='ocrx_word' id='word_1_411' title='bbox 391 3012 525 3044; x_wconf 87' lang='lat' dir='ltr'>incerta</span> <span class='ocrx_word' id='word_1_412' title='bbox 547 3012 604 3045; x_wconf 87' lang='lat' dir='ltr'>sit.</span> 
     </span>
    </p>

    <p class='ocr_par' dir='ltr' id='par_1_6' title="bbox 150 3060 1019 3454">
     <span class='ocr_line' id='line_1_45' title="bbox 195 3060 1019 3104; baseline -0.002 -9"><span class='ocrx_word' id='word_1_413' title='bbox 195 3063 250 3095; x_wconf 81' lang='grc'>64.</span> <span class='ocrx_word' id='word_1_414' title='bbox 271 3061 415 3104; x_wconf 81' lang='lat' dir='ltr'>tandem]</span> <span class='ocrx_word' id='word_1_415' title='bbox 438 3061 484 3094; x_wconf 87' lang='lat' dir='ltr'>de</span> <span class='ocrx_word' id='word_1_416' title='bbox 499 3070 538 3094; x_wconf 89' lang='lat' dir='ltr'>re</span> <span class='ocrx_word' id='word_1_417' title='bbox 553 3062 777 3104; x_wconf 87' lang='lat' dir='ltr'>impatienter</span> <span class='ocrx_word' id='word_1_418' title='bbox 792 3062 837 3095; x_wconf 90' lang='lat' dir='ltr'>ab</span> <span class='ocrx_word' id='word_1_419' title='bbox 853 3060 1019 3095; x_wconf 90' lang='lat' dir='ltr'>omnibus</span> 
     </span>
     <span class='ocr_line' id='line_1_46' title="bbox 153 3111 1019 3155; baseline -0.002 -10"><span class='ocrx_word' id='word_1_420' title='bbox 153 3114 366 3155; x_wconf 83' lang='lat' dir='ltr'>exspectata.</span> <span class='ocrx_word' id='word_1_421' title='bbox 401 3111 467 3145; x_wconf 87' lang='lat' dir='ltr'>Diu</span> <span class='ocrx_word' id='word_1_422' title='bbox 496 3112 593 3144; x_wconf 88' lang='lat' dir='ltr'>enim</span> <span class='ocrx_word' id='word_1_423' title='bbox 623 3111 706 3144; x_wconf 89' lang='lat' dir='ltr'>nihil</span> <span class='ocrx_word' id='word_1_424' title='bbox 735 3112 800 3145; x_wconf 88' lang='lat' dir='ltr'>nisi</span> <span class='ocrx_word' id='word_1_425' title='bbox 824 3112 935 3144; x_wconf 90' lang='lat' dir='ltr'>tristia</span> <span class='ocrx_word' id='word_1_426' title='bbox 957 3119 1019 3143; x_wconf 90' lang='lat' dir='ltr'>ac-</span> 
     </span>
     <span class='ocr_line' id='line_1_47' title="bbox 153 3161 1018 3204; baseline -0.001 -9"><span class='ocrx_word' id='word_1_427' title='bbox 153 3162 311 3195; x_wconf 87' lang='lat' dir='ltr'>ciderant</span> <span class='ocrx_word' id='word_1_428' title='bbox 327 3162 475 3201; x_wconf 81' lang='lat' dir='ltr'>eivitati3</span> <span class='ocrx_word' id='word_1_429' title='bbox 499 3163 576 3194; x_wconf 89' lang='lat' dir='ltr'>tum</span> <span class='ocrx_word' id='word_1_430' title='bbox 598 3163 753 3204; x_wconf 91' lang='lat' dir='ltr'>primum</span> <span class='ocrx_word' id='word_1_431' title='bbox 772 3163 853 3204; x_wconf 90' lang='lat' dir='ltr'>post</span> <span class='ocrx_word' id='word_1_432' title='bbox 873 3161 1018 3202; x_wconf 80' lang='lat' dir='ltr'>longum</span> 
     </span>
     <span class='ocr_line' id='line_1_48' title="bbox 152 3211 1018 3255; baseline -0.002 -9"><span class='ocrx_word' id='word_1_433' title='bbox 152 3213 293 3255; x_wconf 82' lang='lat' dir='ltr'>tempus</span> <span class='ocrx_word' id='word_1_434' title='bbox 321 3213 457 3253; x_wconf 88' lang='lat' dir='ltr'>evenit,</span> <span class='ocrx_word' id='word_1_435' title='bbox 489 3211 585 3254; x_wconf 92' lang='lat' dir='ltr'>quod</span> <span class='ocrx_word' id='word_1_436' title='bbox 614 3211 843 3253; x_wconf 84' lang='lat' dir='ltr'>gratulatione</span> <span class='ocrx_word' id='word_1_437' title='bbox 873 3211 1018 3252; x_wconf 85' lang='lat' dir='ltr'>dignum</span> 
     </span>
     <span class='ocr_line' id='line_1_49' title="bbox 153 3261 1015 3304; baseline -0.002 -9"><span class='ocrx_word' id='word_1_438' title='bbox 153 3263 261 3295; x_wconf 84' lang='lat' dir='ltr'>esset.</span> <span class='ocrx_word' id='word_1_439' title='bbox 289 3280 326 3287; x_wconf 93' lang='lat'>-</span> <span class='ocrx_word' id='word_1_440' title='bbox 347 3265 511 3304; x_wconf 75' lang='lat' dir='ltr'>sparqunt</span> <span class='ocrx_word' id='word_1_441' title='bbox 530 3261 680 3304; x_wconf 77' lang='lat' dir='ltr'>floribus]</span> <span class='ocrx_word' id='word_1_442' title='bbox 704 3261 756 3294; x_wconf 83' lang='lat' dir='ltr'>Cf.</span> <span class='ocrx_word' id='word_1_443' title='bbox 776 3261 903 3302; x_wconf 84' lang='lat' dir='ltr'>Vergil.</span> <span class='ocrx_word' id='word_1_444' title='bbox 927 3263 1015 3294; x_wconf 80' lang='lat' dir='ltr'>Aen.</span> 
     </span>
     <span class='ocr_line' id='line_1_50' title="bbox 154 3311 1019 3354; baseline 0 -11"><span class='ocrx_word' id='word_1_445' title='bbox 154 3311 188 3351; x_wconf 83' lang='lat'>6,</span> <span class='ocrx_word' id='word_1_446' title='bbox 211 3311 292 3345; x_wconf 78' lang='lat'>884:</span> <span class='ocrx_word' id='word_1_447' title='bbox 316 3313 503 3354; x_wconf 72' lang='lat' dir='ltr'>Purpureos</span> <span class='ocrx_word' id='word_1_448' title='bbox 524 3320 683 3353; x_wconf 78' lang='lat' dir='ltr'>sparqam</span> <span class='ocrx_word' id='word_1_449' title='bbox 695 3313 794 3354; x_wconf 78' lang='lat' dir='ltr'>flores</span> <span class='ocrx_word' id='word_1_450' title='bbox 807 3312 1019 3351; x_wconf 76' lang='lat' dir='ltr'>animamque</span> 
     </span>
     <span class='ocr_line' id='line_1_51' title="bbox 152 3360 1014 3402; baseline -0.001 -8"><span class='ocrx_word' id='word_1_451' title='bbox 152 3362 279 3402; x_wconf 78' lang='lat' dir='ltr'>nepotis</span> <span class='ocrx_word' id='word_1_452' title='bbox 303 3363 362 3395; x_wconf 85' lang='lat' dir='ltr'>His</span> <span class='ocrx_word' id='word_1_453' title='bbox 391 3363 507 3396; x_wconf 78' lang='lat' dir='ltr'>saltem</span> <span class='ocrx_word' id='word_1_454' title='bbox 537 3361 742 3394; x_wconf 78' lang='lat' dir='ltr'>accumulem</span> <span class='ocrx_word' id='word_1_455' title='bbox 766 3361 872 3395; x_wconf 85' lang='lat' dir='ltr'>donis.</span> <span class='ocrx_word' id='word_1_456' title='bbox 916 3360 1014 3394; x_wconf 89' lang='lat' dir='ltr'>Ovid.</span> 
     </span>
     <span class='ocr_line' id='line_1_52' title="bbox 150 3409 1018 3454; baseline 0.001 -11"><span class='ocrx_word' id='word_1_457' title='bbox 150 3409 252 3444; x_wconf 78' lang='lat' dir='ltr'>&#39;ri-ist.</span> <span class='ocrx_word' id='word_1_458' title='bbox 276 3409 318 3453; x_wconf 73' lang='lat'>4,</span> <span class='ocrx_word' id='word_1_459' title='bbox 341 3412 382 3453; x_wconf 75' lang='lat'>2,</span> <span class='ocrx_word' id='word_1_460' title='bbox 406 3411 468 3446; x_wconf 75' lang='lat' dir='ltr'>ta:</span> <span class='ocrx_word' id='word_1_461' title='bbox 501 3412 640 3454; x_wconf 82' lang='lat' dir='ltr'>Quaque</span> <span class='ocrx_word' id='word_1_462' title='bbox 661 3410 741 3452; x_wconf 80' lang='lat' dir='ltr'>ibis,</span> <span class='ocrx_word' id='word_1_463' title='bbox 771 3410 926 3444; x_wconf 72' lang='lat' dir='ltr'>manibus</span> <span class='ocrx_word' id='word_1_464' title='bbox 947 3411 1018 3444; x_wconf 70' lang='lat' dir='ltr'>cin-</span> 
     </span>
    </p>
   </div>
   <div class='ocr_carea' id='block_1_6' title="bbox 1065 2158 1946 3453">
    <p class='ocr_par' dir='ltr' id='par_1_7' title="bbox 1065 2158 1946 3453">
     <span class='ocr_line' id='line_1_53' title="bbox 1074 2158 1946 2200; baseline -0.002 -8"><span class='ocrx_word' id='word_1_465' title='bbox 1074 2159 1308 2200; x_wconf 78' lang='lat' dir='ltr'>cwmplaudere</span> <span class='ocrx_word' id='word_1_466' title='bbox 1338 2162 1490 2199; x_wconf 83' lang='lat' dir='ltr'>tuorum,</span> <span class='ocrx_word' id='word_1_467' title='bbox 1529 2158 1676 2200; x_wconf 82' lang='lat' dir='ltr'>Undique</span> <span class='ocrx_word' id='word_1_468' title='bbox 1708 2158 1834 2191; x_wconf 86' lang='lat' dir='ltr'>iactato</span> <span class='ocrx_word' id='word_1_469' title='bbox 1863 2159 1946 2200; x_wconf 78' lang='lat' dir='ltr'>flore</span> 
     </span>
     <span class='ocr_line' id='line_1_54' title="bbox 1074 2209 1945 2253; baseline -0.002 -10"><span class='ocrx_word' id='word_1_470' title='bbox 1074 2213 1199 2253; x_wconf 65' lang='lat' dir='ltr'>tegente</span> <span class='ocrx_word' id='word_1_471' title='bbox 1220 2210 1306 2242; x_wconf 82' lang='lat' dir='ltr'>vias.</span> <span class='ocrx_word' id='word_1_472' title='bbox 1344 2210 1416 2243; x_wconf 89' lang='lat' dir='ltr'>Liv.</span> <span class='ocrx_word' id='word_1_473' title='bbox 1443 2209 1496 2250; x_wconf 90' lang='lat'>33,</span> <span class='ocrx_word' id='word_1_474' title='bbox 1523 2210 1583 2242; x_wconf 71' lang='lat'>43:</span> <span class='ocrx_word' id='word_1_475' title='bbox 1610 2210 1727 2242; x_wconf 85' lang='lat' dir='ltr'>Omnes</span> <span class='ocrx_word' id='word_1_476' title='bbox 1748 2209 1878 2242; x_wconf 77' lang='lat' dir='ltr'>tendere</span> <span class='ocrx_word' id='word_1_477' title='bbox 1900 2209 1945 2241; x_wconf 82' lang='lat' dir='ltr'>ad</span> 
     </span>
     <span class='ocr_line' id='line_1_55' title="bbox 1072 2258 1945 2301; baseline -0.003 -7"><span class='ocrx_word' id='word_1_478' title='bbox 1072 2260 1310 2301; x_wconf 82' lang='lat' dir='ltr'>imperatorem</span> <span class='ocrx_word' id='word_1_479' title='bbox 1339 2261 1542 2300; x_wconf 85' lang='lat' dir='ltr'>Romanum,</span> <span class='ocrx_word' id='word_1_480' title='bbox 1577 2262 1616 2292; x_wconf 89' lang='lat' dir='ltr'>ut</span> <span class='ocrx_word' id='word_1_481' title='bbox 1641 2262 1759 2292; x_wconf 85' lang='lat' dir='ltr'>ruente</span> <span class='ocrx_word' id='word_1_482' title='bbox 1788 2258 1887 2291; x_wconf 84' lang='lat' dir='ltr'>turba</span> <span class='ocrx_word' id='word_1_483' title='bbox 1908 2258 1945 2291; x_wconf 84' lang='lat' dir='ltr'>in</span> 
     </span>
     <span class='ocr_line' id='line_1_56' title="bbox 1073 2310 1943 2352; baseline -0.002 -9"><span class='ocrx_word' id='word_1_484' title='bbox 1073 2320 1178 2343; x_wconf 85' lang='lat' dir='ltr'>unum</span> <span class='ocrx_word' id='word_1_485' title='bbox 1200 2311 1310 2351; x_wconf 82' lang='lat' dir='ltr'>adire,</span> <span class='ocrx_word' id='word_1_486' title='bbox 1339 2311 1528 2352; x_wconf 68' lang='lat' dir='ltr'>contingere</span> <span class='ocrx_word' id='word_1_487' title='bbox 1550 2311 1708 2343; x_wconf 77' lang='lat' dir='ltr'>deoetram</span> <span class='ocrx_word' id='word_1_488' title='bbox 1729 2310 1943 2351; x_wconf 81' lang='lat' dir='ltr'>cupientium,</span> 
     </span>
     <span class='ocr_line' id='line_1_57' title="bbox 1072 2360 1946 2402; baseline -0.003 -8"><span class='ocrx_word' id='word_1_489' title='bbox 1072 2370 1214 2394; x_wconf 84' lang='lat' dir='ltr'>coronas</span> <span class='ocrx_word' id='word_1_490' title='bbox 1237 2361 1472 2402; x_wconf 86' lang='lat' dir='ltr'>lemniscosque</span> <span class='ocrx_word' id='word_1_491' title='bbox 1485 2361 1693 2401; x_wconf 80' lang='lat' dir='ltr'>iacientium,</span> <span class='ocrx_word' id='word_1_492' title='bbox 1718 2360 1808 2392; x_wconf 81' lang='lat' dir='ltr'>haud</span> <span class='ocrx_word' id='word_1_493' title='bbox 1823 2362 1946 2400; x_wconf 80' lang='lat' dir='ltr'>procul</span> 
     </span>
     <span class='ocr_line' id='line_1_58' title="bbox 1068 2410 1944 2453; baseline -0.002 -9"><span class='ocrx_word' id='word_1_494' title='bbox 1068 2412 1218 2452; x_wconf 82' lang='lat' dir='ltr'>periculo</span> <span class='ocrx_word' id='word_1_495' title='bbox 1240 2412 1354 2453; x_wconf 78' lang='lat' dir='ltr'>fuerit.</span> <span class='ocrx_word' id='word_1_496' title='bbox 1388 2410 1609 2444; x_wconf 90' lang='lat' dir='ltr'>Herodianus</span> <span class='ocrx_word' id='word_1_497' title='bbox 1634 2412 1665 2451; x_wconf 91' lang='grc'>4,</span> <span class='ocrx_word' id='word_1_498' title='bbox 1691 2411 1723 2451; x_wconf 88' lang='lat'>7,</span> <span class='ocrx_word' id='word_1_499' title='bbox 1741 2412 1760 2444; x_wconf 82' lang='lat'>5</span> <span class='ocrx_word' id='word_1_500' title='bbox 1778 2410 1822 2443; x_wconf 90' lang='lat' dir='ltr'>de</span> <span class='ocrx_word' id='word_1_501' title='bbox 1840 2411 1944 2443; x_wconf 93' lang='lat' dir='ltr'>Com-</span> 
     </span>
     <span class='ocr_line' id='line_1_59' title="bbox 1073 2457 1942 2504; baseline -0.002 -10"><span class='ocrx_word' id='word_1_502' title='bbox 1073 2461 1169 2494; x_wconf 91' lang='lat' dir='ltr'>modi</span> <span class='ocrx_word' id='word_1_503' title='bbox 1192 2461 1347 2494; x_wconf 80' lang='lat' dir='ltr'>adventu</span> <span class='ocrx_word' id='word_1_504' title='bbox 1366 2461 1403 2493; x_wconf 90' lang='lat' dir='ltr'>in</span> <span class='ocrx_word' id='word_1_505' title='bbox 1418 2460 1565 2493; x_wconf 84' lang='lat' dir='ltr'>urbem:</span> <span class='ocrx_word' id='word_1_506' title='bbox 1591 2458 1770 2494; x_wconf 85' lang='grc' dir='ltr'><strong><em>τοιοῦτον</em></strong></span> <span class='ocrx_word' id='word_1_507' title='bbox 1785 2457 1832 2504; x_wconf 81' lang='grc' dir='ltr'>δὴ</span> <span class='ocrx_word' id='word_1_508' title='bbox 1849 2460 1942 2493; x_wconf 75' lang='grc' dir='ltr'><em>θεα-</em></span> 
     </span>
     <span class='ocr_line' id='line_1_60' title="bbox 1072 2507 1942 2554; baseline 0 -10"><span class='ocrx_word' id='word_1_509' title='bbox 1072 2509 1237 2552; x_wconf 82' lang='grc' dir='ltr'><strong><em>σάμενοι</em></strong></span> <span class='ocrx_word' id='word_1_510' title='bbox 1265 2510 1334 2544; x_wconf 82' lang='grc' dir='ltr'>τὸν</span> <span class='ocrx_word' id='word_1_511' title='bbox 1363 2509 1526 2551; x_wconf 80' lang='grc' dir='ltr'><strong><em>βασιλέα</em></strong></span> <span class='ocrx_word' id='word_1_512' title='bbox 1555 2511 1595 2543; x_wconf 83' lang='grc' dir='ltr'>οἱ</span> <span class='ocrx_word' id='word_1_513' title='bbox 1615 2508 1797 2554; x_wconf 85' lang='grc' dir='ltr'><strong><em>Ῥωμαῖοι</em></strong></span> <span class='ocrx_word' id='word_1_514' title='bbox 1819 2507 1942 2554; x_wconf 82' lang='grc' dir='ltr'><em>εὔφη-</em></span> 
     </span>
     <span class='ocr_line' id='line_1_61' title="bbox 1070 2559 1941 2605; baseline -0.001 -10"><span class='ocrx_word' id='word_1_515' title='bbox 1070 2564 1176 2605; x_wconf 84' lang='grc' dir='ltr'><strong><em>μίαις</em></strong></span> <span class='ocrx_word' id='word_1_516' title='bbox 1207 2571 1248 2595; x_wconf 82' lang='grc' dir='ltr'>τε</span> <span class='ocrx_word' id='word_1_517' title='bbox 1278 2559 1540 2603; x_wconf 82' lang='grc' dir='ltr'><strong><em>παντοδαπαῖς</em></strong></span> <span class='ocrx_word' id='word_1_518' title='bbox 1563 2562 1629 2594; x_wconf 79' lang='grc' dir='ltr'>καὶ</span> <span class='ocrx_word' id='word_1_519' title='bbox 1652 2559 1853 2602; x_wconf 77' lang='grc' dir='ltr'><strong><em>στεφάνων</em></strong></span> <span class='ocrx_word' id='word_1_520' title='bbox 1875 2562 1941 2594; x_wconf 77' lang='grc' dir='ltr'>καὶ</span> 
     </span>
     <span class='ocr_line' id='line_1_62' title="bbox 1070 2608 1942 2654; baseline 0 -9"><span class='ocrx_word' id='word_1_521' title='bbox 1070 2609 1220 2647; x_wconf 81' lang='grc' dir='ltr'>ἀνθέων</span> <span class='ocrx_word' id='word_1_522' title='bbox 1248 2611 1386 2653; x_wconf 80' lang='grc' dir='ltr'><em>βολαῖς</em></span> <span class='ocrx_word' id='word_1_523' title='bbox 1416 2608 1659 2651; x_wconf 80' lang='grc' dir='ltr'><strong><em>ὑπεδέχοντο.</em></strong></span> <span class='ocrx_word' id='word_1_524' title='bbox 1695 2631 1730 2636; x_wconf 93' lang='grc'><strong>-</strong></span> <span class='ocrx_word' id='word_1_525' title='bbox 1767 2614 1942 2654; x_wconf 81' lang='lat' dir='ltr'>repetitum</span> 
     </span>
     <span class='ocr_line' id='line_1_63' title="bbox 1069 2662 1939 2706; baseline -0.001 -10"><span class='ocrx_word' id='word_1_526' title='bbox 1069 2663 1311 2706; x_wconf 87' lang='lat' dir='ltr'>venerantium]</span> <span class='ocrx_word' id='word_1_527' title='bbox 1343 2662 1609 2696; x_wconf 86' lang='lat' dir='ltr'>substantivum</span> <span class='ocrx_word' id='word_1_528' title='bbox 1636 2663 1794 2703; x_wconf 86' lang='lat' dir='ltr'>repetitus</span> <span class='ocrx_word' id='word_1_529' title='bbox 1822 2671 1939 2704; x_wconf 91' lang='lat' dir='ltr'>neque</span> 
     </span>
     <span class='ocr_line' id='line_1_64' title="bbox 1070 2711 1940 2756; baseline -0.002 -10"><span class='ocrx_word' id='word_1_530' title='bbox 1070 2714 1165 2756; x_wconf 91' lang='lat' dir='ltr'>apud</span> <span class='ocrx_word' id='word_1_531' title='bbox 1186 2714 1343 2746; x_wconf 85' lang='lat' dir='ltr'>Tacitum</span> <span class='ocrx_word' id='word_1_532' title='bbox 1367 2712 1443 2745; x_wconf 88' lang='lat' dir='ltr'>aliis</span> <span class='ocrx_word' id='word_1_533' title='bbox 1473 2712 1559 2746; x_wconf 89' lang='lat' dir='ltr'>locis</span> <span class='ocrx_word' id='word_1_534' title='bbox 1582 2722 1700 2754; x_wconf 90' lang='lat' dir='ltr'>neque</span> <span class='ocrx_word' id='word_1_535' title='bbox 1723 2712 1817 2755; x_wconf 89' lang='lat' dir='ltr'>apud</span> <span class='ocrx_word' id='word_1_536' title='bbox 1839 2711 1940 2744; x_wconf 86' lang='lat' dir='ltr'>locu—</span> 
     </span>
     <span class='ocr_line' id='line_1_65' title="bbox 1069 2763 1939 2805; baseline -0.002 -9"><span class='ocrx_word' id='word_1_537' title='bbox 1069 2763 1182 2805; x_wconf 91' lang='lat' dir='ltr'>pletes</span> <span class='ocrx_word' id='word_1_538' title='bbox 1215 2763 1407 2796; x_wconf 88' lang='lat' dir='ltr'>Latinitatis</span> <span class='ocrx_word' id='word_1_539' title='bbox 1436 2764 1601 2795; x_wconf 89' lang='lat' dir='ltr'>auctores</span> <span class='ocrx_word' id='word_1_540' title='bbox 1627 2764 1814 2805; x_wconf 87' lang='lat' dir='ltr'>reperitur.</span> <span class='ocrx_word' id='word_1_541' title='bbox 1852 2763 1939 2794; x_wconf 90' lang='lat' dir='ltr'>Hinc</span> 
     </span>
     <span class='ocr_line' id='line_1_66' title="bbox 1068 2812 1938 2855; baseline -0.002 -10"><span class='ocrx_word' id='word_1_542' title='bbox 1068 2813 1206 2845; x_wconf 90' lang='lat' dir='ltr'>initium</span> <span class='ocrx_word' id='word_1_543' title='bbox 1232 2813 1453 2854; x_wconf 89' lang='lat' dir='ltr'>suspicionis.</span> <span class='ocrx_word' id='word_1_544' title='bbox 1486 2812 1633 2845; x_wconf 84' lang='lat' dir='ltr'>Accedit</span> <span class='ocrx_word' id='word_1_545' title='bbox 1658 2812 1754 2855; x_wconf 91' lang='lat' dir='ltr'>quod</span> <span class='ocrx_word' id='word_1_546' title='bbox 1775 2821 1938 2845; x_wconf 84' lang='lat' dir='ltr'>veneran-</span> 
     </span>
     <span class='ocr_line' id='line_1_67' title="bbox 1067 2862 1938 2905; baseline -0.001 -10"><span class='ocrx_word' id='word_1_547' title='bbox 1067 2864 1151 2896; x_wconf 85' lang='lat' dir='ltr'>tium</span> <span class='ocrx_word' id='word_1_548' title='bbox 1180 2862 1284 2905; x_wconf 88' lang='lat' dir='ltr'>paulo</span> <span class='ocrx_word' id='word_1_549' title='bbox 1320 2864 1402 2905; x_wconf 91' lang='lat' dir='ltr'>post</span> <span class='ocrx_word' id='word_1_550' title='bbox 1427 2862 1538 2895; x_wconf 85' lang='lat' dir='ltr'>verba</span> <span class='ocrx_word' id='word_1_551' title='bbox 1571 2863 1646 2896; x_wconf 84' lang='lat' dir='ltr'>deos</span> <span class='ocrx_word' id='word_1_552' title='bbox 1674 2864 1807 2896; x_wconf 86' lang='lat' dir='ltr'>tandem</span> <span class='ocrx_word' id='word_1_553' title='bbox 1838 2871 1938 2894; x_wconf 86' lang='lat' dir='ltr'>vene—</span> 
     </span>
     <span class='ocr_line' id='line_1_68' title="bbox 1065 2912 1936 2947; baseline 0 -2"><span class='ocrx_word' id='word_1_554' title='bbox 1065 2916 1188 2946; x_wconf 78' lang='lat' dir='ltr'>rantur</span> <span class='ocrx_word' id='word_1_555' title='bbox 1209 2913 1348 2946; x_wconf 85' lang='lat' dir='ltr'>sinistre</span> <span class='ocrx_word' id='word_1_556' title='bbox 1373 2914 1408 2945; x_wconf 89' lang='lat' dir='ltr'>et</span> <span class='ocrx_word' id='word_1_557' title='bbox 1431 2914 1552 2946; x_wconf 86' lang='lat' dir='ltr'>contra</span> <span class='ocrx_word' id='word_1_558' title='bbox 1567 2922 1672 2946; x_wconf 89' lang='lat' dir='ltr'>usum</span> <span class='ocrx_word' id='word_1_559' title='bbox 1689 2912 1936 2947; x_wconf 87' lang='lat' dir='ltr'>Cornelianum</span> 
     </span>
     <span class='ocr_line' id='line_1_69' title="bbox 1067 2962 1936 3004; baseline 0 -9"><span class='ocrx_word' id='word_1_560' title='bbox 1067 2962 1308 3004; x_wconf 85' lang='lat' dir='ltr'>subsequitur.</span> <span class='ocrx_word' id='word_1_561' title='bbox 1344 2964 1526 2996; x_wconf 89' lang='lat' dir='ltr'>Postremo</span> <span class='ocrx_word' id='word_1_562' title='bbox 1547 2965 1791 2997; x_wconf 80' lang='lat' dir='ltr'>revocationem</span> <span class='ocrx_word' id='word_1_563' title='bbox 1813 2962 1936 2995; x_wconf 91' lang='lat' dir='ltr'>lauda-</span> 
     </span>
     <span class='ocr_line' id='line_1_70' title="bbox 1068 3011 1934 3055; baseline 0 -10"><span class='ocrx_word' id='word_1_564' title='bbox 1068 3021 1148 3045; x_wconf 90' lang='lat' dir='ltr'>mus</span> <span class='ocrx_word' id='word_1_565' title='bbox 1169 3012 1226 3045; x_wconf 89' lang='lat' dir='ltr'>vel</span> <span class='ocrx_word' id='word_1_566' title='bbox 1257 3011 1513 3055; x_wconf 84' lang='lat' dir='ltr'>approbamus,</span> <span class='ocrx_word' id='word_1_567' title='bbox 1546 3022 1616 3046; x_wconf 93' lang='lat' dir='ltr'>non</span> <span class='ocrx_word' id='word_1_568' title='bbox 1643 3022 1853 3046; x_wconf 84' lang='lat' dir='ltr'>veneramur.</span> <span class='ocrx_word' id='word_1_569' title='bbox 1889 3013 1934 3045; x_wconf 91' lang='lat' dir='ltr'>Iis</span> 
     </span>
     <span class='ocr_line' id='line_1_71' title="bbox 1067 3063 1935 3105; baseline 0 -10"><span class='ocrx_word' id='word_1_570' title='bbox 1067 3063 1203 3096; x_wconf 86' lang='lat' dir='ltr'>indiciis</span> <span class='ocrx_word' id='word_1_571' title='bbox 1232 3063 1360 3097; x_wconf 88' lang='lat' dir='ltr'>ductus</span> <span class='ocrx_word' id='word_1_572' title='bbox 1384 3064 1531 3105; x_wconf 85' lang='lat' dir='ltr'>cognovi</span> <span class='ocrx_word' id='word_1_573' title='bbox 1553 3063 1707 3105; x_wconf 84' lang='lat' dir='ltr'>glossam</span> <span class='ocrx_word' id='word_1_574' title='bbox 1734 3071 1813 3097; x_wconf 89' lang='lat' dir='ltr'>esse</span> <span class='ocrx_word' id='word_1_575' title='bbox 1839 3071 1935 3103; x_wconf 85' lang='lat' dir='ltr'>repe-</span> 
     </span>
     <span class='ocr_line' id='line_1_72' title="bbox 1067 3113 1934 3155; baseline 0.001 -10"><span class='ocrx_word' id='word_1_576' title='bbox 1067 3114 1165 3145; x_wconf 78' lang='lat' dir='ltr'>titum</span> <span class='ocrx_word' id='word_1_577' title='bbox 1195 3114 1424 3146; x_wconf 82' lang='lat' dir='ltr'>venerantium</span> <span class='ocrx_word' id='word_1_578' title='bbox 1456 3114 1492 3146; x_wconf 91' lang='lat' dir='ltr'>in</span> <span class='ocrx_word' id='word_1_579' title='bbox 1522 3114 1680 3155; x_wconf 86' lang='lat' dir='ltr'>margine</span> <span class='ocrx_word' id='word_1_580' title='bbox 1711 3113 1793 3146; x_wconf 90' lang='lat' dir='ltr'>olim</span> <span class='ocrx_word' id='word_1_581' title='bbox 1822 3115 1934 3146; x_wconf 87' lang='lat' dir='ltr'>ascri-</span> 
     </span>
     <span class='ocr_line' id='line_1_73' title="bbox 1067 3161 1934 3204; baseline -0.001 -9"><span class='ocrx_word' id='word_1_582' title='bbox 1067 3163 1164 3204; x_wconf 84' lang='lat' dir='ltr'>ptam</span> <span class='ocrx_word' id='word_1_583' title='bbox 1186 3161 1358 3195; x_wconf 79' lang='lat' dir='ltr'>adversus</span> <span class='ocrx_word' id='word_1_584' title='bbox 1373 3162 1482 3196; x_wconf 89' lang='lat' dir='ltr'>verba</span> <span class='ocrx_word' id='word_1_585' title='bbox 1504 3164 1714 3195; x_wconf 78' lang='lat' dir='ltr'>multitudine</span> <span class='ocrx_word' id='word_1_586' title='bbox 1728 3166 1759 3195; x_wconf 90' lang='lat' dir='ltr'>et</span> <span class='ocrx_word' id='word_1_587' title='bbox 1774 3162 1934 3194; x_wconf 80' lang='lat' dir='ltr'>clamori-</span> 
     </span>
     <span class='ocr_line' id='line_1_74' title="bbox 1067 3210 1933 3254; baseline -0.001 -10"><span class='ocrx_word' id='word_1_588' title='bbox 1067 3211 1141 3252; x_wconf 86' lang='lat' dir='ltr'>bus,</span> <span class='ocrx_word' id='word_1_589' title='bbox 1173 3213 1208 3244; x_wconf 88' lang='lat' dir='ltr'>et</span> <span class='ocrx_word' id='word_1_590' title='bbox 1236 3212 1319 3245; x_wconf 89' lang='lat' dir='ltr'>hinc</span> <span class='ocrx_word' id='word_1_591' title='bbox 1344 3213 1379 3246; x_wconf 93' lang='lat' dir='ltr'>in</span> <span class='ocrx_word' id='word_1_592' title='bbox 1403 3212 1521 3246; x_wconf 90' lang='lat' dir='ltr'>locum</span> <span class='ocrx_word' id='word_1_593' title='bbox 1544 3221 1614 3245; x_wconf 91' lang='lat' dir='ltr'>non</span> <span class='ocrx_word' id='word_1_594' title='bbox 1637 3213 1758 3254; x_wconf 87' lang='lat' dir='ltr'>aptum</span> <span class='ocrx_word' id='word_1_595' title='bbox 1782 3210 1933 3244; x_wconf 83' lang='lat' dir='ltr'>transla-</span> 
     </span>
     <span class='ocr_line' id='line_1_75' title="bbox 1066 3261 1932 3304; baseline 0 -10"><span class='ocrx_word' id='word_1_596' title='bbox 1066 3263 1152 3294; x_wconf 82' lang='lat' dir='ltr'>tam.</span> <span class='ocrx_word' id='word_1_597' title='bbox 1176 3263 1310 3295; x_wconf 65' lang='lat' dir='ltr'>Risi-sn.</span> <span class='ocrx_word' id='word_1_598' title='bbox 1338 3281 1374 3286; x_wconf 98' lang='lat'><strong>—</strong></span> <span class='ocrx_word' id='word_1_599' title='bbox 1400 3263 1490 3304; x_wconf 87' lang='lat' dir='ltr'>ausi]</span> <span class='ocrx_word' id='word_1_600' title='bbox 1517 3262 1570 3295; x_wconf 88' lang='lat' dir='ltr'>Ad</span> <span class='ocrx_word' id='word_1_601' title='bbox 1594 3261 1773 3294; x_wconf 86' lang='lat' dir='ltr'>clientelas</span> <span class='ocrx_word' id='word_1_602' title='bbox 1797 3263 1832 3294; x_wconf 87' lang='lat' dir='ltr'>et</span> <span class='ocrx_word' id='word_1_603' title='bbox 1853 3270 1932 3295; x_wconf 89' lang='lat' dir='ltr'>ser-</span> 
     </span>
     <span class='ocr_line' id='line_1_76' title="bbox 1066 3307 1929 3353; baseline 0.001 -10"><span class='ocrx_word' id='word_1_604' title='bbox 1066 3311 1148 3344; x_wconf 81' lang='lat' dir='ltr'>vitia</span> <span class='ocrx_word' id='word_1_605' title='bbox 1170 3310 1321 3345; x_wconf 87' lang='lat' dir='ltr'>relatum</span> <span class='ocrx_word' id='word_1_606' title='bbox 1337 3314 1392 3346; x_wconf 90' lang='lat' dir='ltr'>est</span> <span class='ocrx_word' id='word_1_607' title='bbox 1406 3308 1505 3344; x_wconf 85' lang='grc' dir='ltr'><em>κατὰ</em></span> <span class='ocrx_word' id='word_1_608' title='bbox 1520 3308 1566 3343; x_wconf 83' lang='grc' dir='ltr'>τὸ</span> <span class='ocrx_word' id='word_1_609' title='bbox 1582 3307 1806 3353; x_wconf 81' lang='grc' dir='ltr'><strong><em>νοούμενον.</em></strong></span> <span class='ocrx_word' id='word_1_610' title='bbox 1821 3311 1929 3344; x_wconf 77' lang='lat' dir='ltr'>Dosn.</span> 
     </span>
     <span class='ocr_line' id='line_1_77' title="bbox 1067 3359 1932 3401; baseline -0.002 -7"><span class='ocrx_word' id='word_1_611' title='bbox 1067 3359 1117 3394; x_wconf 85' lang='lat' dir='ltr'>Cf.</span> <span class='ocrx_word' id='word_1_612' title='bbox 1135 3359 1168 3400; x_wconf 77' lang='lat'>4,</span> <span class='ocrx_word' id='word_1_613' title='bbox 1186 3360 1248 3395; x_wconf 76' lang='lat'>48:</span> <span class='ocrx_word' id='word_1_614' title='bbox 1268 3361 1448 3395; x_wconf 80' lang='lat' dir='ltr'>Thraecum</span> <span class='ocrx_word' id='word_1_615' title='bbox 1462 3361 1598 3394; x_wconf 75' lang='lat' dir='ltr'>auaeilia</span> <span class='ocrx_word' id='word_1_616' title='bbox 1610 3362 1782 3401; x_wconf 80' lang='lat' dir='ltr'>repentino</span> <span class='ocrx_word' id='word_1_617' title='bbox 1795 3361 1932 3393; x_wconf 85' lang='lat' dir='ltr'>incursu</span> 
     </span>
     <span class='ocr_line' id='line_1_78' title="bbox 1066 3409 1929 3453; baseline -0.001 -9"><span class='ocrx_word' id='word_1_618' title='bbox 1066 3410 1204 3453; x_wconf 65' lang='lat' dir='ltr'>tornea,</span> <span class='ocrx_word' id='word_1_619' title='bbox 1239 3419 1314 3444; x_wconf 80' lang='lat' dir='ltr'>eum</span> <span class='ocrx_word' id='word_1_620' title='bbox 1344 3419 1428 3453; x_wconf 74' lang='lat' dir='ltr'>pars</span> <span class='ocrx_word' id='word_1_621' title='bbox 1458 3409 1695 3444; x_wconf 75' lang='lat' dir='ltr'>munitionibus</span> <span class='ocrx_word' id='word_1_622' title='bbox 1727 3410 1929 3450; x_wconf 76' lang='lat' dir='ltr'>adiacerent,</span> 
     </span>
    </p>
   </div>
  </div>
 </body>
</html>
