2254 3770
301 255 385 300 270
789 255 835 299 Ρ.
867 255 1118 306 CORNELII
1147 257 1318 306 TACITI
1348 258 1618 304 ANNALIUM

299 361 431 407 ferme
462 368 536 415 aut
564 361 740 420 paulum
770 362 984 407 inmutatis
1012 363 1168 414 verbis,
1201 363 1526 409 adseveratione
1557 365 1687 416 multa
1717 365 1963 418 censebant,
1995 381 2091 417 cum

299 443 477 495 repente
508 437 721 495 Togonius
754 436 909 489 Gallus,
943 437 1046 482 dum
1076 438 1379 496 ignobilitatem
1410 454 1532 484 suam
1563 441 1727 499 magnis
1758 442 2000 486 nominibus
2030 443 2094 488 in-

299 513 413 564 serit,
444 527 524 571 per
543 512 828 559 deridiculum
858 513 1041 565 auditur.
1073 529 1171 562 nam
1200 515 1438 573 principem
1467 516 1616 560 orabat
1635 516 1826 576 deligere
1857 525 2092 569 senatores.

300 602 354 632 ex
382 589 479 647 quis
507 588 654 646 viginti
685 594 801 636 sorte
832 588 947 635 ducti
978 595 1021 633 et
1049 590 1161 634 ferro
1192 591 1383 641 accincti,
1415 591 1613 649 quotiens
1644 593 1804 641 curiam
1834 593 1994 645 inisset,
2026 608 2096 639 sa-

267 664 430 709 slutem
447 665 541 708 eius
562 665 853 709 defenderent.
885 666 1128 715 crediderat
1148 666 1347 709 nimirum
1368 666 1578 724 epistulae
1599 667 1792 719 subsidio
1813 667 1894 713 sibi
1915 668 2094 720 alterum

299 755 353 785 ex
373 739 622 785 oonsulibus
642 741 872 798 poscentis,
895 748 942 785 ut
961 748 1077 786 tutus
1099 756 1123 785 a
1145 742 1322 799 Capreis
1344 741 1497 786 urbem
1516 749 1693 800 peteret.
1725 744 1920 793 Tiberius
1940 751 2094 797 tamen,

298 816 480 860 ludibria
513 816 638 860 seriis
668 816 932 874 permiscere
962 817 1123 868 solitus,
1162 817 1248 875 egit
1276 817 1407 875 gratis
1438 817 1751 866 benivolentiae
1780 826 1970 878 patrum:
2017 820 2095 864 sed

299 906 409 950 quos
439 891 572 935 omitti
602 905 746 949 posse,
777 906 888 951 quos
918 892 1078 950 deligi?
1112 907 1341 950 semperne
1372 893 1549 938 eosdem
1579 907 1633 938 an
1664 894 1847 946 subinde
1877 895 2015 940 alios?
2054 903 2098 941 et

299 967 533 1013 honoribus
571 967 817 1025 perfunctos
858 982 911 1012 an
949 969 1144 1018 iuvenes,
1184 968 1374 1026 privatos
1413 983 1467 1012 an
1504 983 1529 1014 e
1566 970 1917 1028 magistratibus?
1966 985 2094 1029 quam

248 1043 454 1088 indeinde
492 1043 685 1101 speciem
720 1043 810 1088 fore
848 1044 1108 1088 sumentium
1144 1044 1186 1087 in
1225 1043 1370 1089 limine
1409 1045 1555 1090 curiae
1592 1045 1791 1104 gladios?
1839 1060 1982 1105 neque
2011 1046 2093 1091 sibi

298 1120 426 1164 vitam
454 1119 568 1170 tanti,
601 1119 636 1162 si
667 1119 798 1163 armis
828 1119 1013 1177 tegenda
1043 1120 1163 1163 foret.
1195 1119 1303 1164 haec
1332 1120 1541 1164 adversus
1563 1122 1798 1179 Togonium
1827 1122 1972 1167 verbis
2001 1136 2094 1166 mo-

297 1195 472 1247 derans,
509 1208 653 1253 neque
681 1194 792 1238 ultra
822 1194 1098 1239 abolitionem
1129 1195 1364 1240 sententiae
1394 1196 1593 1240 suadere.
1645 1196 1698 1253 (3)
1730 1203 1772 1240 at
1801 1198 1966 1247 Iunium
1998 1197 2096 1244 Gal-

295 1271 471 1323 lionem,
509 1270 583 1329 qui
615 1277 843 1316 censuerat
871 1277 918 1314 ut
946 1271 1205 1329 praetoriani
1238 1271 1343 1315 actis
1372 1271 1597 1329 stipendiis
1628 1272 1695 1316 ius
1724 1273 2022 1330 apiscerentur
2050 1273 2094 1318 in

296 1346 640 1406 quattuordecim
660 1346 884 1391 ordinibus
905 1345 1099 1397 sedendi,
1123 1346 1331 1391 violenter
1352 1347 1572 1405 increpuit,
1604 1347 1721 1394 velut
1740 1361 1887 1394 coram
1906 1348 2094 1406 rogitans

246 1423 401 1482 asquid
439 1422 496 1466 illi
529 1436 626 1467 cum
663 1421 885 1472 militibus,
929 1436 1040 1480 quos
1071 1436 1215 1480 neque
1247 1422 1360 1473 dicta
1390 1421 1692 1482 [imperatoris]
1722 1437 1866 1482 neque
1901 1424 2095 1482 praemia

296 1499 377 1542 nisi
419 1498 473 1542 ab
513 1498 773 1556 imperatore
814 1497 1014 1555 accipere
1049 1511 1128 1555 par
1157 1505 1286 1542 esset.
1331 1498 1578 1557 repperisse
1613 1512 1792 1556 prorsus
1822 1499 1939 1558 quod
1970 1499 2094 1543 divus

295 1577 511 1633 Augustus
547 1587 633 1618 non
662 1573 910 1632 providerit.
956 1587 1010 1617 an
1038 1573 1182 1631 potius
1212 1573 1473 1618 discordiam
1503 1581 1545 1618 et
1574 1574 1830 1624 seditionem
1859 1588 1884 1628 a
1914 1573 2093 1619 satellite

296 1651 439 1695 Seiani
471 1649 730 1708 quaesitam,
766 1662 853 1707 qua
882 1648 1013 1692 rudes
1043 1649 1208 1697 animos
1238 1649 1409 1694 nomine
1439 1648 1614 1693 honoris
1645 1649 1700 1693 ad
1730 1650 2091 1708 corrumpendum

296 1726 470 1773 militiae
490 1739 656 1780 morem
676 1724 967 1783 propelleret?
997 1723 1079 1775 hoc
1099 1725 1286 1783 pretium
1307 1724 1441 1769 Gallio
1464 1725 1693 1777 meditatae
1712 1725 1967 1778 adulationis
1989 1725 2091 1786 tulit,

361 1893 393 1927 8.
419 1891 523 1935 delegi
552 1900 605 1935 pr.
630 1892 664 1925 M
690 1909 725 1915 -
759 1890 844 1924 alios
871 1893 902 1923 et
924 1898 1016 1927 corr.
1041 1890 1093 1924 M:
1124 1890 1192 1923 alio
1217 1890 1274 1923 sed
1294 1899 1349 1933 pr.
1374 1890 1408 1924 M
1432 1907 1469 1914 —
1496 1891 1550 1924 44.
1574 1890 1668 1923 urbis
1690 1891 1723 1924 M
1748 1890 1866 1933 (verbis
1887 1890 2025 1933 margo)
2052 1909 2088 1915 -

296 1950 349 1984 42.
366 1958 472 1990 neque
482 1967 502 1974 -·
513 1966 533 1973 -
545 1949 685 1981 suadere
699 1946 912 1980 Beroaldus:
937 1954 1043 1987 neque
1053 1964 1073 1971 -
1082 1964 1101 1970 -
1113 1947 1266 1980 suaderet
1280 1947 1332 1986 M;
1357 1955 1462 1987 neque
1482 1950 1549 1979 ut-
1558 1964 1577 1970 -
1587 1947 1741 1980 suaderet
1755 1945 1966 1980 Doederlein
1980 1957 1988 1985 3
2013 1955 2094 1980 neve

295 2025 344 2031 --
359 2007 514 2040 suaderet
535 2004 752 2048 Nipperdey.
774 2022 809 2028 —
836 2003 890 2036 43.
916 2003 1068 2044 stipendii
1091 2004 1123 2037 M
1142 2019 1178 2026 -
1206 2003 1258 2036 45.
1276 2003 1458 2036 militibus?
1481 2012 1563 2044 quos
1578 2003 1704 2036 Haase.
1726 2020 1760 2026 —
1786 2003 1895 2036 edicta
1910 2003 2089 2042 Muretu83

294 2063 360 2098 sed
382 2063 427 2096 cf.
451 2063 486 2103 2,
510 2061 564 2096 45.
592 2079 628 2085 —
659 2061 874 2103 imperatoris
895 2060 946 2094 M:
977 2060 1043 2093 nisi
1070 2060 1283 2101 imperatoris
1311 2060 1518 2100 Rhenanus3
1548 2059 1613 2092 nisi
1634 2068 1652 2093 e
1667 2059 1842 2101 praetorio
1863 2058 2088 2102 Nipperdey3

293 2119 457 2154 senatoris
471 2118 639 2152 Halmius.
661 2117 884 2160 (imperatoris
899 2116 1059 2159 spurium
1075 2124 1155 2150 esse
1171 2116 1258 2150 vidit
1273 2116 1434 2159 Lipsius.)
1454 2134 1490 2140 -
1508 2115 1563 2149 49.
1577 2116 1754 2158 praecium·
1767 2116 1800 2150 M
1818 2133 1854 2139 -
1871 2110 2028 2150 meditate
2042 2115 2088 2150 M.

295 2258 347 2297 Cf.
372 2258 404 2299 3,
429 2256 486 2300 74.
512 2256 551 2298 t,
577 2256 631 2295 68.
657 2256 690 2296 6,
716 2256 770 2289 45.
796 2256 850 2301 42,
878 2255 931 2288 44.
959 2273 995 2279 -
1027 2264 1088 2297 per
1110 2255 1168 2288 de-

294 2308 473 2342 ridiculum
506 2305 664 2348 auditur]
700 2305 752 2339 Cf.
789 2304 942 2338 eandem
969 2313 1066 2344 rem,
1102 2304 1168 2338 sed

295 2358 427 2391 omisso
443 2357 587 2399 Togonii
610 2356 769 2395 nomine,
796 2356 1000 2388 narrantem
1016 2355 1167 2387 Dionem

293 2409 349 2449 58,
369 2409 422 2442 47.
442 2425 478 2431 -
504 2406 674 2454 epistulae]
693 2415 801 2449 quam
820 2415 912 2438 anno
928 2405 1088 2448 proxime
1106 2413 1168 2438 su-

294 2457 435 2500 periore
459 2457 504 2490 ad
527 2458 690 2493 senatum
714 2457 860 2490 miserat
877 2456 1008 2489 Caesar
1023 2455 1068 2488 de
1085 2453 1169 2488 sub-

294 2506 467 2549 vertendo
502 2507 642 2540 Seiano.
687 2507 753 2540 Dio
787 2506 849 2547 58,
888 2506 948 2538 4οε
987 2501 1040 2546 ὦς
1073 2502 1167 2549 γοῦν

295 2553 385 2591 οὐδὲ
413 2554 483 2602 τὴν
507 2553 600 2590 ὁδὸν
622 2552 810 2601 ἀσφαλῶς
834 2553 1075 2599 ποιήσασθαι
1098 2553 1166 2587 δυ-

293 2605 479 2652 νάμενος,
514 2603 582 2640 τὸν
615 2601 745 2654 ἕτερον
774 2604 850 2640 τῶν
879 2601 1034 2639 ὑπάτων
1055 2614 1167 2649 μετε-

295 2658 492 2702 πέμψατο.
529 2658 671 2699 sueton,
697 2656 771 2690 Tib.
799 2657 860 2690 65:
890 2665 966 2689 cum
988 2657 1075 2689 inter
1097 2655 1168 2688 alia

289 2712 408 2751 patre-5
428 2708 630 2748 conscriptos
648 2711 865 2749 precaretur,
893 2707 1059 2747 mitterent
1081 2706 1166 2739 alte-

293 2767 371 2802 rum
392 2767 410 2791 e
430 2757 633 2804 consulibus,
666 2758 724 2799 qui
753 2766 861 2790 senem
890 2766 924 2800 se
952 2760 983 2790 et
1004 2755 1110 2788 solum
1132 2755 1167 2788 in

293 2811 502 2851 conspeetum
531 2816 648 2848 eorum
668 2816 745 2849 cum
767 2807 881 2847 aliquo
902 2806 1044 2839 militari
1063 2814 1167 2847 prae-

293 2860 376 2893 sidio
405 2859 613 2901 perduceret.
653 2856 830 2900 Epistulae
865 2858 986 2898 autem
1015 2855 1062 2889 illi
1095 2864 1166 2888 non

295 2907 515 2954 credendum
550 2907 656 2951 fuisse
683 2907 797 2940 docet
827 2907 890 2940 Dio
914 2907 977 2948 58,
1004 2906 1061 2939 43;
1097 2901 1166 2939 τὸν

295 2954 442 3002 &arator
471 2954 540 3001 τὸν
559 2952 788 3001 Ῥήγουλον,
822 2954 870 2997 τά
896 2966 938 2994 τε
960 2952 1080 2990 αὐτοῦ
1104 2951 1166 2989 ἀεὶ

294 3005 546 3059 φρρνῄᾳᾳνῑᾳ
568 3007 633 3048 καὶ
657 3003 752 3062 πῗὸς
774 3003 845 3050 τὴν
862 3002 1081 3048 ἀσφάλειαν
1096 3003 1165 3049 τῆς

294 3058 334 3103 ἐς
355 3055 427 3110 τὴν
450 3054 560 3102 ποῗλρν
582 3051 703 3098 ,ᾳῦτου
719 3055 902 3101 κομιδῆς,
927 3051 1056 3104 ὥσπερ
1078 3055 1165 3090 ἐπε-

294 3106 468 3152 στάλκει,
491 3104 675 3150 ἐλθόντα,
700 3102 917 3148 ἀπεώσατο.
945 3126 982 3131 -
1007 3110 1038 3140 et
1059 3107 1164 3139 hono-

292 3159 387 3192 ribus
411 3159 603 3201 perfunctos
624 3156 707 3206 cet.]
738 3156 875 3200 Duplex
902 3153 1102 3200 civrtsserov
1127 3158 1163 3190 iu

294 3209 435 3245 duobus
457 3209 512 3253 his
535 3206 724 3250 membris,
749 3207 908 3240 nondum
931 3208 1016 3241 satis
1039 3207 1084 3249 ab
1108 3207 1164 3240 in-

294 3259 511 3305 terpretibus
533 3258 782 3302 perspectum,
807 3256 875 3289 hoc
892 3258 963 3298 est:
988 3257 1165 3299 honoribus

292 3309 458 3352 peruncti
489 3309 572 3351 (non
598 3307 704 3350 functi
731 3305 924 3349 dumtaxat)
956 3305 1162 3348 consulares

294 3360 378 3402 sunt
401 3357 455 3402 yel
478 3357 605 3402 saltem
627 3355 814 3410 praetor-in
844 3355 976 3397 iuvenes
980 3380 993 3401 ³.
1019 3357 1099 3397 qui,
1123 3357 1164 3389 ut

295 3405 480 3451 probabile
504 3408 599 3459 eret,
624 3414 708 3451 mes
728 3403 774 3448 ad
788 3404 943 3449 assues
957 3405 1163 3449 perventuri

1218 2255 1337 2295 erant,
1363 2253 1407 2287 cf.
1426 2253 1479 2299 43,
1497 2253 1558 2294 ²53
1581 2253 1722 2295 privati,
1740 2253 1801 2301 qui
1816 2253 1877 2296 aut
1892 2253 1978 2296 tunc
1993 2251 2090 2295 nullo

1217 2304 1353 2337 honore
1384 2303 1641 2345 fungebantur,
1677 2304 1737 2336 aut
1766 2303 1875 2336 etiam
1908 2311 2091 2345 nunquam

1218 2363 1260 2387 eo
1285 2354 1482 2396 aspirarent
1493 2363 1506 2393 ;r
1525 2354 1743 2395 maqistratus
1765 2351 1855 2386 illius
1878 2353 1989 2395 ipsius
2008 2352 2093 2386 anni

1217 2405 1292 2438 785.
1321 2422 1356 2429 -
1387 2412 1492 2446 neque
1521 2404 1614 2436 ultra
1641 2403 1851 2436 abolitionem
1878 2412 1905 2436 s.
1938 2402 2091 2443 suadere]

1216 2463 1334 2497 neque
1355 2455 1472 2488 acrius
1488 2454 1665 2497 increpuit
1679 2454 1874 2496 Togonium
1889 2461 2007 2497 neque
2023 2451 2092 2486 ulla

1217 2513 1333 2547 poena
1357 2513 1440 2538 eum
1464 2504 1593 2538 affecit.
1948 2503 1954 2506 '

1260 2555 1293 2588 3.
1328 2555 1460 2588 Iunium
1494 2554 1680 2596 Gallionem
1713 2554 1796 2597 cet.]
1835 2554 1900 2587 Dio
1930 2553 1994 2595 58,
2029 2553 2090 2596 48:

1211 2600 1372 2638 Ἰούνιον
1395 2603 1609 2645 Γαλλίωνα,
1632 2603 1728 2637 θέαν
1743 2607 1826 2644 τοῖς
1841 2601 2091 2650 &campanu-

1217 2655 1402 2698 σαμένοις
1430 2650 1557 2688 αὐτῶν
1586 2652 1675 2697 (τῶν
1704 2650 1948 2700 δορυφόρων)
1979 2651 2021 2694 ἐν
2042 2651 2091 2700 τῇ

1216 2703 1292 2738 τῶν
1316 2705 1460 2738 ἱππέων
1476 2699 1567 2753 ἕδρᾳ
1587 2702 1764 2738 δίδοσθαι
1780 2700 2091 2749 ἑσηγησᾶμενον,

1214 2753 1271 2799 μὴ
1302 2753 1427 2799 μόνον
1454 2753 1716 2799 φυγαδεῦσαι,
1749 2750 1846 2787 αὐτὸ
1869 2753 1986 2787 τοῦτο
2008 2752 2091 2796 ἐπι-

1215 2805 1406 2849 κληθέντα
1429 2801 1491 2838 ὅτι
1514 2803 1620 2846 σφᾶς
1644 2801 1866 2838 ἀναπείθειν
1889 2801 2015 2837 ἐδόκει
2036 2802 2089 2848 τῷ

1215 2854 1332 2899 κοινῷ
1355 2853 1504 2899 μᾶλλον
1526 2851 1554 2898 ἢ
1576 2853 1699 2898 ἑαυτῷ
1723 2850 1889 2897 εὐνοεῖν,
1914 2850 2012 2895 ἅλλᾲ
2027 2854 2091 2893 καὶ

1215 2902 1345 2948 ἐπειδὴ
1375 2901 1473 2949 ἔγνω
1502 2901 1622 2946 αὐτὸν
1654 2903 1694 2946 ἐς
1715 2903 1870 2944 Λέσβον
1899 2900 2090 2962 ἀπαίρειν,

1214 2953 1284 3000 τῆς
1312 2965 1354 2988 τε
1383 2954 1466 2988 ἐκεῖ
1491 2951 1696 2997 ἀσφαλοῦς
1719 2949 1969 2999 εὐδαιμονίας
1990 2963 2090 2996 αφε-

1214 3004 1352 3039 λέσθαι
1386 3005 1451 3038 καὶ
1485 3004 1524 3046 ἐς
1557 3000 1736 3048 φυλακὴν
1772 3007 1854 3046 τοῖς
1884 2999 2088 3051 ἄρχουσιν,

1214 3051 1344 3103 ὥσπερ
1367 3054 1459 3097 ποτὲ
1474 3051 1544 3088 τὸν
1558 3052 1717 3096 Γάλλον,
1743 3052 1994 3101 παραδοῦναι.
2019 3054 2091 3095 Ηυ-

1214 3107 1268 3140 ius
1293 3105 1454 3140 Gallionis
1471 3106 1610 3149 Tacitus
1635 3104 1795 3148 meminit
1818 3105 1924 3137 etiam
1948 3105 1985 3142 in
2006 3103 2091 3146 Dia-

1216 3156 1296 3199 logo
1320 3156 1365 3190 de
1391 3157 1448 3189 Or.
1466 3156 1508 3189 26
1525 3157 1560 3189 et
1581 3155 1789 3198 saepissime
1806 3155 1940 3196 Seneca
1954 3154 2088 3196 rhetor,

1218 3207 1318 3240 cuius
1351 3205 1460 3239 filium
1483 3207 1608 3248 postea
1631 3204 1820 3247 adoptavit.
1852 3203 1940 3243 Vide
1963 3203 2010 3236 ad
2033 3204 2087 3245 45,

1213 3256 1268 3289 73.
1289 3273 1325 3279 -
1350 3256 1386 3288 in
1410 3255 1677 3298 quattuordecim
1699 3252 1879 3296 ordinibus]
1904 3254 2089 3302 tamquam

1213 3305 1352 3348 equites
1375 3306 1508 3339 essent.
1537 3305 1690 3346 Causam
1709 3302 1883 3345 sententia
1900 3303 2053 3346 sumpsit
2066 3311 2088 3336 a

1211 3354 1499 3400 primipilaribus,
1515 3355 1575 3400 qui
1597 3352 1707 3387 suncti
1720 3351 1840 3395 militia
1853 3352 1991 3396 equites
2006 3361 2088 3391 cen·

1214 3403 1399 3450 sonantia,
1416 3402 1548 3450 annia
1563 3402 1673 3447 valan
1686 3401 1723 3446 ie
1736 3402 1981 3451 praeteriens,
1997 3402 2085 3447 tm.
